"price","change","match_qtty","side","time","total_vol"
40450,-50,5600,"sd","14:45:00",410000
40500,0,9200,"sd","14:28:49",404400
40500,0,100,"bu","14:28:25",395200
40500,0,500,"bu","14:28:25",395100
40500,0,4300,"bu","14:28:25",394600
40500,0,100,"bu","14:28:25",390300
40500,0,1800,"bu","14:28:25",390200
40500,0,1000,"bu","14:28:25",388400
40500,0,1000,"bu","14:28:24",387400
40500,0,1000,"bu","14:28:24",386400
40500,0,1000,"bu","14:28:24",385400
40450,-50,100,"sd","14:26:59",384400
40450,-50,500,"sd","14:22:16",384300
40500,0,500,"bu","14:19:27",383800
40500,0,500,"bu","14:19:27",383300
40450,-50,100,"sd","14:19:10",382800
40500,0,600,"bu","14:18:54",382700
40500,0,300,"bu","14:17:49",382100
40500,0,1000,"bu","14:17:37",381800
40500,0,500,"bu","14:16:44",380800
40500,0,1800,"bu","14:16:21",380300
40500,0,2100,"bu","14:16:15",378500
40500,0,1000,"bu","14:16:15",376400
40500,0,400,"bu","14:15:55",375400
40500,0,200,"bu","14:15:55",375000
40500,0,400,"bu","14:15:55",374800
40450,-50,3000,"bu","14:13:42",374400
40450,-50,2000,"bu","14:13:19",371400
40300,-200,200,"bu","14:07:10",369400
40250,-250,100,"sd","14:06:26",369200
40250,-250,100,"sd","14:06:26",369100
40250,-250,300,"sd","14:05:14",369000
40250,-250,100,"bu","13:57:23",368700
40250,-250,100,"sd","13:56:34",368600
40200,-300,100,"sd","13:53:35",368500
40200,-300,100,"sd","13:52:58",368400
40500,0,100,"bu","13:46:49",368300
40500,0,5000,"bu","13:44:29",368200
40500,0,5000,"bu","13:44:29",363200
40400,-100,100,"bu","13:43:49",358200
40500,0,1000,"bu","13:37:48",358100
40500,0,1000,"bu","13:35:21",357100
40400,-100,1000,"sd","13:31:52",356100
40450,-50,100,"bu","13:29:59",355100
40400,-100,200,"sd","13:29:40",355000
40400,-100,200,"sd","13:26:50",354800
40400,-100,200,"bu","13:19:26",354600
40000,-500,100,"sd","13:18:05",354400
40100,-400,100,"sd","13:18:05",354300
40000,-500,100,"sd","13:17:17",354200
40000,-500,100,"sd","13:17:15",354100
40000,-500,100,"sd","13:17:15",354000
40000,-500,200,"sd","13:15:25",353900
40000,-500,100,"sd","13:14:14",353700
40500,0,1100,"bu","13:13:43",353600
40400,-100,700,"bu","13:13:43",352500
40400,-100,200,"bu","13:08:08",351800
40350,-150,200,"bu","13:08:08",351600
39550,-950,200,"sd","13:07:08",351400
39300,-1200,9000,"sd","13:05:45",351200
39300,-1200,300,"sd","13:05:45",342200
39300,-1200,1000,"sd","13:05:45",341900
39300,-1200,200,"sd","13:05:45",340900
39300,-1200,200,"sd","13:05:45",340700
39300,-1200,300,"sd","13:05:45",340500
39400,-1100,200,"sd","13:05:45",340200
39300,-1200,2500,"sd","13:05:45",340000
39300,-1200,200,"sd","13:05:45",337500
39300,-1200,800,"sd","13:05:45",337300
39400,-1100,300,"sd","13:05:45",336500
39300,-1200,200,"bu","13:04:41",336200
39300,-1200,100,"bu","13:04:36",336000
39300,-1200,100,"bu","13:04:33",335900
39300,-1200,100,"bu","13:04:32",335800
39300,-1200,1100,"bu","13:04:27",335700
39300,-1200,100,"bu","13:04:17",334600
39300,-1200,5000,"bu","13:04:12",334500
39300,-1200,2500,"sd","13:04:11",329500
39300,-1200,4000,"sd","13:04:11",327000
39300,-1200,200,"sd","13:04:11",323000
39300,-1200,200,"sd","13:04:11",322800
39400,-1100,200,"sd","13:04:11",322600
39500,-1000,100,"sd","13:04:11",322400
39500,-1000,100,"sd","13:04:11",322300
39500,-1000,1000,"sd","13:04:11",322200
39500,-1000,500,"sd","13:04:04",321200
39500,-1000,100,"sd","13:04:04",320700
39550,-950,100,"sd","13:04:04",320600
39600,-900,3000,"sd","13:04:04",311500
39500,-1000,9000,"sd","13:04:04",320500
39800,-700,100,"sd","13:04:04",308500
39500,-1000,2000,"sd","13:04:04",308400
39800,-700,100,"sd","13:04:04",306400
39500,-1000,100,"sd","13:04:04",306300
40000,-500,200,"sd","13:03:35",306200
40000,-500,2000,"sd","13:03:35",306000
40000,-500,500,"sd","13:03:35",304000
40000,-500,4500,"sd","13:03:35",303500
40000,-500,500,"sd","13:03:35",299000
40000,-500,100,"sd","13:03:35",298500
39500,-1000,200,"sd","13:03:35",298400
40000,-500,1000,"sd","13:03:35",298200
39700,-800,200,"sd","13:03:35",297200
40050,-450,3000,"sd","13:03:35",297000
39800,-700,100,"sd","13:03:35",294000
40100,-400,27500,"sd","13:03:35",293900
40350,-150,100,"sd","13:03:35",266400
40100,-400,300,"sd","13:03:35",266300
40100,-400,100,"sd","13:03:35",266000
40200,-300,300,"sd","13:03:35",265900
40200,-300,100,"sd","13:03:35",265600
40250,-250,100,"sd","13:03:35",265500
40300,-200,100,"sd","13:03:35",265400
40300,-200,100,"sd","13:03:35",265300
40350,-150,3900,"sd","13:03:35",265200
40350,-150,15000,"sd","13:03:35",261300
40350,-150,100,"sd","13:03:35",246300
40400,-100,100,"bu","13:03:31",246200
40400,-100,100,"bu","13:03:05",246100
40400,-100,200,"bu","13:02:48",246000
40400,-100,100,"sd","13:02:47",245800
40400,-100,30000,"sd","13:02:47",245700
40400,-100,500,"sd","13:02:47",215700
40450,-50,100,"sd","13:02:47",215200
40450,-50,300,"sd","13:02:47",215100
40450,-50,400,"sd","13:02:47",214800
40400,-100,100,"sd","13:02:47",214400
40450,-50,100,"sd","13:02:47",214300
40400,-100,10000,"sd","13:02:47",214200
40400,-100,300,"sd","13:02:47",204200
40450,-50,300,"sd","13:02:47",203900
40450,-50,6400,"sd","13:02:47",203600
40400,-100,100,"sd","13:02:47",197200
40450,-50,2000,"sd","13:01:41",197100
40450,-50,1000,"sd","13:01:02",195100
40450,-50,2100,"sd","13:01:02",194100
40450,-50,300,"sd","13:00:59",192000
40450,-50,800,"sd","13:00:42",191700
40450,-50,37400,"sd","11:24:20",190900
40450,-50,100,"sd","11:24:20",153500
40450,-50,200,"sd","11:24:20",153400
40450,-50,10000,"sd","11:24:20",153200
40450,-50,500,"sd","11:24:20",143200
40450,-50,200,"sd","11:24:20",142700
40450,-50,300,"sd","11:24:20",142500
40450,-50,1000,"sd","11:24:19",142200
40450,-50,300,"sd","11:24:19",141200
40500,0,200,"bu","11:21:03",140900
40500,0,200,"bu","11:19:30",140700
40500,0,200,"sd","11:17:44",140500
40500,0,300,"sd","11:17:43",140300
40500,0,100,"sd","11:17:43",140000
40500,0,100,"sd","11:17:43",139900
40500,0,30000,"sd","11:17:43",139800
40500,0,10000,"sd","11:17:43",109800
40500,0,9500,"sd","11:17:43",99800
40600,100,700,"bu","11:16:51",90300
40500,0,100,"sd","11:15:03",89600
40500,0,400,"sd","11:15:02",89500
40500,0,100,"sd","11:15:02",89100
40550,50,100,"bu","11:14:25",89000
40550,50,100,"bu","11:14:01",88900
40550,50,300,"bu","11:14:01",88800
40550,50,1000,"bu","11:13:45",88500
40500,0,100,"sd","11:11:37",87500
40500,0,100,"sd","11:11:14",87400
40500,0,300,"sd","11:10:49",87300
40550,50,100,"bu","11:05:36",87000
40500,0,100,"sd","11:05:25",86900
40550,50,100,"bu","11:02:52",86800
40500,0,100,"sd","11:00:28",86700
40500,0,600,"sd","11:00:27",86600
40500,0,2400,"sd","11:00:26",86000
40500,0,500,"sd","11:00:26",83600
40500,0,100,"sd","11:00:26",83100
40550,50,100,"bu","11:00:25",83000
40550,50,300,"bu","10:57:59",82900
40550,50,100,"bu","10:55:36",82600
40500,0,100,"sd","10:48:21",82500
40500,0,500,"bu","10:48:20",82400
40500,0,200,"bu","10:48:02",81900
40500,0,100,"sd","10:47:31",81700
40500,0,2000,"sd","10:47:31",81600
40500,0,300,"sd","10:47:31",79600
40500,0,500,"sd","10:47:31",79300
40500,0,800,"sd","10:47:31",78800
40500,0,400,"sd","10:44:17",78000
40500,0,500,"sd","10:44:16",77600
40500,0,900,"sd","10:44:16",77100
40500,0,100,"sd","10:44:16",76200
40500,0,500,"sd","10:44:16",76100
40500,0,100,"sd","10:44:16",75600
40500,0,8900,"sd","10:44:16",75500
40550,50,1000,"sd","10:44:16",66600
40600,100,100,"bu","10:43:05",65600
40600,100,500,"bu","10:41:23",65500
40600,100,900,"bu","10:37:45",65000
40600,100,100,"bu","10:37:45",64100
40600,100,300,"sd","10:34:52",64000
40600,100,2000,"sd","10:34:51",63700
40600,100,400,"sd","10:34:03",61700
40600,100,100,"bu","10:34:02",61300
40550,50,200,"bu","10:34:02",61200
40550,50,2000,"bu","10:34:02",61000
40550,50,500,"bu","10:33:58",59000
40550,50,200,"bu","10:33:58",58500
40550,50,200,"bu","10:33:58",58300
40550,50,200,"bu","10:33:58",58100
40550,50,100,"bu","10:33:58",57900
40600,100,100,"sd","10:33:16",57800
40600,100,400,"sd","10:33:16",57700
40650,150,300,"bu","10:33:12",57300
40650,150,200,"sd","10:32:08",57000
40700,200,500,"bu","10:31:49",56800
40700,200,100,"bu","10:30:52",56300
40650,150,300,"sd","10:30:23",56200
40600,100,100,"sd","10:27:45",55900
40600,100,100,"sd","10:21:04",55800
40600,100,100,"bu","10:19:47",55700
40600,100,100,"bu","10:19:23",55600
40600,100,100,"bu","10:19:23",55500
40600,100,1000,"bu","10:13:29",55400
40550,50,100,"bu","10:12:56",54400
40550,50,100,"bu","10:12:56",54300
40500,0,100,"sd","10:11:58",54200
40500,0,600,"sd","10:11:57",54100
40500,0,100,"sd","10:11:50",53500
40500,0,100,"sd","10:11:49",53400
40500,0,100,"sd","10:11:18",53300
40500,0,100,"sd","10:11:17",53200
40500,0,200,"sd","10:11:17",53100
40500,0,600,"sd","10:11:17",52900
40500,0,300,"sd","10:10:51",52300
40500,0,100,"sd","10:10:51",52000
40500,0,500,"sd","10:10:51",51900
40500,0,1000,"sd","10:10:51",51400
40500,0,100,"sd","10:10:51",50400
40500,0,100,"sd","10:10:51",50300
40550,50,100,"bu","10:10:11",50200
40550,50,100,"bu","10:08:22",50100
40550,50,800,"bu","10:07:23",50000
40550,50,100,"bu","10:07:23",49200
40550,50,100,"bu","10:05:48",49100
40500,0,100,"sd","10:05:36",49000
40500,0,900,"sd","10:05:36",48900
40500,0,200,"sd","10:03:32",48000
40500,0,1000,"sd","10:03:31",47800
40500,0,300,"sd","10:02:41",46800
40500,0,100,"bu","09:59:42",46500
40500,0,100,"bu","09:59:42",46400
40500,0,100,"bu","09:59:05",46300
40500,0,100,"bu","09:59:05",46200
40500,0,100,"bu","09:59:05",46100
40500,0,200,"bu","09:59:05",46000
40500,0,200,"bu","09:58:40",45800
40500,0,100,"bu","09:58:40",45600
40500,0,100,"bu","09:58:40",45500
40500,0,200,"bu","09:58:40",45400
40500,0,200,"bu","09:58:40",45200
40500,0,200,"bu","09:58:40",45000
40500,0,500,"bu","09:55:28",44800
40500,0,100,"bu","09:54:52",44300
40500,0,500,"bu","09:54:48",44200
40500,0,100,"bu","09:54:16",43700
40500,0,200,"bu","09:53:45",43600
40500,0,2000,"bu","09:53:09",43400
40500,0,500,"bu","09:52:52",41400
40450,-50,200,"sd","09:48:54",40900
40450,-50,100,"sd","09:48:20",40700
40450,-50,400,"sd","09:48:20",40600
40500,0,200,"bu","09:47:20",40200
40450,-50,100,"sd","09:46:44",40000
40450,-50,100,"sd","09:44:30",39900
40450,-50,700,"sd","09:43:16",39800
40450,-50,300,"sd","09:43:16",39100
40500,0,100,"bu","09:40:23",38800
40500,0,200,"bu","09:38:52",38700
40500,0,1000,"bu","09:37:34",38500
40500,0,3000,"sd","09:36:43",37500
40500,0,6700,"sd","09:36:43",34500
40500,0,1000,"sd","09:36:43",27800
40500,0,10500,"sd","09:36:43",26800
40500,0,200,"sd","09:36:43",16300
40550,50,200,"sd","09:36:05",16100
40550,50,300,"sd","09:36:05",15900
40600,100,200,"bu","09:34:25",15600
40600,100,200,"bu","09:33:20",15400
40600,100,200,"bu","09:28:50",15200
40600,100,300,"bu","09:27:22",15000
40550,50,200,"bu","09:27:09",14700
40550,50,1000,"sd","09:26:27",14500
40600,100,100,"sd","09:25:57",13500
40600,100,200,"sd","09:25:57",13400
40600,100,100,"bu","09:25:30",13200
40600,100,100,"sd","09:25:16",13100
40600,100,400,"sd","09:25:15",13000
40600,100,300,"sd","09:25:15",12600
40600,100,200,"sd","09:25:15",12300
40600,100,100,"sd","09:25:15",12100
40650,150,100,"bu","09:25:11",12000
40600,100,200,"sd","09:23:26",11900
40600,100,100,"sd","09:23:03",11700
40600,100,200,"bu","09:23:02",11600
40600,100,400,"bu","09:23:02",11400
40600,100,400,"bu","09:22:55",11000
40600,100,1000,"bu","09:21:45",10600
40500,0,200,"sd","09:21:40",9600
40500,0,100,"sd","09:20:12",9400
40500,0,100,"bu","09:20:11",9300
40500,0,300,"bu","09:20:11",9200
40500,0,100,"bu","09:20:11",8900
40500,0,500,"bu","09:19:56",8800
40500,0,400,"bu","09:19:14",8300
40500,0,100,"bu","09:18:14",7900
40500,0,500,"bu","09:18:14",7800
40500,0,200,"unknown","09:16:24",7300
40500,0,100,"bu","09:16:24",7100
40500,0,100,"bu","09:16:24",7000
40500,0,1000,"bu","09:15:32",6900
40500,0,100,"sd","09:15:12",5900
40500,0,600,"sd","09:15:12",5800
40500,0,100,"sd","09:15:02",5200
40500,0,300,"sd","09:15:01",5100
40500,0,100,"sd","09:15:01",4800
40500,0,100,"sd","09:15:01",4700
40500,0,300,"sd","09:15:01",4600
40500,0,4300,"bu","09:14:59",4300
