"price","change","match_qtty","side","time","total_vol"
27700,250,1041900,"unknown","14:45:01",24267700
27850,400,100,"bu","14:29:59",23225800
27850,400,300,"bu","14:29:56",23225700
27850,400,100,"bu","14:29:56",23225400
27850,400,100,"bu","14:29:56",23225300
27850,400,200,"bu","14:29:56",23225200
27850,400,200,"bu","14:29:52",23225000
27800,350,6500,"sd","14:29:47",23224800
27800,350,500,"sd","14:29:47",23218300
27800,350,2000,"sd","14:29:47",23217800
27800,350,500,"sd","14:29:47",23215800
27800,350,200,"sd","14:29:47",23215300
27800,350,1000,"sd","14:29:47",23215100
27800,350,2400,"sd","14:29:47",23214100
27800,350,2000,"sd","14:29:47",23211700
27800,350,2900,"sd","14:29:47",23209700
27800,350,500,"sd","14:29:47",23206800
27800,350,400,"sd","14:29:47",23206300
27850,400,600,"bu","14:29:47",23205900
27850,400,400,"bu","14:29:47",23205300
27850,400,300,"bu","14:29:44",23204900
27850,400,300,"bu","14:29:44",23204600
27850,400,900,"bu","14:29:44",23204300
27800,350,100,"sd","14:29:43",23203400
27850,400,100,"bu","14:29:43",23203300
27850,400,1000,"bu","14:29:43",23203200
27850,400,900,"bu","14:29:43",23202200
27850,400,100,"bu","14:29:41",23201300
27850,400,100,"bu","14:29:41",23201200
27850,400,100,"bu","14:29:41",23201100
27850,400,100,"bu","14:29:37",23201000
27800,350,5000,"sd","14:29:35",23200900
27850,400,700,"bu","14:29:33",23195900
27850,400,200,"bu","14:29:30",23195200
27800,350,600,"sd","14:29:30",23195000
27800,350,900,"sd","14:29:29",23194400
27850,400,500,"bu","14:29:23",23193500
27850,400,200,"bu","14:29:20",23193000
27800,350,100,"sd","14:29:17",23192800
27800,350,1100,"sd","14:29:17",23192700
27850,400,1200,"bu","14:29:15",23191600
27850,400,2000,"bu","14:29:13",23190400
27850,400,700,"bu","14:29:12",23188400
27800,350,100,"sd","14:29:10",23187700
27850,400,100,"bu","14:29:10",23187600
27850,400,200,"bu","14:29:09",23187500
27850,400,500,"bu","14:29:01",23187300
27800,350,100,"sd","14:29:00",23186800
27850,400,2500,"bu","14:28:59",23186700
27850,400,1200,"bu","14:28:59",23184200
27850,400,300,"bu","14:28:59",23183000
27850,400,1000,"bu","14:28:59",23182700
27850,400,200,"bu","14:28:59",23181700
27850,400,200,"bu","14:28:58",23181500
27850,400,2500,"bu","14:28:56",23181300
27850,400,2500,"bu","14:28:54",23178800
27850,400,300,"bu","14:28:52",23176300
27850,400,2500,"bu","14:28:51",23176000
27850,400,100,"bu","14:28:50",23173500
27850,400,500,"bu","14:28:48",23173400
27850,400,900,"bu","14:28:48",23172900
27850,400,100,"bu","14:28:48",23172000
27850,400,200,"bu","14:28:48",23171900
27850,400,200,"bu","14:28:48",23171700
27850,400,1100,"bu","14:28:48",23171500
27850,400,200,"bu","14:28:48",23170400
27850,400,700,"bu","14:28:46",23170200
27850,400,1800,"bu","14:28:46",23169500
27850,400,200,"bu","14:28:43",23167700
27850,400,100,"bu","14:28:43",23167500
27850,400,1500,"bu","14:28:43",23167400
27850,400,700,"bu","14:28:43",23165900
27850,400,1200,"bu","14:28:41",23165200
27850,400,300,"bu","14:28:41",23164000
27850,400,800,"bu","14:28:41",23163700
27850,400,100,"bu","14:28:41",23162900
27850,400,2500,"bu","14:28:40",23162800
27850,400,200,"bu","14:28:38",23160300
27850,400,2500,"bu","14:28:38",23160100
27800,350,100,"sd","14:28:38",23157600
27850,400,200,"bu","14:28:38",23157500
27850,400,2500,"bu","14:28:35",23157300
27850,400,200,"bu","14:28:32",23154800
27850,400,200,"bu","14:28:32",23154600
27850,400,100,"bu","14:28:32",23154400
27850,400,900,"bu","14:28:32",23154300
27850,400,100,"bu","14:28:32",23153400
27850,400,1000,"bu","14:28:32",23153300
27850,400,2500,"bu","14:28:30",23152300
27850,400,2500,"bu","14:28:27",23149800
27850,400,200,"bu","14:28:27",23147300
27850,400,1000,"bu","14:28:24",23147100
27850,400,2500,"bu","14:28:24",23146100
27850,400,1300,"bu","14:28:24",23143600
27850,400,1100,"bu","14:28:24",23142300
27850,400,100,"bu","14:28:24",23141200
27800,350,500,"sd","14:28:24",23141100
27850,400,900,"bu","14:28:24",23140600
27850,400,100,"bu","14:28:24",23139700
27800,350,1000,"sd","14:28:23",23139600
27800,350,100,"sd","14:28:23",23138600
27850,400,200,"bu","14:28:22",23138500
27850,400,100,"bu","14:28:22",23138300
27850,400,2200,"bu","14:28:22",23138200
27850,400,1000,"bu","14:28:19",23136000
27850,400,200,"bu","14:28:19",23135000
27850,400,100,"bu","14:28:19",23134800
27850,400,1200,"bu","14:28:19",23134700
27850,400,200,"bu","14:28:17",23133500
27850,400,900,"bu","14:28:16",23133300
27850,400,100,"bu","14:28:16",23132400
27850,400,100,"bu","14:28:16",23132300
27850,400,1400,"bu","14:28:16",23132200
27800,350,900,"sd","14:28:15",23130800
27800,350,100,"sd","14:28:15",23129900
27850,400,2200,"bu","14:28:14",23129800
27850,400,2500,"bu","14:28:14",23127600
27850,400,600,"bu","14:28:14",23125100
27850,400,100,"bu","14:28:12",23124500
27800,350,1000,"sd","14:28:11",23124400
27850,400,200,"bu","14:28:11",23123400
27850,400,2000,"bu","14:28:11",23123200
27850,400,300,"bu","14:28:11",23121200
27850,400,100,"bu","14:28:10",23120900
27850,400,100,"bu","14:28:08",23120800
27850,400,2000,"bu","14:28:08",23120700
27850,400,100,"bu","14:28:08",23118700
27850,400,300,"bu","14:28:08",23118600
27850,400,1600,"bu","14:28:06",23118300
27850,400,200,"bu","14:28:06",23116700
27850,400,500,"bu","14:28:06",23116500
27850,400,400,"bu","14:28:06",23116000
27850,400,400,"bu","14:28:06",23115600
27850,400,400,"bu","14:28:06",23115200
27850,400,100,"bu","14:28:06",23114800
27850,400,1000,"bu","14:28:06",23114700
27850,400,300,"bu","14:28:06",23113700
27850,400,300,"bu","14:28:06",23113400
27800,350,3100,"sd","14:28:05",23113100
27800,350,300,"sd","14:28:05",23110000
27800,350,100,"sd","14:28:05",23109700
27800,350,3700,"sd","14:28:05",23109600
27800,350,1000,"sd","14:28:05",23105900
27800,350,2000,"sd","14:28:05",23104900
27800,350,1000,"sd","14:28:05",23102900
27800,350,100,"sd","14:28:05",23101900
27850,400,700,"bu","14:28:03",23101800
27850,400,700,"bu","14:28:03",23101100
27850,400,1000,"bu","14:28:03",23100400
27850,400,100,"bu","14:28:03",23099400
27800,350,400,"sd","14:28:02",23099300
27800,350,1000,"sd","14:28:02",23098900
27800,350,100,"sd","14:28:02",23097900
27800,350,9500,"sd","14:28:02",23097800
27850,400,2500,"bu","14:28:00",23088300
27850,400,2800,"bu","14:28:00",23085800
27850,400,200,"bu","14:28:00",23083000
27850,400,300,"bu","14:27:59",23082800
27850,400,100,"bu","14:27:59",23082500
27850,400,400,"bu","14:27:58",23082400
27850,400,2100,"bu","14:27:58",23082000
27800,350,500,"sd","14:27:58",23079900
27850,400,200,"bu","14:27:56",23079400
27850,400,2500,"bu","14:27:55",23079200
27850,400,2500,"bu","14:27:52",23076700
27850,400,2500,"bu","14:27:50",23074200
27850,400,200,"bu","14:27:50",23071700
27850,400,2500,"bu","14:27:48",23071500
27850,400,2500,"bu","14:27:47",23069000
27850,400,200,"bu","14:27:45",23066500
27800,350,100,"sd","14:27:44",23066300
27800,350,100,"sd","14:27:44",23066200
27850,400,2500,"bu","14:27:44",23066100
27850,400,2300,"bu","14:27:42",23063600
27850,400,100,"bu","14:27:42",23061300
27850,400,100,"bu","14:27:42",23061200
27850,400,100,"bu","14:27:41",23061100
27850,400,500,"bu","14:27:40",23061000
27850,400,300,"bu","14:27:39",23060500
27850,400,300,"bu","14:27:39",23060200
27850,400,100,"bu","14:27:39",23059900
27850,400,1000,"bu","14:27:39",23059800
27850,400,800,"bu","14:27:39",23058800
27850,400,200,"bu","14:27:36",23058000
27850,400,500,"bu","14:27:36",23057800
27850,400,1800,"bu","14:27:36",23057300
27850,400,200,"bu","14:27:35",23055500
27850,400,3300,"bu","14:27:34",23055300
27850,400,700,"bu","14:27:34",23052000
27850,400,1000,"bu","14:27:34",23051300
27850,400,2000,"bu","14:27:34",23050300
27850,400,500,"bu","14:27:34",23048300
27850,400,200,"bu","14:27:34",23047800
27850,400,300,"bu","14:27:34",23047600
27850,400,500,"bu","14:27:34",23047300
27850,400,1500,"bu","14:27:34",23046800
27800,350,100,"sd","14:27:33",23045300
27800,350,800,"sd","14:27:33",23045200
27800,350,100,"sd","14:27:33",23044400
27850,400,1900,"bu","14:27:33",23044300
27850,400,600,"bu","14:27:33",23042400
27850,400,400,"bu","14:27:31",23041800
27850,400,1600,"bu","14:27:31",23041400
27850,400,400,"bu","14:27:31",23039800
27850,400,2500,"bu","14:27:31",23039400
27800,350,100,"sd","14:27:29",23036900
27800,350,1000,"sd","14:27:29",23036800
27800,350,200,"sd","14:27:29",23035800
27800,350,2000,"sd","14:27:29",23035600
27800,350,30000,"sd","14:27:29",23033600
27800,350,100,"sd","14:27:29",23003600
27800,350,200,"sd","14:27:29",23003500
27800,350,11200,"sd","14:27:29",23003300
27800,350,1000,"sd","14:27:29",22992100
27800,350,500,"sd","14:27:29",22991100
27800,350,2500,"sd","14:27:29",22990600
27800,350,5200,"sd","14:27:29",22988100
27850,400,2500,"bu","14:27:28",22982900
27800,350,500,"sd","14:27:28",22980400
27800,350,4700,"sd","14:27:25",22979900
27850,400,2500,"bu","14:27:25",22975200
27850,400,200,"bu","14:27:25",22972700
27850,400,100,"bu","14:27:23",22972500
27850,400,1900,"bu","14:27:23",22972400
27850,400,500,"bu","14:27:23",22970500
27850,400,200,"bu","14:27:20",22970000
27850,400,500,"bu","14:27:20",22969800
27850,400,1000,"bu","14:27:20",22969300
27850,400,300,"bu","14:27:20",22968300
27850,400,500,"bu","14:27:20",22968000
27800,350,4000,"sd","14:27:18",22967500
27850,400,500,"bu","14:27:17",22963500
27850,400,2500,"bu","14:27:17",22963000
27850,400,500,"bu","14:27:17",22960500
27850,400,100,"bu","14:27:17",22960000
27850,400,1900,"bu","14:27:17",22959900
27850,400,100,"bu","14:27:16",22958000
27850,400,200,"bu","14:27:16",22957900
27850,400,2000,"bu","14:27:16",22957700
27850,400,5000,"bu","14:27:16",22955700
27850,400,200,"bu","14:27:16",22950700
27850,400,100,"bu","14:27:16",22950500
27850,400,500,"bu","14:27:16",22950400
27850,400,2000,"bu","14:27:16",22949900
27850,400,100,"bu","14:27:16",22947900
27850,400,500,"bu","14:27:16",22947800
27850,400,14400,"bu","14:27:16",22947300
27850,400,1000,"bu","14:27:16",22932900
27850,400,500,"bu","14:27:16",22931900
27850,400,8400,"bu","14:27:16",22931400
27850,400,2500,"bu","14:27:15",22923000
27850,400,200,"bu","14:27:15",22920500
27850,400,2500,"bu","14:27:13",22920300
27850,400,2500,"bu","14:27:12",22917800
27800,350,100,"sd","14:27:10",22915300
27850,400,2500,"bu","14:27:09",22915200
27800,350,10000,"sd","14:27:07",22912700
27850,400,200,"bu","14:27:07",22902700
27850,400,2500,"bu","14:27:07",22902500
27850,400,2500,"bu","14:27:04",22900000
27850,400,200,"bu","14:27:03",22897500
27850,400,2500,"bu","14:27:01",22897300
27850,400,2500,"bu","14:26:59",22894800
27800,350,1500,"sd","14:26:57",22892300
27850,400,2500,"bu","14:26:56",22890800
27850,400,2500,"bu","14:26:55",22888300
27850,400,2500,"bu","14:26:53",22885800
27850,400,200,"bu","14:26:51",22883300
27850,400,2500,"bu","14:26:51",22883100
27850,400,2700,"bu","14:26:50",22880600
27850,400,2500,"bu","14:26:48",22877900
27850,400,400,"bu","14:26:45",22875400
27850,400,600,"bu","14:26:45",22875000
27850,400,1000,"bu","14:26:45",22874400
27850,400,500,"bu","14:26:45",22873400
27850,400,300,"bu","14:26:43",22872900
27850,400,2500,"bu","14:26:43",22872600
27850,400,200,"bu","14:26:41",22870100
27850,400,2500,"bu","14:26:40",22869900
27850,400,2500,"bu","14:26:38",22867400
27800,350,2600,"sd","14:26:37",22864900
27850,400,1500,"bu","14:26:37",22862300
27850,400,1000,"bu","14:26:37",22860800
27800,350,100,"sd","14:26:37",22859800
27800,350,500,"sd","14:26:36",22859700
27800,350,1000,"sd","14:26:35",22859200
27800,350,1000,"sd","14:26:35",22858200
27800,350,13800,"sd","14:26:35",22857200
27800,350,100,"bu","14:26:34",22843400
27800,350,2500,"bu","14:26:32",22843300
27800,350,200,"bu","14:26:30",22840800
27800,350,100,"unknown","14:26:30",22840600
27800,350,200,"sd","14:26:30",22840500
27800,350,500,"sd","14:26:30",22840300
27800,350,100,"sd","14:26:30",22839800
27800,350,100,"sd","14:26:30",22839700
27800,350,11200,"sd","14:26:30",22839600
27800,350,200,"sd","14:26:30",22828400
27800,350,11200,"sd","14:26:30",22828200
27800,350,7600,"sd","14:26:30",22817000
27800,350,2000,"sd","14:26:30",22809400
27800,350,100,"sd","14:26:30",22807400
27800,350,100,"sd","14:26:30",22807300
27850,400,500,"bu","14:26:29",22807200
27850,400,500,"bu","14:26:29",22806700
27850,400,1500,"bu","14:26:29",22806200
27850,400,2000,"bu","14:26:27",22804700
27850,400,1500,"bu","14:26:27",22802700
27850,400,100,"bu","14:26:27",22801200
27850,400,100,"bu","14:26:27",22801100
27850,400,800,"bu","14:26:27",22801000
27800,350,2400,"sd","14:26:24",22800200
27800,350,1000,"sd","14:26:24",22797800
27800,350,3600,"sd","14:26:24",22796800
27850,400,2500,"bu","14:26:24",22793200
27850,400,2200,"bu","14:26:22",22790700
27850,400,2500,"bu","14:26:21",22788500
27850,400,2500,"bu","14:26:20",22786000
27850,400,200,"bu","14:26:20",22783500
27850,400,2500,"bu","14:26:19",22783300
27800,350,2000,"sd","14:26:17",22780800
27850,400,2500,"bu","14:26:16",22778800
27850,400,2500,"bu","14:26:13",22776300
27850,400,2500,"bu","14:26:11",22773800
27800,350,200,"sd","14:26:10",22771300
27800,350,100,"sd","14:26:10",22771100
27850,400,200,"bu","14:26:09",22771000
27800,350,1000,"sd","14:26:09",22770800
27850,400,2500,"bu","14:26:08",22769800
27800,350,1000,"sd","14:26:08",22767300
27800,350,1000,"sd","14:26:05",22766300
27850,400,2500,"bu","14:26:05",22765300
27850,400,2500,"bu","14:26:03",22762800
27800,350,1000,"sd","14:26:03",22760300
27850,400,300,"bu","14:26:02",22759300
27850,400,1000,"bu","14:26:02",22759000
27850,400,200,"bu","14:26:02",22758000
27850,400,1000,"bu","14:26:02",22757800
27850,400,1000,"bu","14:26:01",22756800
27850,400,2500,"bu","14:26:00",22755800
27800,350,1000,"sd","14:26:00",22753300
27850,400,200,"bu","14:25:59",22752300
27800,350,300,"sd","14:25:59",22752100
27800,350,1000,"sd","14:25:59",22751800
27850,400,2500,"bu","14:25:57",22750800
27800,350,1000,"sd","14:25:55",22748300
27850,400,2500,"bu","14:25:55",22747300
27800,350,100,"sd","14:25:53",22744800
27800,350,200,"sd","14:25:52",22744700
27800,350,200,"bu","14:25:52",22744500
27800,350,200,"bu","14:25:52",22744300
27750,300,1000,"sd","14:25:51",22744100
27750,300,5700,"sd","14:25:50",22743100
27800,350,2100,"sd","14:25:50",22737400
27800,350,400,"sd","14:25:50",22735300
27800,350,1200,"sd","14:25:50",22734900
27800,350,600,"sd","14:25:50",22733700
27850,400,200,"bu","14:25:49",22733100
27850,400,2500,"bu","14:25:49",22732900
27800,350,3500,"sd","14:25:47",22730400
27850,400,2500,"bu","14:25:47",22726900
27800,350,300,"sd","14:25:46",22724400
27850,400,2500,"bu","14:25:45",22724100
27850,400,2500,"bu","14:25:44",22721600
27800,350,300,"sd","14:25:44",22719100
27850,400,2500,"bu","14:25:41",22718800
27800,350,1000,"sd","14:25:39",22716300
27850,400,2500,"bu","14:25:39",22715300
27850,400,200,"bu","14:25:38",22712800
27850,400,2500,"bu","14:25:36",22712600
27800,350,200,"sd","14:25:35",22710100
27800,350,200,"sd","14:25:34",22709900
27800,350,300,"sd","14:25:34",22709700
27800,350,100,"sd","14:25:34",22709400
27800,350,100,"sd","14:25:34",22709300
27800,350,300,"sd","14:25:34",22709200
27850,400,2500,"bu","14:25:33",22708900
27850,400,2500,"bu","14:25:31",22706400
27850,400,300,"bu","14:25:29",22703900
27850,400,2500,"bu","14:25:28",22703600
27850,400,200,"bu","14:25:28",22701100
27850,400,2500,"bu","14:25:27",22700900
27800,350,1000,"sd","14:25:27",22698400
27850,400,2500,"bu","14:25:25",22697400
27850,400,2500,"bu","14:25:23",22694900
27850,400,2500,"bu","14:25:20",22692400
27850,400,200,"bu","14:25:17",22689900
27850,400,2500,"bu","14:25:17",22689700
27850,400,7300,"bu","14:25:16",22687200
27800,350,2700,"bu","14:25:16",22679900
27800,350,2500,"bu","14:25:15",22677200
27800,350,800,"sd","14:25:15",22674700
27800,350,1000,"bu","14:25:12",22673900
27800,350,300,"bu","14:25:12",22672900
27800,350,300,"bu","14:25:12",22672600
27800,350,100,"bu","14:25:12",22672300
27800,350,200,"bu","14:25:10",22672200
27800,350,2500,"bu","14:25:09",22672000
27800,350,1300,"bu","14:25:09",22669500
27800,350,100,"bu","14:25:09",22668200
27800,350,1100,"bu","14:25:09",22668100
27800,350,2500,"bu","14:25:07",22667000
27800,350,2000,"bu","14:25:06",22664500
27800,350,200,"bu","14:25:06",22662500
27800,350,2500,"bu","14:25:04",22662300
27800,350,1700,"bu","14:25:01",22659800
27800,350,800,"bu","14:25:01",22658100
27800,350,700,"bu","14:25:00",22657300
27800,350,200,"bu","14:25:00",22656600
27800,350,100,"bu","14:24:59",22656400
27800,350,1000,"sd","14:24:59",22656300
27850,400,2500,"bu","14:24:59",22655300
27850,400,19600,"bu","14:24:59",22652800
27850,400,2500,"bu","14:24:56",22633200
27850,400,100,"bu","14:24:55",22630700
27800,350,100,"bu","14:24:55",22630600
27800,350,900,"bu","14:24:53",22630500
27800,350,1600,"bu","14:24:53",22629600
27800,350,3400,"bu","14:24:52",22628000
27800,350,1000,"bu","14:24:52",22624600
27800,350,300,"bu","14:24:52",22623600
27800,350,400,"bu","14:24:52",22623300
27800,350,700,"bu","14:24:52",22622900
27800,350,500,"bu","14:24:52",22622200
27800,350,100,"bu","14:24:52",22621700
27800,350,200,"bu","14:24:52",22621600
27800,350,1000,"bu","14:24:52",22621400
27800,350,100,"bu","14:24:52",22620400
27800,350,1000,"bu","14:24:52",22620300
27800,350,1300,"bu","14:24:52",22619300
27800,350,2400,"bu","14:24:52",22618000
27800,350,2500,"bu","14:24:50",22615600
27800,350,2500,"bu","14:24:48",22613100
27800,350,5000,"bu","14:24:47",22610600
27800,350,100,"bu","14:24:45",22605600
27800,350,2500,"bu","14:24:45",22605500
27800,350,200,"bu","14:24:43",22603000
27800,350,2500,"bu","14:24:42",22602800
27800,350,1000,"bu","14:24:41",22600300
27800,350,100,"bu","14:24:40",22599300
27800,350,2500,"bu","14:24:40",22599200
27800,350,2400,"bu","14:24:38",22596700
27800,350,400,"bu","14:24:38",22594300
27800,350,200,"bu","14:24:38",22593900
27800,350,100,"bu","14:24:37",22593700
27800,350,600,"bu","14:24:37",22593600
27800,350,1200,"bu","14:24:37",22593000
27800,350,400,"bu","14:24:37",22591800
27800,350,300,"bu","14:24:37",22591400
27800,350,800,"bu","14:24:35",22591100
27800,350,1500,"bu","14:24:34",22590300
27800,350,100,"bu","14:24:34",22588800
27800,350,900,"bu","14:24:34",22588700
27800,350,2500,"bu","14:24:34",22587800
27800,350,200,"bu","14:24:33",22585300
27800,350,1900,"bu","14:24:32",22585100
27800,350,200,"bu","14:24:32",22583200
27800,350,400,"bu","14:24:32",22583000
27800,350,600,"bu","14:24:32",22582600
27800,350,2400,"bu","14:24:32",22582000
27800,350,2500,"bu","14:24:29",22579600
27800,350,2500,"bu","14:24:26",22577100
27800,350,2500,"bu","14:24:24",22574600
27800,350,2000,"bu","14:24:24",22572100
27800,350,400,"bu","14:24:21",22570100
27800,350,200,"bu","14:24:21",22569700
27800,350,900,"bu","14:24:21",22569500
27800,350,100,"bu","14:24:21",22568600
27800,350,300,"bu","14:24:21",22568500
27800,350,700,"bu","14:24:21",22568200
27800,350,100,"bu","14:24:21",22567500
27800,350,400,"bu","14:24:21",22567400
27800,350,900,"bu","14:24:18",22567000
27800,350,2500,"bu","14:24:18",22566100
27800,350,200,"bu","14:24:18",22563600
27800,350,700,"bu","14:24:18",22563400
27800,350,300,"bu","14:24:18",22562700
27800,350,100,"bu","14:24:18",22562400
27800,350,3900,"bu","14:24:18",22562300
27800,350,100,"bu","14:24:17",22558400
27800,350,100,"bu","14:24:17",22558300
27800,350,600,"bu","14:24:17",22558200
27800,350,300,"bu","14:24:17",22557600
27800,350,1400,"bu","14:24:17",22557300
27800,350,600,"bu","14:24:16",22555900
27800,350,600,"bu","14:24:16",22555300
27800,350,100,"bu","14:24:16",22554700
27800,350,500,"bu","14:24:16",22554600
27800,350,500,"bu","14:24:16",22554100
27800,350,200,"bu","14:24:16",22553600
27750,300,1000,"sd","14:24:16",22553400
27800,350,1800,"bu","14:24:16",22552400
27800,350,300,"bu","14:24:16",22550600
27800,350,1500,"bu","14:24:16",22550300
27800,350,500,"bu","14:24:13",22548800
27800,350,200,"bu","14:24:13",22548300
27800,350,1800,"bu","14:24:13",22548100
27800,350,400,"bu","14:24:12",22546300
27800,350,200,"bu","14:24:11",22545900
27800,350,2500,"bu","14:24:10",22545700
27800,350,2800,"bu","14:24:09",22543200
27800,350,2500,"bu","14:24:08",22540400
27750,300,5800,"sd","14:24:08",22537900
27750,300,100,"sd","14:24:08",22532100
27750,300,100,"sd","14:24:08",22532000
27750,300,9000,"sd","14:24:08",22531900
27800,350,2500,"bu","14:24:05",22522900
27800,350,1400,"bu","14:24:03",22520400
27800,350,2500,"bu","14:24:02",22519000
27800,350,500,"bu","14:24:00",22516500
27800,350,2500,"bu","14:24:00",22516000
27800,350,200,"bu","14:24:00",22513500
27800,350,2500,"bu","14:23:59",22513300
27800,350,2500,"bu","14:23:57",22510800
27800,350,5000,"bu","14:23:54",22508300
27800,350,2500,"bu","14:23:54",22503300
27800,350,100,"bu","14:23:54",22500800
27800,350,200,"bu","14:23:53",22500700
27800,350,100,"bu","14:23:53",22500500
27800,350,500,"bu","14:23:53",22500400
27800,350,200,"bu","14:23:53",22499900
27800,350,1000,"bu","14:23:52",22499700
27800,350,2500,"bu","14:23:52",22498700
27800,350,300,"bu","14:23:49",22496200
27800,350,200,"bu","14:23:49",22495900
27800,350,2000,"bu","14:23:49",22495700
27750,300,400,"sd","14:23:49",22493700
27800,350,200,"bu","14:23:48",22493300
27800,350,300,"bu","14:23:46",22493100
27800,350,2200,"bu","14:23:46",22492800
27800,350,2800,"bu","14:23:46",22490600
27800,350,1000,"bu","14:23:46",22487800
27800,350,500,"bu","14:23:46",22486800
27800,350,600,"bu","14:23:46",22486300
27800,350,100,"bu","14:23:46",22485700
27800,350,14500,"bu","14:23:46",22485600
27750,300,200,"sd","14:23:44",22471100
27800,350,2500,"bu","14:23:44",22470900
27750,300,1000,"sd","14:23:43",22468400
27750,300,1000,"sd","14:23:42",22467400
27750,300,30100,"sd","14:23:41",22466400
27800,350,2500,"bu","14:23:41",22436300
27800,350,2500,"bu","14:23:41",22433800
27750,300,1000,"sd","14:23:40",22431300
27800,350,100,"bu","14:23:38",22430300
27800,350,200,"bu","14:23:38",22430200
27800,350,2500,"bu","14:23:38",22430000
27800,350,200,"bu","14:23:38",22427500
27750,300,2500,"sd","14:23:38",22427300
27750,300,1000,"sd","14:23:38",22424800
27800,350,2500,"bu","14:23:36",22423800
27750,300,1000,"sd","14:23:35",22421300
27750,300,1000,"sd","14:23:34",22420300
27800,350,2500,"bu","14:23:33",22419300
27750,300,1000,"sd","14:23:30",22416800
27800,350,2500,"bu","14:23:30",22415800
27800,350,2500,"bu","14:23:28",22413300
27800,350,1800,"bu","14:23:27",22410800
27800,350,200,"bu","14:23:27",22409000
27750,300,1000,"sd","14:23:26",22408800
27800,350,2500,"bu","14:23:25",22407800
27800,350,2500,"bu","14:23:24",22405300
27800,350,2500,"bu","14:23:22",22402800
27800,350,100,"bu","14:23:21",22400300
27800,350,2500,"bu","14:23:20",22400200
27800,350,2500,"bu","14:23:17",22397700
27800,350,200,"bu","14:23:16",22395200
27800,350,200,"bu","14:23:15",22395000
27800,350,700,"bu","14:23:15",22394800
27800,350,100,"bu","14:23:15",22394100
27800,350,5000,"bu","14:23:15",22394000
27800,350,200,"bu","14:23:15",22389000
27800,350,3800,"bu","14:23:15",22388800
27800,350,100,"bu","14:23:14",22385000
27800,350,2500,"bu","14:23:14",22384900
27750,300,1000,"sd","14:23:13",22382400
27800,350,2500,"bu","14:23:12",22381400
27800,350,200,"bu","14:23:11",22378900
27750,300,100,"sd","14:23:10",22378700
27800,350,1100,"bu","14:23:10",22378600
27750,300,1000,"sd","14:23:09",22377500
27800,350,2500,"bu","14:23:09",22376500
27800,350,500,"bu","14:23:06",22374000
27800,350,100,"bu","14:23:06",22373500
27800,350,1900,"bu","14:23:06",22373400
27800,350,200,"bu","14:23:06",22371500
27800,350,2500,"bu","14:23:06",22371300
27800,350,100,"bu","14:23:04",22368800
27750,300,500,"sd","14:23:04",22368700
27800,350,2400,"bu","14:23:04",22368200
27800,350,400,"bu","14:23:01",22365800
27800,350,200,"bu","14:23:01",22365400
27800,350,200,"bu","14:23:01",22365200
27800,350,1700,"bu","14:23:01",22365000
27800,350,2500,"bu","14:22:58",22363300
27800,350,2500,"bu","14:22:56",22360800
27800,350,200,"bu","14:22:56",22358300
27750,300,100,"sd","14:22:56",22358100
27800,350,1200,"bu","14:22:53",22358000
27800,350,1000,"bu","14:22:53",22356800
27800,350,200,"bu","14:22:53",22355800
27800,350,100,"bu","14:22:53",22355600
27800,350,100,"bu","14:22:52",22355500
27750,300,2100,"sd","14:22:50",22355400
27800,350,800,"bu","14:22:50",22353300
27800,350,200,"bu","14:22:50",22352500
27800,350,200,"bu","14:22:50",22352300
27800,350,800,"bu","14:22:50",22352100
27800,350,500,"bu","14:22:50",22351300
27800,350,4500,"bu","14:22:49",22350800
27800,350,200,"bu","14:22:49",22346300
27800,350,2500,"bu","14:22:48",22346100
27800,350,300,"bu","14:22:48",22343600
27800,350,100,"bu","14:22:48",22343300
27800,350,1000,"bu","14:22:48",22343200
27800,350,500,"bu","14:22:48",22342200
27800,350,100,"bu","14:22:48",22341700
27800,350,500,"bu","14:22:48",22341600
27750,300,1000,"sd","14:22:46",22341100
27800,350,400,"bu","14:22:45",22340100
27800,350,1000,"bu","14:22:45",22339700
27800,350,800,"bu","14:22:45",22338700
27800,350,300,"bu","14:22:45",22337900
27800,350,200,"bu","14:22:45",22337600
27800,350,100,"bu","14:22:44",22337400
27800,350,100,"bu","14:22:44",22337300
27800,350,200,"bu","14:22:42",22337200
27800,350,100,"bu","14:22:42",22337000
27800,350,2200,"bu","14:22:42",22336900
27800,350,2500,"bu","14:22:40",22334700
27800,350,300,"bu","14:22:38",22332200
27800,350,500,"bu","14:22:38",22331900
27800,350,500,"bu","14:22:38",22331400
27800,350,100,"bu","14:22:38",22330900
27800,350,5100,"bu","14:22:38",22330800
27800,350,2500,"bu","14:22:37",22325700
27800,350,200,"bu","14:22:34",22323200
27800,350,2200,"bu","14:22:34",22323000
27800,350,200,"bu","14:22:34",22320800
27800,350,100,"bu","14:22:34",22320600
27800,350,400,"bu","14:22:32",22320500
27800,350,2500,"bu","14:22:32",22320100
27800,350,200,"bu","14:22:32",22317600
27800,350,1000,"bu","14:22:32",22317400
27800,350,200,"bu","14:22:32",22316400
27800,350,400,"bu","14:22:32",22316200
27800,350,100,"bu","14:22:32",22315800
27800,350,2000,"bu","14:22:32",22315700
27800,350,100,"bu","14:22:32",22313700
27800,350,500,"bu","14:22:32",22313600
27800,350,200,"bu","14:22:32",22313100
27800,350,1000,"bu","14:22:32",22312900
27800,350,100,"bu","14:22:32",22311900
27800,350,1000,"bu","14:22:32",22311800
27800,350,100,"bu","14:22:32",22310800
27800,350,9800,"bu","14:22:32",22310700
27800,350,500,"bu","14:22:32",22300900
27800,350,200,"bu","14:22:32",22300400
27800,350,100,"bu","14:22:32",22300200
27800,350,500,"bu","14:22:32",22300100
27800,350,100,"bu","14:22:32",22299600
27800,350,1000,"bu","14:22:32",22299500
27800,350,100,"bu","14:22:32",22298500
27800,350,2500,"bu","14:22:31",22298400
27750,300,200,"sd","14:22:31",22295900
27750,300,1000,"sd","14:22:29",22295700
27800,350,2500,"bu","14:22:29",22294700
27750,300,1000,"sd","14:22:28",22292200
27800,350,2500,"bu","14:22:26",22291200
27750,300,1000,"sd","14:22:25",22288700
27800,350,2500,"bu","14:22:24",22287700
27800,350,200,"bu","14:22:23",22285200
27750,300,800,"sd","14:22:23",22285000
27750,300,200,"sd","14:22:23",22284200
27800,350,2500,"bu","14:22:21",22284000
27750,300,100,"sd","14:22:19",22281500
27750,300,900,"sd","14:22:19",22281400
27750,300,1000,"sd","14:22:19",22280500
27800,350,1000,"bu","14:22:19",22279500
27800,350,2500,"bu","14:22:18",22278500
27750,300,1000,"sd","14:22:15",22276000
27800,350,2500,"bu","14:22:15",22275000
27800,350,2400,"bu","14:22:13",22272500
27800,350,2500,"bu","14:22:13",22270100
27800,350,200,"bu","14:22:12",22267600
27800,350,3000,"bu","14:22:11",22267400
27750,300,1000,"sd","14:22:11",22264400
27800,350,2500,"bu","14:22:10",22263400
27800,350,3600,"bu","14:22:07",22260900
27800,350,2500,"bu","14:22:07",22257300
27800,350,2500,"bu","14:22:05",22254800
27800,350,2500,"bu","14:22:02",22252300
27800,350,200,"bu","14:22:01",22249800
27800,350,2500,"bu","14:21:59",22249600
27750,300,1000,"sd","14:21:58",22247100
27800,350,2400,"bu","14:21:57",22246100
27800,350,100,"bu","14:21:57",22243700
27800,350,2500,"bu","14:21:55",22243600
27800,350,2400,"bu","14:21:54",22241100
27800,350,100,"bu","14:21:54",22238700
27750,300,100,"sd","14:21:51",22238600
27750,300,900,"sd","14:21:51",22238500
27800,350,200,"bu","14:21:51",22237600
27800,350,100,"bu","14:21:51",22237400
27800,350,300,"bu","14:21:51",22237300
27800,350,1900,"bu","14:21:51",22237000
27800,350,200,"bu","14:21:49",22235100
27750,300,500,"sd","14:21:49",22234900
27800,350,2500,"bu","14:21:49",22234400
27800,350,2500,"bu","14:21:46",22231900
27800,350,2500,"bu","14:21:43",22229400
27800,350,200,"bu","14:21:42",22226900
27800,350,200,"bu","14:21:41",22226700
27800,350,200,"bu","14:21:41",22226500
27800,350,1800,"bu","14:21:41",22226300
27800,350,200,"bu","14:21:41",22224500
27800,350,500,"bu","14:21:41",22224300
27800,350,100,"bu","14:21:39",22223800
27800,350,200,"bu","14:21:38",22223700
27800,350,200,"bu","14:21:38",22223500
27800,350,2300,"bu","14:21:38",22223300
27800,350,2500,"bu","14:21:38",22221000
27750,300,200,"sd","14:21:36",22218500
27800,350,2500,"bu","14:21:35",22218300
27750,300,400,"sd","14:21:33",22215800
27750,300,100,"bu","14:21:33",22215400
27750,300,400,"bu","14:21:33",22215300
27750,300,1600,"unknown","14:21:31",22214900
27750,300,900,"sd","14:21:30",22213300
27750,300,1000,"bu","14:21:29",22212400
27750,300,100,"sd","14:21:29",22211400
27750,300,100,"bu","14:21:27",22211300
27750,300,2300,"bu","14:21:27",22211200
27750,300,200,"bu","14:21:26",22208900
27750,300,500,"bu","14:21:26",22208700
27750,300,2500,"bu","14:21:25",22208200
27750,300,500,"bu","14:21:24",22205700
27700,250,100,"sd","14:21:24",22205200
27700,250,2000,"sd","14:21:24",22205100
27700,250,200,"sd","14:21:24",22203100
27700,250,8800,"sd","14:21:24",22202900
27700,250,2000,"sd","14:21:24",22194100
27700,250,100,"sd","14:21:24",22192100
27700,250,300,"sd","14:21:24",22192000
27700,250,300,"sd","14:21:24",22191700
27700,250,400,"sd","14:21:24",22191400
27700,250,100,"sd","14:21:24",22191000
27700,250,100,"sd","14:21:24",22190900
27700,250,600,"sd","14:21:24",22190800
27700,250,5000,"sd","14:21:24",22190200
27750,300,300,"bu","14:21:23",22185200
27750,300,2500,"sd","14:21:23",22184900
27750,300,6200,"sd","14:21:23",22182400
27750,300,1000,"sd","14:21:22",22176200
27800,350,1700,"bu","14:21:22",22175200
27800,350,500,"bu","14:21:22",22173500
27800,350,100,"bu","14:21:22",22173000
27800,350,200,"bu","14:21:22",22172900
27800,350,800,"bu","14:21:20",22172700
27800,350,500,"bu","14:21:20",22171900
27800,350,1000,"bu","14:21:20",22171400
27800,350,200,"bu","14:21:20",22170400
27750,300,1500,"sd","14:21:19",22170200
27750,300,8800,"bu","14:21:19",22168700
27750,300,1000,"bu","14:21:19",22159900
27750,300,100,"bu","14:21:19",22158900
27750,300,500,"bu","14:21:19",22158800
27750,300,500,"bu","14:21:19",22158300
27750,300,100,"bu","14:21:18",22157800
27750,300,2500,"bu","14:21:17",22157700
27750,300,2500,"bu","14:21:15",22155200
27750,300,200,"bu","14:21:14",22152700
27750,300,2500,"bu","14:21:11",22152500
27750,300,100,"sd","14:21:10",22150000
27750,300,1400,"sd","14:21:10",22149900
27750,300,1900,"sd","14:21:10",22148500
27800,350,2500,"bu","14:21:09",22146600
27800,350,2300,"bu","14:21:09",22144100
27800,350,100,"bu","14:21:09",22141800
27800,350,100,"bu","14:21:09",22141700
27800,350,200,"bu","14:21:09",22141600
27800,350,200,"bu","14:21:09",22141400
27800,350,100,"bu","14:21:09",22141200
27800,350,1000,"bu","14:21:09",22141100
27800,350,800,"bu","14:21:09",22140100
27800,350,1000,"bu","14:21:09",22139300
27800,350,9700,"bu","14:21:09",22138300
27800,350,24500,"bu","14:21:09",22128600
27750,300,100,"sd","14:21:07",22104100
27800,350,2500,"bu","14:21:06",22104000
27800,350,2500,"bu","14:21:03",22101500
27800,350,200,"bu","14:21:02",22099000
27800,350,2500,"bu","14:21:02",22098800
27800,350,2500,"bu","14:21:01",22096300
27800,350,2500,"bu","14:20:58",22093800
27750,300,500,"sd","14:20:57",22091300
27800,350,2500,"bu","14:20:55",22090800
27750,300,1000,"sd","14:20:54",22088300
27750,300,6500,"sd","14:20:54",22087300
27750,300,400,"sd","14:20:54",22080800
27750,300,2000,"sd","14:20:54",22080400
27750,300,2500,"sd","14:20:54",22078400
27750,300,2500,"sd","14:20:54",22075900
27750,300,100,"sd","14:20:54",22073400
27800,350,2500,"bu","14:20:53",22073300
27750,300,2000,"sd","14:20:53",22070800
27800,350,200,"bu","14:20:52",22068800
27750,300,1000,"sd","14:20:51",22068600
27800,350,2500,"bu","14:20:50",22067600
27800,350,2500,"bu","14:20:47",22065100
27800,350,1000,"bu","14:20:47",22062600
27800,350,10000,"bu","14:20:47",22061600
27750,300,200,"bu","14:20:45",22051600
27750,300,3300,"bu","14:20:45",22051400
27700,250,2600,"sd","14:20:43",22048100
27700,250,200,"sd","14:20:43",22045500
27700,250,100,"sd","14:20:43",22045300
27700,250,500,"sd","14:20:43",22045200
27700,250,100,"sd","14:20:43",22044700
27700,250,1000,"sd","14:20:43",22044600
27700,250,500,"sd","14:20:43",22043600
27750,300,1500,"sd","14:20:43",22043100
27750,300,1000,"bu","14:20:42",22041600
27750,300,200,"bu","14:20:42",22040600
27750,300,200,"sd","14:20:41",22040400
27750,300,500,"sd","14:20:41",22040200
27750,300,300,"sd","14:20:40",22039700
27750,300,500,"sd","14:20:40",22039400
27750,300,100,"sd","14:20:40",22038900
27750,300,100,"sd","14:20:40",22038800
27800,350,2500,"bu","14:20:39",22038700
27800,350,200,"bu","14:20:39",22036200
27750,300,400,"sd","14:20:38",22036000
27750,300,200,"sd","14:20:38",22035600
27750,300,200,"sd","14:20:38",22035400
27750,300,200,"sd","14:20:38",22035200
27750,300,200,"sd","14:20:37",22035000
27750,300,200,"sd","14:20:37",22034800
27750,300,1000,"sd","14:20:37",22034600
27750,300,200,"sd","14:20:37",22033600
27750,300,100,"sd","14:20:37",22033400
27750,300,100,"sd","14:20:37",22033300
27750,300,5000,"sd","14:20:37",22033200
27750,300,1000,"sd","14:20:37",22028200
27750,300,100,"sd","14:20:37",22027200
27750,300,1000,"sd","14:20:37",22027100
27750,300,500,"sd","14:20:37",22026100
27750,300,3000,"sd","14:20:37",22025600
27750,300,300,"sd","14:20:37",22022600
27750,300,100,"sd","14:20:37",22022300
27750,300,2000,"sd","14:20:37",22022200
27800,350,2500,"bu","14:20:37",22020200
27800,350,200,"bu","14:20:36",22017700
27750,300,1000,"sd","14:20:35",22017500
27800,350,2500,"bu","14:20:34",22016500
27750,300,500,"sd","14:20:34",22014000
27750,300,700,"sd","14:20:32",22013500
27750,300,300,"sd","14:20:32",22012800
27750,300,100,"sd","14:20:31",22012500
27750,300,900,"sd","14:20:31",22012400
27800,350,2500,"bu","14:20:31",22011500
27800,350,2500,"bu","14:20:29",22009000
27800,350,200,"bu","14:20:29",22006500
27750,300,1000,"sd","14:20:28",22006300
27800,350,2500,"bu","14:20:27",22005300
27800,350,3000,"bu","14:20:26",22002800
27800,350,600,"bu","14:20:26",21999800
27800,350,400,"bu","14:20:26",21999200
27800,350,2100,"bu","14:20:26",21998800
27800,350,400,"bu","14:20:25",21996700
27750,300,1000,"sd","14:20:23",21996300
27800,350,2400,"bu","14:20:23",21995300
27800,350,100,"bu","14:20:23",21992900
27800,350,200,"bu","14:20:22",21992800
27800,350,800,"bu","14:20:21",21992600
27800,350,1700,"bu","14:20:21",21991800
27800,350,200,"bu","14:20:20",21990100
27850,400,2000,"bu","14:20:18",21989900
27800,350,500,"sd","14:20:18",21987900
27800,350,1800,"sd","14:20:18",21987400
27800,350,900,"sd","14:20:18",21985600
27800,350,1000,"sd","14:20:18",21984700
27800,350,100,"sd","14:20:18",21983700
27800,350,100,"sd","14:20:18",21983600
27800,350,100,"sd","14:20:18",21983500
27800,350,800,"sd","14:20:18",21983400
27800,350,100,"sd","14:20:18",21982600
27800,350,100,"sd","14:20:18",21982500
27800,350,500,"sd","14:20:18",21982400
27800,350,100,"sd","14:20:18",21981900
27800,350,5000,"sd","14:20:18",21981800
27800,350,500,"sd","14:20:18",21976800
27800,350,100,"sd","14:20:18",21976300
27800,350,100,"sd","14:20:18",21976200
27800,350,2000,"sd","14:20:18",21976100
27800,350,1000,"sd","14:20:18",21974100
27800,350,200,"sd","14:20:18",21973100
27850,400,200,"bu","14:20:17",21972900
27800,350,9000,"sd","14:20:16",21972700
27800,350,2000,"sd","14:20:16",21963700
27800,350,2500,"sd","14:20:15",21961700
27800,350,2000,"sd","14:20:15",21959200
27850,400,2500,"bu","14:20:15",21957200
27800,350,5000,"sd","14:20:15",21954700
27800,350,5000,"sd","14:20:15",21949700
27800,350,100,"sd","14:20:15",21944700
27800,350,6100,"sd","14:20:15",21944600
27800,350,200,"sd","14:20:15",21938500
27800,350,100,"sd","14:20:15",21938300
27800,350,300,"sd","14:20:15",21938200
27800,350,100,"sd","14:20:15",21937900
27800,350,200,"sd","14:20:15",21937800
27800,350,200,"sd","14:20:15",21937600
27800,350,100,"sd","14:20:15",21937400
27800,350,500,"sd","14:20:15",21937300
27800,350,500,"sd","14:20:15",21936800
27800,350,3000,"sd","14:20:15",21936300
27800,350,100,"sd","14:20:15",21933300
27800,350,100,"sd","14:20:13",21933200
27850,400,2500,"bu","14:20:13",21933100
27800,350,1000,"sd","14:20:11",21930600
27850,400,2500,"bu","14:20:10",21929600
27800,350,4500,"sd","14:20:09",21927100
27800,350,100,"sd","14:20:09",21922600
27800,350,1000,"sd","14:20:09",21922500
27800,350,2000,"sd","14:20:09",21921500
27800,350,300,"sd","14:20:09",21919500
27800,350,2100,"sd","14:20:09",21919200
27850,400,2500,"bu","14:20:09",21917100
27800,350,200,"sd","14:20:09",21914600
27850,400,200,"bu","14:20:08",21914400
27850,400,2500,"bu","14:20:07",21914200
27850,400,19600,"bu","14:20:06",21911700
27800,350,1000,"sd","14:20:05",21892100
27850,400,200,"bu","14:20:05",21891100
27850,400,2500,"bu","14:20:05",21890900
27850,400,2500,"bu","14:20:02",21888400
27850,400,500,"bu","14:19:59",21885900
27850,400,100,"bu","14:19:59",21885400
27850,400,500,"bu","14:19:59",21885300
27850,400,100,"bu","14:19:59",21884800
27850,400,200,"bu","14:19:59",21884700
27850,400,1100,"bu","14:19:59",21884500
27850,400,1900,"bu","14:19:57",21883400
27850,400,600,"bu","14:19:57",21881500
27850,400,1200,"bu","14:19:56",21880900
27800,350,800,"sd","14:19:56",21879700
27850,400,100,"bu","14:19:55",21878900
27850,400,2100,"bu","14:19:55",21878800
27850,400,100,"bu","14:19:55",21876700
27850,400,100,"bu","14:19:55",21876600
27850,400,2000,"bu","14:19:55",21876500
27850,400,100,"bu","14:19:55",21874500
27850,400,500,"bu","14:19:55",21874400
27850,400,5100,"bu","14:19:55",21873900
27850,400,200,"bu","14:19:54",21868800
27850,400,2500,"bu","14:19:54",21868600
27800,350,1000,"sd","14:19:53",21866100
27850,400,2500,"bu","14:19:52",21865100
27850,400,2500,"bu","14:19:51",21862600
27850,400,2500,"bu","14:19:49",21860100
27800,350,500,"sd","14:19:47",21857600
27800,350,1000,"sd","14:19:46",21857100
27850,400,2500,"bu","14:19:46",21856100
27800,350,100,"sd","14:19:46",21853600
27850,400,200,"bu","14:19:43",21853500
27850,400,2000,"bu","14:19:43",21853300
27850,400,500,"bu","14:19:43",21851300
27800,350,1000,"sd","14:19:41",21850800
27850,400,2500,"bu","14:19:41",21849800
27800,350,20000,"sd","14:19:40",21847300
27850,400,2500,"bu","14:19:38",21827300
27800,350,4000,"sd","14:19:37",21824800
27800,350,5000,"sd","14:19:35",21820800
27850,400,2500,"bu","14:19:35",21815800
27800,350,1500,"sd","14:19:34",21813300
27850,400,2400,"bu","14:19:34",21811800
27850,400,200,"bu","14:19:32",21809400
27850,400,2500,"bu","14:19:32",21809200
27850,400,2500,"bu","14:19:30",21806700
27800,350,500,"sd","14:19:27",21804200
27850,400,2500,"bu","14:19:27",21803700
27800,350,10000,"sd","14:19:27",21801200
27850,400,2500,"bu","14:19:24",21791200
27800,350,100,"sd","14:19:23",21788700
27850,400,2500,"bu","14:19:22",21788600
27800,350,200,"sd","14:19:22",21786100
27800,350,900,"sd","14:19:21",21785900
27850,400,200,"bu","14:19:21",21785000
27800,350,1000,"sd","14:19:21",21784800
27800,350,1000,"sd","14:19:19",21783800
27850,400,2500,"bu","14:19:19",21782800
27800,350,1000,"sd","14:19:17",21780300
27850,400,2500,"bu","14:19:16",21779300
27850,400,1700,"bu","14:19:16",21776800
27850,400,100,"bu","14:19:16",21775100
27850,400,700,"bu","14:19:16",21775000
27850,400,300,"bu","14:19:14",21774300
27850,400,300,"bu","14:19:14",21774000
27850,400,1900,"bu","14:19:14",21773700
27800,350,1000,"sd","14:19:14",21771800
27800,350,5000,"sd","14:19:12",21770800
27800,350,1000,"sd","14:19:11",21765800
27850,400,2500,"bu","14:19:11",21764800
27800,350,100,"sd","14:19:10",21762300
27800,350,900,"sd","14:19:10",21762200
27850,400,15400,"bu","14:19:10",21761300
27850,400,200,"bu","14:19:09",21745900
27850,400,200,"bu","14:19:09",21745700
27850,400,600,"bu","14:19:09",21745500
27850,400,200,"bu","14:19:09",21744900
27850,400,2500,"bu","14:19:08",21744700
27800,350,1000,"sd","14:19:06",21742200
27850,400,2500,"bu","14:19:06",21741200
27850,400,1000,"bu","14:19:06",21738700
27800,350,100,"sd","14:19:03",21737700
27800,350,800,"sd","14:19:03",21737600
27850,400,2500,"bu","14:19:03",21736800
27800,350,1000,"sd","14:19:02",21734300
27850,400,2500,"bu","14:19:00",21733300
27850,400,2500,"bu","14:18:59",21730800
27850,400,200,"bu","14:18:58",21728300
27850,400,100,"bu","14:18:58",21728100
27850,400,2500,"bu","14:18:58",21728000
27850,400,700,"bu","14:18:57",21725500
27850,400,2000,"bu","14:18:55",21724800
27850,400,500,"bu","14:18:55",21722800
27850,400,13600,"bu","14:18:53",21722300
27850,400,6000,"bu","14:18:53",21708700
27850,400,400,"bu","14:18:52",21702700
27850,400,2500,"bu","14:18:52",21702300
27850,400,2000,"bu","14:18:52",21699800
27850,400,2500,"bu","14:18:50",21697800
27850,400,3000,"bu","14:18:50",21695300
27850,400,2000,"bu","14:18:49",21692300
27850,400,500,"sd","14:18:49",21690300
27850,400,100,"sd","14:18:49",21689800
27850,400,300,"sd","14:18:49",21689700
27850,400,200,"sd","14:18:49",21689400
27850,400,100,"sd","14:18:49",21689200
27850,400,1000,"sd","14:18:49",21689100
27850,400,300,"sd","14:18:49",21688100
27850,400,1300,"sd","14:18:49",21687800
27850,400,300,"sd","14:18:49",21686500
27850,400,10000,"sd","14:18:49",21686200
27850,400,1300,"sd","14:18:49",21676200
27850,400,100,"sd","14:18:49",21674900
27850,400,1500,"sd","14:18:49",21674800
27850,400,100,"sd","14:18:48",21673300
27850,400,700,"sd","14:18:48",21673200
27850,400,100,"sd","14:18:48",21672500
27850,400,100,"sd","14:18:48",21672400
27850,400,100,"sd","14:18:48",21672300
27900,450,2500,"bu","14:18:47",21672200
27850,400,100,"sd","14:18:47",21669700
27850,400,1000,"sd","14:18:45",21669600
27900,450,200,"bu","14:18:45",21668600
27850,400,900,"sd","14:18:44",21668400
27850,400,2000,"sd","14:18:44",21667500
27900,450,2500,"bu","14:18:44",21665500
27850,400,2800,"sd","14:18:43",21663000
27850,400,5000,"sd","14:18:43",21660200
27850,400,200,"sd","14:18:43",21655200
27850,400,400,"sd","14:18:43",21655000
27850,400,3000,"sd","14:18:43",21654600
27850,400,600,"sd","14:18:43",21651600
27850,400,800,"sd","14:18:43",21651000
27850,400,1700,"sd","14:18:43",21650200
27850,400,200,"sd","14:18:43",21648500
27850,400,300,"sd","14:18:43",21648300
27850,400,200,"sd","14:18:43",21648000
27850,400,800,"sd","14:18:43",21647800
27850,400,10000,"sd","14:18:42",21647000
27850,400,10000,"sd","14:18:42",21637000
27900,450,2500,"bu","14:18:42",21627000
27850,400,200,"sd","14:18:41",21624500
27900,450,2500,"bu","14:18:41",21624300
27850,400,300,"sd","14:18:40",21621800
27900,450,1500,"bu","14:18:39",21621500
27900,450,2500,"bu","14:18:39",21620000
27850,400,100,"sd","14:18:38",21617500
27850,400,38600,"sd","14:18:38",21617400
27850,400,300,"sd","14:18:38",21578800
27850,400,200,"sd","14:18:38",21578500
27850,400,10000,"sd","14:18:38",21578300
27850,400,900,"sd","14:18:38",21568300
27900,450,2500,"bu","14:18:36",21567400
27850,400,100,"sd","14:18:35",21564900
27900,450,500,"bu","14:18:35",21564800
27900,450,2500,"bu","14:18:34",21564300
27900,450,200,"bu","14:18:34",21561800
27900,450,2500,"bu","14:18:31",21561600
27850,400,3000,"sd","14:18:28",21559100
27900,450,2500,"bu","14:18:28",21556100
27900,450,2500,"bu","14:18:26",21553600
27900,450,200,"bu","14:18:26",21551100
27900,450,2500,"bu","14:18:23",21550900
27900,450,2500,"bu","14:18:23",21548400
27900,450,200,"bu","14:18:22",21545900
27900,450,2500,"bu","14:18:20",21545700
27850,400,1000,"sd","14:18:18",21543200
27900,450,2500,"bu","14:18:18",21542200
27900,450,2500,"bu","14:18:15",21539700
27900,450,1000,"bu","14:18:15",21537200
27900,450,300,"bu","14:18:15",21536200
27900,450,2500,"bu","14:18:12",21535900
27900,450,200,"bu","14:18:11",21533400
27900,450,2500,"bu","14:18:10",21533200
27900,450,100,"bu","14:18:08",21530700
27900,450,2500,"bu","14:18:07",21530600
27900,450,2500,"bu","14:18:06",21528100
27900,450,2500,"bu","14:18:04",21525600
27850,400,3000,"sd","14:18:03",21523100
27900,450,2500,"bu","14:18:02",21520100
27900,450,200,"bu","14:18:00",21517600
27900,450,2500,"bu","14:17:59",21517400
27900,450,2500,"bu","14:17:56",21514900
27850,400,3000,"sd","14:17:55",21512400
27900,450,2500,"bu","14:17:54",21509400
27850,400,1000,"sd","14:17:53",21506900
27900,450,2500,"bu","14:17:51",21505900
27900,450,100,"bu","14:17:49",21503400
27900,450,200,"bu","14:17:49",21503300
27900,450,2500,"bu","14:17:48",21503100
27900,450,2500,"bu","14:17:48",21500600
27850,400,300,"sd","14:17:47",21498100
27900,450,2500,"bu","14:17:46",21497800
27850,400,6000,"sd","14:17:45",21495300
27850,400,200,"sd","14:17:45",21489300
27850,400,1000,"sd","14:17:43",21489100
27850,400,1000,"sd","14:17:43",21488100
27850,400,500,"sd","14:17:43",21487100
27900,450,2500,"bu","14:17:43",21486600
27850,400,1000,"sd","14:17:41",21484100
27850,400,100,"sd","14:17:41",21483100
27850,400,500,"sd","14:17:41",21483000
27900,450,2500,"bu","14:17:40",21482500
27850,400,1000,"sd","14:17:39",21480000
27900,450,21700,"bu","14:17:39",21479000
27900,450,1300,"bu","14:17:39",21457300
27900,450,200,"bu","14:17:38",21456000
27900,450,2500,"bu","14:17:38",21455800
27850,400,1000,"sd","14:17:36",21453300
27900,450,200,"bu","14:17:35",21452300
27900,450,1000,"bu","14:17:35",21452100
27900,450,100,"bu","14:17:35",21451100
27900,450,400,"bu","14:17:35",21451000
27900,450,200,"bu","14:17:35",21450600
27900,450,800,"bu","14:17:35",21450400
27850,400,1000,"sd","14:17:33",21449600
27850,400,1000,"sd","14:17:32",21448600
27900,450,1000,"bu","14:17:32",21447600
27900,450,300,"bu","14:17:32",21446600
27900,450,1200,"bu","14:17:32",21446300
27900,450,500,"bu","14:17:31",21445100
27900,450,100,"bu","14:17:30",21444600
27900,450,2400,"bu","14:17:30",21444500
27900,450,600,"bu","14:17:30",21442100
27900,450,500,"bu","14:17:30",21441500
27900,450,500,"bu","14:17:30",21441000
27900,450,1000,"bu","14:17:30",21440500
27900,450,1000,"bu","14:17:30",21439500
27850,400,1000,"sd","14:17:29",21438500
27900,450,100,"bu","14:17:29",21437500
27900,450,900,"bu","14:17:29",21437400
27850,400,1000,"sd","14:17:28",21436500
27900,450,100,"bu","14:17:27",21435500
27900,450,100,"bu","14:17:27",21435400
27900,450,1000,"bu","14:17:27",21435300
27900,450,1300,"bu","14:17:27",21434300
27900,450,200,"bu","14:17:26",21433000
27850,400,100,"sd","14:17:26",21432800
27900,450,1500,"bu","14:17:24",21432700
27900,450,600,"bu","14:17:24",21431200
27900,450,700,"bu","14:17:24",21430600
27900,450,100,"bu","14:17:24",21429900
27900,450,100,"bu","14:17:24",21429800
27900,450,300,"bu","14:17:24",21429700
27900,450,100,"bu","14:17:24",21429400
27900,450,1000,"bu","14:17:24",21429300
27900,450,600,"bu","14:17:24",21428300
27900,450,100,"bu","14:17:24",21427700
27900,450,2000,"bu","14:17:24",21427600
27900,450,2900,"bu","14:17:24",21425600
27900,450,12500,"bu","14:17:24",21422700
27850,400,1000,"sd","14:17:24",21410200
27900,450,2500,"bu","14:17:22",21409200
27900,450,2000,"bu","14:17:19",21406700
27900,450,1000,"bu","14:17:19",21404700
27900,450,200,"bu","14:17:19",21403700
27900,450,1300,"bu","14:17:19",21403500
27900,450,1000,"bu","14:17:19",21402200
27900,450,100,"bu","14:17:19",21401200
27850,400,5000,"sd","14:17:19",21401100
27900,450,100,"bu","14:17:19",21396100
27900,450,2500,"bu","14:17:16",21396000
27900,450,200,"bu","14:17:15",21393500
27850,400,300,"sd","14:17:14",21393300
27850,400,700,"sd","14:17:14",21393000
27900,450,2500,"bu","14:17:14",21392300
27900,450,2500,"bu","14:17:13",21389800
27900,450,2500,"bu","14:17:11",21387300
27900,450,100,"bu","14:17:10",21384800
27900,450,1000,"bu","14:17:10",21384700
27900,450,100,"bu","14:17:09",21383700
27850,400,1000,"sd","14:17:09",21383600
27900,450,2500,"bu","14:17:08",21382600
27900,450,2500,"bu","14:17:06",21380100
27900,450,500,"bu","14:17:06",21377600
27900,450,1000,"bu","14:17:06",21377100
27900,450,1000,"bu","14:17:05",21376100
27900,450,1000,"bu","14:17:04",21375100
27900,450,1500,"bu","14:17:04",21374100
27900,450,300,"bu","14:17:03",21372600
27850,400,1000,"sd","14:17:03",21372300
27900,450,200,"bu","14:17:03",21371300
27900,450,400,"bu","14:17:03",21371100
27900,450,100,"bu","14:17:03",21370700
27900,450,1000,"bu","14:17:03",21370600
27900,450,1000,"bu","14:17:03",21369600
27900,450,200,"bu","14:17:02",21368600
27900,450,5000,"bu","14:17:02",21368400
27900,450,2500,"bu","14:17:00",21363400
27900,450,1000,"bu","14:16:59",21360900
27900,450,1000,"bu","14:16:59",21359900
27900,450,2500,"bu","14:16:58",21358900
27900,450,100,"bu","14:16:56",21356400
27900,450,2400,"bu","14:16:55",21356300
27900,450,2500,"bu","14:16:55",21353900
27900,450,300,"bu","14:16:55",21351400
27900,450,100,"bu","14:16:53",21351100
27900,450,2500,"bu","14:16:52",21351000
27900,450,200,"bu","14:16:51",21348500
27900,450,300,"bu","14:16:51",21348300
27900,450,100,"bu","14:16:50",21348000
27900,450,300,"bu","14:16:49",21347900
27900,450,500,"bu","14:16:49",21347600
27900,450,1700,"bu","14:16:49",21347100
27900,450,100,"bu","14:16:48",21345400
27900,450,2500,"bu","14:16:47",21345300
27900,450,200,"bu","14:16:46",21342800
27900,450,1000,"bu","14:16:46",21342600
27900,450,2500,"bu","14:16:44",21341600
27900,450,2000,"bu","14:16:42",21339100
27900,450,3500,"bu","14:16:42",21337100
27900,450,100,"bu","14:16:42",21333600
27900,450,500,"bu","14:16:42",21333500
27900,450,100,"bu","14:16:42",21333000
27900,450,200,"bu","14:16:42",21332900
27900,450,1000,"bu","14:16:42",21332700
27900,450,500,"bu","14:16:42",21331700
27900,450,600,"bu","14:16:42",21331200
27900,450,8400,"bu","14:16:42",21330600
27900,450,2500,"bu","14:16:41",21322200
27900,450,200,"bu","14:16:40",21319700
27850,400,300,"sd","14:16:39",21319500
27850,400,700,"sd","14:16:39",21319200
27900,450,2500,"bu","14:16:39",21318500
27900,450,400,"bu","14:16:38",21316000
27900,450,2500,"bu","14:16:38",21315600
27900,450,2500,"bu","14:16:36",21313100
27900,450,1000,"bu","14:16:33",21310600
27900,450,1500,"bu","14:16:33",21309600
27900,450,100,"bu","14:16:32",21308100
27900,450,900,"bu","14:16:31",21308000
27900,450,100,"bu","14:16:31",21307100
27900,450,1500,"bu","14:16:31",21307000
27900,450,200,"bu","14:16:29",21305500
27900,450,700,"bu","14:16:28",21305300
27900,450,4300,"bu","14:16:28",21304600
27900,450,2500,"bu","14:16:28",21300300
27900,450,8200,"bu","14:16:27",21297800
27900,450,500,"bu","14:16:27",21289600
27900,450,600,"bu","14:16:27",21289100
27900,450,400,"bu","14:16:27",21288500
27900,450,2000,"bu","14:16:27",21288100
27900,450,3000,"bu","14:16:27",21286100
27900,450,1000,"bu","14:16:27",21283100
27900,450,200,"bu","14:16:27",21282100
27900,450,1000,"bu","14:16:27",21281900
27900,450,33100,"bu","14:16:27",21280900
27900,450,8600,"bu","14:16:26",21247800
27900,450,2500,"bu","14:16:25",21239200
27850,400,100,"sd","14:16:24",21236700
27900,450,800,"bu","14:16:23",21236600
27900,450,1700,"bu","14:16:23",21235800
27850,400,500,"sd","14:16:23",21234100
27850,400,500,"sd","14:16:22",21233600
27900,450,2500,"bu","14:16:20",21233100
27900,450,2500,"bu","14:16:20",21230600
27850,400,1700,"sd","14:16:19",21228100
27850,400,100,"sd","14:16:19",21226400
27850,400,100,"sd","14:16:19",21226300
27850,400,2000,"sd","14:16:19",21226200
27850,400,15100,"sd","14:16:19",21224200
27900,450,200,"bu","14:16:19",21209100
27850,400,500,"sd","14:16:18",21208900
27900,450,200,"bu","14:16:18",21208400
27900,450,2500,"bu","14:16:17",21208200
27850,400,500,"sd","14:16:16",21205700
27900,450,400,"bu","14:16:15",21205200
27900,450,1000,"bu","14:16:15",21204800
27900,450,100,"bu","14:16:15",21203800
27900,450,100,"bu","14:16:15",21203700
27900,450,900,"bu","14:16:15",21203600
27900,450,600,"bu","14:16:15",21202700
27900,450,200,"bu","14:16:15",21202100
27900,450,1000,"bu","14:16:15",21201900
27900,450,3000,"bu","14:16:15",21200900
27900,450,8000,"bu","14:16:15",21197900
27900,450,5000,"bu","14:16:15",21189900
27900,450,600,"bu","14:16:15",21184900
27900,450,1000,"bu","14:16:15",21184300
27900,450,300,"bu","14:16:15",21183300
27900,450,5000,"bu","14:16:15",21183000
27900,450,100,"bu","14:16:15",21178000
27900,450,10000,"bu","14:16:15",21177900
27900,450,1200,"bu","14:16:15",21167900
27900,450,5000,"bu","14:16:15",21166700
27900,450,2000,"bu","14:16:15",21161700
27900,450,100,"bu","14:16:15",21159700
27900,450,20000,"bu","14:16:15",21159600
27900,450,1000,"bu","14:16:15",21139600
27900,450,10000,"bu","14:16:15",21138600
27900,450,200,"bu","14:16:15",21128600
27900,450,100,"bu","14:16:15",21128400
27900,450,20000,"bu","14:16:15",21128300
27900,450,5000,"bu","14:16:15",21108300
27900,450,600,"bu","14:16:15",21103300
27900,450,12000,"bu","14:16:15",21102700
27850,400,600,"sd","14:16:14",21090700
27900,450,300,"bu","14:16:14",21090100
27850,400,500,"sd","14:16:13",21089800
27850,400,500,"sd","14:16:12",21089300
27900,450,2500,"bu","14:16:12",21088800
27850,400,500,"sd","14:16:09",21086300
27900,450,2500,"bu","14:16:09",21085800
27900,450,500,"bu","14:16:08",21083300
27900,450,200,"bu","14:16:08",21082800
27850,400,1000,"sd","14:16:07",21082600
27900,450,2500,"bu","14:16:07",21081600
27900,450,100,"bu","14:16:05",21079100
27850,400,500,"sd","14:16:05",21079000
27850,400,300,"sd","14:16:04",21078500
27850,400,700,"sd","14:16:04",21078200
27900,450,2500,"bu","14:16:04",21077500
27900,450,500,"bu","14:16:02",21075000
27900,450,2500,"bu","14:16:02",21074500
27900,450,100,"bu","14:16:02",21072000
27900,450,2500,"bu","14:16:01",21071900
27850,400,300,"sd","14:16:01",21069400
27850,400,200,"sd","14:16:01",21069100
27850,400,500,"sd","14:16:01",21068900
27900,450,500,"bu","14:16:00",21068400
27900,450,2500,"bu","14:15:59",21067900
27900,450,800,"bu","14:15:58",21065400
27900,450,200,"bu","14:15:58",21064600
27900,450,2500,"bu","14:15:56",21064400
27900,450,400,"bu","14:15:55",21061900
27900,450,10000,"bu","14:15:55",21061500
27900,450,100,"bu","14:15:55",21051500
27900,450,100,"bu","14:15:55",21051400
27900,450,31000,"bu","14:15:55",21051300
27900,450,8300,"bu","14:15:55",21020300
27900,450,100,"bu","14:15:55",21012000
27900,450,2500,"bu","14:15:53",21011900
27900,450,200,"bu","14:15:53",21009400
27900,450,3300,"bu","14:15:52",21009200
27900,450,6700,"bu","14:15:52",21005900
27850,400,300,"sd","14:15:52",20999200
27850,400,200,"sd","14:15:52",20998900
27900,450,2500,"bu","14:15:51",20998700
27900,450,200,"bu","14:15:50",20996200
27900,450,2500,"bu","14:15:48",20996000
27850,400,300,"sd","14:15:45",20993500
27850,400,100,"sd","14:15:45",20993200
27850,400,100,"sd","14:15:45",20993100
27900,450,2500,"bu","14:15:45",20993000
27900,450,2500,"bu","14:15:45",20990500
27900,450,2500,"bu","14:15:43",20988000
27900,450,500,"bu","14:15:42",20985500
27900,450,100,"bu","14:15:42",20985000
27900,450,100,"bu","14:15:42",20984900
27900,450,4800,"bu","14:15:42",20984800
27900,450,200,"bu","14:15:41",20980000
27900,450,2500,"bu","14:15:40",20979800
27900,450,700,"bu","14:15:39",20977300
27900,450,2500,"bu","14:15:37",20976600
27900,450,2500,"bu","14:15:35",20974100
27900,450,2500,"bu","14:15:32",20971600
27900,450,200,"bu","14:15:31",20969100
27900,450,200,"bu","14:15:29",20968900
27900,450,6400,"bu","14:15:29",20968700
27900,450,13600,"bu","14:15:29",20962300
27900,450,2500,"bu","14:15:29",20948700
27900,450,7000,"bu","14:15:29",20946200
27900,450,5000,"bu","14:15:27",20939200
27900,450,2500,"bu","14:15:27",20934200
27900,450,2500,"bu","14:15:27",20931700
27900,450,2500,"bu","14:15:24",20929200
27900,450,300,"bu","14:15:22",20926700
27900,450,100,"bu","14:15:21",20926400
27900,450,2500,"bu","14:15:21",20926300
27900,450,300,"bu","14:15:20",20923800
27850,400,100,"sd","14:15:20",20923500
27850,400,500,"sd","14:15:19",20923400
27900,450,2500,"bu","14:15:19",20922900
27900,450,200,"bu","14:15:18",20920400
27900,450,2000,"bu","14:15:18",20920200
27900,450,300,"bu","14:15:17",20918200
27900,450,1000,"bu","14:15:16",20917900
27900,450,2500,"bu","14:15:16",20916900
27900,450,2500,"bu","14:15:13",20914400
27900,450,200,"bu","14:15:13",20911900
27900,450,8400,"bu","14:15:13",20911700
27900,450,2000,"bu","14:15:11",20903300
27900,450,2500,"bu","14:15:11",20901300
27900,450,300,"bu","14:15:11",20898800
27900,450,12600,"sd","14:15:09",20898500
27900,450,100,"sd","14:15:09",20885900
27900,450,1700,"sd","14:15:09",20885800
27900,450,500,"sd","14:15:09",20884100
27900,450,300,"sd","14:15:09",20883600
27900,450,500,"sd","14:15:09",20883300
27900,450,200,"sd","14:15:09",20882800
27900,450,800,"sd","14:15:09",20882600
27900,450,100,"sd","14:15:09",20881800
27950,500,2500,"bu","14:15:09",20881700
27900,450,100,"sd","14:15:09",20879200
27900,450,100,"sd","14:15:09",20879100
27950,500,2500,"bu","14:15:08",20879000
27900,450,500,"sd","14:15:08",20876500
27900,450,300,"sd","14:15:08",20876000
27900,450,400,"sd","14:15:08",20875700
27900,450,100,"sd","14:15:08",20875300
27900,450,100,"sd","14:15:08",20875200
27900,450,300,"sd","14:15:07",20875100
27900,450,1300,"sd","14:15:07",20874800
27950,500,200,"bu","14:15:07",20873500
27900,450,2000,"sd","14:15:06",20873300
27900,450,700,"sd","14:15:06",20871300
27900,450,500,"sd","14:15:06",20870600
27900,450,2200,"sd","14:15:06",20870100
27900,450,11200,"sd","14:15:06",20867900
27950,500,2500,"bu","14:15:05",20856700
27900,450,500,"sd","14:15:05",20854200
27900,450,100,"sd","14:15:04",20853700
27900,450,100,"sd","14:15:03",20853600
27900,450,5000,"sd","14:15:03",20853500
27900,450,4900,"sd","14:15:03",20848500
27950,500,2500,"bu","14:15:03",20843600
27900,450,5100,"sd","14:15:01",20841100
27900,450,100,"sd","14:15:01",20836000
27900,450,100,"sd","14:15:01",20835900
27900,450,11400,"sd","14:15:01",20835800
27900,450,100,"sd","14:15:01",20824400
27900,450,200,"sd","14:15:01",20824300
27900,450,100,"sd","14:15:01",20824100
27900,450,2900,"sd","14:15:01",20824000
27900,450,100,"sd","14:15:01",20821100
27900,450,100,"sd","14:15:01",20821000
27900,450,1000,"sd","14:15:01",20820900
27900,450,1800,"sd","14:15:01",20819900
27950,500,2500,"bu","14:15:00",20818100
27900,450,200,"sd","14:15:00",20815600
27900,450,1000,"sd","14:14:58",20815400
27950,500,2200,"bu","14:14:58",20814400
27950,500,2800,"bu","14:14:58",20812200
27950,500,2500,"bu","14:14:57",20809400
27950,500,200,"bu","14:14:55",20806900
27900,450,8800,"sd","14:14:55",20806700
27950,500,2500,"bu","14:14:55",20797900
27950,500,2500,"bu","14:14:52",20795400
27950,500,2500,"bu","14:14:52",20792900
27900,450,100,"sd","14:14:50",20790400
27950,500,2500,"bu","14:14:49",20790300
27950,500,3100,"bu","14:14:49",20787800
27900,450,2000,"sd","14:14:48",20784700
27950,500,2500,"bu","14:14:47",20782700
27900,450,30000,"sd","14:14:45",20780200
27950,500,200,"bu","14:14:44",20750200
27950,500,2500,"bu","14:14:44",20750000
27950,500,100,"bu","14:14:43",20747500
27950,500,2500,"bu","14:14:41",20747400
27950,500,2500,"bu","14:14:39",20744900
27950,500,700,"bu","14:14:39",20742400
27950,500,300,"bu","14:14:37",20741700
27950,500,100,"bu","14:14:36",20741400
27950,500,2400,"bu","14:14:36",20741300
27950,500,2500,"bu","14:14:34",20738900
27900,450,1000,"sd","14:14:33",20736400
27950,500,2500,"bu","14:14:33",20735400
27950,500,100,"bu","14:14:33",20732900
27950,500,200,"bu","14:14:32",20732800
27950,500,2500,"bu","14:14:31",20732600
27900,450,100,"sd","14:14:31",20730100
27950,500,2500,"bu","14:14:28",20730000
27950,500,2500,"bu","14:14:25",20727500
27950,500,1000,"bu","14:14:24",20725000
27950,500,2500,"bu","14:14:23",20724000
27950,500,2500,"bu","14:14:20",20721500
27950,500,200,"bu","14:14:19",20719000
27900,450,5000,"sd","14:14:17",20718800
27950,500,2500,"bu","14:14:17",20713800
27950,500,2400,"bu","14:14:16",20711300
27950,500,2500,"bu","14:14:15",20708900
27950,500,2500,"bu","14:14:12",20706400
27950,500,2500,"bu","14:14:09",20703900
27900,450,20000,"sd","14:14:08",20701400
27900,450,100,"sd","14:14:08",20681400
27950,500,200,"bu","14:14:07",20681300
27900,450,500,"sd","14:14:06",20681100
27900,450,500,"sd","14:14:06",20680600
27950,500,2500,"bu","14:14:06",20680100
27900,450,100,"sd","14:14:05",20677600
27950,500,10000,"bu","14:14:05",20677500
27900,450,500,"sd","14:14:05",20667500
27950,500,2500,"bu","14:14:04",20667000
27900,450,5500,"sd","14:14:04",20664500
27900,450,400,"sd","14:14:03",20659000
27900,450,500,"sd","14:14:02",20658600
27950,500,800,"bu","14:14:01",20658100
27950,500,1700,"bu","14:14:01",20657300
27950,500,200,"bu","14:14:01",20655600
27950,500,2200,"bu","14:14:01",20655400
27950,500,8600,"bu","14:14:00",20653200
27900,450,500,"sd","14:14:00",20644600
27900,450,400,"sd","14:13:59",20644100
27950,500,2500,"bu","14:13:59",20643700
27950,500,2500,"bu","14:13:58",20641200
27900,450,500,"sd","14:13:57",20638700
27950,500,2500,"bu","14:13:56",20638200
27950,500,200,"bu","14:13:55",20635700
27900,450,500,"sd","14:13:55",20635500
27950,500,1800,"bu","14:13:53",20635000
27950,500,100,"bu","14:13:53",20633200
27950,500,100,"bu","14:13:53",20633100
27950,500,500,"bu","14:13:53",20633000
27900,450,2700,"sd","14:13:51",20632500
27900,450,500,"sd","14:13:51",20629800
27950,500,500,"bu","14:13:50",20629300
27950,500,100,"bu","14:13:50",20628800
27950,500,500,"bu","14:13:50",20628700
27950,500,1000,"bu","14:13:50",20628200
27950,500,400,"bu","14:13:50",20627200
27950,500,900,"bu","14:13:48",20626800
27950,500,1500,"bu","14:13:48",20625900
27900,450,2500,"sd","14:13:48",20624400
27950,500,100,"bu","14:13:48",20621900
27900,450,500,"sd","14:13:46",20621800
27950,500,2500,"bu","14:13:45",20621300
27900,450,2000,"sd","14:13:44",20618800
27900,450,4000,"sd","14:13:44",20616800
27950,500,500,"bu","14:13:43",20612800
27950,500,2500,"bu","14:13:42",20612300
27950,500,2500,"bu","14:13:41",20609800
27950,500,200,"bu","14:13:40",20607300
27950,500,300,"bu","14:13:40",20607100
27950,500,500,"bu","14:13:40",20606800
27950,500,100,"bu","14:13:40",20606300
27950,500,1000,"bu","14:13:40",20606200
27950,500,600,"bu","14:13:40",20605200
27900,450,5000,"sd","14:13:38",20604600
27950,500,2500,"bu","14:13:37",20599600
27950,500,2500,"bu","14:13:34",20597100
27900,450,1000,"sd","14:13:34",20594600
27900,450,500,"sd","14:13:33",20593600
27950,500,2500,"bu","14:13:32",20593100
27900,450,100,"sd","14:13:30",20590600
27900,450,300,"sd","14:13:30",20590500
27950,500,1900,"bu","14:13:29",20590200
27950,500,300,"bu","14:13:29",20588300
27950,500,300,"bu","14:13:29",20588000
27900,450,300,"sd","14:13:29",20587700
27900,450,100,"sd","14:13:28",20587400
27900,450,500,"bu","14:13:28",20587300
27900,450,500,"bu","14:13:28",20586800
27900,450,500,"sd","14:13:27",20586300
27950,500,200,"bu","14:13:26",20585800
27950,500,2500,"bu","14:13:26",20585600
27900,450,100,"sd","14:13:25",20583100
27900,450,600,"sd","14:13:24",20583000
27900,450,300,"sd","14:13:24",20582400
27950,500,2500,"bu","14:13:24",20582100
27900,450,900,"sd","14:13:24",20579600
27900,450,1000,"bu","14:13:24",20578700
27900,450,9100,"bu","14:13:24",20577700
27900,450,10000,"bu","14:13:24",20568600
27950,500,1000,"bu","14:13:24",20558600
27900,450,200,"bu","14:13:24",20557600
27900,450,2400,"sd","14:13:24",20557400
27900,450,100,"sd","14:13:20",20555000
27950,500,2500,"bu","14:13:18",20554900
27900,450,300,"sd","14:13:17",20552400
27900,450,1200,"sd","14:13:17",20552100
27900,450,2000,"sd","14:13:17",20550900
27900,450,800,"sd","14:13:17",20548900
27900,450,200,"sd","14:13:17",20548100
27950,500,2500,"bu","14:13:16",20547900
27900,450,100,"sd","14:13:15",20545400
27900,450,2800,"sd","14:13:14",20545300
27950,500,200,"bu","14:13:14",20542500
27900,450,300,"bu","14:13:13",20542300
27900,450,100,"bu","14:13:13",20542000
27900,450,200,"bu","14:13:12",20541900
27900,450,300,"bu","14:13:12",20541700
27900,450,400,"bu","14:13:12",20541400
27900,450,100,"bu","14:13:12",20541000
27900,450,1000,"bu","14:13:12",20540900
27900,450,100,"bu","14:13:12",20539900
27900,450,300,"bu","14:13:12",20539800
27900,450,300,"bu","14:13:12",20539500
27900,450,1000,"bu","14:13:12",20539200
27900,450,4900,"bu","14:13:12",20538200
27900,450,2800,"bu","14:13:12",20533300
27850,400,100,"sd","14:13:10",20530500
27900,450,2500,"bu","14:13:10",20530400
27900,450,4700,"bu","14:13:08",20527900
27900,450,600,"bu","14:13:08",20523200
27900,450,100,"bu","14:13:08",20522600
27900,450,1800,"bu","14:13:08",20522500
27900,450,100,"bu","14:13:08",20520700
27900,450,1200,"bu","14:13:08",20520600
27900,450,1200,"bu","14:13:08",20519400
27900,450,2500,"bu","14:13:06",20518200
27900,450,2000,"bu","14:13:05",20515700
27900,450,2500,"bu","14:13:05",20513700
27900,450,200,"bu","14:13:02",20511200
27900,450,2500,"bu","14:13:02",20511000
27850,400,500,"sd","14:13:01",20508500
27900,450,4000,"bu","14:13:01",20508000
27900,450,500,"bu","14:13:00",20504000
27900,450,400,"bu","14:13:00",20503500
27900,450,2500,"bu","14:13:00",20503100
27900,450,5000,"bu","14:13:00",20500600
27900,450,500,"sd","14:12:59",20495600
27900,450,200,"sd","14:12:59",20495100
27900,450,1000,"sd","14:12:59",20494900
27900,450,400,"sd","14:12:59",20493900
27900,450,4600,"sd","14:12:59",20493500
27900,450,600,"sd","14:12:59",20488900
27950,500,2500,"bu","14:12:57",20488300
27900,450,300,"sd","14:12:57",20485800
27900,450,3700,"bu","14:12:54",20485500
27900,450,2700,"bu","14:12:54",20481800
27900,450,2500,"bu","14:12:54",20479100
27900,450,300,"sd","14:12:53",20476600
27900,450,3000,"sd","14:12:53",20476300
27900,450,2500,"sd","14:12:53",20473300
27900,450,23300,"sd","14:12:53",20470800
27900,450,10000,"sd","14:12:53",20447500
27900,450,3000,"sd","14:12:53",20437500
27900,450,1500,"sd","14:12:52",20434500
27900,450,3000,"sd","14:12:52",20433000
27950,500,2500,"bu","14:12:52",20430000
27900,450,400,"sd","14:12:52",20427500
27900,450,300,"sd","14:12:52",20427100
27950,500,200,"bu","14:12:51",20426800
27900,450,500,"sd","14:12:49",20426600
27900,450,5000,"sd","14:12:49",20426100
27900,450,700,"bu","14:12:49",20421100
27900,450,600,"bu","14:12:49",20420400
27900,450,100,"bu","14:12:49",20419800
27900,450,1600,"bu","14:12:49",20419700
27900,450,200,"bu","14:12:48",20418100
27900,450,2500,"bu","14:12:48",20417900
27900,450,500,"bu","14:12:48",20415400
27900,450,1000,"bu","14:12:48",20414900
27900,450,1000,"bu","14:12:47",20413900
27900,450,900,"bu","14:12:46",20412900
27900,450,2300,"bu","14:12:46",20412000
27900,450,200,"bu","14:12:46",20409700
27900,450,1800,"bu","14:12:46",20409500
27900,450,1000,"bu","14:12:46",20407700
27900,450,5700,"bu","14:12:46",20406700
27900,450,2500,"bu","14:12:44",20401000
27900,450,500,"bu","14:12:42",20398500
27900,450,200,"bu","14:12:42",20398000
27900,450,1000,"bu","14:12:41",20397800
27900,450,100,"bu","14:12:41",20396800
27900,450,2400,"bu","14:12:41",20396700
27900,450,200,"bu","14:12:40",20394300
27900,450,100,"bu","14:12:40",20394100
27900,450,100,"bu","14:12:40",20394000
27900,450,400,"bu","14:12:40",20393900
27900,450,100,"bu","14:12:40",20393500
27900,450,400,"bu","14:12:40",20393400
27900,450,100,"bu","14:12:40",20393000
27900,450,400,"bu","14:12:40",20392900
27900,450,100,"bu","14:12:38",20392500
27900,450,100,"bu","14:12:38",20392400
27900,450,200,"bu","14:12:38",20392300
27900,450,1700,"bu","14:12:38",20392100
27900,450,500,"bu","14:12:38",20390400
27900,450,2500,"bu","14:12:36",20389900
27900,450,400,"bu","14:12:36",20387400
27900,450,400,"bu","14:12:33",20387000
27900,450,1000,"bu","14:12:33",20386600
27900,450,200,"bu","14:12:33",20385600
27900,450,200,"bu","14:12:33",20385400
27900,450,300,"bu","14:12:33",20385200
27900,450,300,"bu","14:12:33",20384900
27900,450,100,"bu","14:12:33",20384600
27900,450,400,"bu","14:12:32",20384500
27900,450,1300,"bu","14:12:32",20384100
27900,450,100,"bu","14:12:32",20382800
27900,450,200,"bu","14:12:32",20382700
27900,450,400,"bu","14:12:32",20382500
27900,450,100,"bu","14:12:30",20382100
27900,450,2400,"bu","14:12:30",20382000
27900,450,2500,"bu","14:12:30",20379600
27900,450,100,"bu","14:12:29",20377100
27900,450,2100,"bu","14:12:28",20377000
27850,400,500,"sd","14:12:28",20374900
27850,400,100,"sd","14:12:28",20374400
27900,450,2500,"bu","14:12:28",20374300
27850,400,100,"sd","14:12:27",20371800
27850,400,300,"sd","14:12:27",20371700
27850,400,100,"sd","14:12:27",20371400
27850,400,100,"sd","14:12:27",20371300
27900,450,100,"bu","14:12:27",20371200
27900,450,200,"bu","14:12:26",20371100
27850,400,500,"sd","14:12:25",20370900
27900,450,2500,"bu","14:12:25",20370400
27850,400,400,"sd","14:12:22",20367900
27850,400,100,"sd","14:12:22",20367500
27900,450,2500,"bu","14:12:22",20367400
27900,450,100,"bu","14:12:22",20364900
27900,450,1000,"bu","14:12:21",20364800
27850,400,400,"sd","14:12:20",20363800
27850,400,100,"sd","14:12:20",20363400
27850,400,100,"sd","14:12:20",20363300
27850,400,2000,"sd","14:12:20",20363200
27850,400,500,"sd","14:12:20",20361200
27850,400,1000,"sd","14:12:20",20360700
27900,450,2500,"bu","14:12:20",20359700
27900,450,500,"sd","14:12:19",20357200
27900,450,2000,"sd","14:12:19",20356700
27900,450,2000,"sd","14:12:19",20354700
27900,450,3000,"sd","14:12:19",20352700
27900,450,500,"bu","14:12:17",20349700
27850,400,200,"sd","14:12:15",20349200
27900,450,300,"sd","14:12:15",20349000
27950,500,2500,"bu","14:12:14",20348700
27950,500,200,"bu","14:12:14",20346200
27850,400,200,"sd","14:12:14",20346000
27900,450,2800,"sd","14:12:14",20345800
27950,500,2500,"bu","14:12:13",20343000
27950,500,500,"bu","14:12:12",20340500
27950,500,2500,"bu","14:12:12",20340000
27900,450,500,"sd","14:12:11",20337500
27900,450,100,"bu","14:12:11",20337000
27900,450,600,"bu","14:12:11",20336900
27950,500,2500,"bu","14:12:09",20336300
27950,500,400,"bu","14:12:09",20333800
27900,450,100,"sd","14:12:09",20333400
27900,450,100,"sd","14:12:09",20333300
27900,450,500,"sd","14:12:09",20333200
27900,450,1000,"sd","14:12:07",20332700
27900,450,300,"sd","14:12:07",20331700
27900,450,500,"sd","14:12:06",20331400
27950,500,2000,"bu","14:12:06",20330900
27950,500,100,"bu","14:12:06",20328900
27950,500,400,"bu","14:12:06",20328800
27900,450,100,"sd","14:12:05",20328400
27900,450,100,"sd","14:12:05",20328300
27950,500,600,"bu","14:12:04",20328200
27950,500,1900,"bu","14:12:04",20327600
27950,500,200,"bu","14:12:02",20325700
27950,500,900,"bu","14:12:01",20325500
27950,500,100,"bu","14:12:01",20324600
27950,500,1800,"bu","14:12:01",20324500
27950,500,3200,"bu","14:12:01",20322700
27950,500,300,"bu","14:12:01",20319500
27950,500,300,"bu","14:12:01",20319200
27900,450,1200,"bu","14:12:01",20318900
27900,450,300,"bu","14:12:01",20317700
27900,450,500,"bu","14:12:01",20317400
27900,450,500,"bu","14:12:01",20316900
27900,450,2500,"bu","14:11:58",20316400
27900,450,200,"bu","14:11:58",20313900
27900,450,1800,"bu","14:11:56",20313700
27900,450,200,"bu","14:11:56",20311900
27900,450,500,"bu","14:11:56",20311700
27900,450,100,"bu","14:11:56",20311200
27900,450,300,"bu","14:11:56",20311100
27900,450,100,"bu","14:11:56",20310800
27900,450,2500,"bu","14:11:55",20310700
27900,450,500,"bu","14:11:53",20308200
27900,450,2500,"bu","14:11:53",20307700
27900,450,100,"bu","14:11:52",20305200
27850,400,500,"sd","14:11:52",20305100
27900,450,200,"bu","14:11:51",20304600
27900,450,300,"bu","14:11:51",20304400
27900,450,1000,"bu","14:11:51",20304100
27900,450,100,"bu","14:11:50",20303100
27900,450,2500,"bu","14:11:50",20303000
27900,450,200,"bu","14:11:49",20300500
27900,450,600,"sd","14:11:49",20300300
27900,450,2000,"sd","14:11:49",20299700
27900,450,3900,"sd","14:11:49",20297700
27900,450,500,"sd","14:11:49",20293800
27900,450,1000,"sd","14:11:49",20293300
27900,450,700,"sd","14:11:49",20292300
27900,450,1300,"sd","14:11:49",20291600
27950,500,2500,"bu","14:11:48",20290300
27900,450,500,"sd","14:11:47",20287800
27950,500,11200,"bu","14:11:47",20287300
27950,500,6300,"bu","14:11:46",20276100
27950,500,100,"bu","14:11:46",20269800
27950,500,900,"bu","14:11:45",20269700
27950,500,1500,"bu","14:11:45",20268800
27950,500,100,"bu","14:11:45",20267300
27900,450,48200,"sd","14:11:45",20267200
27900,450,500,"sd","14:11:45",20219000
27900,450,100,"sd","14:11:45",20218500
27900,450,1200,"sd","14:11:45",20218400
27950,500,100,"bu","14:11:45",20217200
27950,500,2500,"bu","14:11:42",20217100
27950,500,2500,"bu","14:11:40",20214600
27950,500,200,"bu","14:11:40",20212100
27950,500,500,"bu","14:11:39",20211900
27900,450,100,"sd","14:11:39",20211400
27950,500,5000,"bu","14:11:38",20211300
27950,500,2500,"bu","14:11:37",20206300
27950,500,2400,"bu","14:11:37",20203800
27900,450,100,"sd","14:11:36",20201400
27900,450,100,"sd","14:11:36",20201300
27950,500,400,"bu","14:11:36",20201200
27950,500,2500,"bu","14:11:34",20200800
27900,450,100,"sd","14:11:34",20198300
27950,500,5000,"bu","14:11:33",20198200
27950,500,600,"bu","14:11:33",20193200
27950,500,200,"bu","14:11:33",20192600
27950,500,200,"bu","14:11:33",20192400
27950,500,1500,"bu","14:11:33",20192200
27950,500,100,"bu","14:11:33",20190700
27950,500,1000,"bu","14:11:33",20190600
27900,450,600,"sd","14:11:32",20189600
27900,450,100,"bu","14:11:32",20189000
27900,450,200,"bu","14:11:32",20188900
27900,450,100,"bu","14:11:30",20188700
27850,400,100,"sd","14:11:30",20188600
27850,400,100,"sd","14:11:30",20188500
27900,450,200,"bu","14:11:29",20188400
27900,450,500,"bu","14:11:29",20188200
27900,450,100,"bu","14:11:29",20187700
27900,450,100,"bu","14:11:29",20187600
27900,450,100,"bu","14:11:29",20187500
27900,450,900,"bu","14:11:29",20187400
27900,450,500,"bu","14:11:29",20186500
27900,450,100,"bu","14:11:29",20186000
27900,450,100,"bu","14:11:29",20185900
27900,450,200,"bu","14:11:28",20185800
27900,450,4600,"bu","14:11:28",20185600
27900,450,1000,"bu","14:11:28",20181000
27900,450,1000,"bu","14:11:28",20180000
27900,450,100,"bu","14:11:28",20179000
27900,450,500,"bu","14:11:28",20178900
27900,450,3000,"bu","14:11:28",20178400
27900,450,100,"bu","14:11:28",20175400
27900,450,100,"bu","14:11:28",20175300
27900,450,6000,"bu","14:11:28",20175200
27900,450,100,"bu","14:11:28",20169200
27900,450,100,"bu","14:11:28",20169100
27900,450,2000,"bu","14:11:28",20169000
27900,450,3000,"bu","14:11:28",20167000
27900,450,3000,"bu","14:11:28",20164000
27900,450,100,"bu","14:11:28",20161000
27900,450,300,"bu","14:11:28",20160900
27900,450,100,"bu","14:11:28",20160600
27900,450,100,"bu","14:11:28",20160500
27900,450,200,"bu","14:11:28",20160400
27900,450,500,"bu","14:11:28",20160200
27900,450,100,"bu","14:11:28",20159700
27900,450,200,"bu","14:11:28",20159600
27900,450,20000,"bu","14:11:28",20159400
27900,450,100,"bu","14:11:28",20139400
27900,450,100,"bu","14:11:28",20139300
27900,450,200,"bu","14:11:28",20139200
27900,450,3000,"bu","14:11:28",20139000
27900,450,900,"bu","14:11:28",20136000
27900,450,10000,"bu","14:11:28",20135100
27900,450,1000,"bu","14:11:28",20125100
27900,450,100,"bu","14:11:28",20124100
27900,450,200,"bu","14:11:28",20124000
27900,450,5000,"bu","14:11:28",20123800
27900,450,100,"bu","14:11:28",20118800
27900,450,500,"bu","14:11:28",20118700
27900,450,200,"bu","14:11:28",20118200
27900,450,100,"bu","14:11:28",20118000
27900,450,500,"bu","14:11:28",20117900
27900,450,500,"bu","14:11:28",20117400
27900,450,100,"bu","14:11:28",20116900
27900,450,500,"bu","14:11:28",20116800
27900,450,200,"bu","14:11:28",20116300
27900,450,100,"bu","14:11:28",20116100
27900,450,100,"bu","14:11:28",20116000
27900,450,100,"bu","14:11:28",20115900
27900,450,500,"bu","14:11:28",20115800
27900,450,500,"bu","14:11:28",20115300
27900,450,500,"bu","14:11:28",20114800
27900,450,200,"bu","14:11:28",20114300
27900,450,1000,"bu","14:11:28",20114100
27900,450,400,"bu","14:11:28",20113100
27900,450,1000,"bu","14:11:28",20112700
27900,450,100,"bu","14:11:28",20111700
27900,450,10000,"bu","14:11:28",20111600
27900,450,100,"bu","14:11:28",20101600
27900,450,3000,"bu","14:11:28",20101500
27900,450,10000,"bu","14:11:28",20098500
27900,450,200,"bu","14:11:28",20088500
27900,450,100,"bu","14:11:28",20088300
27900,450,1000,"bu","14:11:28",20088200
27900,450,700,"bu","14:11:28",20087200
27900,450,2000,"bu","14:11:28",20086500
27900,450,100,"bu","14:11:28",20084500
27900,450,3200,"bu","14:11:28",20084400
27900,450,100,"bu","14:11:28",20081200
27900,450,200,"bu","14:11:28",20081100
27900,450,100,"bu","14:11:28",20080900
27900,450,200,"bu","14:11:28",20080800
27900,450,2000,"bu","14:11:28",20080600
27900,450,1000,"bu","14:11:28",20078600
27900,450,100,"bu","14:11:28",20077600
27900,450,1000,"bu","14:11:28",20077500
27900,450,2000,"bu","14:11:28",20076500
27900,450,200,"bu","14:11:28",20074500
27900,450,2100,"bu","14:11:28",20074300
27900,450,10000,"bu","14:11:28",20072200
27900,450,3000,"bu","14:11:28",20062200
27900,450,200,"bu","14:11:28",20059200
27900,450,2100,"bu","14:11:28",20059000
27900,450,100,"bu","14:11:28",20056900
27900,450,300,"bu","14:11:28",20056800
27900,450,2000,"bu","14:11:28",20056500
27900,450,100,"bu","14:11:28",20054500
27900,450,1000,"bu","14:11:28",20054400
27900,450,1000,"bu","14:11:28",20053400
27900,450,6000,"bu","14:11:28",20052400
27900,450,100,"bu","14:11:28",20046400
27900,450,500,"bu","14:11:28",20046300
27900,450,100,"bu","14:11:28",20045800
27900,450,10000,"bu","14:11:28",20045700
27900,450,1900,"bu","14:11:28",20035700
27900,450,20000,"bu","14:11:28",20033800
27900,450,800,"bu","14:11:28",20013800
27900,450,1000,"bu","14:11:28",20013000
27900,450,100,"bu","14:11:28",20012000
27900,450,5000,"bu","14:11:28",20011900
27900,450,100,"bu","14:11:28",20006900
27900,450,500,"bu","14:11:28",20006800
27900,450,1000,"bu","14:11:28",20006300
27900,450,100,"bu","14:11:28",20005300
27900,450,5000,"bu","14:11:28",20005200
27900,450,200,"bu","14:11:28",20000200
27900,450,10000,"bu","14:11:28",20000000
27900,450,1000,"bu","14:11:28",19990000
27900,450,7700,"bu","14:11:28",19989000
27900,450,5000,"bu","14:11:28",19981300
27900,450,1200,"bu","14:11:28",19976300
27900,450,5000,"bu","14:11:28",19975100
27900,450,1000,"bu","14:11:28",19970100
27900,450,1000,"bu","14:11:28",19969100
27900,450,100,"bu","14:11:28",19968100
27900,450,5000,"bu","14:11:28",19968000
27900,450,1000,"bu","14:11:28",19963000
27900,450,2000,"bu","14:11:28",19962000
27900,450,5000,"bu","14:11:28",19960000
27900,450,100,"bu","14:11:28",19955000
27900,450,300,"bu","14:11:28",19954900
27900,450,69000,"bu","14:11:28",19954600
27900,450,2500,"bu","14:11:26",19885600
27900,450,11200,"bu","14:11:25",19883100
27900,450,100,"bu","14:11:25",19871900
27900,450,2500,"bu","14:11:23",19871800
27850,400,100,"sd","14:11:21",19869300
27900,450,2500,"bu","14:11:21",19869200
27900,450,2500,"bu","14:11:20",19866700
27850,400,500,"sd","14:11:20",19864200
27850,400,100,"sd","14:11:19",19863700
27850,400,1000,"sd","14:11:19",19863600
27850,400,200,"sd","14:11:19",19862600
27900,450,2000,"bu","14:11:18",19862400
27850,400,500,"bu","14:11:18",19860400
27900,450,200,"bu","14:11:17",19859900
27900,450,2500,"bu","14:11:15",19859700
27800,350,1800,"sd","14:11:14",19857200
27900,450,500,"bu","14:11:14",19855400
27800,350,600,"sd","14:11:13",19854900
27900,450,2500,"bu","14:11:13",19854300
27800,350,2500,"sd","14:11:12",19851800
27800,350,1000,"sd","14:11:12",19849300
27800,350,5000,"sd","14:11:12",19848300
27800,350,3300,"sd","14:11:12",19843300
27800,350,1800,"sd","14:11:12",19840000
27800,350,2600,"sd","14:11:12",19838200
27800,350,100,"sd","14:11:12",19835600
27800,350,2500,"sd","14:11:12",19835500
27800,350,100,"sd","14:11:12",19833000
27800,350,1800,"sd","14:11:12",19832900
27800,350,300,"sd","14:11:12",19831100
27850,400,39000,"sd","14:11:12",19830800
27850,400,300,"sd","14:11:12",19791800
27850,400,5000,"sd","14:11:11",19791500
27850,400,1700,"sd","14:11:11",19786500
27850,400,15000,"sd","14:11:11",19784800
27850,400,1700,"sd","14:11:10",19769800
27900,450,100,"bu","14:11:10",19768100
27850,400,1000,"sd","14:11:10",19768000
27900,450,1900,"bu","14:11:10",19767000
27900,450,100,"bu","14:11:10",19765100
27900,450,300,"bu","14:11:10",19764800
27900,450,200,"bu","14:11:10",19765000
27850,400,100,"sd","14:11:09",19764500
27850,400,500,"bu","14:11:08",19764400
27850,400,100,"bu","14:11:08",19763900
27850,400,600,"bu","14:11:08",19763800
27850,400,10000,"bu","14:11:08",19763200
27850,400,200,"bu","14:11:08",19753200
27850,400,11100,"bu","14:11:08",19753000
27850,400,1000,"bu","14:11:08",19741900
27850,400,100,"bu","14:11:08",19740900
27850,400,2000,"bu","14:11:08",19740800
27850,400,2000,"bu","14:11:08",19738800
27850,400,4000,"bu","14:11:08",19736800
27850,400,200,"bu","14:11:08",19732800
27850,400,500,"bu","14:11:08",19732600
27850,400,900,"bu","14:11:08",19732100
27850,400,500,"bu","14:11:08",19731200
27850,400,100,"bu","14:11:08",19730700
27850,400,100,"bu","14:11:08",19730600
27850,400,20000,"bu","14:11:08",19730500
27850,400,2000,"bu","14:11:08",19710500
27850,400,200,"bu","14:11:08",19708500
27850,400,100,"bu","14:11:08",19708300
27850,400,25200,"bu","14:11:08",19708200
27850,400,200,"bu","14:11:08",19683000
27850,400,1000,"bu","14:11:08",19682800
27850,400,2000,"bu","14:11:08",19681800
27850,400,100,"bu","14:11:08",19679800
27850,400,500,"bu","14:11:08",19679700
27850,400,100,"bu","14:11:08",19679200
27850,400,500,"bu","14:11:08",19679100
27850,400,200,"bu","14:11:08",19678600
27850,400,1000,"bu","14:11:08",19678400
27850,400,100,"bu","14:11:08",19677400
27850,400,4000,"bu","14:11:08",19677300
27850,400,19900,"bu","14:11:08",19673300
27850,400,300,"bu","14:11:08",19653400
27850,400,14300,"bu","14:11:08",19653100
27850,400,1000,"bu","14:11:08",19638800
27850,400,100,"bu","14:11:08",19637800
27850,400,100,"bu","14:11:08",19637700
27850,400,200,"bu","14:11:08",19637600
27850,400,100,"bu","14:11:08",19637400
27850,400,9100,"bu","14:11:08",19637300
27850,400,2000,"bu","14:11:08",19628200
27850,400,100,"bu","14:11:08",19626200
27850,400,6700,"bu","14:11:08",19626100
27850,400,900,"bu","14:11:08",19619400
27850,400,1500,"bu","14:11:08",19618500
27850,400,2500,"bu","14:11:07",19617000
27850,400,200,"bu","14:11:05",19614500
27800,350,200,"sd","14:11:05",19614300
27850,400,600,"bu","14:11:05",19614100
27850,400,1000,"bu","14:11:05",19613500
27850,400,200,"bu","14:11:05",19612500
27850,400,700,"bu","14:11:05",19612300
27800,350,500,"bu","14:11:02",19611600
27850,400,9300,"bu","14:11:00",19611100
27850,400,100,"bu","14:11:00",19601800
27850,400,500,"bu","14:11:00",19601700
27850,400,200,"bu","14:11:00",19601200
27850,400,100,"bu","14:11:00",19601000
27850,400,700,"bu","14:11:00",19600900
27850,400,100,"bu","14:11:00",19600200
27850,400,1400,"bu","14:11:00",19600100
27850,400,7600,"bu","14:11:00",19598700
27850,400,700,"bu","14:10:59",19591100
27800,350,1800,"unknown","14:10:59",19590400
27800,350,100,"bu","14:10:59",19588600
27750,300,2100,"sd","14:10:58",19588500
27750,300,2000,"sd","14:10:58",19586400
27800,350,100,"sd","14:10:58",19584400
27800,350,100,"bu","14:10:58",19584300
27800,350,300,"bu","14:10:58",19584200
27800,350,300,"bu","14:10:57",19583900
27800,350,700,"bu","14:10:57",19583600
27800,350,300,"bu","14:10:57",19582900
27800,350,2200,"bu","14:10:57",19582600
27800,350,2000,"bu","14:10:54",19580400
27800,350,200,"bu","14:10:54",19578400
27800,350,2500,"bu","14:10:54",19578200
27800,350,300,"bu","14:10:53",19575700
27800,350,1000,"bu","14:10:52",19575400
27800,350,2500,"bu","14:10:51",19574400
27800,350,1700,"bu","14:10:51",19571900
27750,300,100,"sd","14:10:50",19570200
27800,350,400,"bu","14:10:49",19570100
27800,350,2500,"bu","14:10:49",19569700
27800,350,5000,"bu","14:10:48",19567200
27800,350,500,"bu","14:10:47",19562200
27800,350,5000,"bu","14:10:47",19561700
27800,350,3000,"bu","14:10:47",19556700
27800,350,12000,"bu","14:10:47",19553700
27800,350,200,"bu","14:10:47",19541700
27800,350,1000,"bu","14:10:47",19541500
27800,350,5000,"sd","14:10:47",19540500
27800,350,2500,"sd","14:10:47",19535500
27800,350,100,"sd","14:10:47",19533000
27800,350,400,"sd","14:10:47",19532900
27800,350,100,"sd","14:10:46",19532500
27850,400,1700,"bu","14:10:46",19532400
27850,400,800,"bu","14:10:46",19530700
27850,400,200,"bu","14:10:44",19529900
27850,400,100,"bu","14:10:44",19529700
27850,400,2000,"bu","14:10:44",19529600
27850,400,100,"bu","14:10:44",19527600
27850,400,100,"bu","14:10:44",19527500
27850,400,200,"bu","14:10:43",19527400
27850,400,700,"bu","14:10:43",19527200
27850,400,1000,"bu","14:10:43",19526500
27850,400,300,"bu","14:10:43",19525500
27850,400,200,"bu","14:10:43",19525200
27850,400,100,"bu","14:10:43",19525000
27850,400,200,"bu","14:10:43",19524900
27850,400,300,"bu","14:10:43",19524700
27850,400,500,"bu","14:10:41",19524400
27850,400,200,"bu","14:10:41",19523900
27850,400,1000,"bu","14:10:41",19523700
27850,400,500,"bu","14:10:41",19522700
27850,400,100,"bu","14:10:41",19522200
27850,400,200,"bu","14:10:41",19522100
27800,350,1900,"sd","14:10:39",19521900
27800,350,600,"sd","14:10:38",19520000
27800,350,200,"sd","14:10:38",19519400
27800,350,1800,"sd","14:10:38",19519200
27800,350,200,"bu","14:10:37",19517400
27800,350,6000,"bu","14:10:37",19517200
27800,350,1000,"bu","14:10:37",19511200
27800,350,100,"bu","14:10:37",19510200
27800,350,200,"bu","14:10:37",19510100
27800,350,100,"bu","14:10:37",19509900
27800,350,4600,"bu","14:10:37",19509800
27800,350,3600,"bu","14:10:36",19505200
27800,350,1800,"bu","14:10:36",19501600
27800,350,1200,"bu","14:10:36",19499800
27800,350,200,"bu","14:10:36",19498600
27800,350,2500,"bu","14:10:35",19498400
27800,350,1100,"bu","14:10:34",19495900
27800,350,500,"bu","14:10:34",19494800
27800,350,100,"bu","14:10:34",19494300
27800,350,100,"bu","14:10:34",19494200
27800,350,300,"bu","14:10:34",19494100
27800,350,200,"bu","14:10:34",19493800
27800,350,200,"bu","14:10:34",19493600
27800,350,1000,"bu","14:10:34",19493400
27800,350,500,"bu","14:10:34",19492400
27800,350,200,"bu","14:10:33",19491900
27800,350,700,"bu","14:10:33",19491700
27800,350,400,"bu","14:10:33",19491000
27800,350,100,"bu","14:10:33",19490600
27800,350,100,"bu","14:10:33",19490500
27800,350,700,"bu","14:10:33",19490400
27800,350,900,"bu","14:10:33",19489700
27800,350,500,"bu","14:10:33",19488800
27800,350,300,"bu","14:10:33",19488300
27800,350,300,"bu","14:10:32",19488000
27800,350,700,"bu","14:10:32",19487700
27800,350,200,"bu","14:10:31",19487000
27800,350,200,"bu","14:10:30",19486800
27800,350,2500,"bu","14:10:30",19486600
27800,350,26400,"bu","14:10:29",19484100
27800,350,100,"bu","14:10:29",19457700
27800,350,300,"bu","14:10:29",19457600
27800,350,100,"bu","14:10:29",19457300
27800,350,100,"bu","14:10:29",19457200
27800,350,18000,"bu","14:10:29",19457100
27800,350,300,"bu","14:10:29",19439100
27800,350,800,"bu","14:10:29",19438800
27800,350,200,"bu","14:10:29",19438000
27800,350,100,"bu","14:10:29",19437800
27800,350,100,"bu","14:10:29",19437700
27800,350,200,"bu","14:10:29",19437600
27800,350,200,"bu","14:10:29",19437400
27800,350,1000,"bu","14:10:29",19437200
27800,350,500,"bu","14:10:29",19436200
27800,350,5000,"bu","14:10:29",19435700
27800,350,900,"bu","14:10:29",19430700
27800,350,100,"bu","14:10:29",19429800
27800,350,3000,"bu","14:10:29",19429700
27800,350,200,"bu","14:10:29",19426700
27800,350,100,"bu","14:10:29",19426500
27800,350,10100,"bu","14:10:29",19426400
27800,350,100,"bu","14:10:29",19416300
27800,350,100,"bu","14:10:29",19416200
27800,350,100,"bu","14:10:29",19416100
27800,350,100,"bu","14:10:29",19416000
27800,350,500,"bu","14:10:29",19415900
27800,350,200,"bu","14:10:29",19415400
27800,350,10000,"bu","14:10:29",19415200
27800,350,1000,"bu","14:10:29",19405200
27800,350,3000,"bu","14:10:29",19404200
27800,350,200,"bu","14:10:29",19401200
27800,350,100,"bu","14:10:29",19401000
27800,350,500,"bu","14:10:29",19400900
27800,350,100,"bu","14:10:29",19400400
27800,350,200,"bu","14:10:29",19400300
27800,350,4000,"bu","14:10:29",19400100
27800,350,3000,"bu","14:10:29",19396100
27800,350,100,"bu","14:10:29",19393100
27800,350,200,"bu","14:10:29",19393000
27800,350,500,"bu","14:10:29",19392800
27800,350,2000,"bu","14:10:29",19392300
27800,350,100,"bu","14:10:29",19390300
27800,350,200,"bu","14:10:29",19390200
27800,350,10700,"bu","14:10:29",19390000
27800,350,1000,"bu","14:10:29",19379300
27800,350,100,"bu","14:10:29",19378300
27800,350,1000,"bu","14:10:29",19378200
27800,350,1000,"bu","14:10:29",19377200
27800,350,500,"bu","14:10:29",19376200
27800,350,100,"bu","14:10:29",19375700
27800,350,10000,"bu","14:10:29",19375600
27800,350,400,"bu","14:10:29",19365600
27800,350,300,"bu","14:10:29",19365200
27800,350,1100,"bu","14:10:29",19364900
27800,350,500,"bu","14:10:29",19363800
27800,350,1100,"bu","14:10:29",19363300
27800,350,500,"bu","14:10:29",19362200
27800,350,800,"bu","14:10:29",19361700
27800,350,200,"bu","14:10:29",19360900
27800,350,200,"bu","14:10:29",19360700
27800,350,100,"bu","14:10:29",19360500
27800,350,100,"bu","14:10:29",19360400
27800,350,500,"bu","14:10:29",19360300
27800,350,100,"bu","14:10:29",19359800
27800,350,1700,"bu","14:10:29",19359700
27800,350,1000,"bu","14:10:29",19358000
27800,350,1000,"bu","14:10:29",19357000
27800,350,2000,"bu","14:10:29",19356000
27800,350,10000,"bu","14:10:29",19354000
27800,350,300,"bu","14:10:29",19344000
27800,350,100,"bu","14:10:29",19343700
27800,350,100,"bu","14:10:29",19343600
27800,350,2700,"bu","14:10:29",19343500
27800,350,1000,"bu","14:10:29",19340800
27800,350,300,"bu","14:10:29",19339800
27800,350,5000,"bu","14:10:29",19339500
27800,350,100,"bu","14:10:29",19334500
27800,350,200,"bu","14:10:29",19334400
27800,350,100,"bu","14:10:29",19334200
27800,350,300,"bu","14:10:29",19334100
27800,350,1000,"bu","14:10:29",19333800
27800,350,100,"bu","14:10:29",19332800
27800,350,200,"bu","14:10:29",19332700
27800,350,100,"bu","14:10:29",19332500
27800,350,100,"bu","14:10:29",19332400
27800,350,500,"bu","14:10:29",19332300
27800,350,1000,"bu","14:10:29",19331800
27800,350,100,"bu","14:10:29",19330800
27800,350,300,"bu","14:10:29",19330700
27800,350,100,"bu","14:10:29",19330400
27800,350,1100,"bu","14:10:29",19330300
27800,350,3000,"bu","14:10:29",19329200
27800,350,500,"bu","14:10:29",19326200
27800,350,300,"bu","14:10:29",19325700
27800,350,1000,"bu","14:10:29",19325400
27800,350,300,"bu","14:10:29",19324400
27800,350,3000,"bu","14:10:29",19324100
27800,350,200,"bu","14:10:29",19321100
27800,350,1000,"bu","14:10:29",19320900
27800,350,100,"bu","14:10:29",19319900
27800,350,300,"bu","14:10:29",19319800
27800,350,1000,"bu","14:10:29",19319500
27800,350,100,"bu","14:10:29",19318500
27800,350,200,"bu","14:10:29",19318400
27800,350,3000,"bu","14:10:29",19318200
27800,350,100,"bu","14:10:29",19315200
27800,350,2000,"bu","14:10:29",19315100
27800,350,500,"bu","14:10:29",19313100
27800,350,100,"bu","14:10:29",19312600
27800,350,1200,"bu","14:10:29",19312500
27800,350,100,"bu","14:10:29",19311300
27800,350,100,"bu","14:10:29",19311200
27800,350,200,"bu","14:10:29",19311100
27800,350,1000,"bu","14:10:29",19310900
27800,350,1400,"bu","14:10:29",19309900
27800,350,1000,"bu","14:10:29",19308500
27800,350,100,"bu","14:10:29",19307500
27800,350,100,"bu","14:10:29",19307400
27800,350,100,"bu","14:10:29",19307300
27800,350,100,"bu","14:10:29",19307200
27800,350,100,"bu","14:10:29",19307100
27800,350,500,"bu","14:10:29",19307000
27800,350,100,"bu","14:10:29",19306500
27800,350,9500,"bu","14:10:29",19306400
27800,350,500,"bu","14:10:29",19296900
27800,350,1000,"bu","14:10:29",19296400
27800,350,200,"bu","14:10:29",19295400
27800,350,10000,"bu","14:10:29",19295200
27800,350,300,"bu","14:10:29",19285200
27800,350,500,"bu","14:10:29",19284900
27800,350,1000,"bu","14:10:29",19284400
27800,350,4000,"bu","14:10:29",19283400
27800,350,1000,"bu","14:10:29",19279400
27800,350,1000,"bu","14:10:29",19278400
27800,350,5000,"bu","14:10:29",19277400
27800,350,500,"bu","14:10:29",19272400
27800,350,500,"bu","14:10:29",19271900
27800,350,600,"bu","14:10:29",19271400
27800,350,100,"bu","14:10:29",19270800
27800,350,900,"bu","14:10:29",19270700
27800,350,2300,"bu","14:10:29",19269800
27800,350,100,"bu","14:10:29",19267500
27800,350,500,"bu","14:10:29",19267400
27800,350,9000,"bu","14:10:29",19266900
27800,350,100,"bu","14:10:29",19257900
27800,350,100,"bu","14:10:29",19257800
27800,350,100,"bu","14:10:29",19257700
27800,350,1000,"bu","14:10:29",19257600
27800,350,3000,"bu","14:10:29",19256600
27800,350,100,"bu","14:10:29",19253600
27800,350,500,"bu","14:10:29",19253500
27800,350,10000,"bu","14:10:29",19253000
27800,350,100,"bu","14:10:29",19243000
27800,350,5000,"bu","14:10:29",19242900
27800,350,5000,"bu","14:10:29",19237900
27800,350,2500,"bu","14:10:29",19232900
27800,350,2000,"bu","14:10:29",19230400
27800,350,5000,"bu","14:10:29",19228400
27800,350,1000,"bu","14:10:29",19223400
27800,350,3000,"bu","14:10:29",19222400
27800,350,1500,"bu","14:10:29",19219400
27800,350,700,"bu","14:10:29",19217900
27800,350,6300,"bu","14:10:29",19217200
27800,350,2500,"bu","14:10:27",19210900
27800,350,2500,"bu","14:10:27",19208400
27800,350,2500,"bu","14:10:25",19205900
27800,350,2500,"bu","14:10:22",19203400
27800,350,3000,"bu","14:10:22",19200900
27800,350,400,"bu","14:10:22",19197900
27800,350,10000,"bu","14:10:22",19197500
27800,350,5000,"bu","14:10:22",19187500
27800,350,300,"bu","14:10:22",19182500
27800,350,5000,"bu","14:10:22",19182200
27800,350,100,"bu","14:10:22",19177200
27800,350,2000,"bu","14:10:22",19177100
27800,350,500,"bu","14:10:22",19175100
27800,350,2000,"bu","14:10:22",19174600
27800,350,100,"bu","14:10:22",19172600
27800,350,100,"bu","14:10:22",19172500
27800,350,100,"bu","14:10:22",19172400
27800,350,2000,"bu","14:10:22",19172300
27800,350,100,"bu","14:10:22",19170300
27800,350,300,"bu","14:10:22",19170200
27800,350,1000,"bu","14:10:22",19169900
27800,350,1000,"bu","14:10:22",19168900
27800,350,500,"bu","14:10:22",19167900
27800,350,200,"bu","14:10:22",19167400
27800,350,1000,"bu","14:10:22",19167200
27800,350,100,"bu","14:10:22",19166200
27800,350,100,"bu","14:10:22",19166100
27800,350,1000,"bu","14:10:22",19166000
27800,350,100,"bu","14:10:22",19165000
27800,350,500,"bu","14:10:22",19164900
27800,350,100,"bu","14:10:22",19164400
27800,350,1500,"bu","14:10:22",19164300
27800,350,100,"bu","14:10:22",19162800
27800,350,11800,"bu","14:10:22",19162700
27800,350,500,"bu","14:10:21",19150900
27800,350,20000,"bu","14:10:20",19150400
27800,350,8600,"bu","14:10:20",19130400
27800,350,300,"bu","14:10:20",19121800
27800,350,200,"bu","14:10:19",19121500
27800,350,2500,"bu","14:10:19",19121300
27800,350,3000,"bu","14:10:19",19118800
27800,350,100,"bu","14:10:18",19115800
27750,300,600,"sd","14:10:17",19115700
27800,350,2500,"bu","14:10:17",19115100
27750,300,1000,"sd","14:10:17",19112600
27750,300,700,"sd","14:10:17",19111600
27750,300,300,"sd","14:10:17",19110900
27750,300,500,"sd","14:10:15",19110600
27800,350,500,"bu","14:10:14",19110100
27800,350,2500,"bu","14:10:14",19109600
27800,350,2500,"bu","14:10:14",19107100
27750,300,1000,"sd","14:10:12",19104600
27800,350,2500,"bu","14:10:11",19103600
27750,300,500,"sd","14:10:10",19101100
27800,350,200,"bu","14:10:09",19100600
27800,350,2300,"bu","14:10:09",19100400
27800,350,200,"bu","14:10:09",19098100
27800,350,2300,"bu","14:10:09",19097900
27800,350,200,"bu","14:10:09",19095600
27800,350,200,"bu","14:10:08",19095400
27800,350,600,"bu","14:10:06",19095200
27800,350,1000,"bu","14:10:06",19094600
27800,350,500,"bu","14:10:06",19093600
27800,350,400,"bu","14:10:06",19093100
27800,350,600,"bu","14:10:03",19092700
27800,350,200,"bu","14:10:03",19092100
27800,350,300,"bu","14:10:03",19091900
27800,350,100,"bu","14:10:03",19091600
27800,350,500,"bu","14:10:03",19091500
27800,350,800,"bu","14:10:03",19091000
27800,350,2500,"bu","14:10:01",19090200
27800,350,6700,"bu","14:10:00",19087700
27800,350,200,"bu","14:10:00",19081000
27800,350,4300,"bu","14:10:00",19080800
27750,300,700,"sd","14:09:59",19076500
27750,300,100,"sd","14:09:59",19075800
27750,300,1200,"sd","14:09:59",19075700
27800,350,2500,"bu","14:09:58",19074500
27800,350,200,"bu","14:09:57",19072000
27800,350,500,"bu","14:09:55",19071800
27750,300,100,"sd","14:09:55",19071300
27750,300,100,"sd","14:09:55",19071200
27800,350,2500,"bu","14:09:55",19071100
27750,300,100,"sd","14:09:54",19068600
27750,300,4000,"bu","14:09:53",19068500
27750,300,8100,"bu","14:09:53",19064500
27750,300,15700,"bu","14:09:53",19056400
27750,300,2500,"bu","14:09:53",19040700
27750,300,200,"bu","14:09:53",19038200
27750,300,2500,"bu","14:09:51",19038000
27750,300,1000,"bu","14:09:50",19035500
27750,300,100,"bu","14:09:50",19034500
27750,300,500,"bu","14:09:50",19034400
27750,300,200,"bu","14:09:50",19033900
27750,300,500,"bu","14:09:50",19033700
27750,300,600,"bu","14:09:50",19033200
27750,300,600,"bu","14:09:50",19032600
27750,300,5400,"bu","14:09:49",19032000
27750,300,300,"bu","14:09:49",19026600
27750,300,300,"bu","14:09:49",19026300
27750,300,500,"bu","14:09:49",19026000
27750,300,3500,"bu","14:09:49",19025500
27750,300,2500,"bu","14:09:47",19022000
27750,300,400,"bu","14:09:46",19019500
27750,300,6000,"bu","14:09:46",19019100
27750,300,1000,"bu","14:09:46",19013100
27750,300,1000,"bu","14:09:46",19012100
27750,300,2500,"bu","14:09:45",19011100
27750,300,200,"bu","14:09:44",19008600
27750,300,500,"bu","14:09:43",19008400
27750,300,100,"bu","14:09:43",19007900
27750,300,300,"bu","14:09:42",19007800
27750,300,2500,"bu","14:09:42",19007500
27700,250,500,"sd","14:09:41",19005000
27750,300,11200,"bu","14:09:41",19004500
27750,300,200,"bu","14:09:40",18993300
27750,300,100,"bu","14:09:40",18993100
27750,300,300,"bu","14:09:40",18993000
27750,300,2500,"bu","14:09:39",18992700
27750,300,700,"bu","14:09:38",18990200
27750,300,500,"bu","14:09:37",18989500
27750,300,1000,"bu","14:09:37",18989000
27750,300,2500,"bu","14:09:37",18988000
27750,300,200,"bu","14:09:37",18985500
27750,300,300,"bu","14:09:36",18985300
27750,300,200,"bu","14:09:35",18985000
27750,300,200,"bu","14:09:35",18984800
27750,300,1000,"bu","14:09:34",18984600
27750,300,2500,"bu","14:09:34",18983600
27750,300,2500,"bu","14:09:34",18981100
27750,300,200,"bu","14:09:34",18978600
27750,300,1000,"bu","14:09:31",18978400
27750,300,2500,"bu","14:09:31",18977400
27750,300,100,"bu","14:09:30",18974900
27750,300,2500,"bu","14:09:29",18974800
27750,300,1000,"bu","14:09:29",18972300
27750,300,10000,"bu","14:09:28",18971300
27750,300,2000,"bu","14:09:28",18961300
27750,300,2500,"bu","14:09:26",18959300
27750,300,1700,"bu","14:09:25",18956800
27750,300,100,"bu","14:09:25",18955100
27750,300,1000,"bu","14:09:25",18955000
27750,300,600,"bu","14:09:25",18954000
27750,300,100,"bu","14:09:25",18953400
27750,300,500,"bu","14:09:25",18953300
27750,300,300,"bu","14:09:25",18952800
27750,300,200,"bu","14:09:25",18952500
27750,300,600,"bu","14:09:25",18952300
27750,300,400,"bu","14:09:25",18951700
27750,300,3700,"bu","14:09:25",18951300
27750,300,200,"bu","14:09:25",18947600
27750,300,200,"bu","14:09:25",18947400
27750,300,300,"bu","14:09:25",18947200
27750,300,5000,"bu","14:09:25",18946900
27750,300,200,"bu","14:09:25",18941900
27750,300,300,"bu","14:09:24",18941700
27750,300,100,"bu","14:09:23",18941400
27750,300,200,"bu","14:09:23",18941300
27750,300,100,"bu","14:09:23",18941100
27750,300,100,"bu","14:09:23",18941000
27750,300,100,"bu","14:09:23",18940900
27750,300,500,"bu","14:09:23",18940800
27750,300,1400,"bu","14:09:23",18940300
27750,300,11200,"bu","14:09:23",18938900
27750,300,200,"bu","14:09:22",18927700
27700,250,2000,"sd","14:09:22",18927500
27750,300,2500,"bu","14:09:21",18925500
27750,300,5000,"bu","14:09:20",18923000
27750,300,2900,"bu","14:09:19",18918000
27750,300,1000,"bu","14:09:18",18915100
27750,300,2500,"bu","14:09:18",18914100
27750,300,300,"bu","14:09:18",18911600
27750,300,500,"bu","14:09:18",18911300
27750,300,900,"bu","14:09:18",18910800
27750,300,10000,"bu","14:09:17",18909900
27750,300,300,"bu","14:09:17",18899900
27750,300,2500,"bu","14:09:16",18899600
27750,300,48800,"bu","14:09:15",18897100
27750,300,10000,"bu","14:09:15",18848300
27750,300,500,"bu","14:09:15",18838300
27750,300,100,"bu","14:09:15",18837800
27750,300,300,"bu","14:09:15",18837700
27750,300,100,"bu","14:09:15",18837400
27750,300,2000,"bu","14:09:15",18837300
27750,300,2000,"bu","14:09:15",18835300
27750,300,600,"bu","14:09:15",18833300
27750,300,1000,"bu","14:09:15",18832700
27750,300,200,"bu","14:09:15",18831700
27750,300,500,"bu","14:09:15",18831500
27750,300,100,"bu","14:09:15",18831000
27750,300,100,"bu","14:09:15",18830900
27750,300,100,"bu","14:09:15",18830800
27750,300,100,"bu","14:09:15",18830700
