"price","change","match_qtty","side","time","total_vol"
6000,200,15600,"bu","14:45:01",1119300
6000,200,10000,"bu","14:29:22",1103700
6000,200,1000,"bu","14:29:08",1093700
6000,200,300,"bu","14:28:57",1092700
5900,100,500,"sd","14:28:51",1092400
6000,200,1000,"bu","14:28:44",1091900
5900,100,3400,"sd","14:28:42",1090900
6000,200,1000,"bu","14:28:40",1087500
6000,200,1300,"bu","14:28:11",1086500
5900,100,2300,"sd","14:25:13",1085200
6000,200,5000,"bu","14:24:58",1082900
6000,200,5000,"bu","14:23:18",1077900
6000,200,2500,"bu","14:21:42",1072900
6000,200,8500,"bu","14:21:39",1070400
6000,200,20000,"bu","14:20:15",1061900
5900,100,3500,"sd","14:20:10",1041900
6000,200,20000,"bu","14:18:23",1038400
6000,200,1000,"bu","14:17:35",1018400
5900,100,8000,"sd","14:15:34",1017400
6000,200,200,"bu","14:15:07",1009400
6000,200,500,"bu","14:14:01",1009200
6000,200,2000,"bu","14:08:11",1008700
6000,200,1000,"bu","14:08:01",1006700
5900,100,3200,"sd","14:07:51",1005700
6000,200,3100,"bu","14:07:20",1002500
6000,200,3000,"bu","14:05:13",999400
6000,200,1600,"bu","14:02:34",996400
6000,200,1000,"bu","14:01:55",994800
6000,200,400,"bu","13:59:39",993800
6000,200,400,"bu","13:58:20",993400
6000,200,1400,"bu","13:57:19",993000
5900,100,20000,"sd","13:56:22",991600
6000,200,200,"bu","13:54:39",971600
6000,200,3000,"bu","13:53:47",971400
6000,200,4000,"bu","13:51:48",968400
5900,100,3100,"sd","13:51:44",964400
5900,100,2900,"sd","13:47:02",961300
5900,100,17500,"sd","13:46:32",958400
5900,100,3100,"sd","13:45:40",940900
6000,200,5000,"bu","13:45:39",937800
6000,200,6000,"bu","13:43:59",932800
6000,200,2000,"bu","13:42:56",926800
6000,200,1000,"bu","13:42:35",924800
6000,200,2000,"bu","13:38:00",923800
6000,200,1000,"bu","13:35:56",921800
6000,200,5000,"bu","13:34:59",920800
6000,200,1000,"bu","13:33:26",915800
6000,200,2000,"bu","13:33:04",914800
6000,200,100,"bu","13:32:37",912800
6000,200,100,"bu","13:32:20",912700
6000,200,1000,"bu","13:30:27",912600
6000,200,1000,"bu","13:28:43",911600
6000,200,200,"bu","13:28:32",910600
6000,200,1100,"bu","13:28:27",910400
6000,200,400,"bu","13:27:58",909300
5900,100,500,"sd","13:27:54",908900
5900,100,400,"sd","13:27:33",908400
5900,100,1400,"sd","13:25:13",908000
6000,200,800,"bu","13:24:14",906600
6000,200,200,"bu","13:23:43",905800
6000,200,10500,"bu","13:23:17",905600
6000,200,2000,"sd","13:22:38",895100
6000,200,5000,"sd","13:22:31",893100
6000,200,9000,"sd","13:22:10",888100
6000,200,2000,"sd","13:22:04",879100
6000,200,3000,"sd","13:22:03",877100
6000,200,8300,"sd","13:21:49",874100
6000,200,5000,"sd","13:21:41",865800
6000,200,5000,"sd","13:21:05",860800
6000,200,5000,"sd","13:20:20",855800
6000,200,10000,"sd","13:19:13",850800
6000,200,10000,"sd","13:19:05",840800
6100,300,200,"bu","13:16:34",830800
6000,200,1000,"sd","13:16:01",830600
6000,200,3500,"sd","13:14:18",829600
6000,200,1000,"sd","13:13:26",826100
6000,200,100,"sd","13:12:45",825100
6000,200,4000,"sd","13:12:43",825000
6000,200,4000,"sd","13:12:39",821000
6000,200,1000,"sd","13:12:01",817000
6000,200,1000,"sd","13:11:50",816000
6000,200,2000,"sd","13:10:54",815000
6000,200,2000,"sd","13:10:29",813000
6000,200,11700,"sd","13:10:12",811000
6000,200,5000,"sd","13:09:58",799300
6000,200,3000,"sd","13:09:17",794300
6000,200,500,"sd","13:08:34",791300
6000,200,500,"sd","13:06:24",790800
6000,200,100,"sd","13:06:08",790300
6000,200,6200,"sd","13:05:29",790200
6000,200,1700,"sd","13:05:09",784000
6000,200,5000,"sd","13:04:19",782300
6100,300,200,"bu","13:03:37",777300
6000,200,100,"sd","13:03:19",777100
6100,300,9000,"bu","13:03:14",777000
6000,200,500,"sd","13:02:05",768000
6000,200,300,"sd","13:00:06",767500
6000,200,7200,"sd","13:00:03",767200
6100,300,500,"bu","11:29:13",760000
6000,200,4500,"sd","11:28:47",759500
6000,200,300,"sd","11:28:31",755000
6000,200,1000,"sd","11:26:51",754700
6000,200,2000,"sd","11:24:50",753700
6000,200,100,"sd","11:24:12",751700
6000,200,2000,"sd","11:23:50",751600
6000,200,5000,"sd","11:21:58",749600
6000,200,3000,"sd","11:21:29",744600
6000,200,2500,"sd","11:21:15",741600
6000,200,1000,"sd","11:21:14",739100
6000,200,2000,"sd","11:15:05",738100
6000,200,30000,"sd","11:12:39",736100
6000,200,100,"sd","11:10:48",706100
6000,200,2400,"sd","11:10:41",706000
6000,200,1000,"sd","11:09:48",703600
6000,200,1000,"sd","11:05:58",702600
6000,200,1700,"sd","11:05:12",701600
6000,200,200,"sd","11:04:27",699900
6100,300,100,"bu","11:00:29",699700
6100,300,100,"bu","10:55:40",699600
6100,300,300,"bu","10:51:58",699500
6000,200,4500,"sd","10:47:54",699200
6100,300,2500,"bu","10:46:56",694700
6100,300,1300,"bu","10:46:41",692200
6100,300,2900,"bu","10:46:02",690900
6100,300,1300,"bu","10:45:41",688000
6100,300,500,"bu","10:45:26",686700
6000,200,5000,"sd","10:44:19",686200
6100,300,200,"bu","10:43:16",681200
6100,300,5200,"bu","10:42:54",681000
6100,300,1000,"bu","10:42:21",675800
6100,300,100,"bu","10:42:18",674800
6000,200,1000,"sd","10:41:10",674700
6100,300,500,"bu","10:41:07",673700
6000,200,1000,"sd","10:40:44",673200
6100,300,10000,"bu","10:40:42",672200
6100,300,1000,"bu","10:40:28",662200
6100,300,200,"bu","10:38:17",661200
6100,300,200,"bu","10:38:04",661000
6100,300,500,"bu","10:36:59",660800
6100,300,1000,"bu","10:36:34",660300
6100,300,5000,"bu","10:36:20",659300
6100,300,5900,"bu","10:35:50",654300
6100,300,600,"bu","10:35:49",648400
6100,300,20000,"bu","10:35:27",647800
6000,200,2600,"sd","10:34:35",627800
6000,200,6300,"bu","10:33:45",625200
6000,200,5000,"bu","10:33:44",618900
6000,200,600,"bu","10:33:02",613900
5900,100,20000,"sd","10:32:57",613300
6000,200,1200,"bu","10:32:56",593300
6000,200,5000,"bu","10:32:49",592100
6000,200,10000,"bu","10:32:35",587100
6000,200,3000,"bu","10:31:47",577100
6000,200,200,"bu","10:31:02",574100
6000,200,1000,"bu","10:30:36",573900
6000,200,200,"bu","10:30:30",572900
6000,200,100,"bu","10:29:38",572700
6000,200,3000,"bu","10:29:19",572600
6000,200,2300,"bu","10:29:14",569600
6000,200,3000,"bu","10:28:54",567300
6000,200,1000,"bu","10:28:43",564300
6000,200,800,"sd","10:28:12",563300
6000,200,100,"sd","10:27:47",562500
6000,200,4000,"sd","10:27:39",562400
6000,200,28000,"sd","10:27:34",558400
6000,200,2800,"sd","10:27:31",530400
6000,200,5000,"sd","10:27:22",527600
6000,200,3000,"sd","10:27:07",522600
6000,200,700,"sd","10:26:53",519600
6100,300,100,"bu","10:26:29",518900
6000,200,1000,"sd","10:25:52",518800
6000,200,1000,"sd","10:25:47",517800
6000,200,2000,"sd","10:25:44",516800
6000,200,5000,"sd","10:25:41",514800
6000,200,31100,"sd","10:25:26",509800
6000,200,5000,"sd","10:25:05",478700
6000,200,2600,"sd","10:24:41",473700
6100,300,100,"bu","10:24:07",471100
6100,300,100,"bu","10:23:54",471000
6000,200,100,"sd","10:23:13",470900
6000,200,1000,"sd","10:22:57",470800
6000,200,600,"sd","10:22:25",469800
6000,200,1000,"sd","10:21:13",469200
6000,200,2200,"sd","10:21:03",468200
6000,200,200,"sd","10:20:53",466000
6000,200,200,"sd","10:20:27",465800
6000,200,2000,"sd","10:20:25",465600
6000,200,5000,"sd","10:20:05",463600
6100,300,100,"bu","10:19:35",458600
6000,200,500,"sd","10:19:34",458500
6000,200,100,"sd","10:19:32",458000
6000,200,100,"sd","10:18:26",457900
6100,300,500,"bu","10:17:13",457800
6100,300,900,"bu","10:14:01",457300
6000,200,3000,"sd","10:13:09",456400
6100,300,2000,"bu","10:11:03",453400
6000,200,1700,"sd","10:09:25",451400
6000,200,200,"sd","10:07:05",449700
6100,300,1000,"bu","10:06:47",449500
6100,300,1000,"bu","10:06:09",448500
6100,300,10000,"bu","10:05:15",447500
6100,300,500,"bu","10:04:58",437500
6000,200,400,"sd","10:04:03",437000
6100,300,1200,"bu","10:03:44",436600
6000,200,3200,"sd","10:03:43",435400
6100,300,3000,"bu","10:03:31",432200
6100,300,100,"bu","10:03:27",429200
6100,300,200,"bu","10:03:19",429100
6100,300,22700,"bu","10:03:17",428900
6100,300,1000,"bu","10:03:07",406200
6100,300,300,"bu","10:02:44",405200
6100,300,600,"bu","10:02:30",404900
6100,300,1000,"bu","10:02:25",404300
6100,300,5000,"bu","10:01:37",403300
6100,300,300,"bu","10:01:25",398300
6100,300,8000,"bu","10:01:13",398000
6000,200,6800,"sd","10:00:49",390000
6000,200,6600,"bu","10:00:47",383200
6000,200,21500,"bu","10:00:43",376600
6000,200,10000,"bu","10:00:42",355100
6000,200,2400,"bu","10:00:40",345100
6000,200,25000,"bu","10:00:39",342700
6000,200,1500,"bu","10:00:38",317700
6000,200,15000,"bu","10:00:37",316200
6000,200,1000,"bu","10:00:34",301200
6000,200,5000,"bu","10:00:33",300200
6000,200,4000,"bu","10:00:30",295200
6000,200,2000,"bu","10:00:28",291200
6000,200,10000,"bu","10:00:24",289200
6000,200,3200,"bu","10:00:23",279200
6000,200,5000,"bu","10:00:18",276000
6000,200,5000,"bu","10:00:11",271000
6000,200,5000,"bu","10:00:05",266000
6000,200,300,"bu","10:00:01",261000
6000,200,2200,"bu","10:00:00",260700
6000,200,2000,"bu","09:59:36",258500
6000,200,9800,"bu","09:59:26",256500
5900,100,3300,"sd","09:58:13",246700
5900,100,7500,"sd","09:57:36",243400
5900,100,3000,"bu","09:57:35",235900
5900,100,10000,"bu","09:57:34",232900
5900,100,1000,"bu","09:57:32",222900
5900,100,10000,"bu","09:57:31",221900
5900,100,5000,"bu","09:57:28",211900
5900,100,20000,"bu","09:57:14",206900
5900,100,10000,"bu","09:57:01",186900
5900,100,16500,"bu","09:56:59",176900
5900,100,8800,"bu","09:56:55",160400
5900,100,600,"bu","09:56:47",151600
5900,100,25000,"bu","09:56:39",151000
5900,100,3000,"bu","09:56:22",126000
5900,100,1000,"bu","09:56:21",123000
5900,100,5000,"bu","09:56:13",122000
5900,100,29200,"bu","09:55:16",117000
5900,100,900,"bu","09:52:45",87800
5800,0,2200,"sd","09:52:30",86900
5800,0,100,"sd","09:52:16",84700
5800,0,2700,"sd","09:50:42",84600
5800,0,100,"sd","09:50:18",81900
5800,0,2000,"sd","09:48:27",81800
5800,0,300,"sd","09:46:41",79800
5800,0,1600,"sd","09:45:30",79500
5800,0,2100,"sd","09:43:56",77900
5900,100,1000,"bu","09:42:01",75800
5900,100,5000,"bu","09:40:25",74800
5800,0,2400,"sd","09:40:09",69800
5900,100,1000,"bu","09:38:27",67400
5900,100,4200,"bu","09:37:18",66400
5800,0,2000,"sd","09:35:23",62200
5800,0,200,"sd","09:33:41",60200
5800,0,1100,"sd","09:32:52",60000
5800,0,300,"sd","09:32:21",58900
5800,0,100,"sd","09:32:13",58600
5800,0,200,"sd","09:31:46",58500
5800,0,100,"sd","09:31:24",58300
5800,0,2500,"sd","09:30:35",58200
5800,0,800,"sd","09:28:55",55700
5800,0,1000,"sd","09:27:49",54900
5900,100,10000,"bu","09:25:43",53900
5900,100,200,"bu","09:25:13",43900
5900,100,400,"bu","09:21:55",43700
5900,100,100,"bu","09:20:37",43300
5900,100,300,"bu","09:16:48",43200
5800,0,18000,"sd","09:16:10",42900
5900,100,100,"bu","09:14:05",24900
5800,0,2600,"sd","09:11:55",24800
5900,100,800,"bu","09:10:50",22200
5900,100,1000,"bu","09:09:40",21400
5900,100,200,"bu","09:09:32",20400
5900,100,4500,"bu","09:09:10",20200
5900,100,500,"bu","09:09:08",15700
5900,100,5000,"bu","09:07:36",15200
5800,0,500,"bu","09:04:43",10200
5800,0,2400,"bu","09:04:31",9700
5800,0,1000,"bu","09:04:01",7300
5800,0,100,"bu","09:03:23",6300
5800,0,100,"bu","09:03:03",6200
5800,0,1900,"bu","09:00:14",6100
5800,0,3000,"bu","09:00:13",4200
5800,0,1000,"bu","09:00:05",1200
5800,0,200,"bu","09:00:03",200
