"price","change","match_qtty","side","time","total_vol"
115400,200,100,"unknown","14:53:44",36100
115400,200,200,"unknown","14:52:00",36000
115400,200,400,"unknown","14:50:37",35800
115400,200,600,"sd","14:49:41",35400
115300,100,200,"unknown","14:38:05",34800
115300,100,100,"bu","14:37:51",34600
115300,100,400,"bu","14:37:31",34500
115200,0,500,"unknown","14:20:43",34100
115100,-100,400,"unknown","14:18:35",33600
115000,-200,500,"sd","14:14:47",33200
114800,-400,500,"unknown","14:12:20",32700
114800,-400,2500,"bu","14:11:56",32200
115000,-200,100,"unknown","14:09:22",29700
115000,-200,100,"bu","14:08:59",29600
115000,-200,500,"sd","14:07:00",29500
115000,-200,100,"sd","14:06:29",29000
115100,-100,100,"bu","14:06:28",28900
115000,-200,400,"bu","14:05:03",28800
115000,-200,100,"bu","14:03:46",28400
115000,-200,600,"unknown","13:59:28",28300
114800,-400,100,"sd","13:44:42",27700
115000,-200,500,"sd","13:40:18",27600
115000,-200,1000,"sd","13:33:22",27100
115000,-200,700,"bu","13:24:25",26100
115000,-200,300,"sd","13:22:44",25400
115000,-200,500,"sd","13:15:08",25100
115000,-200,400,"sd","13:09:43",24600
115000,-200,100,"bu","13:04:13",24200
115000,-200,400,"bu","13:03:26",24100
115200,0,400,"unknown","11:29:08",23700
115000,-200,700,"sd","11:25:14",23300
114800,-400,300,"sd","11:17:58",22600
114800,-400,300,"sd","11:17:35",22300
115000,-200,1000,"unknown","11:14:32",22000
115000,-200,300,"bu","11:08:53",21000
115300,100,1000,"bu","11:03:56",20700
115200,0,500,"bu","11:03:36",19700
114800,-400,300,"sd","11:01:50",19200
114800,-400,300,"sd","11:00:02",18900
115200,0,500,"unknown","10:53:16",18600
115200,0,500,"sd","10:53:05",18100
115300,100,200,"bu","10:43:55",17600
115000,-200,1000,"sd","10:43:02",17400
115000,-200,100,"sd","10:42:21",16400
115200,0,900,"sd","10:41:07",16300
115400,200,1000,"bu","10:40:34",15400
115200,0,100,"sd","10:40:32",14400
115200,0,1000,"bu","10:38:46",14300
115200,0,300,"bu","10:36:02",13300
114600,-600,1000,"sd","10:30:55",13000
114600,-600,1300,"sd","10:25:07",12000
114600,-600,500,"sd","10:22:40",10700
114600,-600,400,"bu","10:08:24",10200
114600,-600,800,"bu","10:08:04",9800
114700,-500,100,"unknown","09:59:33",9000
114500,-700,2000,"sd","09:57:09",8900
115000,-200,1200,"unknown","09:53:04",6900
115000,-200,500,"sd","09:49:42",5700
115000,-200,300,"bu","09:48:17",5200
115000,-200,200,"sd","09:47:37",4900
115000,-200,500,"sd","09:47:01",4700
115000,-200,200,"sd","09:46:48",4200
115000,-200,1100,"bu","09:46:28",4000
114600,-600,300,"sd","09:46:20",2900
114600,-600,100,"bu","09:39:04",2600
114500,-700,100,"sd","09:38:49",2500
114600,-600,1100,"unknown","09:38:04",2400
114500,-700,1000,"sd","09:35:02",1300
115200,0,300,"unknown","09:19:04",300
