"price","change","match_qtty","side","time","total_vol"
10800,100,325400,"unknown","14:45:00",9394000
10800,100,1700,"bu","14:29:58",9068600
10800,100,300,"bu","14:29:58",9066900
10800,100,1000,"bu","14:29:57",9066600
10800,100,900,"bu","14:29:55",9065600
10800,100,2100,"bu","14:29:55",9064700
10800,100,900,"bu","14:29:51",9062600
10800,100,3000,"bu","14:29:51",9061700
10800,100,1100,"bu","14:29:51",9058700
10800,100,1900,"bu","14:29:48",9057600
10800,100,1100,"bu","14:29:48",9055700
10800,100,3000,"bu","14:29:48",9054600
10800,100,2000,"bu","14:29:48",9051600
10800,100,500,"bu","14:29:45",9049600
10800,100,3000,"bu","14:29:44",9049100
10800,100,400,"bu","14:29:37",9046100
10800,100,4300,"bu","14:29:37",9045700
10800,100,5000,"bu","14:29:36",9041400
10750,50,1000,"sd","14:29:35",9036400
10800,100,700,"bu","14:29:32",9035400
10800,100,100,"bu","14:29:32",9034700
10800,100,1000,"bu","14:29:32",9034600
10800,100,200,"bu","14:29:32",9033600
10800,100,100,"bu","14:29:31",9033400
10800,100,500,"bu","14:29:31",9033300
10800,100,6000,"bu","14:29:31",9032800
10800,100,300,"bu","14:29:31",9026800
10800,100,100,"bu","14:29:31",9026500
10800,100,3000,"bu","14:29:31",9026400
10750,50,100,"sd","14:29:28",9023400
10800,100,42300,"bu","14:29:28",9023300
10800,100,4000,"bu","14:29:27",8981000
10800,100,700,"bu","14:29:24",8977000
10800,100,1300,"bu","14:29:24",8976300
10800,100,400,"bu","14:29:20",8975000
10800,100,200,"bu","14:29:19",8974600
10800,100,3100,"bu","14:29:18",8974400
10800,100,5000,"bu","14:29:18",8971300
10800,100,900,"bu","14:29:18",8966300
10800,100,1000,"bu","14:29:17",8965400
10800,100,2500,"bu","14:29:17",8964400
10800,100,600,"bu","14:29:17",8961900
10800,100,2400,"bu","14:29:17",8961300
10750,50,4000,"sd","14:29:16",8958900
10800,100,400,"bu","14:29:15",8954900
10800,100,2200,"bu","14:29:09",8954500
10800,100,4800,"bu","14:29:09",8952300
10800,100,200,"bu","14:29:09",8947500
10800,100,800,"bu","14:29:09",8947300
10800,100,1000,"bu","14:29:08",8946500
10800,100,3200,"bu","14:29:07",8945500
10800,100,6900,"bu","14:29:07",8942300
10800,100,100,"bu","14:29:06",8935400
10800,100,1200,"bu","14:29:04",8935300
10800,100,1000,"bu","14:29:01",8934100
10800,100,300,"bu","14:28:59",8933100
10800,100,5100,"bu","14:28:53",8932800
10800,100,3000,"bu","14:28:53",8927700
10800,100,200,"bu","14:28:52",8924700
10800,100,200,"bu","14:28:50",8924500
10800,100,2300,"bu","14:28:45",8924300
10800,100,2000,"bu","14:28:42",8922000
10800,100,15000,"bu","14:28:30",8920000
10800,100,5000,"bu","14:28:21",8905000
10800,100,38500,"bu","14:28:18",8900000
10800,100,100,"bu","14:28:15",8861500
10750,50,4000,"sd","14:28:14",8861400
10800,100,19100,"bu","14:28:05",8857400
10800,100,100,"bu","14:28:05",8838300
10800,100,5800,"bu","14:28:05",8838200
10800,100,100,"bu","14:28:01",8832400
10800,100,4200,"bu","14:27:57",8832300
10800,100,25800,"bu","14:27:57",8828100
10800,100,200,"bu","14:27:42",8802300
10800,100,3100,"bu","14:27:42",8802100
10800,100,1700,"bu","14:27:42",8799000
10800,100,500,"bu","14:27:34",8797300
10800,100,300,"bu","14:27:34",8796800
10800,100,2200,"bu","14:27:31",8796500
10800,100,1300,"bu","14:27:31",8794300
10800,100,1000,"bu","14:27:31",8793000
10800,100,500,"bu","14:27:31",8792000
10800,100,500,"bu","14:27:31",8791500
10800,100,300,"bu","14:27:31",8791000
10800,100,1000,"bu","14:27:31",8790700
10800,100,8000,"bu","14:27:31",8789700
10800,100,5000,"bu","14:27:29",8781700
10800,100,1500,"bu","14:27:25",8776700
10800,100,3000,"bu","14:27:23",8775200
10800,100,8000,"bu","14:27:20",8772200
10800,100,5000,"bu","14:27:17",8764200
10800,100,500,"bu","14:27:16",8759200
10800,100,500,"bu","14:27:07",8758700
10800,100,18500,"bu","14:27:02",8758200
10800,100,31500,"bu","14:27:02",8739700
10800,100,1000,"bu","14:26:44",8708200
10800,100,1000,"bu","14:26:35",8707200
10800,100,500,"bu","14:26:35",8706200
10800,100,900,"bu","14:26:33",8705700
10800,100,1100,"bu","14:26:24",8704800
10800,100,500,"bu","14:26:21",8703700
10800,100,10000,"bu","14:26:20",8703200
10800,100,2000,"bu","14:26:08",8693200
10800,100,300,"bu","14:26:06",8691200
10800,100,1200,"bu","14:25:41",8690900
10800,100,7000,"bu","14:25:41",8689700
10800,100,2000,"bu","14:25:41",8682700
10800,100,800,"bu","14:25:41",8680700
10800,100,7500,"bu","14:25:41",8679900
10800,100,100,"bu","14:25:41",8672400
10800,100,5000,"bu","14:25:41",8672300
10800,100,400,"bu","14:25:41",8667300
10800,100,2500,"bu","14:25:36",8666900
10750,50,100,"sd","14:25:36",8664400
10800,100,100,"bu","14:25:33",8664300
10800,100,100,"bu","14:25:33",8664200
10800,100,400,"bu","14:25:33",8664100
10800,100,5000,"bu","14:25:33",8663700
10800,100,9000,"bu","14:25:33",8658700
10800,100,600,"bu","14:25:33",8649700
10750,50,15000,"sd","14:25:22",8649100
10750,50,100,"sd","14:25:19",8634100
10800,100,9400,"bu","14:25:17",8634000
10800,100,600,"bu","14:25:17",8624600
10750,50,100,"sd","14:25:01",8624000
10800,100,9000,"bu","14:24:57",8623900
10800,100,500,"bu","14:24:55",8614900
10800,100,300,"bu","14:24:53",8614400
10800,100,1000,"bu","14:24:51",8614100
10800,100,2000,"bu","14:24:47",8613100
10800,100,2400,"bu","14:24:44",8611100
10800,100,800,"bu","14:24:43",8608700
10800,100,4700,"bu","14:24:38",8607900
10800,100,2000,"bu","14:24:35",8603200
10800,100,1000,"bu","14:24:30",8601200
10750,50,100,"sd","14:24:16",8600200
10800,100,200,"bu","14:24:07",8600100
10800,100,4500,"bu","14:24:06",8599900
10800,100,2000,"bu","14:23:51",8595400
10800,100,900,"bu","14:23:45",8593400
10800,100,1000,"bu","14:23:45",8592500
10800,100,1000,"bu","14:23:31",8591500
10800,100,500,"bu","14:23:25",8590500
10800,100,500,"bu","14:23:14",8590000
10800,100,3000,"bu","14:23:06",8589500
10750,50,500,"sd","14:22:43",8586500
10750,50,100,"sd","14:22:33",8586000
10750,50,400,"sd","14:22:20",8585900
10800,100,5900,"bu","14:22:16",8585500
10800,100,3000,"bu","14:22:15",8579600
10800,100,2000,"bu","14:22:10",8576600
10800,100,1200,"bu","14:22:07",8574600
10800,100,10000,"bu","14:22:05",8573400
10750,50,200,"sd","14:22:05",8563400
10800,100,1000,"bu","14:21:53",8563200
10800,100,800,"bu","14:21:48",8562200
10800,100,2000,"bu","14:21:47",8561400
10800,100,300,"bu","14:21:43",8559400
10800,100,100,"bu","14:21:40",8559100
10800,100,100,"bu","14:21:37",8559000
10800,100,500,"bu","14:21:37",8558900
10800,100,100,"bu","14:21:36",8558400
10800,100,3000,"bu","14:21:33",8558300
10800,100,2000,"bu","14:21:16",8555300
10800,100,100,"sd","14:21:16",8553300
10800,100,2000,"sd","14:21:16",8553200
10800,100,13500,"sd","14:21:16",8551200
10800,100,500,"bu","14:21:03",8537700
10800,100,300,"bu","14:21:03",8537200
10800,100,1000,"bu","14:21:03",8536900
10800,100,2900,"bu","14:21:03",8535900
10800,100,1400,"bu","14:21:03",8533000
10800,100,1000,"bu","14:21:03",8531600
10800,100,20000,"bu","14:21:03",8530600
10800,100,1000,"bu","14:21:03",8510600
10800,100,1300,"bu","14:21:03",8509600
10800,100,1000,"bu","14:21:03",8508300
10800,100,53800,"bu","14:21:03",8507300
10800,100,1000,"bu","14:21:03",8453500
10800,100,100,"bu","14:21:03",8452500
10800,100,200,"bu","14:21:03",8452400
10800,100,1000,"bu","14:21:03",8452200
10800,100,1000,"bu","14:21:01",8451200
10800,100,2000,"bu","14:20:56",8450200
10800,100,1000,"bu","14:20:48",8448200
10800,100,800,"bu","14:20:38",8447200
10800,100,2000,"bu","14:20:36",8446400
10800,100,400,"bu","14:20:29",8444400
10800,100,10000,"bu","14:20:28",8444000
10800,100,100,"bu","14:20:24",8434000
10800,100,900,"bu","14:20:12",8433900
10800,100,100,"bu","14:20:06",8433000
10800,100,4000,"bu","14:20:01",8432900
10750,50,100,"sd","14:19:58",8428900
10800,100,2000,"bu","14:19:46",8428800
10800,100,500,"bu","14:19:37",8426800
10800,100,200,"bu","14:19:34",8426300
10800,100,1000,"bu","14:19:31",8426100
10800,100,200,"bu","14:19:26",8425100
10800,100,3000,"bu","14:19:08",8424900
10800,100,4500,"bu","14:18:42",8421900
10800,100,8000,"bu","14:18:29",8417400
10800,100,600,"bu","14:18:25",8409400
10800,100,3800,"bu","14:18:23",8408800
10800,100,1200,"bu","14:18:23",8405000
10800,100,300,"bu","14:17:52",8403800
10800,100,200,"bu","14:17:52",8403500
10800,100,400,"bu","14:17:52",8403300
10800,100,1000,"bu","14:17:52",8402900
10800,100,100,"bu","14:17:52",8401900
10800,100,400,"bu","14:17:52",8401800
10800,100,100,"bu","14:17:52",8401400
10800,100,500,"bu","14:17:52",8401300
10800,100,1000,"bu","14:17:52",8400800
10800,100,1000,"bu","14:17:52",8399800
10800,100,1000,"bu","14:17:52",8398800
10800,100,1000,"bu","14:17:52",8397800
10800,100,1000,"bu","14:17:52",8396800
10800,100,2000,"bu","14:17:52",8395800
10800,100,2000,"bu","14:17:45",8393800
10800,100,3700,"bu","14:17:45",8391800
10800,100,800,"bu","14:17:45",8388100
10800,100,200,"bu","14:17:45",8387300
10800,100,10000,"bu","14:17:41",8387100
10800,100,800,"bu","14:17:40",8377100
10800,100,500,"bu","14:17:39",8376300
10800,100,1400,"bu","14:17:39",8375800
10800,100,1000,"bu","14:17:39",8374400
10800,100,500,"bu","14:17:39",8373400
10800,100,100,"bu","14:17:39",8372900
10800,100,200,"bu","14:17:39",8372800
10800,100,1500,"bu","14:17:39",8372600
10800,100,500,"bu","14:17:39",8371100
10800,100,900,"bu","14:17:39",8370600
10800,100,100,"bu","14:17:36",8369700
10800,100,9900,"bu","14:17:36",8369600
10800,100,1300,"bu","14:17:33",8359700
10800,100,1000,"bu","14:17:32",8358400
10800,100,2800,"bu","14:17:22",8357400
10800,100,700,"bu","14:17:22",8354600
10800,100,1500,"bu","14:17:22",8353900
10800,100,10000,"bu","14:17:22",8352400
10800,100,1200,"bu","14:17:22",8342400
10800,100,10000,"bu","14:17:18",8341200
10800,100,2000,"bu","14:17:18",8331200
10800,100,6800,"bu","14:17:17",8329200
10800,100,2000,"bu","14:17:17",8322400
10800,100,500,"bu","14:17:17",8320400
10800,100,700,"bu","14:17:17",8319900
10800,100,1500,"bu","14:17:11",8319200
10800,100,800,"bu","14:17:04",8317700
10800,100,1000,"bu","14:17:04",8316900
10800,100,2000,"bu","14:17:04",8315900
10800,100,10000,"bu","14:17:03",8313900
10750,50,3000,"sd","14:17:01",8303900
10800,100,500,"bu","14:17:01",8300900
10800,100,26300,"bu","14:17:01",8300400
10800,100,1200,"bu","14:16:55",8274100
10800,100,300,"bu","14:16:55",8272900
10800,100,600,"bu","14:16:55",8272600
10800,100,1000,"bu","14:16:55",8272000
10800,100,50000,"bu","14:16:55",8271000
10800,100,900,"bu","14:16:55",8221000
10800,100,15000,"bu","14:16:55",8220100
10800,100,200,"bu","14:16:55",8205100
10800,100,6000,"bu","14:16:55",8204900
10800,100,3000,"bu","14:16:55",8198900
10800,100,500,"bu","14:16:55",8195900
10800,100,100,"bu","14:16:55",8195400
10800,100,2000,"bu","14:16:55",8195300
10800,100,7100,"bu","14:16:55",8193300
10800,100,1000,"bu","14:16:55",8186200
10800,100,5000,"bu","14:16:55",8185200
10800,100,100,"bu","14:16:55",8180200
10800,100,3100,"bu","14:16:55",8180100
10800,100,2000,"bu","14:16:55",8177000
10800,100,300,"bu","14:16:55",8175000
10800,100,600,"bu","14:16:55",8174700
10800,100,300,"bu","14:16:46",8174100
10800,100,100,"bu","14:16:46",8173800
10750,50,400,"sd","14:16:45",8173700
10750,50,500,"sd","14:16:20",8173300
10800,100,2000,"bu","14:16:11",8172800
10800,100,1000,"bu","14:16:02",8170800
10800,100,100,"bu","14:15:59",8169800
10800,100,900,"bu","14:15:54",8169700
10800,100,1100,"bu","14:15:54",8168800
10800,100,900,"bu","14:15:53",8167700
10800,100,2500,"bu","14:15:45",8166800
10800,100,500,"bu","14:14:00",8164300
10800,100,2000,"bu","14:13:52",8163800
10750,50,200,"sd","14:13:49",8161800
10800,100,100,"bu","14:13:44",8161600
10800,100,10000,"bu","14:13:41",8161500
10800,100,10000,"bu","14:13:29",8151500
10800,100,1300,"bu","14:13:29",8141500
10750,50,3000,"sd","14:13:28",8140200
10750,50,10000,"sd","14:13:28",8137200
10800,100,5000,"bu","14:13:21",8127200
10800,100,1000,"bu","14:13:15",8122200
10750,50,5000,"sd","14:13:11",8121200
10750,50,2000,"sd","14:13:05",8116200
10750,50,2800,"sd","14:12:25",8114200
10800,100,3000,"bu","14:12:25",8111400
10800,100,2000,"bu","14:12:22",8108400
10800,100,500,"bu","14:12:04",8106400
10800,100,400,"bu","14:11:50",8105900
10800,100,9000,"bu","14:11:47",8105500
10800,100,700,"bu","14:11:22",8096500
10800,100,6800,"bu","14:11:22",8095800
10800,100,400,"bu","14:11:22",8089000
10800,100,1000,"bu","14:11:21",8088600
10800,100,100,"bu","14:11:21",8087600
10800,100,1000,"bu","14:11:21",8087500
10800,100,19000,"bu","14:11:02",8086500
10800,100,1000,"bu","14:11:02",8067500
10800,100,2000,"bu","14:11:02",8066500
10800,100,1700,"bu","14:11:02",8064500
10800,100,1000,"bu","14:11:02",8062800
10800,100,100,"bu","14:11:02",8061800
10750,50,100,"sd","14:10:57",8061700
10750,50,100,"sd","14:10:46",8061600
10750,50,2500,"sd","14:10:39",8061500
10750,50,100,"sd","14:10:36",8059000
10750,50,1000,"sd","14:10:29",8058900
10750,50,100,"sd","14:10:25",8057900
10750,50,100,"sd","14:10:20",8057800
10750,50,100,"sd","14:10:15",8057700
10750,50,100,"sd","14:10:03",8057600
10750,50,100,"sd","14:09:53",8057500
10750,50,100,"sd","14:09:43",8057400
10750,50,1000,"sd","14:09:33",8057300
10750,50,700,"bu","14:09:32",8056300
10750,50,2000,"bu","14:09:32",8055600
10750,50,2000,"bu","14:09:31",8053600
10750,50,1000,"bu","14:09:30",8051600
10750,50,500,"bu","14:09:29",8050600
10750,50,1800,"sd","14:09:27",8050100
10750,50,5000,"bu","14:09:26",8048300
10750,50,500,"bu","14:09:26",8043300
10750,50,2700,"bu","14:09:26",8042800
10750,50,2300,"bu","14:09:26",8040100
10750,50,2500,"bu","14:09:26",8037800
10750,50,200,"bu","14:09:26",8035300
10750,50,800,"bu","14:09:22",8035100
10750,50,300,"bu","14:09:22",8034300
10750,50,900,"bu","14:09:22",8034000
10750,50,600,"bu","14:09:20",8033100
10750,50,4400,"bu","14:09:20",8032500
10750,50,1000,"bu","14:09:15",8028100
10750,50,1600,"bu","14:09:14",8027100
10750,50,500,"bu","14:09:12",8025500
10750,50,5000,"bu","14:09:11",8025000
10750,50,1000,"bu","14:09:02",8020000
10750,50,1000,"bu","14:08:58",8019000
10750,50,5900,"bu","14:08:58",8018000
10750,50,400,"bu","14:08:56",8012100
10750,50,100,"bu","14:08:54",8011700
10750,50,800,"bu","14:08:52",8011600
10750,50,100,"bu","14:08:43",8010800
10750,50,200,"bu","14:08:39",8010700
10750,50,100,"bu","14:08:27",8010500
10750,50,1000,"bu","14:08:24",8010400
10750,50,2000,"bu","14:08:23",8009400
10750,50,100,"bu","14:08:20",8007400
10750,50,3000,"bu","14:08:11",8007300
10750,50,5000,"bu","14:07:58",8004300
10750,50,500,"bu","14:07:49",7999300
10750,50,49800,"bu","14:07:46",7998800
10750,50,1000,"bu","14:07:46",7949000
10750,50,7500,"bu","14:07:46",7948000
10750,50,1200,"bu","14:07:46",7940500
10750,50,200,"bu","14:07:46",7939300
10750,50,3000,"bu","14:07:46",7939100
10750,50,600,"bu","14:07:46",7936100
10750,50,500,"bu","14:07:46",7935500
10750,50,1000,"bu","14:07:46",7935000
10750,50,5000,"bu","14:07:46",7934000
10750,50,15000,"bu","14:07:46",7929000
10750,50,600,"bu","14:07:46",7914000
10750,50,500,"bu","14:07:46",7913400
10750,50,100,"bu","14:07:46",7912900
10750,50,14000,"bu","14:07:46",7912800
10700,0,100,"sd","14:07:44",7898800
10750,50,800,"bu","14:07:27",7898700
10750,50,3000,"bu","14:07:25",7897900
10750,50,2000,"bu","14:07:17",7894900
10700,0,1000,"sd","14:07:10",7892900
10700,0,3700,"sd","14:06:46",7891900
10750,50,200,"bu","14:06:11",7888200
10750,50,300,"bu","14:06:05",7888000
10750,50,9000,"bu","14:05:57",7887700
10750,50,300,"bu","14:05:46",7878700
10750,50,1000,"bu","14:05:44",7878400
10750,50,1000,"bu","14:05:41",7877400
10750,50,10000,"bu","14:05:39",7876400
10750,50,500,"bu","14:05:27",7866400
10750,50,8300,"bu","14:05:26",7865900
10750,50,5000,"bu","14:05:24",7857600
10750,50,5000,"bu","14:05:24",7852600
10750,50,1000,"bu","14:05:13",7847600
10750,50,1000,"bu","14:05:13",7846600
10750,50,1000,"bu","14:05:11",7845600
10750,50,200,"bu","14:05:07",7844600
10750,50,200,"bu","14:04:51",7844400
10750,50,1000,"bu","14:04:43",7844200
10750,50,4000,"sd","14:04:36",7843200
10750,50,300,"sd","14:04:36",7839200
10750,50,500,"sd","14:04:36",7838900
10750,50,500,"sd","14:04:36",7838400
10750,50,4000,"sd","14:04:36",7837900
10750,50,1000,"sd","14:04:36",7833900
10750,50,300,"sd","14:04:36",7832900
10750,50,300,"sd","14:04:36",7832600
10750,50,100,"sd","14:04:36",7832300
10750,50,68200,"sd","14:04:36",7832200
10750,50,800,"sd","14:04:36",7764000
10750,50,300,"sd","14:04:36",7763200
10750,50,500,"sd","14:04:36",7762900
10750,50,500,"sd","14:04:36",7762400
10750,50,200,"sd","14:04:36",7761900
10750,50,1100,"sd","14:04:36",7761700
10750,50,700,"sd","14:04:35",7760600
10750,50,200,"sd","14:04:35",7759900
10750,50,1000,"sd","14:04:35",7759700
10750,50,400,"sd","14:04:35",7758700
10750,50,1100,"sd","14:04:35",7758300
10750,50,2000,"sd","14:04:35",7757200
10750,50,2000,"sd","14:04:35",7755200
10750,50,200,"sd","14:04:35",7753200
10750,50,2000,"sd","14:04:35",7753000
10750,50,1000,"sd","14:04:35",7751000
10750,50,200,"sd","14:04:35",7750000
10750,50,1500,"sd","14:04:35",7749800
10750,50,31800,"sd","14:04:35",7748300
10750,50,200,"sd","14:04:35",7716500
10750,50,5000,"sd","14:04:35",7716300
10750,50,2000,"sd","14:04:35",7711300
10750,50,1500,"sd","14:04:35",7709300
10750,50,3000,"sd","14:04:35",7707800
10750,50,4500,"sd","14:04:35",7704800
10750,50,9000,"sd","14:04:35",7700300
10750,50,3000,"sd","14:04:35",7691300
10750,50,100,"sd","14:04:35",7688300
10750,50,100,"sd","14:04:35",7688200
10750,50,2400,"sd","14:04:35",7688100
10750,50,2000,"sd","14:04:35",7685700
10750,50,500,"sd","14:04:35",7683700
10750,50,200,"sd","14:04:35",7683200
10750,50,1000,"sd","14:04:35",7683000
10750,50,1000,"sd","14:04:35",7682000
10750,50,400,"sd","14:04:35",7681000
10750,50,1500,"sd","14:04:24",7680600
10750,50,100,"sd","14:04:21",7679100
10750,50,1000,"sd","14:04:21",7679000
10750,50,1500,"sd","14:04:21",7678000
10750,50,200,"sd","14:04:21",7676500
10750,50,500,"sd","14:04:21",7676300
10750,50,1000,"sd","14:04:21",7675800
10750,50,500,"sd","14:04:21",7674800
10750,50,2000,"sd","14:04:21",7674300
10750,50,300,"sd","14:04:21",7672300
10750,50,500,"sd","14:04:21",7672000
10750,50,500,"sd","14:04:21",7671500
10750,50,200,"sd","14:04:21",7671000
10750,50,500,"sd","14:04:21",7670800
10750,50,2000,"sd","14:04:21",7670300
10750,50,2000,"sd","14:04:21",7668300
10750,50,11000,"sd","14:04:21",7666300
10750,50,3800,"sd","14:04:21",7655300
10750,50,500,"sd","14:04:21",7651500
10750,50,5000,"sd","14:04:21",7651000
10750,50,2200,"sd","14:04:21",7646000
10750,50,6000,"sd","14:04:21",7643800
10750,50,2000,"sd","14:04:21",7637800
10750,50,5000,"sd","14:04:21",7635800
10750,50,5000,"sd","14:04:21",7630800
10750,50,1000,"sd","14:04:21",7625800
10750,50,1000,"sd","14:04:21",7624800
10750,50,2000,"sd","14:04:21",7623800
10750,50,1000,"sd","14:04:21",7621800
10750,50,500,"sd","14:04:21",7620800
10750,50,500,"sd","14:04:21",7620300
10750,50,500,"sd","14:04:21",7619800
10750,50,2000,"sd","14:04:21",7619300
10750,50,500,"sd","14:04:21",7617300
10750,50,5000,"sd","14:04:21",7616800
10750,50,2000,"sd","14:04:21",7611800
10750,50,4000,"sd","14:04:21",7609800
10750,50,20000,"sd","14:04:21",7605800
10750,50,3000,"sd","14:04:21",7585800
10750,50,200,"sd","14:04:21",7582800
10750,50,2000,"sd","14:04:21",7582600
10750,50,2000,"sd","14:04:21",7580600
10750,50,1000,"sd","14:04:21",7578600
10750,50,2600,"sd","14:04:21",7577600
10750,50,300,"sd","14:04:21",7575000
10750,50,10000,"sd","14:04:21",7574700
10750,50,200,"sd","14:04:21",7564700
10750,50,1000,"sd","14:04:21",7564500
10750,50,200,"sd","14:04:21",7563500
10750,50,100,"sd","14:04:21",7563300
10750,50,200,"sd","14:04:21",7563200
10750,50,20000,"sd","14:04:21",7563000
10750,50,300,"sd","14:04:21",7543000
10750,50,500,"sd","14:04:21",7542700
10750,50,1000,"sd","14:04:21",7542200
10750,50,1000,"sd","14:04:21",7541200
10750,50,2000,"sd","14:04:21",7540200
10750,50,5000,"sd","14:04:21",7538200
10750,50,200,"sd","14:04:21",7533200
10750,50,1000,"sd","14:04:21",7533000
10750,50,2900,"sd","14:04:21",7532000
10750,50,200,"sd","14:04:08",7529100
10750,50,1000,"sd","14:04:06",7528900
10750,50,1000,"sd","14:04:02",7527900
10750,50,2000,"sd","14:03:54",7526900
10750,50,1000,"sd","14:03:34",7524900
10800,100,2000,"bu","14:03:06",7523900
10750,50,5000,"sd","14:03:05",7521900
10750,50,2000,"sd","14:02:38",7516900
10750,50,700,"sd","14:02:26",7514900
10750,50,11500,"sd","14:02:24",7514200
10750,50,5000,"sd","14:02:24",7502700
10750,50,500,"sd","14:02:18",7497700
10800,100,1000,"bu","14:02:15",7497200
10750,50,2000,"sd","14:02:10",7496200
10750,50,13700,"sd","14:00:52",7494200
10800,100,1000,"bu","13:59:46",7480500
10750,50,100,"sd","13:59:25",7479500
10800,100,400,"bu","13:59:20",7479400
10800,100,2500,"bu","13:59:08",7479000
10800,100,700,"bu","13:58:40",7476500
10800,100,400,"bu","13:58:08",7475800
10800,100,2000,"bu","13:57:58",7475400
10800,100,500,"bu","13:57:31",7473400
10800,100,1600,"bu","13:57:18",7472900
10800,100,1000,"bu","13:57:11",7471300
10800,100,500,"bu","13:57:10",7470300
10800,100,5000,"bu","13:56:59",7469800
10800,100,5000,"bu","13:56:10",7464800
10800,100,26000,"bu","13:55:53",7459800
10750,50,1400,"sd","13:55:32",7433800
10750,50,1000,"sd","13:55:32",7432400
10750,50,1000,"sd","13:55:32",7431400
10750,50,200,"sd","13:55:32",7430400
10750,50,1000,"sd","13:55:32",7430200
10750,50,5000,"sd","13:55:32",7429200
10750,50,100,"sd","13:55:32",7424200
10750,50,500,"sd","13:55:32",7424100
10750,50,2000,"sd","13:55:32",7423600
10750,50,900,"sd","13:55:32",7421600
10750,50,3000,"sd","13:55:32",7420700
10750,50,1000,"sd","13:55:32",7417700
10750,50,4000,"sd","13:55:32",7416700
10750,50,1000,"sd","13:55:32",7412700
10750,50,10000,"sd","13:55:32",7411700
10750,50,100,"sd","13:55:32",7401700
10750,50,17800,"sd","13:55:32",7401600
10800,100,3000,"bu","13:55:27",7383800
10800,100,2000,"bu","13:55:01",7380800
10800,100,10000,"bu","13:55:00",7378800
10800,100,100,"bu","13:54:45",7368800
10800,100,500,"bu","13:54:15",7368700
10800,100,2000,"bu","13:54:09",7368200
10800,100,100,"bu","13:53:48",7366200
10800,100,4000,"bu","13:53:26",7366100
10800,100,700,"bu","13:53:15",7362100
10800,100,2000,"bu","13:53:08",7361400
10750,50,200,"sd","13:52:49",7359400
10800,100,100,"bu","13:52:46",7359200
10800,100,100,"bu","13:52:35",7359100
10800,100,1000,"bu","13:52:29",7359000
10800,100,1000,"bu","13:51:53",7358000
10800,100,1000,"bu","13:51:37",7357000
10800,100,600,"bu","13:51:22",7356000
10800,100,700,"sd","13:51:19",7355400
10800,100,10000,"sd","13:51:19",7354700
10800,100,7800,"sd","13:51:19",7344700
10800,100,2200,"sd","13:51:18",7336900
10800,100,300,"sd","13:51:18",7334700
10800,100,1700,"bu","13:51:09",7334400
10800,100,500,"bu","13:51:02",7332700
10800,100,2000,"bu","13:50:56",7332200
10800,100,2500,"bu","13:50:56",7330200
10800,100,800,"bu","13:50:50",7327700
10800,100,600,"bu","13:50:50",7326900
10800,100,600,"bu","13:50:50",7326300
10800,100,1000,"bu","13:50:49",7325700
10800,100,500,"bu","13:50:47",7324700
10800,100,1000,"sd","13:50:38",7324200
10800,100,1900,"sd","13:50:38",7323200
10800,100,100,"sd","13:50:36",7321300
10800,100,100,"sd","13:50:36",7321200
10800,100,200,"sd","13:50:36",7321100
10800,100,1400,"sd","13:50:31",7320900
10800,100,1000,"sd","13:50:31",7319500
10800,100,800,"sd","13:50:31",7318500
10800,100,300,"sd","13:50:28",7317700
10800,100,8500,"sd","13:50:20",7317400
10800,100,10400,"bu","13:50:19",7308900
10800,100,9600,"sd","13:50:14",7298500
10800,100,200,"bu","13:50:11",7288900
10800,100,200,"bu","13:50:11",7288700
10800,100,1000,"bu","13:50:11",7288500
10800,100,3000,"bu","13:50:08",7287500
10800,100,800,"bu","13:50:05",7284500
10800,100,200,"bu","13:50:05",7283700
10800,100,100,"bu","13:50:01",7283500
10800,100,100,"bu","13:50:01",7283400
10800,100,2000,"bu","13:50:01",7283300
10800,100,500,"bu","13:50:00",7281300
10800,100,5000,"bu","13:49:57",7280800
10800,100,2000,"bu","13:49:56",7275800
10800,100,500,"bu","13:49:56",7273800
10800,100,2700,"bu","13:49:56",7273300
10800,100,100,"bu","13:49:52",7270600
10800,100,400,"bu","13:49:50",7270500
10800,100,100,"bu","13:49:50",7270100
10800,100,6900,"bu","13:49:43",7270000
10800,100,6800,"bu","13:49:43",7263100
10800,100,500,"bu","13:49:43",7256300
10800,100,500,"bu","13:49:43",7255800
10800,100,1200,"bu","13:49:43",7255300
10800,100,200,"bu","13:49:43",7254100
10800,100,200,"bu","13:49:43",7253900
10800,100,4200,"bu","13:49:43",7253700
10800,100,800,"bu","13:49:42",7249500
10800,100,1000,"bu","13:49:42",7248700
10800,100,20000,"bu","13:49:42",7247700
10800,100,100,"bu","13:49:42",7227700
10800,100,8100,"bu","13:49:42",7227600
10800,100,100,"bu","13:49:39",7219500
10800,100,6800,"bu","13:49:31",7219400
10800,100,8000,"bu","13:49:31",7212600
10800,100,5200,"bu","13:49:31",7204600
10800,100,200,"bu","13:49:29",7199400
10800,100,500,"bu","13:49:25",7199200
10800,100,4100,"bu","13:49:19",7198700
10800,100,5000,"bu","13:49:19",7194600
10800,100,900,"bu","13:49:19",7189600
10800,100,1500,"bu","13:49:17",7188700
10800,100,400,"bu","13:49:05",7187200
10800,100,1900,"bu","13:49:02",7186800
10800,100,500,"bu","13:48:55",7184900
10800,100,12400,"bu","13:48:50",7184400
10800,100,7600,"bu","13:48:50",7172000
10800,100,1000,"bu","13:48:48",7164400
10800,100,10000,"bu","13:48:46",7163400
10800,100,1000,"bu","13:48:39",7153400
10800,100,1000,"bu","13:47:56",7152400
10800,100,500,"bu","13:47:53",7151400
10800,100,500,"bu","13:47:04",7150900
10800,100,300,"bu","13:47:03",7150400
10800,100,100,"bu","13:47:03",7150100
10800,100,1000,"bu","13:46:49",7150000
10800,100,500,"bu","13:46:43",7149000
10800,100,1300,"bu","13:46:32",7148500
10800,100,1000,"bu","13:46:26",7147200
10800,100,100,"bu","13:46:23",7146200
10800,100,2200,"bu","13:46:22",7146100
10800,100,1900,"bu","13:46:07",7143900
10800,100,100,"bu","13:46:07",7142000
10800,100,2000,"bu","13:46:03",7141900
10800,100,100,"sd","13:45:48",7139900
10800,100,800,"sd","13:45:48",7139800
10800,100,200,"bu","13:45:44",7139000
10800,100,4000,"bu","13:45:43",7138800
10800,100,200,"bu","13:45:38",7134800
10800,100,300,"sd","13:45:37",7134600
10800,100,5000,"sd","13:45:37",7134300
10800,100,500,"sd","13:45:37",7129300
10800,100,2000,"sd","13:45:37",7128800
10800,100,200,"sd","13:45:37",7126800
10800,100,1000,"sd","13:45:37",7126600
10800,100,20000,"sd","13:45:37",7125600
10800,100,3400,"sd","13:45:37",7105600
10800,100,12200,"sd","13:45:37",7102200
10800,100,500,"sd","13:45:37",7090000
10800,100,500,"sd","13:45:37",7089500
10800,100,4200,"sd","13:45:30",7089000
10800,100,1000,"sd","13:45:30",7084800
10800,100,200,"sd","13:45:30",7083800
10800,100,65600,"sd","13:45:30",7083600
10800,100,1000,"sd","13:45:22",7018000
10800,100,2000,"sd","13:45:05",7017000
10800,100,1000,"bu","13:44:52",7015000
10800,100,12000,"bu","13:44:52",7014000
10800,100,2000,"bu","13:44:52",7002000
10800,100,5000,"bu","13:44:52",7000000
10800,100,800,"bu","13:44:51",6995000
10800,100,10600,"bu","13:44:51",6994200
10800,100,300,"bu","13:44:49",6983600
10800,100,2000,"bu","13:44:47",6983300
10800,100,8000,"bu","13:44:41",6981300
10800,100,3000,"bu","13:44:37",6973300
10800,100,26100,"bu","13:44:31",6970300
10800,100,2700,"bu","13:44:31",6944200
10800,100,1200,"bu","13:44:31",6941500
10800,100,4300,"bu","13:44:22",6940300
10800,100,100,"bu","13:44:22",6936000
10800,100,600,"bu","13:44:22",6935900
10800,100,500,"bu","13:44:19",6935300
10800,100,100,"sd","13:44:00",6934800
10800,100,4800,"sd","13:44:00",6934700
10800,100,400,"bu","13:43:51",6929900
10800,100,8000,"bu","13:43:51",6929500
10800,100,6800,"bu","13:43:51",6921500
10800,100,1000,"bu","13:43:44",6914700
10800,100,10000,"bu","13:43:44",6913700
10800,100,1000,"bu","13:43:41",6903700
10800,100,100,"bu","13:43:41",6902700
10800,100,6000,"bu","13:43:40",6902600
10800,100,5100,"bu","13:43:31",6896600
10800,100,2900,"bu","13:43:31",6891500
10800,100,500,"bu","13:43:19",6888600
10800,100,500,"bu","13:43:18",6888100
10800,100,2100,"bu","13:43:16",6887600
10800,100,1500,"bu","13:43:16",6885500
10800,100,1000,"bu","13:43:16",6884000
10800,100,5400,"bu","13:43:16",6883000
10800,100,10700,"bu","13:43:13",6877600
10800,100,2300,"bu","13:43:13",6866900
10800,100,15000,"bu","13:42:53",6864600
10800,100,2000,"sd","13:42:38",6849600
10800,100,300,"sd","13:42:38",6847600
10800,100,400,"sd","13:42:38",6847300
10800,100,500,"sd","13:42:35",6846900
10800,100,2500,"sd","13:42:35",6846400
10800,100,2800,"sd","13:42:15",6843900
10800,100,4700,"sd","13:41:57",6841100
10800,100,200,"sd","13:41:57",6836400
10800,100,100,"sd","13:41:57",6836200
10800,100,100,"bu","13:41:53",6836100
10800,100,1000,"bu","13:41:53",6836000
10800,100,1800,"bu","13:41:53",6835000
10800,100,200,"sd","13:41:36",6833200
10750,50,18000,"sd","13:41:29",6833000
10800,100,200,"sd","13:41:29",6815000
10800,100,1800,"sd","13:41:29",6814800
10800,100,600,"bu","13:41:20",6813000
10800,100,10000,"bu","13:41:19",6812400
10800,100,2300,"bu","13:41:16",6802400
10800,100,3000,"bu","13:41:12",6800100
10800,100,3000,"bu","13:41:08",6797100
10800,100,1000,"bu","13:40:58",6794100
10800,100,10100,"sd","13:40:53",6793100
10800,100,100,"bu","13:40:45",6783000
10800,100,3000,"bu","13:40:45",6782900
10800,100,200,"bu","13:40:45",6779900
10800,100,6100,"bu","13:40:45",6779700
10800,100,2900,"bu","13:40:45",6773600
10800,100,1000,"bu","13:40:45",6770700
10800,100,2000,"bu","13:40:45",6769700
10800,100,500,"bu","13:40:45",6767700
10800,100,10000,"bu","13:40:45",6767200
10800,100,100,"bu","13:40:45",6757200
10800,100,700,"bu","13:40:45",6757100
10800,100,4000,"bu","13:40:45",6756400
10800,100,300,"bu","13:40:45",6752400
10800,100,800,"bu","13:40:45",6752100
10800,100,5000,"bu","13:40:45",6751300
10800,100,1700,"bu","13:40:45",6746300
10800,100,400,"bu","13:40:45",6744600
10800,100,100,"bu","13:40:45",6744200
10800,100,1000,"bu","13:40:45",6744100
10750,50,4000,"sd","13:40:37",6743100
10750,50,1000,"sd","13:40:37",6739100
10750,50,5000,"sd","13:40:37",6738100
10800,100,5300,"bu","13:40:37",6733100
10800,100,400,"bu","13:40:37",6727800
10800,100,44300,"bu","13:40:37",6727400
10800,100,5700,"bu","13:40:27",6683100
10800,100,2000,"bu","13:40:27",6677400
10800,100,5000,"bu","13:40:27",6675400
10800,100,100,"bu","13:40:27",6670400
10800,100,2000,"bu","13:40:27",6670300
10800,100,100,"bu","13:40:27",6668300
10800,100,1000,"bu","13:40:27",6668200
10800,100,15000,"bu","13:40:27",6667200
10800,100,1000,"bu","13:40:27",6652200
10800,100,18100,"bu","13:40:27",6651200
10750,50,100,"sd","13:40:18",6633100
10800,100,2000,"bu","13:40:11",6633000
10800,100,800,"bu","13:39:39",6631000
10800,100,100,"bu","13:39:07",6630200
10750,50,100,"sd","13:39:01",6630100
10800,100,100,"bu","13:39:01",6630000
10750,50,9800,"sd","13:38:56",6629900
10750,50,100,"sd","13:38:56",6620100
10750,50,1700,"sd","13:38:56",6620000
10750,50,100,"sd","13:38:56",6618300
10750,50,300,"sd","13:38:56",6618200
10750,50,1000,"sd","13:38:56",6617900
10750,50,100,"sd","13:38:56",6616900
10750,50,3000,"sd","13:38:56",6616800
10750,50,1900,"sd","13:38:56",6613800
10750,50,7000,"sd","13:38:50",6611900
10750,50,1000,"bu","13:38:37",6604900
10750,50,100,"bu","13:38:37",6603900
10750,50,1000,"bu","13:38:37",6603800
10750,50,300,"bu","13:38:37",6602800
10750,50,10000,"bu","13:38:37",6602500
10750,50,28700,"bu","13:38:37",6592500
10750,50,200,"bu","13:38:37",6563800
10750,50,1100,"bu","13:38:35",6563600
10750,50,900,"bu","13:38:35",6562500
10750,50,100,"bu","13:38:35",6561600
10750,50,1000,"bu","13:38:29",6561500
10750,50,100,"bu","13:38:28",6560500
10750,50,2300,"bu","13:38:09",6560400
10750,50,100,"bu","13:38:07",6558100
10750,50,500,"bu","13:37:55",6558000
10750,50,4000,"bu","13:37:54",6557500
10750,50,100,"bu","13:37:52",6553500
10700,0,800,"sd","13:37:50",6553400
10750,50,200,"bu","13:37:48",6552600
10750,50,200,"bu","13:37:47",6552400
10750,50,200,"bu","13:37:45",6552200
10750,50,3000,"bu","13:37:44",6552000
10750,50,500,"bu","13:37:43",6549000
10750,50,300,"bu","13:37:42",6548500
10750,50,5000,"bu","13:37:21",6548200
10750,50,100,"bu","13:37:17",6543200
10750,50,200,"bu","13:37:08",6543100
10750,50,5000,"sd","13:37:03",6542900
10750,50,6200,"sd","13:37:03",6537900
10750,50,12300,"sd","13:36:54",6531700
10750,50,10000,"sd","13:36:54",6519400
10750,50,300,"sd","13:36:54",6509400
10750,50,3000,"sd","13:36:54",6509100
10750,50,200,"sd","13:36:54",6506100
10750,50,200,"sd","13:36:54",6505900
10750,50,1000,"sd","13:36:54",6505700
10750,50,1000,"sd","13:36:54",6504700
10750,50,3000,"sd","13:36:54",6503700
10750,50,2700,"sd","13:36:54",6500700
10750,50,12700,"sd","13:36:54",6498000
10750,50,1000,"sd","13:36:54",6485300
10750,50,100,"sd","13:36:54",6484300
10750,50,7500,"sd","13:36:54",6484200
10750,50,1000,"sd","13:36:54",6476700
10750,50,3000,"sd","13:36:54",6475700
10750,50,1000,"sd","13:36:54",6472700
10750,50,7300,"sd","13:36:48",6471700
10750,50,10000,"sd","13:36:48",6464400
10750,50,1000,"sd","13:36:48",6454400
10750,50,21700,"sd","13:36:48",6453400
10750,50,200,"sd","13:35:52",6431700
10750,50,600,"sd","13:35:43",6431500
10750,50,100,"bu","13:35:24",6430900
10750,50,15000,"bu","13:35:24",6430800
10750,50,1000,"bu","13:35:24",6415800
10750,50,11400,"bu","13:35:24",6414800
10750,50,5000,"bu","13:35:13",6403400
10750,50,1000,"bu","13:35:11",6398400
10750,50,2600,"sd","13:35:02",6397400
10750,50,300,"sd","13:35:02",6394800
10750,50,200,"sd","13:35:02",6394500
10750,50,1500,"sd","13:35:02",6394300
10750,50,2500,"sd","13:35:02",6392800
10750,50,100,"sd","13:35:02",6390300
10750,50,3000,"sd","13:35:02",6390200
10750,50,2400,"sd","13:35:02",6387200
10750,50,2600,"sd","13:34:57",6384800
10750,50,1200,"sd","13:34:57",6382200
10750,50,1000,"sd","13:34:57",6381000
10750,50,2500,"sd","13:34:57",6380000
10750,50,800,"sd","13:34:57",6377500
10750,50,5000,"sd","13:34:57",6376700
10750,50,2600,"sd","13:34:57",6371700
10750,50,1000,"sd","13:34:32",6369100
10750,50,1000,"sd","13:34:22",6368100
10750,50,800,"sd","13:34:21",6367100
10750,50,2000,"bu","13:34:10",6366300
10750,50,7500,"bu","13:34:10",6364300
10750,50,5500,"bu","13:34:10",6356800
10750,50,7000,"bu","13:34:10",6351300
10750,50,30000,"bu","13:34:10",6344300
10750,50,42600,"bu","13:34:10",6314300
10750,50,2000,"bu","13:34:02",6271700
10750,50,2000,"bu","13:33:55",6269700
10750,50,200,"bu","13:33:21",6267700
10750,50,2000,"bu","13:33:15",6267500
10750,50,100,"bu","13:33:15",6265500
10750,50,2000,"sd","13:32:53",6265400
10750,50,3000,"sd","13:32:53",6263400
10750,50,6100,"sd","13:32:53",6260400
10750,50,3900,"sd","13:32:48",6254300
10750,50,300,"sd","13:32:48",6250400
10750,50,2000,"sd","13:32:48",6250100
10750,50,3000,"sd","13:32:48",6248100
10750,50,500,"sd","13:32:48",6245100
10750,50,7000,"sd","13:32:48",6244600
10750,50,1500,"sd","13:32:48",6237600
10750,50,2000,"sd","13:32:48",6236100
10750,50,2000,"sd","13:32:48",6234100
10750,50,1000,"sd","13:32:48",6232100
10750,50,15000,"sd","13:32:48",6231100
10750,50,1000,"sd","13:32:48",6216100
10750,50,600,"sd","13:32:48",6215100
10750,50,200,"sd","13:32:48",6214500
10750,50,500,"sd","13:32:44",6214300
10750,50,5000,"sd","13:32:44",6213800
10750,50,3300,"sd","13:32:44",6208800
10750,50,100,"sd","13:32:44",6205500
10750,50,1000,"sd","13:32:44",6205400
10750,50,300,"sd","13:32:44",6204400
10750,50,100,"sd","13:32:44",6204100
10750,50,10000,"sd","13:32:44",6204000
10750,50,2000,"sd","13:32:44",6194000
10750,50,1000,"sd","13:32:44",6192000
10750,50,100,"sd","13:32:44",6191000
10750,50,600,"sd","13:32:44",6190900
10750,50,6000,"sd","13:32:44",6190300
10750,50,2900,"sd","13:32:37",6184300
10750,50,100,"sd","13:32:37",6181400
10750,50,100,"sd","13:32:37",6181300
10750,50,200,"sd","13:32:37",6181200
10750,50,100,"sd","13:32:37",6181000
10750,50,1000,"sd","13:32:37",6180900
10750,50,2400,"sd","13:32:37",6179900
10750,50,8000,"sd","13:32:37",6177500
10750,50,1000,"sd","13:32:37",6169500
10750,50,5000,"sd","13:32:37",6168500
10750,50,1000,"sd","13:32:37",6163500
10750,50,1000,"sd","13:32:37",6162500
10750,50,1000,"sd","13:32:37",6161500
10750,50,400,"sd","13:32:37",6160500
10750,50,15800,"sd","13:32:37",6160100
10800,100,3000,"bu","13:32:32",6144300
10750,50,34200,"sd","13:32:29",6141300
10750,50,1000,"sd","13:32:29",6107100
10750,50,200,"sd","13:32:29",6106100
10750,50,1000,"sd","13:32:29",6105900
10750,50,3000,"sd","13:32:29",6104900
10750,50,1500,"sd","13:32:29",6101900
10750,50,200,"sd","13:32:29",6100400
10750,50,4500,"sd","13:32:29",6100200
10750,50,500,"sd","13:32:29",6095700
10750,50,300,"sd","13:32:29",6095200
10750,50,500,"sd","13:32:29",6094900
10750,50,5000,"sd","13:32:29",6094400
10750,50,100,"sd","13:32:29",6089400
10750,50,5000,"sd","13:32:29",6089300
10750,50,2000,"sd","13:32:29",6084300
10750,50,1000,"sd","13:32:29",6082300
10750,50,50000,"sd","13:32:23",6081300
10750,50,3100,"sd","13:32:23",6031300
10750,50,5000,"sd","13:32:23",6028200
10750,50,500,"sd","13:32:23",6023200
10750,50,1400,"sd","13:32:23",6022700
10750,50,600,"sd","13:32:12",6021300
10750,50,5000,"sd","13:32:12",6020700
10750,50,30000,"sd","13:32:12",6015700
10750,50,3000,"sd","13:32:12",5985700
10750,50,1100,"sd","13:32:12",5982700
10750,50,1000,"sd","13:32:12",5981600
10750,50,20000,"sd","13:32:12",5980600
10750,50,800,"sd","13:32:12",5960600
10750,50,1500,"sd","13:32:12",5959800
10750,50,200,"sd","13:32:11",5958300
10750,50,1900,"sd","13:31:55",5958100
10800,100,5400,"bu","13:31:51",5956200
10800,100,500,"bu","13:31:51",5950800
10800,100,100,"bu","13:31:51",5950300
10800,100,800,"bu","13:31:51",5950200
10800,100,500,"bu","13:31:51",5949400
10800,100,500,"bu","13:31:51",5948900
10800,100,800,"bu","13:31:51",5948400
10800,100,400,"bu","13:31:51",5947600
10800,100,5000,"bu","13:31:51",5947200
10800,100,1000,"bu","13:31:51",5942200
10800,100,5000,"bu","13:31:51",5941200
10800,100,1000,"bu","13:31:48",5936200
10800,100,1100,"bu","13:31:41",5935200
10800,100,900,"bu","13:31:40",5934100
10800,100,700,"bu","13:31:40",5933200
10800,100,1000,"bu","13:31:40",5932500
10800,100,1300,"bu","13:31:30",5931500
10800,100,700,"bu","13:31:30",5930200
10800,100,1000,"bu","13:31:29",5929500
10800,100,5000,"bu","13:31:20",5928500
10800,100,30000,"bu","13:31:19",5923500
10800,100,1800,"bu","13:31:00",5893500
10800,100,1500,"bu","13:30:58",5891700
10800,100,9600,"bu","13:30:58",5890200
10800,100,4000,"bu","13:30:56",5880600
10800,100,1200,"bu","13:30:56",5876600
10800,100,500,"bu","13:30:55",5875400
10800,100,5000,"bu","13:30:54",5874900
10800,100,500,"bu","13:30:51",5869900
10800,100,600,"bu","13:30:48",5869400
10800,100,2800,"bu","13:30:48",5868800
10800,100,200,"bu","13:30:45",5866000
10800,100,1000,"bu","13:30:38",5865800
10800,100,100,"bu","13:30:38",5864800
10800,100,1900,"bu","13:30:38",5864700
10800,100,400,"bu","13:30:34",5862800
10800,100,1000,"bu","13:30:31",5862400
10800,100,1000,"bu","13:30:30",5861400
10800,100,10000,"bu","13:30:29",5860400
10800,100,500,"bu","13:30:03",5850400
10800,100,500,"bu","13:29:53",5849900
10800,100,500,"bu","13:29:49",5849400
10800,100,1000,"bu","13:29:48",5848900
10800,100,6000,"bu","13:29:42",5847900
10800,100,1000,"bu","13:29:32",5841900
10800,100,1000,"bu","13:29:30",5840900
10800,100,1500,"bu","13:29:30",5839900
10800,100,500,"bu","13:29:23",5838400
10800,100,6100,"bu","13:29:20",5837900
10800,100,400,"bu","13:29:12",5831800
10800,100,500,"bu","13:29:00",5831400
10800,100,300,"bu","13:28:48",5830900
10800,100,1000,"bu","13:28:30",5830600
10800,100,3000,"bu","13:28:30",5829600
10800,100,100,"bu","13:28:20",5826600
10800,100,1000,"bu","13:28:13",5826500
10800,100,400,"bu","13:28:12",5825500
10800,100,2000,"bu","13:28:08",5825100
10800,100,100,"sd","13:28:04",5823100
10800,100,1500,"sd","13:28:04",5823000
10800,100,100,"sd","13:28:04",5821500
10800,100,100,"sd","13:28:04",5821400
10800,100,6600,"sd","13:28:04",5821300
10800,100,3400,"sd","13:28:03",5814700
10800,100,400,"sd","13:28:03",5811300
10800,100,41700,"sd","13:28:03",5810900
10800,100,2000,"sd","13:28:00",5769200
10800,100,19000,"sd","13:27:59",5767200
10800,100,2000,"sd","13:27:58",5748200
10800,100,10600,"sd","13:27:58",5746200
10800,100,400,"sd","13:27:51",5735600
10800,100,1000,"sd","13:27:51",5735200
10800,100,1000,"sd","13:27:51",5734200
10800,100,200,"sd","13:27:51",5733200
10800,100,200,"sd","13:27:51",5733000
10800,100,200,"sd","13:27:51",5732800
10800,100,100,"sd","13:27:49",5732600
10800,100,5000,"sd","13:27:43",5732500
10800,100,45000,"sd","13:27:42",5727500
10800,100,7800,"sd","13:27:42",5682500
10850,150,100,"bu","13:27:42",5674700
10800,100,50000,"sd","13:27:37",5674600
10800,100,1900,"sd","13:27:33",5624600
10800,100,60000,"sd","13:27:29",5622700
10800,100,500,"sd","13:27:28",5562700
10800,100,30000,"sd","13:27:21",5562200
10800,100,1400,"bu","13:27:20",5532200
10800,100,400,"bu","13:27:15",5530800
10800,100,1000,"bu","13:27:14",5530400
10800,100,700,"sd","13:27:14",5529400
10800,100,1000,"sd","13:27:14",5528700
10800,100,2000,"sd","13:27:14",5527700
10800,100,13000,"sd","13:27:14",5525700
10800,100,2000,"sd","13:27:14",5512700
10800,100,1000,"sd","13:27:14",5510700
10800,100,500,"sd","13:27:14",5509700
10800,100,5000,"sd","13:27:14",5509200
10800,100,2000,"sd","13:27:14",5504200
10800,100,8000,"sd","13:27:14",5502200
10800,100,500,"sd","13:27:14",5494200
10800,100,10000,"sd","13:27:14",5493700
10800,100,200,"sd","13:27:14",5483700
10800,100,5000,"sd","13:27:14",5483500
10800,100,1000,"sd","13:27:14",5478500
10800,100,300,"sd","13:27:14",5477500
10800,100,10000,"sd","13:27:14",5477200
10800,100,1000,"sd","13:27:14",5467200
10800,100,4700,"sd","13:27:09",5466200
10800,100,1000,"sd","13:27:09",5461500
10800,100,20100,"sd","13:27:09",5460500
10800,100,500,"sd","13:27:09",5440400
10800,100,700,"sd","13:27:09",5439900
10800,100,300,"sd","13:27:09",5439200
10800,100,1000,"sd","13:27:09",5438900
10800,100,1700,"sd","13:27:09",5437900
10800,100,600,"sd","13:27:07",5436200
10800,100,3000,"sd","13:27:07",5435600
10800,100,1500,"sd","13:27:07",5432600
10850,150,6900,"bu","13:27:07",5431100
10850,150,3100,"bu","13:27:07",5424200
10800,100,500,"sd","13:27:05",5421100
10800,100,500,"sd","13:27:05",5420600
10800,100,2000,"sd","13:27:05",5420100
10850,150,2500,"bu","13:27:05",5418100
10800,100,3000,"sd","13:27:04",5415600
10800,100,47000,"sd","13:27:04",5412600
10800,100,700,"sd","13:26:55",5365600
10850,150,2400,"bu","13:26:53",5364900
10850,150,100,"bu","13:26:53",5362500
10850,150,1000,"bu","13:26:53",5362400
10850,150,1500,"bu","13:26:53",5361400
10850,150,3200,"bu","13:26:43",5359900
10850,150,300,"bu","13:26:38",5356700
10850,150,25000,"bu","13:26:38",5356400
10850,150,24700,"bu","13:26:38",5331400
10850,150,5000,"bu","13:26:33",5306700
10850,150,300,"bu","13:26:31",5301700
10850,150,4700,"bu","13:26:31",5301400
10850,150,1200,"bu","13:26:29",5296700
10850,150,10000,"bu","13:26:26",5295500
10850,150,2000,"bu","13:26:23",5285500
10850,150,6000,"bu","13:26:21",5283500
10850,150,500,"bu","13:26:16",5277500
10850,150,500,"bu","13:26:10",5277000
10850,150,5100,"sd","13:26:09",5276500
10850,150,4900,"bu","13:26:06",5271400
10850,150,900,"sd","13:26:04",5266500
10850,150,44200,"sd","13:26:04",5265600
10850,150,10000,"sd","13:26:04",5221400
10850,150,10000,"sd","13:26:02",5211400
10850,150,200,"sd","13:26:02",5201400
10850,150,40000,"sd","13:26:01",5201200
10850,150,500,"sd","13:25:58",5161200
10850,150,100,"sd","13:25:55",5160700
10850,150,400,"bu","13:25:55",5160600
10850,150,100,"bu","13:25:55",5160200
10850,150,5000,"bu","13:25:55",5160100
10850,150,1200,"bu","13:25:55",5155100
10850,150,500,"bu","13:25:55",5153900
10850,150,2000,"bu","13:25:55",5153400
10850,150,500,"bu","13:25:55",5151400
10850,150,10000,"bu","13:25:55",5150900
10850,150,6700,"bu","13:25:55",5140900
10850,150,300,"bu","13:25:55",5134200
10850,150,1000,"bu","13:25:55",5133900
10850,150,100,"bu","13:25:55",5132900
10850,150,2000,"bu","13:25:55",5132800
10850,150,2200,"bu","13:25:55",5130800
10850,150,500,"bu","13:25:55",5128600
10850,150,400,"bu","13:25:55",5128100
10850,150,30000,"bu","13:25:55",5127700
10850,150,5000,"bu","13:25:55",5097700
10850,150,1000,"bu","13:25:55",5092700
10850,150,200,"bu","13:25:55",5091700
10850,150,15000,"bu","13:25:55",5091500
10850,150,2000,"bu","13:25:55",5076500
10850,150,100,"bu","13:25:55",5074500
10850,150,5800,"bu","13:25:55",5074400
10850,150,3000,"bu","13:25:55",5068600
10800,100,300,"sd","13:25:43",5065600
10850,150,4200,"bu","13:25:42",5065300
10850,150,10000,"bu","13:25:42",5061100
10850,150,100,"bu","13:25:42",5051100
10850,150,200,"bu","13:25:42",5051000
10850,150,500,"bu","13:25:42",5050800
10850,150,1000,"bu","13:25:42",5050300
10800,100,5000,"sd","13:25:41",5049300
10850,150,100,"bu","13:25:39",5044300
10850,150,900,"bu","13:25:32",5044200
10850,150,1000,"bu","13:25:28",5043300
10850,150,700,"bu","13:25:28",5042300
10850,150,800,"bu","13:25:28",5041600
10850,150,700,"bu","13:25:27",5040800
10850,150,1000,"bu","13:25:27",5040100
10850,150,3300,"bu","13:25:27",5039100
10850,150,500,"bu","13:25:27",5035800
10800,100,20000,"sd","13:25:26",5035300
10850,150,1000,"bu","13:25:25",5015300
10850,150,900,"bu","13:25:22",5014300
10850,150,1100,"bu","13:25:22",5013400
10850,150,900,"bu","13:25:13",5012300
10850,150,400,"bu","13:25:13",5011400
10850,150,700,"bu","13:25:13",5011000
10850,150,3900,"bu","13:25:12",5010300
10850,150,500,"bu","13:25:11",5006400
10850,150,200,"bu","13:25:11",5005900
10850,150,800,"bu","13:25:11",5005700
10850,150,2500,"bu","13:25:10",5004900
10850,150,100,"bu","13:25:10",5002400
10850,150,200,"bu","13:25:10",5002300
10850,150,200,"bu","13:25:10",5002100
10850,150,3000,"bu","13:25:10",5001900
10850,150,200,"bu","13:25:10",4998900
10850,150,3800,"bu","13:25:10",4998700
10850,150,2000,"bu","13:25:08",4994900
10850,150,20000,"bu","13:25:07",4992900
10850,150,24200,"bu","13:25:03",4972900
10850,150,400,"bu","13:25:03",4948700
10850,150,500,"bu","13:25:03",4948300
10850,150,300,"bu","13:25:03",4947800
10850,150,500,"bu","13:25:03",4947500
10850,150,100,"bu","13:25:03",4947000
10850,150,1000,"bu","13:25:03",4946900
10850,150,500,"bu","13:25:03",4945900
10850,150,3000,"bu","13:25:03",4945400
10850,150,1400,"bu","13:25:03",4942400
10800,100,11000,"sd","13:25:03",4941000
10850,150,100,"bu","13:25:01",4930000
10850,150,5500,"bu","13:24:56",4929900
10850,150,500,"bu","13:24:56",4924400
10850,150,4200,"bu","13:24:56",4923900
10850,150,6000,"bu","13:24:43",4919700
10800,100,200,"sd","13:24:36",4913700
10800,100,500,"bu","13:24:33",4913500
10800,100,1200,"bu","13:24:33",4913000
10800,100,400,"bu","13:24:33",4911800
10800,100,2300,"bu","13:24:33",4911400
10800,100,200,"bu","13:24:33",4909100
10800,100,100,"bu","13:24:33",4908900
10800,100,600,"bu","13:24:33",4908800
10800,100,100,"bu","13:24:33",4908200
10800,100,500,"bu","13:24:33",4908100
10800,100,1000,"bu","13:24:33",4907600
10800,100,1000,"bu","13:24:33",4906600
10800,100,2000,"bu","13:24:33",4905600
10800,100,6800,"bu","13:24:33",4903600
10800,100,10000,"bu","13:24:33",4896800
10800,100,500,"bu","13:24:33",4886800
10800,100,800,"bu","13:24:33",4886300
10800,100,400,"bu","13:24:33",4885500
10800,100,7000,"bu","13:24:33",4885100
10800,100,3000,"bu","13:24:33",4878100
10800,100,200,"bu","13:24:33",4875100
10800,100,1000,"bu","13:24:33",4874900
10800,100,600,"bu","13:24:33",4873900
10800,100,2000,"bu","13:24:33",4873300
10800,100,100,"bu","13:24:33",4871300
10800,100,3000,"bu","13:24:33",4871200
10800,100,2900,"bu","13:24:33",4868200
10800,100,500,"bu","13:24:33",4865300
10800,100,200,"bu","13:24:33",4864800
10800,100,4800,"bu","13:24:33",4864600
10800,100,200,"bu","13:24:33",4859800
10800,100,1000,"bu","13:24:33",4859600
10800,100,200,"bu","13:24:33",4858600
10800,100,600,"bu","13:24:33",4858400
10800,100,1400,"bu","13:24:33",4857800
10800,100,2500,"bu","13:24:33",4856400
10800,100,6700,"bu","13:24:33",4853900
10800,100,1000,"bu","13:24:33",4847200
10800,100,500,"bu","13:24:33",4846200
10800,100,1000,"bu","13:24:33",4845700
10800,100,600,"bu","13:24:33",4844700
10800,100,2000,"bu","13:24:33",4844100
10800,100,5000,"bu","13:24:33",4842100
10800,100,22000,"bu","13:24:33",4837100
10800,100,16600,"bu","13:24:33",4815100
10800,100,400,"bu","13:24:33",4798500
10800,100,200,"bu","13:24:33",4798100
10800,100,30200,"bu","13:24:33",4797900
10800,100,2000,"bu","13:24:32",4767700
10800,100,1000,"bu","13:24:30",4765700
10800,100,14500,"bu","13:24:29",4764700
10800,100,300,"bu","13:24:29",4750200
10800,100,1000,"bu","13:24:24",4749900
10800,100,1000,"bu","13:24:24",4748900
10800,100,6800,"bu","13:24:18",4747900
10750,50,1400,"sd","13:24:16",4741100
10750,50,500,"sd","13:24:16",4739700
10750,50,3000,"sd","13:24:16",4739200
10750,50,100,"sd","13:24:16",4736200
10800,100,10000,"bu","13:24:11",4736100
10800,100,2000,"bu","13:24:08",4726100
10800,100,5000,"bu","13:24:07",4724100
10800,100,20000,"bu","13:24:06",4719100
10800,100,6200,"bu","13:24:04",4699100
10800,100,3800,"bu","13:24:04",4692900
10800,100,1200,"bu","13:24:00",4689100
10800,100,5300,"bu","13:24:00",4687900
10800,100,500,"bu","13:23:59",4682600
10800,100,900,"bu","13:23:48",4682100
10800,100,100,"bu","13:23:48",4681200
10800,100,900,"bu","13:23:45",4681100
10800,100,100,"bu","13:23:45",4680200
10750,50,500,"bu","13:23:30",4680100
10750,50,5900,"bu","13:23:30",4679600
10750,50,14100,"bu","13:23:30",4673700
10750,50,1000,"bu","13:23:30",4659600
10750,50,4500,"bu","13:23:30",4658600
10750,50,400,"bu","13:23:30",4654100
10750,50,600,"bu","13:23:29",4653700
10750,50,400,"bu","13:23:29",4653100
10750,50,100,"bu","13:23:28",4652700
10750,50,300,"bu","13:23:28",4652600
10750,50,1000,"bu","13:23:28",4652300
10750,50,1000,"bu","13:23:28",4651300
10750,50,4000,"bu","13:23:27",4650300
10750,50,5000,"bu","13:23:25",4646300
10750,50,5000,"bu","13:23:25",4641300
10750,50,20000,"bu","13:23:24",4636300
10750,50,4000,"bu","13:23:23",4616300
10750,50,2000,"bu","13:23:23",4612300
10750,50,400,"bu","13:23:23",4610300
10750,50,1700,"bu","13:23:22",4609900
10750,50,6900,"bu","13:23:21",4608200
10750,50,500,"bu","13:23:21",4601300
10750,50,300,"bu","13:23:21",4600800
10750,50,2300,"bu","13:23:21",4600500
10750,50,2700,"bu","13:23:19",4598200
10750,50,100,"bu","13:23:19",4595500
10750,50,200,"bu","13:23:19",4595400
10750,50,2000,"bu","13:23:19",4595200
10750,50,200,"bu","13:23:19",4593200
10750,50,1500,"bu","13:23:19",4593000
10750,50,200,"bu","13:23:19",4591500
10750,50,1000,"bu","13:23:19",4591300
10750,50,300,"bu","13:23:19",4590300
10750,50,1200,"bu","13:23:18",4590000
10750,50,3000,"bu","13:23:18",4588800
10750,50,2800,"bu","13:23:18",4585800
10750,50,3000,"bu","13:23:16",4583000
10750,50,500,"bu","13:23:15",4580000
10750,50,900,"bu","13:23:15",4579500
10750,50,1500,"bu","13:23:15",4578600
10750,50,600,"bu","13:23:15",4577100
10750,50,300,"bu","13:23:14",4576500
10750,50,2700,"bu","13:23:14",4576200
10750,50,2900,"bu","13:23:14",4573500
10750,50,3200,"bu","13:23:14",4570600
10750,50,400,"bu","13:23:14",4567400
10750,50,800,"bu","13:23:12",4567000
10750,50,5900,"bu","13:23:12",4566200
10750,50,500,"bu","13:23:12",4560300
10750,50,2000,"bu","13:23:12",4559800
10750,50,500,"bu","13:23:12",4557800
10750,50,10300,"bu","13:23:12",4557300
10750,50,3000,"bu","13:23:09",4547000
10750,50,1700,"bu","13:23:07",4544000
10750,50,13300,"bu","13:23:07",4542300
10750,50,1200,"bu","13:23:07",4529000
10750,50,5500,"bu","13:23:04",4527800
10750,50,4300,"bu","13:23:04",4522300
10750,50,5000,"bu","13:23:04",4518000
10750,50,200,"bu","13:23:04",4513000
10750,50,8300,"bu","13:23:04",4512800
10750,50,1700,"bu","13:23:04",4504500
10750,50,500,"bu","13:22:41",4502800
10700,0,100,"sd","13:22:28",4502300
10700,0,400,"bu","13:22:27",4502200
10700,0,7500,"bu","13:22:27",4501800
10700,0,2000,"bu","13:22:27",4494300
10700,0,500,"bu","13:22:27",4492300
10700,0,5000,"bu","13:22:27",4491800
10700,0,300,"bu","13:22:27",4486800
10700,0,500,"bu","13:22:27",4486500
10700,0,300,"bu","13:22:27",4486000
10700,0,24900,"bu","13:22:27",4485700
10700,0,20000,"bu","13:22:27",4460800
10700,0,16000,"bu","13:22:27",4440800
10700,0,1400,"bu","13:22:27",4424800
10700,0,3000,"bu","13:22:27",4423400
10700,0,700,"bu","13:22:27",4420400
10700,0,10000,"bu","13:22:27",4419700
10700,0,500,"bu","13:22:27",4409700
10700,0,400,"bu","13:22:24",4409200
10700,0,1600,"bu","13:22:19",4408800
10700,0,7000,"bu","13:22:15",4407200
10700,0,2300,"bu","13:22:10",4400200
10700,0,2000,"bu","13:22:02",4397900
10700,0,4000,"bu","13:21:57",4395900
10700,0,1300,"bu","13:21:48",4391900
10700,0,500,"bu","13:21:48",4390600
10700,0,1000,"bu","13:21:48",4390100
10700,0,1000,"bu","13:21:48",4389100
10700,0,6200,"bu","13:21:48",4388100
10700,0,200,"bu","13:21:09",4381900
10700,0,100,"bu","13:20:57",4381700
10700,0,5000,"bu","13:20:56",4381600
10700,0,500,"bu","13:20:45",4376600
10700,0,500,"bu","13:20:24",4376100
10650,-50,100,"sd","13:19:39",4375600
10650,-50,1900,"sd","13:18:37",4375500
10650,-50,1100,"sd","13:18:37",4373600
10650,-50,900,"sd","13:18:18",4372500
10650,-50,600,"sd","13:18:18",4371600
10650,-50,500,"sd","13:18:18",4371000
10650,-50,500,"sd","13:17:14",4370500
10650,-50,2000,"sd","13:16:56",4370000
10650,-50,100,"sd","13:16:56",4368000
10650,-50,1000,"sd","13:16:56",4367900
10650,-50,1900,"sd","13:16:56",4366900
10650,-50,1000,"sd","13:16:40",4365000
10700,0,10000,"bu","13:15:57",4364000
10700,0,100,"bu","13:15:50",4354000
10650,-50,800,"sd","13:15:49",4353900
10700,0,700,"bu","13:15:42",4353100
10700,0,500,"bu","13:15:38",4352400
10650,-50,1000,"sd","13:15:37",4351900
10700,0,6200,"bu","13:15:32",4350900
10700,0,100,"bu","13:15:32",4344700
10700,0,300,"bu","13:15:32",4344600
10700,0,400,"bu","13:15:32",4344300
10700,0,600,"bu","13:15:30",4343900
10700,0,100,"bu","13:15:30",4343300
10700,0,500,"bu","13:14:59",4343200
10650,-50,4000,"sd","13:14:59",4342700
10700,0,100,"bu","13:14:51",4338700
10700,0,200,"bu","13:14:45",4338600
10700,0,200,"bu","13:14:39",4338400
10700,0,2500,"bu","13:14:20",4338200
10700,0,200,"bu","13:14:12",4335700
10700,0,600,"bu","13:13:51",4335500
10700,0,200,"bu","13:13:39",4334900
10650,-50,500,"sd","13:13:34",4334700
10700,0,100,"bu","13:12:52",4334200
10700,0,100,"bu","13:12:40",4334100
10700,0,1000,"bu","13:12:39",4334000
10700,0,200,"bu","13:12:18",4333000
10700,0,3200,"bu","13:12:11",4332800
10700,0,300,"bu","13:12:01",4329600
10700,0,500,"bu","13:12:01",4329300
10700,0,300,"bu","13:12:01",4328800
10700,0,900,"bu","13:12:01",4328500
10700,0,1000,"bu","13:11:15",4327600
10700,0,9000,"bu","13:11:13",4326600
10700,0,7700,"bu","13:11:03",4317600
10700,0,100,"bu","13:11:01",4309900
10700,0,100,"bu","13:10:47",4309800
10700,0,1600,"bu","13:10:36",4309700
10650,-50,800,"sd","13:10:26",4308100
10650,-50,200,"sd","13:10:26",4307300
10700,0,1000,"bu","13:10:12",4307100
10650,-50,100,"sd","13:10:10",4306100
10700,0,8300,"bu","13:09:54",4306000
10700,0,200,"bu","13:08:54",4297700
10700,0,1000,"bu","13:08:47",4297500
10700,0,100,"bu","13:07:38",4296500
10700,0,100,"bu","13:07:38",4296400
10700,0,300,"bu","13:07:09",4296300
10650,-50,1700,"sd","13:06:48",4296000
10650,-50,1000,"sd","13:06:48",4294300
10650,-50,100,"sd","13:06:48",4293300
10700,0,400,"bu","13:06:35",4293200
10700,0,200,"sd","13:06:34",4292800
10700,0,300,"sd","13:06:19",4292600
10700,0,600,"sd","13:06:19",4292300
10700,0,1000,"sd","13:06:05",4291700
10700,0,300,"sd","13:06:04",4290700
10700,0,300,"sd","13:05:56",4290400
10700,0,300,"sd","13:05:56",4290100
10700,0,100,"sd","13:05:56",4289800
10700,0,1000,"sd","13:05:56",4289700
10700,0,200,"sd","13:05:56",4288700
10700,0,2100,"sd","13:05:56",4288500
10700,0,200,"sd","13:05:56",4286400
10700,0,200,"sd","13:05:56",4286200
10700,0,7000,"sd","13:05:56",4286000
10700,0,400,"sd","13:05:56",4279000
10700,0,300,"sd","13:05:56",4278600
10700,0,5000,"sd","13:05:56",4278300
10700,0,300,"sd","13:05:56",4273300
10700,0,1000,"sd","13:05:56",4273000
10700,0,1000,"sd","13:05:56",4272000
10700,0,4200,"sd","13:05:56",4271000
10700,0,20000,"sd","13:05:56",4266800
10700,0,500,"sd","13:05:56",4246800
10700,0,19900,"sd","13:05:56",4246300
10700,0,300,"sd","13:05:56",4226400
10700,0,400,"sd","13:05:56",4226100
10700,0,1000,"sd","13:05:56",4225700
10700,0,1000,"sd","13:05:56",4224700
10700,0,4800,"sd","13:05:56",4223700
10700,0,500,"sd","13:05:56",4218900
10700,0,6000,"sd","13:05:56",4218400
10700,0,1500,"sd","13:05:56",4212400
10700,0,600,"sd","13:05:56",4210900
10700,0,8000,"sd","13:05:56",4210300
10700,0,10000,"sd","13:05:56",4202300
10700,0,200,"sd","13:05:56",4192300
10700,0,100,"sd","13:05:56",4192100
10700,0,1600,"sd","13:05:56",4192000
10700,0,300,"sd","13:05:49",4190400
10700,0,7300,"sd","13:05:49",4190100
10700,0,2700,"sd","13:05:49",4182800
10700,0,1300,"sd","13:05:49",4180100
10700,0,6700,"sd","13:05:27",4178800
10700,0,1000,"sd","13:04:24",4172100
10700,0,1000,"sd","13:03:52",4171100
10700,0,200,"sd","13:00:36",4170100
10700,0,4800,"sd","13:00:36",4169900
10750,50,100,"bu","13:00:28",4165100
10700,0,600,"sd","13:00:26",4165000
10700,0,1000,"sd","13:00:25",4164400
10700,0,1600,"sd","13:00:25",4163400
10700,0,200,"sd","13:00:25",4161800
10700,0,5000,"sd","13:00:19",4161600
10700,0,100,"sd","13:00:10",4156600
10700,0,1000,"sd","13:00:04",4156500
10700,0,200,"sd","13:00:04",4155500
10700,0,100,"sd","13:00:01",4155300
10700,0,100,"sd","13:00:01",4155200
10700,0,2000,"sd","11:29:57",4155100
10700,0,100,"sd","11:29:50",4153100
10700,0,100,"sd","11:29:38",4153000
10700,0,100,"sd","11:29:27",4152900
10700,0,100,"sd","11:29:17",4152800
10700,0,900,"sd","11:29:09",4152700
10700,0,100,"sd","11:29:09",4151800
10700,0,9000,"sd","11:29:09",4151700
10700,0,300,"sd","11:28:41",4142700
10700,0,100,"sd","11:28:39",4142400
10700,0,100,"sd","11:28:28",4142300
10700,0,100,"sd","11:28:18",4142200
10700,0,100,"sd","11:28:05",4142100
10700,0,100,"sd","11:27:51",4142000
10700,0,100,"bu","11:27:36",4141900
10700,0,100,"bu","11:27:36",4141800
10700,0,900,"bu","11:27:35",4141700
10700,0,5100,"bu","11:27:35",4140800
10700,0,500,"bu","11:27:23",4135700
10700,0,100,"bu","11:27:06",4135200
10700,0,1000,"bu","11:26:58",4135100
10700,0,900,"bu","11:26:33",4134100
10700,0,5000,"sd","11:26:30",4133200
10700,0,400,"sd","11:26:30",4128200
10700,0,1600,"sd","11:26:28",4127800
10700,0,1900,"sd","11:26:28",4126200
10700,0,1500,"sd","11:26:28",4124300
10700,0,3000,"sd","11:26:04",4122800
10700,0,5500,"sd","11:25:58",4119800
10700,0,1000,"sd","11:25:58",4114300
10700,0,13500,"sd","11:25:58",4113300
10700,0,6000,"sd","11:25:34",4099800
10700,0,100,"sd","11:25:04",4093800
10750,50,2000,"bu","11:24:56",4093700
10700,0,1200,"bu","11:24:38",4091700
10700,0,1200,"bu","11:24:34",4090500
10700,0,600,"bu","11:24:31",4089300
10700,0,400,"bu","11:24:31",4088700
10700,0,2900,"bu","11:24:15",4088300
10700,0,100,"bu","11:24:15",4085400
10700,0,5000,"bu","11:24:15",4085300
10700,0,2000,"bu","11:24:15",4080300
10700,0,100,"bu","11:24:02",4078300
10700,0,200,"bu","11:24:01",4078200
10700,0,5000,"bu","11:23:59",4078000
10700,0,2500,"bu","11:23:53",4073000
10700,0,200,"bu","11:23:43",4070500
10700,0,100,"bu","11:23:43",4070300
10700,0,100,"bu","11:23:11",4070200
10700,0,900,"bu","11:23:11",4070100
10700,0,1000,"bu","11:23:01",4069200
10700,0,200,"bu","11:22:40",4068200
10700,0,800,"bu","11:22:13",4068000
10700,0,200,"bu","11:22:13",4067200
10700,0,1000,"bu","11:22:08",4067000
10700,0,800,"bu","11:21:56",4066000
10700,0,2900,"bu","11:21:56",4065200
10700,0,2100,"bu","11:21:51",4062300
10700,0,1000,"bu","11:21:51",4060200
10700,0,6900,"bu","11:21:51",4059200
10700,0,700,"bu","11:21:46",4052300
10700,0,300,"bu","11:21:37",4051600
10700,0,700,"bu","11:21:33",4051300
10700,0,7000,"bu","11:21:00",4050600
10700,0,500,"bu","11:20:34",4043600
10700,0,1000,"bu","11:20:23",4043100
10700,0,100,"bu","11:20:00",4042100
10700,0,700,"bu","11:19:52",4042000
10700,0,200,"bu","11:19:29",4041300
10700,0,1900,"bu","11:19:21",4041100
10700,0,8100,"bu","11:19:21",4039200
10700,0,200,"bu","11:19:04",4031100
10700,0,100,"bu","11:19:01",4030900
10700,0,1000,"bu","11:19:01",4030800
10700,0,100,"bu","11:18:50",4029800
10650,-50,400,"sd","11:18:39",4029700
10650,-50,200,"sd","11:18:39",4029300
10650,-50,300,"sd","11:18:39",4029100
10650,-50,300,"sd","11:18:39",4028800
10650,-50,100,"sd","11:18:39",4028500
10650,-50,500,"sd","11:18:39",4028400
10650,-50,5500,"sd","11:18:39",4027900
10650,-50,1000,"sd","11:18:39",4022400
10650,-50,2000,"sd","11:18:39",4021400
10650,-50,5000,"sd","11:18:39",4019400
10650,-50,300,"sd","11:18:39",4014400
10650,-50,200,"sd","11:18:39",4014100
10650,-50,500,"sd","11:18:39",4013900
10650,-50,2000,"sd","11:18:39",4013400
10650,-50,5000,"sd","11:18:39",4011400
10650,-50,500,"sd","11:18:39",4006400
10650,-50,100,"sd","11:18:39",4005900
10650,-50,100,"sd","11:18:39",4005800
10650,-50,2000,"sd","11:18:39",4005700
10650,-50,900,"sd","11:18:39",4003700
10650,-50,10000,"sd","11:18:39",4002800
10650,-50,1000,"sd","11:18:39",3992800
10650,-50,100,"sd","11:18:39",3991800
10650,-50,500,"sd","11:18:39",3991700
10650,-50,1000,"sd","11:18:39",3991200
10650,-50,2000,"sd","11:18:39",3990200
10650,-50,200,"sd","11:18:39",3988200
10650,-50,1000,"sd","11:18:39",3988000
10650,-50,100,"sd","11:18:39",3987000
10650,-50,100,"sd","11:18:39",3986900
10650,-50,2000,"sd","11:18:39",3986800
10650,-50,3000,"sd","11:18:39",3984800
10650,-50,2100,"sd","11:18:39",3981800
10650,-50,900,"sd","11:18:30",3979700
10650,-50,100,"sd","11:18:30",3978800
10700,0,300,"bu","11:18:20",3978700
10700,0,2800,"bu","11:17:52",3978400
10700,0,800,"bu","11:17:52",3975600
10700,0,10000,"bu","11:17:22",3974800
10700,0,600,"bu","11:17:06",3964800
10700,0,2400,"bu","11:16:54",3964200
10700,0,2000,"bu","11:16:28",3961800
10700,0,10000,"sd","11:16:27",3959800
10700,0,500,"sd","11:16:27",3949800
10700,0,3700,"sd","11:16:27",3949300
10700,0,1500,"bu","11:16:16",3945600
10700,0,200,"bu","11:16:16",3944100
10700,0,4000,"bu","11:16:16",3943900
10700,0,600,"bu","11:16:16",3939900
10700,0,100,"bu","11:16:14",3939300
10700,0,200,"bu","11:16:02",3939200
10700,0,100,"bu","11:15:51",3939000
10700,0,4000,"sd","11:15:42",3938900
10700,0,3000,"sd","11:15:20",3934900
10700,0,3000,"bu","11:15:19",3931900
10700,0,600,"bu","11:15:12",3928900
10700,0,200,"bu","11:15:05",3928300
10700,0,4000,"bu","11:15:03",3928100
10700,0,2100,"bu","11:14:54",3924100
10700,0,10000,"bu","11:14:54",3922000
10700,0,2900,"bu","11:14:54",3912000
10700,0,100,"bu","11:14:46",3909100
10700,0,400,"bu","11:14:46",3909000
10700,0,100,"bu","11:14:41",3908600
10700,0,500,"bu","11:14:34",3908500
10700,0,1600,"bu","11:14:34",3908000
10700,0,5000,"bu","11:14:33",3906400
10700,0,700,"bu","11:14:21",3901400
10700,0,800,"bu","11:14:13",3900700
10700,0,300,"bu","11:14:02",3899900
10700,0,100,"bu","11:13:53",3899600
10700,0,4900,"bu","11:13:53",3899500
10700,0,1000,"bu","11:13:48",3894600
10700,0,200,"bu","11:13:38",3893600
10700,0,800,"bu","11:13:25",3893400
10700,0,2000,"bu","11:13:24",3892600
10700,0,500,"bu","11:13:22",3890600
10700,0,600,"bu","11:12:41",3890100
10700,0,400,"bu","11:12:41",3889500
10700,0,10000,"bu","11:12:32",3889100
10700,0,1000,"bu","11:12:14",3879100
10700,0,100,"bu","11:11:39",3878100
10650,-50,9200,"sd","11:11:34",3878000
10700,0,5000,"bu","11:11:00",3868800
10700,0,3400,"bu","11:10:42",3863800
10700,0,100,"sd","11:10:19",3860400
10700,0,2900,"sd","11:10:17",3860300
10700,0,1100,"sd","11:10:17",3857400
10700,0,100,"sd","11:10:06",3856300
10700,0,400,"sd","11:10:06",3856200
10700,0,1000,"sd","11:09:52",3855800
10700,0,3200,"bu","11:09:40",3854800
10700,0,800,"sd","11:09:36",3851600
10700,0,200,"bu","11:09:35",3850800
10700,0,2400,"bu","11:09:11",3850600
10700,0,20000,"bu","11:09:11",3848200
10700,0,20000,"bu","11:09:11",3828200
10700,0,5000,"bu","11:09:11",3808200
10700,0,100,"bu","11:09:11",3803200
10700,0,2500,"bu","11:09:11",3803100
10700,0,1000,"bu","11:08:50",3800600
10700,0,300,"bu","11:08:46",3799600
10700,0,300,"bu","11:08:45",3799300
10700,0,1900,"bu","11:08:39",3799000
10700,0,100,"bu","11:08:39",3797100
10700,0,5000,"bu","11:08:39",3797000
10700,0,1000,"bu","11:08:38",3792000
10700,0,200,"bu","11:08:27",3791000
10700,0,1000,"bu","11:08:01",3790800
10700,0,500,"bu","11:07:53",3789800
10700,0,1000,"bu","11:07:47",3789300
10700,0,100,"bu","11:07:43",3788300
10700,0,1000,"bu","11:07:14",3788200
10700,0,500,"bu","11:07:08",3787200
10700,0,2000,"bu","11:06:58",3786700
10700,0,1000,"bu","11:06:49",3784700
10700,0,1000,"bu","11:06:48",3783700
10700,0,1500,"bu","11:06:31",3782700
10700,0,16100,"bu","11:06:29",3781200
10700,0,10000,"bu","11:06:29",3765100
10700,0,500,"bu","11:06:29",3755100
10700,0,2000,"bu","11:06:29",3754600
10700,0,200,"bu","11:06:29",3752600
10700,0,10000,"bu","11:06:29",3752400
10700,0,600,"bu","11:06:29",3742400
10700,0,2400,"bu","11:06:29",3741800
10700,0,400,"bu","11:06:29",3739400
10700,0,7600,"bu","11:06:29",3739000
10700,0,200,"bu","11:06:29",3731400
10700,0,400,"bu","11:06:21",3731200
10700,0,100,"bu","11:06:10",3730800
10700,0,300,"bu","11:06:04",3730700
10700,0,800,"bu","11:06:04",3730400
10700,0,1000,"bu","11:06:04",3729600
10700,0,1900,"bu","11:06:04",3728600
10700,0,300,"bu","11:05:50",3726700
10700,0,1400,"bu","11:05:10",3726400
10700,0,2500,"bu","11:04:59",3725000
10700,0,3000,"bu","11:04:29",3722500
10700,0,400,"bu","11:04:18",3719500
10700,0,500,"bu","11:04:17",3719100
10700,0,500,"bu","11:04:17",3718600
10700,0,500,"bu","11:03:37",3718100
10700,0,100,"bu","11:03:37",3717600
10700,0,3600,"bu","11:03:37",3717500
10700,0,300,"bu","11:03:33",3713900
10700,0,5200,"bu","11:02:49",3713600
10700,0,100,"bu","11:02:14",3708400
10700,0,1000,"bu","11:01:19",3708300
10700,0,900,"bu","11:01:04",3707300
10700,0,1000,"bu","11:00:55",3706400
10700,0,100,"bu","11:00:53",3705400
10700,0,100,"bu","11:00:08",3705300
10700,0,400,"bu","10:59:48",3705200
10700,0,300,"bu","10:59:39",3704800
10700,0,100,"bu","10:59:36",3704500
10700,0,10000,"bu","10:59:33",3704400
10700,0,800,"bu","10:59:30",3694400
10700,0,300,"bu","10:59:11",3693600
10700,0,20000,"bu","10:59:09",3693300
10700,0,10000,"sd","10:58:41",3673300
10700,0,1700,"sd","10:58:41",3663300
10700,0,200,"sd","10:58:41",3661600
10700,0,7000,"sd","10:58:41",3661400
10700,0,5000,"sd","10:58:41",3654400
10700,0,600,"sd","10:58:41",3649400
10700,0,1000,"sd","10:58:41",3648800
10700,0,20000,"sd","10:58:41",3647800
10700,0,100,"sd","10:58:41",3627800
10700,0,3100,"sd","10:58:41",3627700
10700,0,400,"sd","10:58:41",3624600
10700,0,200,"sd","10:58:41",3624200
10700,0,100,"sd","10:58:41",3624000
10700,0,100,"sd","10:58:41",3623900
10700,0,2000,"sd","10:58:41",3623800
10700,0,1000,"sd","10:58:41",3621800
10700,0,2500,"sd","10:58:38",3620800
10700,0,3900,"sd","10:58:38",3618300
10700,0,600,"sd","10:58:16",3614400
10700,0,1000,"sd","10:58:02",3613800
10700,0,34500,"sd","10:58:01",3612800
10700,0,3000,"sd","10:58:01",3578300
10700,0,300,"sd","10:58:01",3575300
10700,0,200,"sd","10:58:01",3575000
10700,0,2000,"sd","10:58:01",3574800
10700,0,6500,"sd","10:57:50",3572800
10750,50,100,"bu","10:57:48",3566300
10700,0,1500,"sd","10:57:35",3566200
10700,0,1000,"sd","10:57:35",3564700
10700,0,3000,"sd","10:57:35",3563700
10700,0,1000,"sd","10:57:35",3560700
10700,0,5000,"sd","10:57:34",3559700
10700,0,100,"sd","10:57:34",3554700
10700,0,3000,"sd","10:57:34",3554600
10700,0,1900,"sd","10:57:34",3551600
10700,0,5000,"sd","10:57:15",3549700
10700,0,10000,"sd","10:57:15",3544700
10700,0,2500,"sd","10:57:15",3534700
10700,0,100,"sd","10:57:15",3532200
10700,0,300,"sd","10:57:15",3532100
10750,50,100,"bu","10:57:04",3531800
10700,0,500,"sd","10:56:58",3531700
10700,0,14500,"sd","10:56:58",3531200
10750,50,5300,"bu","10:55:36",3516700
10750,50,2000,"bu","10:55:28",3511400
10750,50,500,"bu","10:55:13",3509400
10750,50,4900,"bu","10:55:13",3508900
10750,50,100,"bu","10:55:07",3504000
10700,0,500,"sd","10:55:04",3503900
10700,0,300,"bu","10:55:02",3503400
10700,0,1700,"bu","10:55:02",3503100
10700,0,300,"bu","10:55:00",3501400
10700,0,200,"bu","10:55:00",3501100
10700,0,300,"bu","10:54:46",3500900
10700,0,300,"bu","10:54:46",3500600
10700,0,400,"bu","10:54:46",3500300
10700,0,4600,"bu","10:54:44",3499900
10700,0,400,"bu","10:54:44",3495300
10700,0,500,"bu","10:54:38",3494900
10700,0,500,"bu","10:54:34",3494400
10700,0,500,"bu","10:54:29",3493900
10700,0,500,"bu","10:54:27",3493400
10700,0,1000,"bu","10:54:11",3492900
10700,0,3000,"sd","10:54:04",3491900
10700,0,300,"sd","10:54:04",3488900
10700,0,2500,"sd","10:54:04",3488600
10700,0,200,"bu","10:53:36",3486100
10700,0,100,"sd","10:53:35",3485900
10700,0,200,"sd","10:53:35",3485800
10700,0,500,"sd","10:53:35",3485600
10700,0,5000,"bu","10:53:12",3485100
10700,0,1000,"sd","10:53:07",3480100
10700,0,200,"sd","10:53:07",3479100
10700,0,8800,"sd","10:53:07",3478900
10700,0,1000,"sd","10:52:50",3470100
10700,0,200,"bu","10:52:43",3469100
10700,0,500,"bu","10:52:36",3468900
10700,0,1000,"bu","10:52:36",3468400
10700,0,300,"bu","10:52:26",3467400
10700,0,200,"bu","10:52:26",3467100
10700,0,1000,"bu","10:52:20",3466900
10700,0,300,"bu","10:52:15",3465900
10700,0,500,"bu","10:52:07",3465600
10700,0,1000,"bu","10:52:02",3465100
10700,0,1000,"bu","10:52:02",3464100
10700,0,1000,"bu","10:51:49",3463100
10700,0,500,"bu","10:51:37",3462100
10700,0,1000,"bu","10:51:34",3461600
10700,0,1200,"bu","10:51:16",3460600
10700,0,300,"bu","10:51:02",3459400
10700,0,1500,"bu","10:50:59",3459100
10700,0,200,"sd","10:50:50",3457600
10700,0,1000,"sd","10:50:50",3457400
10700,0,1000,"sd","10:50:50",3456400
10700,0,5000,"sd","10:50:50",3455400
10700,0,500,"sd","10:50:50",3450400
10700,0,2500,"sd","10:50:50",3449900
10700,0,1000,"sd","10:50:50",3447400
10700,0,3300,"sd","10:50:50",3446400
10700,0,100,"sd","10:50:36",3443100
10700,0,1400,"bu","10:50:20",3443000
10700,0,200,"bu","10:50:20",3441600
10700,0,1000,"bu","10:50:14",3441400
10700,0,100,"bu","10:50:12",3440400
10700,0,5000,"bu","10:50:11",3440300
10700,0,1000,"sd","10:50:10",3435300
10700,0,1500,"sd","10:50:10",3434300
10700,0,200,"sd","10:50:10",3432800
10700,0,300,"sd","10:50:03",3432600
10700,0,10000,"sd","10:50:03",3432300
10700,0,1000,"sd","10:50:03",3422300
10700,0,3700,"sd","10:50:03",3421300
10700,0,6000,"bu","10:49:51",3417600
10700,0,300,"bu","10:49:51",3411600
10700,0,5000,"bu","10:49:47",3411300
10700,0,10000,"bu","10:49:40",3406300
10700,0,300,"bu","10:49:37",3396300
10700,0,1000,"sd","10:49:35",3396000
10700,0,1500,"sd","10:49:35",3395000
10700,0,200,"sd","10:49:35",3393500
10700,0,200,"sd","10:49:35",3393300
10700,0,1000,"sd","10:49:35",3393100
10700,0,500,"sd","10:49:35",3392100
10700,0,2000,"sd","10:49:28",3391600
10700,0,200,"sd","10:49:24",3389600
10700,0,100,"sd","10:49:24",3389400
10700,0,500,"sd","10:49:24",3389300
10700,0,1000,"sd","10:49:24",3388800
10700,0,2000,"sd","10:49:24",3387800
10700,0,200,"sd","10:49:24",3385800
10700,0,1000,"sd","10:49:24",3385600
10700,0,1500,"sd","10:49:04",3384600
10700,0,17500,"sd","10:48:59",3383100
10700,0,500,"sd","10:48:59",3365600
10700,0,5000,"sd","10:48:59",3365100
10700,0,1000,"sd","10:48:59",3360100
10700,0,1000,"sd","10:48:59",3359100
10700,0,1000,"sd","10:48:59",3358100
10700,0,1000,"sd","10:48:59",3357100
10750,50,500,"bu","10:48:52",3356100
10750,50,100,"bu","10:48:40",3355600
10700,0,100,"bu","10:48:05",3355500
10700,0,29900,"bu","10:47:55",3355400
10700,0,13100,"bu","10:47:55",3325500
10700,0,500,"bu","10:47:54",3312400
10700,0,1000,"sd","10:47:47",3311900
10700,0,100,"sd","10:47:47",3310900
10700,0,1000,"sd","10:47:47",3310800
10700,0,5000,"sd","10:47:47",3309800
10700,0,5000,"sd","10:47:47",3304800
10700,0,500,"sd","10:47:47",3299800
10700,0,3800,"sd","10:47:47",3299300
10700,0,1200,"sd","10:47:42",3295500
10700,0,300,"sd","10:47:42",3294300
10700,0,200,"sd","10:47:37",3294000
10700,0,3000,"sd","10:47:37",3293800
10700,0,2000,"sd","10:47:37",3290800
10700,0,100,"sd","10:47:37",3288800
10700,0,2200,"sd","10:47:37",3288700
10700,0,5800,"sd","10:47:33",3286500
10700,0,1000,"sd","10:47:33",3280700
10700,0,700,"sd","10:47:33",3279700
10750,50,100,"bu","10:47:27",3279000
10700,0,1900,"sd","10:46:44",3278900
10700,0,400,"sd","10:46:44",3277000
10700,0,5200,"sd","10:46:44",3276600
10700,0,4800,"bu","10:46:32",3271400
10700,0,2700,"bu","10:46:31",3266600
10700,0,1300,"bu","10:46:31",3263900
10700,0,1000,"bu","10:46:31",3262600
10700,0,2000,"bu","10:46:24",3261600
10700,0,100,"bu","10:46:23",3259600
10700,0,10000,"bu","10:46:20",3259500
10700,0,2000,"sd","10:46:19",3249500
10700,0,2000,"sd","10:46:19",3247500
10700,0,5000,"sd","10:46:19",3245500
10700,0,7900,"sd","10:46:19",3240500
10700,0,2100,"sd","10:46:15",3232600
10700,0,100,"sd","10:46:15",3230500
10700,0,5000,"sd","10:46:15",3230400
10700,0,300,"sd","10:46:15",3225400
10700,0,3400,"bu","10:45:45",3225100
10700,0,1300,"bu","10:45:45",3221700
10700,0,1000,"bu","10:45:24",3220400
10700,0,1000,"sd","10:45:21",3219400
10700,0,1000,"sd","10:45:21",3218400
10700,0,500,"sd","10:45:21",3217400
10700,0,1000,"sd","10:45:21",3216900
10700,0,34200,"sd","10:45:21",3215900
10700,0,15800,"sd","10:45:17",3181700
10700,0,10000,"sd","10:45:17",3165900
10700,0,100,"sd","10:45:17",3155900
10700,0,2000,"sd","10:45:17",3155800
10700,0,2100,"sd","10:45:17",3153800
10750,50,100,"bu","10:45:08",3151700
10700,0,5000,"bu","10:45:01",3151600
10700,0,5000,"bu","10:45:00",3146600
10700,0,5000,"bu","10:45:00",3141600
10700,0,500,"sd","10:44:52",3136600
10700,0,2000,"sd","10:44:52",3136100
10700,0,5000,"sd","10:44:50",3134100
10700,0,2900,"sd","10:44:47",3129100
10700,0,5600,"sd","10:44:47",3126200
10700,0,1000,"sd","10:44:47",3120600
10700,0,3700,"sd","10:44:47",3119600
10700,0,400,"sd","10:44:47",3115900
10700,0,1000,"sd","10:44:47",3115500
10700,0,1500,"sd","10:44:47",3114500
10700,0,1000,"sd","10:44:47",3113000
10700,0,500,"sd","10:44:47",3112000
10700,0,900,"sd","10:44:47",3111500
10700,0,1500,"sd","10:44:47",3110600
10700,0,7500,"sd","10:44:43",3109100
10700,0,1000,"sd","10:44:34",3101600
10700,0,300,"sd","10:44:34",3100600
10700,0,10000,"sd","10:44:34",3100300
10700,0,4000,"sd","10:44:34",3090300
10700,0,4700,"sd","10:44:34",3086300
10750,50,5000,"bu","10:44:20",3081600
10750,50,100,"bu","10:44:08",3076600
10700,0,5300,"bu","10:43:39",3076500
10700,0,700,"bu","10:43:32",3071200
10700,0,100,"bu","10:43:31",3070500
10700,0,1000,"bu","10:43:30",3070400
10700,0,5000,"bu","10:43:23",3069400
10700,0,100,"sd","10:43:11",3064400
10700,0,100,"sd","10:43:11",3064300
10700,0,100,"sd","10:43:11",3064200
10700,0,2600,"sd","10:43:11",3064100
10700,0,20000,"sd","10:43:06",3061500
10700,0,5000,"sd","10:43:03",3041500
10700,0,5000,"sd","10:42:50",3036500
10700,0,2400,"bu","10:42:36",3031500
10700,0,2000,"bu","10:42:35",3029100
10700,0,5000,"bu","10:42:28",3027100
10700,0,200,"bu","10:42:27",3022100
10700,0,3000,"sd","10:42:26",3021900
10700,0,2400,"sd","10:42:26",3018900
10700,0,2300,"bu","10:42:21",3016500
10700,0,5000,"bu","10:42:18",3014200
10700,0,100,"bu","10:42:16",3009200
10700,0,1000,"sd","10:42:08",3009100
10700,0,6600,"sd","10:42:08",3008100
10700,0,1000,"sd","10:42:02",3001500
10700,0,1000,"sd","10:42:02",3000500
10700,0,400,"bu","10:41:47",2999500
10700,0,100,"bu","10:41:43",2999100
10700,0,500,"bu","10:41:39",2999000
10700,0,4500,"bu","10:41:39",2998500
10700,0,7100,"bu","10:41:30",2994000
10700,0,500,"bu","10:41:17",2986900
10700,0,1000,"sd","10:41:13",2986400
10700,0,2500,"sd","10:41:13",2985400
10700,0,1000,"sd","10:41:13",2982900
10700,0,500,"sd","10:41:13",2981900
10700,0,2900,"sd","10:41:13",2981400
10700,0,1000,"sd","10:40:56",2978500
10700,0,1100,"bu","10:40:50",2977500
10700,0,10000,"bu","10:40:39",2976400
10700,0,3000,"bu","10:40:31",2966400
10700,0,5000,"bu","10:40:27",2963400
10700,0,1000,"sd","10:40:18",2958400
10700,0,400,"sd","10:40:18",2957400
10700,0,4500,"sd","10:40:18",2957000
10700,0,5000,"sd","10:40:17",2952500
10700,0,200,"sd","10:40:15",2947500
10750,50,100,"bu","10:40:15",2947300
10700,0,300,"sd","10:40:03",2947200
10700,0,200,"sd","10:40:03",2946900
10700,0,400,"sd","10:40:02",2946700
10700,0,700,"sd","10:39:36",2946300
10750,50,100,"bu","10:39:35",2945600
10700,0,1000,"bu","10:39:03",2945500
10700,0,900,"bu","10:39:03",2944500
10700,0,100,"bu","10:39:00",2943600
10700,0,1000,"bu","10:38:58",2943500
10700,0,500,"bu","10:38:58",2942500
10700,0,200,"bu","10:38:57",2942000
10700,0,400,"bu","10:38:56",2941800
10700,0,1400,"bu","10:38:56",2941400
10700,0,1700,"bu","10:38:54",2940000
10700,0,3000,"bu","10:38:46",2938300
10700,0,500,"bu","10:38:40",2935300
10700,0,500,"bu","10:38:40",2934800
10700,0,6000,"bu","10:38:38",2934300
10700,0,3000,"bu","10:38:35",2928300
10700,0,1000,"bu","10:38:34",2925300
10700,0,100,"bu","10:38:28",2924300
10700,0,2000,"sd","10:38:13",2924200
10700,0,800,"sd","10:38:13",2922200
10700,0,4200,"bu","10:38:08",2921400
10700,0,3300,"sd","10:38:06",2917200
10750,50,100,"bu","10:38:03",2913900
10700,0,5700,"sd","10:38:01",2913800
10700,0,500,"sd","10:38:01",2908100
10700,0,2000,"sd","10:38:01",2907600
10700,0,20000,"sd","10:38:01",2905600
10700,0,100,"sd","10:38:01",2885600
10700,0,1700,"sd","10:38:01",2885500
10700,0,3300,"sd","10:37:56",2883800
10700,0,600,"sd","10:37:56",2880500
10700,0,100,"sd","10:37:56",2879900
10700,0,10000,"sd","10:37:56",2879800
10700,0,12500,"sd","10:37:56",2869800
10750,50,100,"bu","10:37:32",2857300
10700,0,500,"sd","10:37:13",2857200
10750,50,100,"bu","10:37:11",2856700
10700,0,300,"bu","10:37:00",2856600
10700,0,6700,"bu","10:37:00",2856300
10700,0,100,"bu","10:36:58",2849600
10700,0,100,"bu","10:36:57",2849500
10700,0,1000,"bu","10:36:55",2849400
10700,0,1000,"bu","10:36:48",2848400
10700,0,6000,"bu","10:36:43",2847400
10700,0,100,"sd","10:36:42",2841400
10700,0,4900,"bu","10:36:36",2841300
10700,0,5000,"sd","10:36:34",2836400
10700,0,1000,"sd","10:36:34",2831400
10700,0,1000,"sd","10:36:34",2830400
10700,0,1000,"sd","10:36:34",2829400
10700,0,500,"sd","10:36:34",2828400
10700,0,100,"sd","10:36:34",2827900
10700,0,10000,"sd","10:36:34",2827800
10700,0,2000,"sd","10:36:34",2817800
10700,0,3100,"sd","10:36:34",2815800
10700,0,100,"sd","10:36:27",2812700
10700,0,2000,"sd","10:36:20",2812600
10700,0,1000,"sd","10:36:14",2810600
10750,50,100,"bu","10:36:12",2809600
10700,0,6000,"sd","10:35:55",2809500
10750,50,100,"bu","10:35:36",2803500
10700,0,100,"sd","10:35:22",2803400
10700,0,100,"sd","10:35:02",2803300
10700,0,2000,"bu","10:35:01",2803200
10700,0,300,"bu","10:35:01",2801200
10700,0,300,"bu","10:35:00",2800900
10700,0,100,"bu","10:35:00",2800600
10700,0,15500,"bu","10:35:00",2800500
10700,0,2000,"bu","10:34:59",2785000
10700,0,5000,"bu","10:34:54",2783000
10700,0,1000,"bu","10:34:53",2778000
10700,0,1400,"bu","10:34:44",2777000
10700,0,3000,"bu","10:34:44",2775600
10700,0,500,"bu","10:34:44",2772600
10700,0,5100,"bu","10:34:44",2772100
10700,0,3000,"bu","10:34:40",2767000
10700,0,500,"bu","10:34:38",2764000
10700,0,1200,"bu","10:34:36",2763500
10700,0,1800,"bu","10:34:36",2762300
10700,0,100,"bu","10:34:34",2760500
10700,0,100,"bu","10:34:30",2760400
10700,0,100,"bu","10:34:23",2760300
10650,-50,200,"sd","10:34:14",2760200
10700,0,900,"bu","10:34:14",2760000
10700,0,1000,"bu","10:34:02",2759100
10700,0,100,"bu","10:34:01",2758100
10650,-50,400,"sd","10:33:53",2758000
10700,0,10900,"bu","10:33:53",2757600
10700,0,2100,"bu","10:33:53",2746700
10700,0,500,"bu","10:33:35",2744600
10700,0,100,"bu","10:33:12",2744100
10700,0,100,"bu","10:32:52",2744000
10700,0,100,"bu","10:32:48",2743900
10700,0,500,"bu","10:32:45",2743800
10700,0,200,"bu","10:32:40",2743300
10700,0,3400,"bu","10:32:24",2743100
10700,0,1600,"bu","10:32:24",2739700
10700,0,1000,"bu","10:32:07",2738100
10700,0,200,"bu","10:32:01",2737100
10700,0,5000,"bu","10:32:00",2736900
10700,0,100,"bu","10:31:46",2731900
10650,-50,100,"sd","10:31:43",2731800
10650,-50,100,"sd","10:31:43",2731700
10700,0,400,"bu","10:31:37",2731600
10700,0,300,"bu","10:31:29",2731200
10700,0,1000,"bu","10:31:29",2730900
10700,0,200,"bu","10:31:26",2729900
10700,0,1100,"bu","10:31:19",2729700
10700,0,1000,"bu","10:31:17",2728600
10700,0,1000,"bu","10:31:08",2727600
10700,0,500,"bu","10:30:49",2726600
10700,0,1600,"sd","10:30:46",2726100
10700,0,2200,"sd","10:30:41",2724500
10700,0,20000,"sd","10:30:41",2722300
10700,0,10000,"sd","10:30:41",2702300
10700,0,17800,"sd","10:30:41",2692300
10700,0,200,"sd","10:30:35",2674500
10700,0,400,"sd","10:30:35",2674300
10750,50,100,"bu","10:30:32",2673900
10700,0,100,"bu","10:30:10",2673800
10700,0,2000,"bu","10:29:55",2673700
10700,0,200,"bu","10:29:53",2671700
10700,0,15000,"bu","10:29:53",2671500
10700,0,4800,"bu","10:29:53",2656500
10700,0,1000,"bu","10:29:35",2651700
10700,0,500,"bu","10:29:27",2650700
10700,0,500,"bu","10:29:23",2650200
10700,0,500,"bu","10:29:13",2649700
10700,0,400,"sd","10:29:11",2649200
10700,0,5000,"sd","10:29:11",2648800
10700,0,100,"sd","10:29:11",2643800
10700,0,500,"sd","10:29:11",2643700
10700,0,500,"sd","10:29:11",2643200
10700,0,1300,"sd","10:29:11",2642700
10700,0,2000,"sd","10:29:11",2641400
10700,0,5000,"sd","10:29:11",2639400
10700,0,1000,"sd","10:29:11",2634400
10700,0,10000,"sd","10:29:11",2633400
10700,0,6000,"sd","10:29:11",2623400
10700,0,5000,"sd","10:29:11",2617400
10700,0,400,"sd","10:29:11",2612400
10700,0,500,"sd","10:29:11",2612000
10700,0,2000,"sd","10:29:07",2611500
10700,0,300,"sd","10:29:06",2609500
10700,0,200,"sd","10:29:03",2609200
10700,0,15600,"sd","10:29:03",2609000
10700,0,10000,"sd","10:29:03",2593400
10700,0,30000,"sd","10:29:03",2583400
10700,0,200,"sd","10:29:03",2553400
10700,0,3000,"sd","10:29:03",2553200
10700,0,1000,"sd","10:29:03",2550200
10750,50,300,"bu","10:28:35",2549200
10750,50,100,"bu","10:26:41",2548900
10750,50,2900,"bu","10:26:21",2548800
10750,50,6500,"bu","10:26:21",2545900
10750,50,5600,"bu","10:26:21",2539400
10750,50,100,"bu","10:26:19",2533800
10700,0,2000,"sd","10:26:01",2533700
10700,0,700,"sd","10:25:57",2531700
10700,0,2100,"sd","10:25:49",2531000
10700,0,100,"sd","10:25:49",2528900
10700,0,1000,"sd","10:25:49",2528800
10700,0,1000,"sd","10:25:23",2527800
10700,0,5000,"bu","10:25:20",2526800
10700,0,200,"bu","10:25:10",2521800
10700,0,1000,"bu","10:25:04",2521600
10700,0,800,"sd","10:24:56",2520600
10700,0,600,"sd","10:24:56",2519800
10700,0,100,"sd","10:24:56",2519200
10700,0,300,"sd","10:24:56",2519100
10700,0,3700,"sd","10:24:39",2518800
10700,0,1000,"sd","10:24:39",2515100
10700,0,600,"sd","10:24:39",2514100
10700,0,9700,"sd","10:24:39",2513500
10700,0,300,"sd","10:24:19",2503800
10700,0,4500,"sd","10:24:19",2503500
10700,0,2000,"sd","10:24:19",2499000
10700,0,200,"sd","10:24:19",2497000
10700,0,1500,"bu","10:24:09",2496800
10700,0,300,"bu","10:24:09",2495300
10700,0,10000,"bu","10:24:00",2495000
10700,0,300,"bu","10:23:51",2485000
10700,0,9400,"sd","10:23:37",2484700
10700,0,500,"sd","10:23:31",2475300
10700,0,100,"sd","10:23:23",2474800
10700,0,500,"sd","10:23:23",2474700
10700,0,9300,"sd","10:23:23",2474200
10700,0,700,"sd","10:23:13",2464900
10700,0,8100,"sd","10:23:13",2464200
10700,0,1000,"sd","10:23:03",2456100
10700,0,900,"sd","10:23:01",2455100
10700,0,4100,"sd","10:23:01",2454200
10700,0,500,"bu","10:22:47",2450100
10700,0,200,"bu","10:22:47",2449600
10700,0,5200,"bu","10:22:47",2449400
10700,0,1000,"bu","10:22:43",2444200
10700,0,7000,"bu","10:22:28",2443200
10700,0,500,"bu","10:21:54",2436200
10700,0,100,"bu","10:21:53",2435700
10700,0,2000,"bu","10:21:45",2435600
10700,0,1200,"bu","10:21:44",2433600
10700,0,7000,"bu","10:21:42",2432400
10700,0,1000,"bu","10:21:42",2425400
10700,0,2300,"bu","10:21:42",2424400
10700,0,2000,"bu","10:21:42",2422100
10700,0,20000,"bu","10:21:42",2420100
10700,0,17700,"bu","10:21:42",2400100
10700,0,500,"bu","10:21:28",2382400
10700,0,10000,"bu","10:20:23",2381900
10700,0,500,"bu","10:20:10",2371900
10700,0,7400,"bu","10:19:59",2371400
10700,0,2600,"bu","10:19:59",2364000
10700,0,100,"bu","10:19:56",2361400
10650,-50,300,"sd","10:19:32",2361300
10700,0,100,"bu","10:19:31",2361000
10650,-50,500,"sd","10:19:01",2360900
10700,0,100,"bu","10:18:33",2360400
10700,0,1000,"bu","10:18:16",2360300
10700,0,300,"bu","10:18:15",2359300
10700,0,900,"bu","10:17:50",2359000
10700,0,300,"bu","10:17:08",2358100
10650,-50,800,"sd","10:17:00",2357800
10650,-50,200,"sd","10:17:00",2357000
10700,0,100,"bu","10:16:51",2356800
10700,0,1000,"bu","10:16:05",2356700
10700,0,1000,"bu","10:15:56",2355700
10700,0,2000,"bu","10:15:55",2354700
10700,0,300,"sd","10:15:25",2352700
10700,0,4000,"sd","10:15:25",2352400
10700,0,6200,"sd","10:15:25",2348400
10700,0,5600,"sd","10:14:45",2342200
10700,0,900,"sd","10:14:38",2336600
10700,0,200,"bu","10:14:37",2335700
10700,0,2200,"bu","10:14:37",2335500
10700,0,300,"bu","10:14:37",2333300
10700,0,4600,"bu","10:14:37",2333000
10700,0,200,"bu","10:14:35",2328400
10700,0,100,"bu","10:14:28",2328200
10700,0,5400,"bu","10:14:00",2328100
10700,0,2600,"bu","10:14:00",2322700
10700,0,1000,"bu","10:13:07",2320100
10700,0,100,"bu","10:13:00",2319100
10700,0,1000,"bu","10:13:00",2319000
10700,0,200,"bu","10:13:00",2318000
10700,0,100,"bu","10:13:00",2317800
10700,0,300,"bu","10:13:00",2317700
10700,0,600,"bu","10:13:00",2317400
10700,0,600,"sd","10:13:00",2316800
10700,0,3100,"sd","10:13:00",2316200
10700,0,1000,"sd","10:13:00",2313100
10700,0,400,"sd","10:12:59",2312100
10700,0,300,"sd","10:12:59",2311700
10700,0,19300,"sd","10:12:59",2311400
10750,50,100,"bu","10:12:56",2292100
10700,0,1500,"sd","10:12:50",2292000
10700,0,9200,"sd","10:12:46",2290500
10700,0,100,"sd","10:12:46",2281300
10700,0,1800,"sd","10:12:46",2281200
10700,0,200,"sd","10:12:46",2279400
10700,0,100,"sd","10:12:46",2279200
10700,0,1000,"sd","10:12:46",2279100
10700,0,2000,"sd","10:12:46",2278100
10700,0,5000,"sd","10:12:46",2276100
10700,0,30000,"sd","10:12:46",2271100
10700,0,6200,"sd","10:12:46",2241100
10750,50,100,"bu","10:11:45",2234900
10750,50,1300,"bu","10:11:18",2234800
10750,50,200,"bu","10:10:45",2233500
10700,0,300,"sd","10:10:25",2233300
10750,50,3000,"bu","10:10:13",2233000
10750,50,3000,"bu","10:09:49",2230000
10750,50,200,"bu","10:09:00",2227000
10750,50,6400,"bu","10:08:48",2226800
10750,50,500,"bu","10:08:48",2220400
10750,50,5000,"bu","10:08:48",2219900
10750,50,5000,"bu","10:08:48",2214900
10750,50,500,"bu","10:08:48",2209900
10750,50,500,"bu","10:08:48",2209400
10750,50,40000,"bu","10:08:48",2208900
10750,50,200,"bu","10:08:48",2168900
10750,50,1900,"bu","10:08:48",2168700
10750,50,4500,"bu","10:08:41",2166800
10750,50,30000,"bu","10:08:41",2162300
10750,50,400,"bu","10:08:41",2132300
10750,50,3100,"bu","10:08:41",2131900
10750,50,1900,"bu","10:08:34",2128800
10750,50,38000,"bu","10:08:34",2126900
10750,50,3000,"bu","10:08:34",2088900
10750,50,500,"bu","10:08:34",2085900
10750,50,2000,"bu","10:08:34",2085400
10750,50,100,"bu","10:08:34",2083400
10750,50,4500,"bu","10:08:34",2083300
10700,0,1000,"sd","10:08:27",2078800
10700,0,500,"sd","10:08:27",2077800
10700,0,3200,"sd","10:08:27",2077300
10700,0,5000,"sd","10:08:27",2074100
10700,0,3400,"sd","10:08:27",2069100
10700,0,300,"sd","10:08:27",2065700
10700,0,1000,"sd","10:08:27",2065400
10700,0,3100,"sd","10:08:27",2064400
10700,0,800,"bu","10:08:19",2061300
10700,0,1200,"bu","10:08:11",2060500
10700,0,2300,"bu","10:08:02",2059300
10700,0,800,"bu","10:08:02",2057000
10700,0,100,"bu","10:07:55",2056200
10700,0,900,"bu","10:07:54",2056100
10700,0,1200,"bu","10:07:45",2055200
10700,0,500,"bu","10:07:36",2054000
10700,0,1000,"bu","10:07:29",2053500
10700,0,10700,"bu","10:07:29",2052500
10700,0,2500,"sd","10:06:47",2041800
10700,0,1000,"sd","10:06:47",2039300
10700,0,3600,"sd","10:06:47",2038300
10700,0,400,"sd","10:06:47",2034700
10700,0,30000,"sd","10:06:43",2034300
10750,50,100,"bu","10:05:51",2004300
10700,0,800,"sd","10:05:45",2004200
10700,0,600,"sd","10:05:22",2003400
10700,0,100,"sd","10:05:14",2002800
10700,0,6000,"bu","10:05:13",2002700
10700,0,12100,"bu","10:05:13",1996700
10700,0,1200,"bu","10:04:48",1984600
10700,0,1700,"bu","10:04:48",1983400
10700,0,200,"sd","10:04:41",1981700
10700,0,7800,"sd","10:04:41",1981500
10700,0,2200,"sd","10:04:24",1973700
10700,0,100,"sd","10:04:24",1971500
10700,0,32200,"sd","10:04:24",1971400
10700,0,1600,"sd","10:04:09",1939200
10700,0,3300,"bu","10:04:08",1937600
10700,0,6000,"bu","10:04:08",1934300
10700,0,5000,"bu","10:04:08",1928300
10700,0,6000,"bu","10:04:08",1923300
10700,0,45900,"bu","10:04:08",1917300
10650,-50,500,"sd","10:04:07",1871400
10700,0,2000,"bu","10:04:05",1870900
10700,0,2100,"bu","10:03:54",1868900
10700,0,10900,"bu","10:03:54",1866800
10700,0,8800,"bu","10:03:44",1855900
10700,0,300,"bu","10:03:36",1847100
10700,0,4900,"bu","10:03:36",1846800
10700,0,100,"bu","10:03:23",1841900
10650,-50,100,"sd","10:03:20",1841800
10700,0,100,"bu","10:02:27",1841700
10650,-50,400,"sd","10:02:24",1841600
10700,0,100,"bu","10:02:16",1841200
10700,0,100,"bu","10:01:52",1841100
10700,0,2000,"bu","10:01:36",1841000
10700,0,100,"bu","10:01:21",1839000
10650,-50,300,"bu","10:01:02",1838900
10650,-50,200,"bu","10:01:01",1838600
10650,-50,500,"bu","10:01:01",1838400
10650,-50,3000,"bu","10:01:01",1837900
10650,-50,1500,"bu","10:01:01",1834900
10650,-50,100,"bu","10:01:01",1833400
10650,-50,1000,"bu","10:00:57",1833300
10650,-50,1000,"bu","10:00:54",1832300
10650,-50,600,"bu","10:00:53",1831300
10650,-50,500,"bu","10:00:53",1830700
10650,-50,1000,"bu","10:00:47",1830200
10650,-50,700,"bu","10:00:44",1829200
10650,-50,100,"bu","10:00:44",1828500
10650,-50,5000,"bu","10:00:43",1828400
10650,-50,500,"bu","10:00:43",1823400
10650,-50,2700,"bu","10:00:43",1822900
10650,-50,500,"bu","10:00:43",1820200
10650,-50,300,"sd","10:00:43",1819700
10650,-50,1000,"sd","10:00:43",1819400
10650,-50,5000,"sd","10:00:43",1818400
10650,-50,1000,"sd","10:00:43",1813400
10650,-50,500,"sd","10:00:43",1812400
10650,-50,500,"sd","10:00:43",1811900
10650,-50,10000,"sd","10:00:43",1811400
10650,-50,600,"sd","10:00:43",1801400
10650,-50,500,"sd","10:00:43",1800800
10650,-50,4000,"sd","10:00:43",1800300
10650,-50,100,"sd","10:00:43",1796300
10650,-50,100,"sd","10:00:43",1796200
10650,-50,100,"sd","10:00:43",1796100
10650,-50,1000,"sd","10:00:43",1796000
10650,-50,5000,"sd","10:00:43",1795000
10650,-50,200,"sd","10:00:43",1790000
10650,-50,14900,"sd","10:00:43",1789800
10650,-50,100,"sd","10:00:32",1774900
10650,-50,100,"sd","10:00:32",1774800
10650,-50,1000,"sd","10:00:32",1774700
10650,-50,200,"sd","10:00:32",1773700
10650,-50,100,"sd","10:00:32",1773500
10650,-50,100,"sd","10:00:32",1773400
10650,-50,8000,"sd","10:00:32",1773300
10650,-50,100,"sd","10:00:32",1765300
10650,-50,500,"sd","10:00:32",1765200
10650,-50,100,"sd","10:00:32",1764700
10650,-50,200,"sd","10:00:32",1764600
10650,-50,2000,"sd","10:00:32",1764400
10650,-50,100,"sd","10:00:32",1762400
10650,-50,800,"sd","10:00:32",1762300
10650,-50,2000,"sd","10:00:32",1761500
10650,-50,15100,"sd","10:00:32",1759500
10650,-50,2500,"sd","10:00:26",1744400
10700,0,100,"bu","10:00:26",1741900
10650,-50,12400,"sd","10:00:22",1741800
10650,-50,100,"sd","10:00:22",1729400
10650,-50,10000,"sd","10:00:22",1729300
10650,-50,500,"sd","10:00:22",1719300
10650,-50,9000,"sd","10:00:22",1718800
10650,-50,2300,"sd","10:00:22",1709800
10650,-50,200,"sd","10:00:22",1707500
10650,-50,5000,"sd","10:00:22",1707300
10650,-50,500,"sd","10:00:22",1702300
10650,-50,200,"sd","10:00:22",1701800
10650,-50,100,"sd","10:00:22",1701600
10650,-50,100,"sd","10:00:22",1701500
10650,-50,500,"sd","10:00:22",1701400
10650,-50,50000,"sd","10:00:22",1700900
10650,-50,20000,"sd","10:00:22",1650900
10650,-50,2000,"sd","10:00:22",1630900
10650,-50,300,"sd","10:00:22",1628900
10650,-50,1800,"sd","10:00:22",1628600
10700,0,100,"bu","10:00:02",1626800
10700,0,300,"bu","09:59:59",1626700
10700,0,2000,"bu","09:59:55",1626400
10700,0,500,"bu","09:59:52",1624400
10700,0,1300,"bu","09:59:51",1623900
10700,0,3000,"bu","09:59:49",1622600
10700,0,100,"bu","09:59:48",1619600
10700,0,100,"bu","09:59:48",1619500
10700,0,2000,"bu","09:59:40",1619400
10700,0,100,"bu","09:59:34",1617400
10700,0,400,"bu","09:59:33",1617300
10700,0,1600,"sd","09:59:31",1616900
10700,0,8400,"bu","09:59:25",1615300
10700,0,100,"bu","09:59:23",1606900
10700,0,10000,"bu","09:59:22",1606800
10700,0,2000,"sd","09:59:17",1596800
10700,0,9500,"sd","09:59:17",1594800
10700,0,9100,"sd","09:59:13",1585300
10700,0,1000,"sd","09:59:13",1576200
10700,0,1000,"sd","09:59:13",1575200
10700,0,2000,"sd","09:59:13",1574200
10700,0,1000,"sd","09:59:13",1572200
10700,0,2000,"sd","09:59:13",1571200
10700,0,1200,"sd","09:59:13",1569200
10700,0,3700,"sd","09:59:13",1568000
10750,50,100,"bu","09:59:11",1564300
10700,0,1300,"sd","09:59:07",1564200
10700,0,2000,"sd","09:59:07",1562900
10700,0,9000,"sd","09:59:07",1560900
10700,0,100,"sd","09:59:07",1551900
10700,0,2600,"sd","09:59:07",1551800
10750,50,2000,"bu","09:58:38",1549200
10750,50,100,"bu","09:58:27",1547200
10700,0,1000,"sd","09:58:25",1547100
10700,0,100,"sd","09:58:22",1546100
10700,0,1000,"sd","09:58:06",1546000
10700,0,5300,"bu","09:58:06",1545000
10700,0,3300,"bu","09:58:05",1539700
10700,0,700,"bu","09:58:05",1536400
10700,0,1000,"bu","09:58:05",1535700
10700,0,1700,"bu","09:58:03",1534700
10700,0,300,"bu","09:58:03",1533000
10700,0,7900,"bu","09:57:56",1532700
10700,0,2100,"bu","09:57:56",1524800
10700,0,100,"bu","09:57:54",1522700
10700,0,100,"bu","09:57:44",1522600
10700,0,5000,"bu","09:57:39",1522500
10700,0,8700,"bu","09:57:30",1517500
10700,0,11300,"bu","09:57:30",1508800
10700,0,100,"bu","09:57:21",1497500
10700,0,3600,"bu","09:57:19",1497400
10700,0,1400,"bu","09:57:19",1493800
10700,0,10000,"bu","09:57:18",1492400
10700,0,2000,"bu","09:57:10",1482400
10700,0,100,"bu","09:57:07",1480400
10700,0,1000,"bu","09:56:51",1480300
10700,0,100,"bu","09:56:50",1479300
10700,0,200,"bu","09:56:50",1479200
10700,0,100,"bu","09:56:43",1479000
10700,0,100,"bu","09:56:39",1478900
10700,0,100,"bu","09:56:27",1478800
10700,0,100,"bu","09:56:15",1478700
10700,0,6400,"bu","09:56:07",1478600
10700,0,300,"bu","09:56:04",1472200
10700,0,200,"bu","09:55:57",1471900
10700,0,600,"bu","09:55:51",1471700
10700,0,300,"bu","09:55:46",1471100
10700,0,1000,"bu","09:55:37",1470800
10700,0,1000,"bu","09:55:35",1469800
10700,0,200,"bu","09:55:22",1468800
10700,0,100,"bu","09:55:13",1468600
10650,-50,3200,"bu","09:55:00",1468500
10650,-50,100,"bu","09:54:59",1465300
10650,-50,2000,"bu","09:54:59",1465200
10650,-50,1200,"bu","09:54:59",1463200
10650,-50,500,"bu","09:54:59",1462000
10650,-50,1500,"bu","09:54:59",1461500
10650,-50,1000,"bu","09:54:59",1460000
10650,-50,6000,"bu","09:54:59",1459000
10650,-50,1000,"bu","09:54:59",1453000
10650,-50,2000,"sd","09:54:59",1452000
10650,-50,300,"sd","09:54:59",1450000
10650,-50,1000,"sd","09:54:59",1449700
10650,-50,100,"sd","09:54:59",1448700
10650,-50,100,"sd","09:54:59",1448600
10700,0,5000,"bu","09:54:58",1448500
10700,0,5000,"bu","09:54:52",1443500
10650,-50,40000,"sd","09:54:51",1438500
10650,-50,9000,"sd","09:54:46",1398500
10650,-50,200,"sd","09:54:46",1389500
10650,-50,300,"sd","09:54:46",1389300
10650,-50,100,"sd","09:54:46",1389000
10650,-50,5000,"sd","09:54:46",1388900
10650,-50,100,"sd","09:54:46",1383900
10650,-50,100,"sd","09:54:46",1383800
10650,-50,1000,"sd","09:54:46",1383700
10650,-50,5000,"sd","09:54:46",1382700
10650,-50,100,"sd","09:54:46",1377700
10650,-50,100,"sd","09:54:46",1377600
10650,-50,2000,"sd","09:54:46",1377500
10650,-50,100,"sd","09:54:46",1375500
10650,-50,100,"sd","09:54:46",1375400
10650,-50,100,"sd","09:54:46",1375300
10650,-50,2700,"sd","09:54:46",1375200
10700,0,100,"bu","09:54:46",1372500
10700,0,200,"bu","09:54:46",1372400
10700,0,500,"bu","09:54:45",1372200
10650,-50,17300,"sd","09:54:43",1371700
10650,-50,1000,"sd","09:54:43",1354400
10650,-50,2000,"sd","09:54:43",1353400
10650,-50,300,"sd","09:54:43",1351400
10650,-50,3000,"sd","09:54:43",1351100
10650,-50,200,"sd","09:54:43",1348100
10650,-50,2000,"sd","09:54:43",1347900
10650,-50,500,"sd","09:54:43",1345900
10650,-50,5000,"sd","09:54:43",1345400
10650,-50,3700,"sd","09:54:43",1340400
10650,-50,200,"sd","09:54:39",1336700
10700,0,8400,"bu","09:54:39",1336500
10650,-50,200,"sd","09:54:39",1328100
10700,0,500,"bu","09:54:39",1327900
10650,-50,500,"sd","09:54:39",1327400
10700,0,1300,"bu","09:54:39",1326900
10650,-50,400,"sd","09:54:39",1325600
10700,0,2000,"bu","09:54:39",1325200
10650,-50,20000,"sd","09:54:39",1323200
10650,-50,10000,"sd","09:54:39",1303200
10650,-50,100,"sd","09:54:39",1293200
10650,-50,500,"sd","09:54:39",1293100
10650,-50,1000,"sd","09:54:39",1292600
10650,-50,800,"sd","09:54:39",1291600
10650,-50,200,"sd","09:54:39",1290800
10650,-50,6000,"sd","09:54:39",1290600
10650,-50,100,"sd","09:54:39",1284600
10700,0,500,"bu","09:54:36",1284500
10700,0,100,"bu","09:54:28",1284000
10700,0,1000,"bu","09:54:20",1283900
10700,0,100,"bu","09:54:20",1282900
10700,0,300,"bu","09:54:14",1282800
10700,0,2000,"bu","09:54:13",1282500
10700,0,500,"sd","09:54:01",1280500
10700,0,300,"sd","09:54:01",1280000
10700,0,2000,"sd","09:54:01",1279700
10700,0,100,"sd","09:54:01",1277700
10700,0,1000,"sd","09:54:01",1277600
10700,0,100,"sd","09:54:01",1276600
10700,0,500,"sd","09:54:01",1276500
10700,0,100,"sd","09:54:01",1276000
10700,0,200,"sd","09:54:01",1275900
10700,0,700,"sd","09:54:01",1275700
10700,0,100,"sd","09:54:00",1275000
10700,0,3000,"sd","09:54:00",1274900
10700,0,1000,"sd","09:54:00",1271900
10700,0,300,"sd","09:54:00",1270900
10700,0,2000,"sd","09:54:00",1270600
10700,0,500,"sd","09:54:00",1268600
10700,0,2000,"sd","09:54:00",1268100
10700,0,700,"sd","09:54:00",1266100
10700,0,100,"sd","09:54:00",1265400
10700,0,1000,"sd","09:54:00",1265300
10700,0,300,"sd","09:54:00",1264300
10700,0,5000,"sd","09:54:00",1264000
10700,0,1200,"sd","09:54:00",1259000
10700,0,3800,"sd","09:53:56",1257800
10700,0,500,"sd","09:53:56",1254000
10700,0,5000,"sd","09:53:56",1253500
10700,0,5300,"sd","09:53:56",1248500
10700,0,100,"sd","09:53:56",1243200
10700,0,400,"sd","09:53:56",1243100
10700,0,1000,"sd","09:53:56",1242700
10700,0,100,"sd","09:53:56",1241700
10700,0,2000,"sd","09:53:56",1241600
10700,0,6800,"sd","09:53:56",1239600
10700,0,34200,"sd","09:53:52",1232800
10700,0,300,"sd","09:53:52",1198600
10700,0,1000,"sd","09:53:52",1198300
10700,0,100,"sd","09:53:52",1197300
10700,0,1000,"sd","09:53:52",1197200
10700,0,2000,"sd","09:53:52",1196200
10700,0,200,"sd","09:53:52",1194200
10700,0,1200,"sd","09:53:52",1194000
10750,50,1000,"bu","09:53:48",1192800
10700,0,8800,"sd","09:53:48",1191800
10700,0,100,"sd","09:53:48",1183000
10700,0,500,"sd","09:53:48",1182900
10700,0,100,"sd","09:53:48",1182400
10700,0,500,"sd","09:53:48",1182300
10700,0,1400,"sd","09:53:48",1181800
10700,0,100,"sd","09:53:48",1180400
10700,0,12300,"sd","09:53:47",1180300
10700,0,100,"sd","09:53:47",1168000
10700,0,6100,"sd","09:53:47",1167900
10700,0,3900,"sd","09:53:39",1161800
10700,0,500,"sd","09:53:39",1157900
10700,0,500,"sd","09:53:39",1157400
10700,0,100,"sd","09:53:39",1156900
10700,0,200,"sd","09:53:39",1156800
10700,0,100,"sd","09:53:39",1156600
10700,0,6700,"sd","09:53:39",1156500
10700,0,100,"sd","09:53:39",1149800
10700,0,1000,"sd","09:53:39",1149700
10700,0,200,"sd","09:53:39",1148700
10700,0,13900,"sd","09:53:39",1148500
10700,0,100,"sd","09:53:39",1134600
10700,0,300,"sd","09:53:39",1134500
10700,0,200,"sd","09:53:39",1134200
10700,0,500,"sd","09:53:39",1134000
10700,0,1000,"sd","09:53:39",1133500
10700,0,500,"sd","09:53:39",1132500
10700,0,400,"sd","09:53:39",1132000
10700,0,2700,"sd","09:53:39",1131600
10700,0,300,"sd","09:53:39",1128900
10700,0,1000,"sd","09:53:39",1128600
10700,0,10500,"sd","09:53:39",1127600
10700,0,5000,"sd","09:53:39",1117100
10700,0,300,"sd","09:53:39",1112100
10700,0,9200,"sd","09:53:39",1111800
10700,0,1000,"sd","09:53:39",1102600
10700,0,9800,"sd","09:53:39",1101600
10700,0,4000,"sd","09:53:39",1091800
10700,0,200,"sd","09:53:39",1087800
10700,0,5000,"sd","09:53:39",1087600
10700,0,3500,"sd","09:53:39",1082600
10700,0,100,"sd","09:53:39",1079100
10700,0,300,"sd","09:53:39",1079000
10700,0,1000,"sd","09:53:39",1078700
10700,0,100,"sd","09:53:39",1077700
10700,0,100,"sd","09:53:39",1077600
10700,0,400,"sd","09:53:39",1077500
10700,0,300,"sd","09:53:39",1077100
10700,0,200,"sd","09:53:39",1076800
10700,0,1000,"sd","09:53:39",1076600
10700,0,6000,"sd","09:53:39",1075600
10700,0,300,"sd","09:53:39",1069600
10700,0,100,"sd","09:53:39",1069300
10700,0,3100,"sd","09:53:39",1069200
10700,0,30500,"sd","09:53:39",1066100
10700,0,600,"sd","09:53:39",1035600
10700,0,8200,"sd","09:53:39",1035000
10750,50,100,"bu","09:53:09",1026800
10750,50,100,"bu","09:52:47",1026700
10750,50,1100,"sd","09:52:15",1026600
10750,50,500,"sd","09:52:15",1025500
10750,50,1000,"sd","09:52:15",1025000
10750,50,300,"sd","09:52:15",1024000
10750,50,500,"sd","09:52:15",1023700
10750,50,100,"sd","09:52:15",1023200
10750,50,200,"sd","09:52:15",1023100
