"price","change","match_qtty","side","time","total_vol"
9100,-100,2000,"sd","14:45:01",230500
9200,0,3000,"bu","14:28:09",228500
9200,0,400,"bu","14:21:56",225500
9100,-100,7300,"sd","14:18:02",225100
9100,-100,500,"sd","14:16:48",217800
9100,-100,500,"sd","14:14:33",217300
9100,-100,1000,"bu","14:07:18",216800
9100,-100,5000,"bu","14:06:01",215800
9100,-100,100,"bu","14:03:13",210800
9100,-100,100,"bu","14:02:45",210700
9100,-100,5000,"bu","14:00:48",210600
9100,-100,100,"bu","13:57:54",205600
9100,-100,600,"bu","13:54:55",205500
9100,-100,800,"bu","13:53:14",204900
9100,-100,300,"bu","13:50:09",204100
9100,-100,100,"bu","13:49:35",203800
9100,-100,600,"sd","13:49:28",203700
9100,-100,10000,"sd","13:49:01",203100
9100,-100,300,"sd","13:47:24",193100
9100,-100,3000,"sd","13:46:44",192800
9100,-100,300,"sd","13:40:32",189800
9100,-100,2000,"sd","13:37:28",189500
9100,-100,2800,"sd","13:36:24",187500
9100,-100,2200,"sd","13:36:14",184700
9100,-100,200,"sd","13:36:09",182500
9100,-100,200,"sd","13:32:56",182300
9100,-100,600,"bu","13:31:52",182100
9100,-100,1500,"unknown","13:29:02",181500
9100,-100,100,"bu","13:28:59",180000
9100,-100,300,"bu","13:28:33",179900
9100,-100,400,"sd","13:28:12",179600
9100,-100,2000,"bu","13:25:55",179200
9100,-100,500,"bu","13:25:30",177200
9100,-100,5000,"bu","13:24:58",176700
9100,-100,1000,"bu","13:20:58",171700
9100,-100,1000,"bu","13:20:27",170700
9100,-100,1100,"unknown","13:18:17",169700
9100,-100,1000,"bu","13:17:28",168600
9100,-100,10000,"bu","13:17:01",167600
9100,-100,2800,"bu","13:14:47",157600
9000,-200,2000,"sd","13:06:32",154800
9100,-100,100,"bu","13:05:24",152800
9000,-200,100,"sd","13:02:49",152700
9100,-100,2300,"bu","13:00:10",152600
9100,-100,7700,"bu","13:00:06",150300
9100,-100,3100,"bu","13:00:04",142600
9100,-100,9200,"sd","13:00:02",139500
9000,-200,10000,"sd","11:29:23",130300
9000,-200,400,"sd","11:28:49",120300
9000,-200,100,"sd","11:20:46",119900
9100,-100,1000,"bu","11:18:45",119800
9100,-100,1000,"bu","11:17:48",118800
9100,-100,100,"bu","11:17:19",117800
9100,-100,1000,"bu","11:17:10",117700
9100,-100,1000,"bu","11:16:46",116700
9100,-100,100,"bu","11:15:03",115700
9000,-200,1100,"sd","11:13:40",115600
9100,-100,500,"bu","11:11:53",114500
9100,-100,2000,"bu","11:10:46",114000
9000,-200,4000,"sd","11:10:35",112000
9000,-200,200,"sd","11:10:20",108000
9100,-100,1000,"bu","11:09:59",107800
9100,-100,2000,"bu","11:09:53",106800
9100,-100,400,"bu","11:08:46",104800
9000,-200,200,"sd","11:07:11",104400
9000,-200,1700,"sd","11:05:28",104200
9000,-200,500,"sd","11:03:52",102500
9000,-200,200,"sd","11:03:31",102000
9100,-100,400,"bu","10:58:56",101800
9000,-200,19000,"sd","10:58:03",101400
9000,-200,100,"sd","10:54:06",82400
9100,-100,1000,"bu","10:53:51",82300
9100,-100,1000,"bu","10:51:43",81300
9100,-100,1000,"bu","10:51:32",80300
9100,-100,100,"bu","10:51:20",79300
9100,-100,1000,"bu","10:50:57",79200
9000,-200,300,"sd","10:48:38",78200
9100,-100,1000,"bu","10:47:20",77900
9000,-200,100,"sd","10:46:08",76900
9100,-100,2000,"bu","10:45:56",76800
9100,-100,2000,"bu","10:43:00",74800
9100,-100,1000,"bu","10:40:20",72800
9100,-100,100,"bu","10:39:25",71800
9100,-100,300,"bu","10:38:34",71700
9100,-100,1000,"bu","10:35:39",71400
9100,-100,100,"bu","10:34:47",70400
9100,-100,100,"bu","10:34:26",70300
9100,-100,100,"bu","10:31:45",70200
9100,-100,100,"bu","10:29:17",70100
9100,-100,400,"bu","10:27:06",70000
9100,-100,5000,"bu","10:26:48",69600
9100,-100,300,"sd","10:26:32",64600
9100,-100,1000,"sd","10:24:20",64300
9100,-100,1000,"sd","10:24:09",63300
9100,-100,2000,"sd","10:23:26",62300
9100,-100,2200,"sd","10:20:06",60300
9100,-100,3900,"unknown","10:17:24",58100
9200,0,100,"bu","10:16:28",54200
9200,0,3300,"bu","10:15:10",54100
9100,-100,1100,"sd","10:11:45",50800
9100,-100,8000,"sd","10:11:00",49700
9200,0,500,"bu","10:08:29",41700
9200,0,100,"bu","10:04:07",41200
9200,0,200,"bu","10:02:24",41100
9200,0,100,"bu","09:59:36",40900
9100,-100,10000,"bu","09:55:07",40800
9100,-100,100,"sd","09:53:18",30800
9000,-200,1700,"sd","09:52:26",30700
9100,-100,200,"bu","09:51:48",29000
9000,-200,2000,"sd","09:50:45",28800
9100,-100,100,"bu","09:50:41",26800
9100,-100,2000,"bu","09:50:36",26700
9100,-100,500,"bu","09:50:11",24700
9100,-100,2400,"bu","09:48:44",24200
9100,-100,100,"sd","09:48:13",21800
9100,-100,500,"sd","09:47:51",21700
9100,-100,200,"sd","09:47:24",21200
9100,-100,5000,"sd","09:46:32",21000
9100,-100,500,"sd","09:46:02",16000
9200,0,400,"bu","09:42:40",15500
9100,-100,800,"sd","09:40:25",15100
9100,-100,200,"sd","09:39:31",14300
9100,-100,1100,"sd","09:37:34",14100
9100,-100,1900,"sd","09:36:45",13000
9100,-100,500,"sd","09:33:25",11100
9100,-100,100,"sd","09:30:39",10600
9100,-100,300,"sd","09:30:08",10500
9100,-100,1000,"sd","09:29:39",10200
9100,-100,1200,"sd","09:28:58",9200
9100,-100,4400,"unknown","09:25:32",8000
9100,-100,200,"sd","09:22:48",3600
9100,-100,900,"sd","09:22:29",3400
9100,-100,500,"sd","09:20:24",2500
9100,-100,100,"sd","09:19:39",2000
9100,-100,200,"sd","09:14:13",1900
9100,-100,100,"sd","09:12:00",1700
9000,-200,100,"sd","09:06:17",1600
9000,-200,1500,"sd","09:05:35",1500
