"price","change","match_qtty","side","time","total_vol"
42300,1050,38700,"unknown","14:45:00",1255900
42300,1050,200,"bu","14:29:57",1217200
42300,1050,300,"bu","14:29:48",1217000
42300,1050,100,"bu","14:29:48",1216700
42300,1050,100,"bu","14:29:48",1216600
42300,1050,100,"bu","14:29:40",1216500
42300,1050,700,"bu","14:29:40",1216400
42250,1000,10000,"sd","14:29:37",1215700
42300,1050,300,"bu","14:29:34",1205700
42300,1050,300,"bu","14:29:34",1205400
42300,1050,2000,"bu","14:29:34",1205100
42300,1050,100,"bu","14:29:34",1203100
42250,1000,5000,"sd","14:28:57",1203000
42300,1050,3000,"bu","14:28:54",1198000
42300,1050,500,"bu","14:28:54",1195000
42300,1050,1000,"bu","14:28:54",1194500
42300,1050,1000,"bu","14:28:54",1193500
42300,1050,300,"bu","14:28:54",1192500
42300,1050,1700,"bu","14:28:52",1192200
42300,1050,5700,"bu","14:28:52",1190500
42250,1000,1900,"sd","14:28:44",1184800
42250,1000,500,"sd","14:28:35",1182900
42250,1000,200,"sd","14:28:35",1182400
42300,1050,1000,"bu","14:28:27",1182200
42300,1050,500,"bu","14:28:25",1181200
42300,1050,4500,"bu","14:28:08",1180700
42300,1050,100,"bu","14:28:08",1176200
42300,1050,100,"bu","14:28:08",1176100
42300,1050,100,"bu","14:28:08",1176000
42250,1000,300,"sd","14:28:07",1175900
42250,1000,700,"sd","14:28:07",1175600
42250,1000,4000,"sd","14:27:46",1174900
42300,1050,200,"bu","14:27:20",1170900
42300,1050,200,"bu","14:27:20",1170700
42300,1050,1000,"bu","14:27:20",1170500
42300,1050,500,"bu","14:27:20",1169500
42300,1050,1100,"bu","14:27:20",1169000
42300,1050,100,"bu","14:27:20",1167900
42300,1050,200,"bu","14:27:00",1167800
42300,1050,3500,"bu","14:26:50",1167600
42300,1050,300,"bu","14:26:50",1164100
42300,1050,1000,"bu","14:26:50",1163800
42300,1050,200,"bu","14:26:50",1162800
42250,1000,1000,"sd","14:26:45",1162600
42300,1050,500,"bu","14:26:41",1161600
42250,1000,5000,"sd","14:26:36",1161100
42300,1050,100,"bu","14:26:20",1156100
42300,1050,500,"bu","14:25:43",1156000
42300,1050,300,"bu","14:25:40",1155500
42300,1050,100,"bu","14:25:18",1155200
42300,1050,300,"bu","14:25:05",1155100
42300,1050,700,"bu","14:25:05",1154800
42300,1050,200,"bu","14:24:40",1154100
42250,1000,500,"bu","14:24:35",1153900
42250,1000,100,"bu","14:24:35",1153400
42250,1000,100,"bu","14:24:35",1153300
42250,1000,200,"bu","14:24:35",1153200
42250,1000,1000,"bu","14:24:35",1153000
42250,1000,1400,"bu","14:24:35",1152000
42250,1000,600,"bu","14:24:15",1150600
42250,1000,100,"bu","14:24:15",1150000
42250,1000,500,"bu","14:24:15",1149900
42250,1000,600,"bu","14:24:15",1149400
42250,1000,3000,"bu","14:24:15",1148800
42250,1000,200,"bu","14:24:15",1145800
42250,1000,1800,"bu","14:24:15",1145600
42200,950,700,"sd","14:23:53",1143800
42200,950,200,"sd","14:23:53",1143100
42200,950,400,"sd","14:23:53",1142900
42250,1000,100,"bu","14:23:52",1142500
42250,1000,600,"bu","14:23:37",1142400
42250,1000,1000,"bu","14:23:24",1141800
42250,1000,100,"bu","14:23:16",1140800
42200,950,600,"sd","14:23:00",1140700
42200,950,200,"sd","14:23:00",1140100
42200,950,100,"sd","14:23:00",1139900
42200,950,500,"sd","14:23:00",1139800
42200,950,300,"sd","14:23:00",1139300
42200,950,1200,"sd","14:23:00",1139000
42200,950,2000,"sd","14:23:00",1137800
42200,950,700,"sd","14:23:00",1135800
42200,950,500,"sd","14:23:00",1135100
42200,950,200,"sd","14:22:24",1134600
42200,950,2000,"sd","14:22:23",1134400
42200,950,300,"sd","14:21:55",1132400
42200,950,700,"sd","14:21:55",1132100
42200,950,800,"sd","14:21:23",1131400
42200,950,500,"bu","14:21:20",1130600
42200,950,300,"bu","14:21:13",1130100
42200,950,200,"bu","14:20:52",1129800
42200,950,800,"bu","14:20:52",1129600
42200,950,1200,"bu","14:20:49",1128800
42200,950,100,"bu","14:20:49",1127600
42200,950,600,"bu","14:20:38",1127500
42200,950,100,"bu","14:20:38",1126900
42200,950,1000,"bu","14:20:38",1126800
42200,950,100,"bu","14:20:38",1125800
42200,950,1000,"bu","14:20:38",1125700
42200,950,200,"bu","14:20:38",1124700
42150,900,5000,"sd","14:20:11",1124500
42200,950,800,"bu","14:19:56",1119500
42200,950,500,"bu","14:19:56",1118700
42200,950,100,"bu","14:19:56",1118200
42200,950,100,"bu","14:19:56",1118100
42200,950,2000,"bu","14:19:56",1118000
42200,950,300,"bu","14:19:56",1116000
42200,950,100,"bu","14:19:56",1115700
42200,950,1100,"bu","14:19:56",1115600
42150,900,100,"sd","14:17:59",1114500
42200,950,200,"bu","14:17:57",1114400
42150,900,100,"sd","14:17:18",1114200
42200,950,400,"bu","14:16:45",1114100
42150,900,100,"sd","14:16:28",1113700
42200,950,300,"bu","14:16:12",1113600
42200,950,200,"bu","14:16:12",1113300
42200,950,2800,"bu","14:16:12",1113100
42200,950,200,"bu","14:16:08",1110300
42200,950,1000,"bu","14:16:08",1110100
42200,950,100,"bu","14:16:08",1109100
42200,950,300,"bu","14:16:08",1109000
42200,950,400,"bu","14:16:08",1108700
42150,900,700,"sd","14:15:21",1108300
42150,900,2300,"sd","14:15:21",1107600
42150,900,500,"sd","14:15:02",1105300
42150,900,1900,"sd","14:14:45",1104800
42150,900,100,"sd","14:14:45",1102900
42150,900,100,"sd","14:14:43",1102800
42150,900,100,"sd","14:14:31",1102700
42150,900,100,"sd","14:14:21",1102600
42150,900,100,"sd","14:13:20",1102500
42150,900,400,"sd","14:13:01",1102400
42150,900,100,"sd","14:11:56",1102000
42150,900,100,"sd","14:11:56",1101900
42150,900,100,"sd","14:11:09",1101800
42150,900,300,"sd","14:10:46",1101700
42150,900,600,"bu","14:10:45",1101400
42150,900,400,"bu","14:10:39",1100800
42150,900,400,"bu","14:10:39",1100400
42150,900,100,"bu","14:10:39",1100000
42150,900,1900,"bu","14:10:24",1099900
42150,900,1600,"bu","14:10:24",1098000
42150,900,100,"bu","14:10:24",1096400
42150,900,400,"bu","14:10:24",1096300
42150,900,3900,"bu","14:10:24",1095900
42150,900,100,"bu","14:10:24",1092000
42150,900,2000,"bu","14:10:24",1091900
42150,900,400,"bu","14:10:21",1089900
42150,900,300,"bu","14:10:19",1089500
42150,900,500,"bu","14:10:11",1089200
42100,850,100,"sd","14:10:09",1088700
42150,900,300,"bu","14:08:12",1088600
42150,900,200,"bu","14:07:32",1088300
42100,850,300,"sd","14:06:38",1088100
42100,850,300,"sd","14:06:30",1087800
42100,850,200,"sd","14:06:30",1087500
42100,850,200,"sd","14:06:20",1087300
42100,850,100,"sd","14:05:56",1087100
42100,850,500,"sd","14:05:56",1087000
42100,850,1000,"sd","14:05:56",1086500
42100,850,1000,"sd","14:05:56",1085300
42100,850,200,"sd","14:05:56",1085500
42150,900,5000,"bu","14:05:48",1084300
42150,900,100,"sd","14:05:12",1079300
42150,900,100,"sd","14:05:12",1079200
42150,900,2000,"sd","14:05:12",1079100
42150,900,100,"sd","14:05:09",1077100
42150,900,500,"sd","14:04:57",1077000
42150,900,100,"sd","14:04:45",1076500
42150,900,300,"sd","14:04:26",1076400
42150,900,200,"sd","14:04:13",1076100
42150,900,100,"sd","14:04:03",1075900
42150,900,200,"sd","14:03:20",1075800
42150,900,300,"sd","14:03:20",1075600
42150,900,200,"sd","14:03:20",1075300
42150,900,800,"sd","14:03:20",1075100
42150,900,100,"sd","14:03:13",1074300
42150,900,1100,"sd","14:03:12",1074200
42150,900,900,"sd","14:02:56",1073100
42200,950,900,"bu","14:02:46",1072200
42200,950,100,"bu","14:02:46",1071300
42200,950,100,"bu","14:02:35",1071200
42200,950,500,"bu","14:02:35",1071100
42200,950,100,"bu","14:02:35",1070600
42200,950,1300,"bu","14:02:35",1070500
42200,950,500,"bu","14:01:55",1069200
42200,950,200,"bu","14:01:27",1068700
42200,950,900,"bu","14:01:27",1068500
42200,950,500,"bu","14:01:27",1067600
42200,950,1400,"bu","14:01:27",1067100
42150,900,1500,"sd","14:01:22",1065700
42200,950,100,"bu","14:01:20",1064200
42200,950,100,"bu","14:01:20",1064100
42200,950,800,"bu","14:01:20",1064000
42200,950,1000,"bu","14:00:40",1063200
42200,950,100,"bu","13:58:44",1062200
42200,950,600,"bu","13:58:32",1062100
42200,950,200,"sd","13:58:26",1061500
42200,950,200,"sd","13:58:26",1061300
42200,950,100,"sd","13:58:26",1061100
42200,950,1000,"sd","13:58:26",1061000
42200,950,900,"sd","13:58:11",1060000
42200,950,100,"sd","13:58:11",1059100
42200,950,100,"sd","13:58:06",1059000
42200,950,200,"sd","13:57:53",1058900
42200,950,400,"sd","13:57:53",1058700
42200,950,100,"sd","13:57:53",1058300
42200,950,500,"sd","13:57:53",1058200
42200,950,1000,"sd","13:57:53",1057700
42200,950,200,"sd","13:57:53",1056700
42200,950,3600,"sd","13:57:53",1056500
42200,950,1500,"sd","13:57:50",1052900
42200,950,4900,"sd","13:57:43",1051400
42200,950,4000,"sd","13:57:43",1046500
42200,950,200,"sd","13:57:43",1042500
42200,950,1900,"sd","13:57:43",1042300
42200,950,500,"sd","13:57:11",1040400
42200,950,1200,"sd","13:56:53",1039900
42200,950,600,"sd","13:56:31",1038700
42200,950,300,"sd","13:55:40",1038100
42200,950,100,"sd","13:54:33",1037800
42250,1000,100,"bu","13:54:27",1037700
42250,1000,1000,"bu","13:54:17",1037600
42200,950,100,"sd","13:53:37",1036600
42250,1000,1000,"bu","13:53:29",1036500
42250,1000,1400,"bu","13:53:13",1035500
42250,1000,100,"bu","13:52:58",1034100
42250,1000,1000,"sd","13:52:31",1034000
42250,1000,1000,"sd","13:52:31",1033000
42250,1000,700,"sd","13:52:31",1032000
42250,1000,200,"sd","13:52:25",1031300
42300,1050,1100,"bu","13:50:32",1031100
42300,1050,400,"bu","13:50:32",1030000
42300,1050,200,"bu","13:50:32",1029600
42300,1050,800,"bu","13:50:32",1029400
42300,1050,3300,"bu","13:50:32",1028600
42300,1050,300,"bu","13:50:32",1025300
42300,1050,1600,"bu","13:50:32",1025000
42250,1000,100,"bu","13:50:32",1023400
42250,1000,200,"bu","13:50:32",1023300
42250,1000,100,"bu","13:50:32",1023100
42250,1000,2000,"bu","13:50:32",1023000
42250,1000,1000,"bu","13:50:32",1021000
42250,1000,200,"bu","13:50:32",1020000
42250,1000,500,"bu","13:50:32",1019800
42250,1000,1100,"bu","13:50:32",1019300
42200,950,300,"sd","13:50:19",1018200
42200,950,100,"sd","13:50:18",1017900
42200,950,100,"sd","13:50:18",1017800
42200,950,100,"sd","13:50:18",1017700
42200,950,100,"sd","13:49:35",1017600
42200,950,100,"sd","13:49:33",1017500
42200,950,400,"sd","13:49:33",1017400
42200,950,100,"sd","13:49:05",1017000
42200,950,300,"sd","13:48:34",1016900
42200,950,400,"sd","13:48:03",1016600
42200,950,500,"sd","13:47:38",1016200
42200,950,100,"sd","13:47:16",1015700
42200,950,100,"sd","13:47:16",1015600
42200,950,100,"sd","13:47:16",1015500
42200,950,700,"sd","13:47:16",1015400
42200,950,600,"sd","13:46:32",1014700
42200,950,100,"sd","13:46:32",1014100
42200,950,900,"sd","13:45:57",1014000
42200,950,200,"sd","13:45:57",1013100
42200,950,500,"sd","13:45:57",1012900
42200,950,400,"sd","13:45:57",1012400
42250,1000,200,"bu","13:45:51",1012000
42250,1000,1800,"bu","13:45:51",1011800
42200,950,1000,"sd","13:45:08",1010000
42200,950,600,"sd","13:44:39",1009000
42250,1000,2800,"bu","13:43:55",1008400
42200,950,100,"sd","13:43:08",1005600
42200,950,500,"sd","13:43:05",1005500
42250,1000,100,"bu","13:42:40",1005000
42200,950,1000,"sd","13:42:33",1004900
42200,950,100,"sd","13:42:33",1003900
42200,950,1100,"sd","13:42:33",1003800
42200,950,1300,"sd","13:42:33",1002700
42200,950,1000,"sd","13:42:33",1001400
42200,950,1000,"sd","13:42:33",1000400
42200,950,1400,"sd","13:42:33",999400
42200,950,500,"sd","13:42:33",998000
42250,1000,2000,"bu","13:41:56",997500
42250,1000,1000,"sd","13:40:33",995500
42250,1000,1000,"sd","13:40:33",994500
42250,1000,300,"sd","13:40:33",993500
42250,1000,200,"sd","13:40:24",993200
42250,1000,4300,"sd","13:40:24",993000
42250,1000,200,"sd","13:40:16",988700
42300,1050,200,"bu","13:39:22",988500
42300,1050,200,"bu","13:39:14",988300
42300,1050,100,"bu","13:36:51",988100
42300,1050,2100,"bu","13:36:42",988000
42300,1050,1000,"bu","13:36:42",985900
42300,1050,100,"bu","13:36:42",984900
42300,1050,200,"bu","13:36:42",984800
42300,1050,200,"bu","13:36:42",984600
42300,1050,100,"bu","13:36:42",984400
42300,1050,2400,"bu","13:36:42",984300
42300,1050,100,"bu","13:36:42",981900
42300,1050,900,"bu","13:36:42",981800
42300,1050,300,"bu","13:36:42",980900
42300,1050,800,"bu","13:36:42",980600
42300,1050,1000,"bu","13:36:42",979800
42300,1050,400,"bu","13:36:42",978800
42300,1050,400,"bu","13:36:42",978400
42250,1000,100,"sd","13:36:39",978000
42250,1000,200,"sd","13:36:31",977900
42250,1000,100,"sd","13:36:14",977700
42250,1000,1000,"sd","13:36:06",977600
42250,1000,7400,"sd","13:35:52",976600
42300,1050,1000,"bu","13:34:38",969200
42300,1050,1000,"bu","13:34:24",968200
42300,1050,100,"bu","13:34:24",967200
42300,1050,300,"bu","13:34:24",967100
42300,1050,100,"bu","13:34:24",966800
42300,1050,100,"bu","13:34:24",966700
42300,1050,500,"bu","13:34:24",966600
42300,1050,300,"bu","13:34:24",966100
42300,1050,300,"bu","13:34:24",965800
42300,1050,100,"bu","13:34:24",965500
42300,1050,200,"bu","13:34:24",965400
42300,1050,1300,"bu","13:34:24",965200
42300,1050,700,"bu","13:34:08",963900
42300,1050,1000,"bu","13:34:08",963200
42300,1050,800,"bu","13:34:08",962200
42300,1050,400,"bu","13:34:08",961400
42300,1050,1100,"bu","13:34:08",961000
42300,1050,900,"bu","13:31:45",959900
42300,1050,100,"bu","13:31:45",959000
42250,1000,200,"bu","13:31:19",958900
42250,1000,800,"bu","13:31:19",958700
42250,1000,700,"bu","13:31:19",957900
42250,1000,300,"bu","13:30:58",957200
42250,1000,300,"bu","13:30:58",956900
42250,1000,1500,"bu","13:30:58",956600
42250,1000,1900,"bu","13:30:58",955100
42250,1000,300,"bu","13:30:11",953200
42250,1000,500,"sd","13:29:16",952900
42250,1000,100,"sd","13:29:13",952400
42250,1000,400,"bu","13:28:58",952300
42250,1000,100,"bu","13:28:52",951900
42250,1000,100,"bu","13:28:52",951800
42250,1000,400,"bu","13:28:01",951700
42250,1000,100,"bu","13:28:01",951300
42250,1000,500,"bu","13:27:56",951200
42250,1000,500,"bu","13:27:44",950700
42250,1000,100,"bu","13:27:39",950200
42250,1000,1900,"bu","13:27:37",950100
42250,1000,100,"bu","13:27:37",948200
42250,1000,600,"bu","13:27:37",948100
42250,1000,2400,"bu","13:27:37",947500
42200,950,100,"sd","13:27:28",945100
42200,950,500,"sd","13:26:52",945000
42250,1000,500,"bu","13:26:44",944500
42200,950,2500,"sd","13:25:29",944000
42200,950,500,"sd","13:25:03",941500
42250,1000,100,"bu","13:24:26",941000
42250,1000,1200,"bu","13:23:53",940900
42250,1000,100,"bu","13:23:53",939700
42250,1000,500,"bu","13:23:53",939600
42250,1000,200,"bu","13:23:53",939100
42250,1000,1300,"bu","13:23:05",938900
42250,1000,200,"bu","13:23:05",937600
42250,1000,500,"bu","13:23:05",937400
42250,1000,300,"bu","13:23:03",936900
42200,950,500,"sd","13:22:54",936600
42200,950,200,"bu","13:22:27",936100
42200,950,1400,"bu","13:22:27",935900
42200,950,1600,"bu","13:22:25",934500
42200,950,1000,"bu","13:22:25",932900
42200,950,500,"bu","13:22:25",931900
42200,950,900,"bu","13:22:25",931400
42200,950,400,"bu","13:21:59",930500
42150,900,100,"sd","13:21:25",930100
42150,900,100,"sd","13:20:55",930000
42150,900,400,"sd","13:20:50",929900
42150,900,100,"sd","13:20:50",929500
42150,900,100,"sd","13:20:20",929400
42150,900,200,"sd","13:20:20",929300
42150,900,400,"sd","13:20:20",929100
42150,900,300,"sd","13:20:03",928700
42150,900,100,"sd","13:19:42",928400
42150,900,200,"sd","13:19:31",928300
42150,900,800,"sd","13:19:31",928100
42150,900,500,"sd","13:19:13",927300
42200,950,1000,"bu","13:19:13",926800
42200,950,100,"bu","13:19:10",925800
42200,950,100,"bu","13:19:09",925700
42150,900,100,"sd","13:18:53",925600
42150,900,100,"sd","13:18:53",925500
42150,900,600,"sd","13:18:53",925400
42150,900,100,"sd","13:18:53",924800
42150,900,100,"sd","13:18:53",924700
42150,900,1900,"sd","13:18:38",924600
42150,900,100,"sd","13:18:38",922700
42150,900,200,"sd","13:18:38",922600
42150,900,100,"sd","13:17:48",922400
42200,950,1000,"bu","13:17:42",922300
42200,950,800,"bu","13:17:08",921300
42200,950,1600,"bu","13:17:08",920500
42150,900,400,"sd","13:17:00",918900
42150,900,500,"sd","13:16:46",918500
42150,900,1800,"sd","13:16:05",918000
42150,900,100,"sd","13:16:05",916200
42150,900,100,"sd","13:16:05",916100
42200,950,100,"bu","13:15:43",916000
42200,950,200,"sd","13:15:22",915900
42200,950,200,"sd","13:15:22",915700
42200,950,2000,"sd","13:15:22",915500
42200,950,900,"sd","13:15:22",913500
42250,1000,200,"bu","13:14:53",912600
42250,1000,300,"bu","13:14:53",912400
42250,1000,100,"bu","13:13:44",912100
42250,1000,400,"bu","13:13:36",912000
42250,1000,100,"bu","13:13:36",911600
42250,1000,300,"bu","13:13:36",911500
42200,950,100,"bu","13:13:36",911200
42200,950,200,"bu","13:13:36",911100
42200,950,500,"bu","13:13:33",910900
42200,950,200,"sd","13:13:18",910400
42200,950,100,"sd","13:13:18",910200
42200,950,200,"sd","13:12:54",910100
42200,950,100,"bu","13:12:29",909900
42200,950,100,"bu","13:12:29",909800
42200,950,200,"bu","13:12:24",909700
42200,950,100,"bu","13:10:47",909500
42150,900,100,"sd","13:10:14",909400
42150,900,100,"sd","13:10:14",909300
42150,900,3000,"sd","13:10:14",909200
42150,900,200,"sd","13:10:14",906200
42150,900,100,"sd","13:10:14",906000
42150,900,200,"sd","13:10:14",905900
42150,900,200,"sd","13:10:14",905700
42150,900,100,"sd","13:10:14",905500
42150,900,600,"sd","13:10:14",905400
42150,900,300,"sd","13:09:29",904800
42150,900,100,"sd","13:09:02",904500
42150,900,5000,"sd","13:08:39",904400
42150,900,100,"sd","13:08:39",899400
42150,900,100,"sd","13:08:39",899300
42150,900,200,"sd","13:08:39",899200
42200,950,200,"sd","13:08:39",899000
42150,900,100,"sd","13:08:39",898800
42200,950,9800,"sd","13:08:39",898700
42150,900,400,"sd","13:08:39",888900
42150,900,900,"sd","13:08:39",888500
42150,900,1000,"sd","13:08:39",887600
42150,900,100,"sd","13:08:39",886600
42150,900,500,"sd","13:08:39",886500
42150,900,2000,"sd","13:08:39",886000
42150,900,500,"sd","13:08:39",884000
42150,900,200,"sd","13:08:39",883500
42150,900,1700,"sd","13:08:39",883300
42200,950,1100,"sd","13:08:35",881600
42200,950,1500,"bu","13:07:55",880500
42200,950,100,"bu","13:07:55",879000
42200,950,2500,"bu","13:07:55",878900
42200,950,1000,"bu","13:07:28",876400
42200,950,100,"bu","13:07:01",875400
42200,950,100,"sd","13:06:27",875300
42200,950,200,"sd","13:06:27",875200
42200,950,100,"sd","13:06:27",875000
42200,950,900,"sd","13:05:52",874900
42200,950,100,"sd","13:05:52",874000
42200,950,100,"sd","13:05:49",873900
42200,950,300,"bu","13:05:37",873800
42150,900,100,"sd","13:05:31",873500
42200,950,100,"bu","13:05:06",873400
42200,950,1000,"sd","13:04:47",873300
42200,950,100,"sd","13:04:47",872300
42200,950,100,"bu","13:04:32",872200
42200,950,400,"bu","13:04:21",872100
42200,950,100,"bu","13:04:21",871700
42200,950,100,"bu","13:04:03",871600
42200,950,100,"bu","13:03:37",871500
42200,950,200,"bu","13:03:24",871400
42200,950,400,"bu","13:03:24",871200
42200,950,300,"bu","13:03:11",870800
42200,950,5000,"bu","13:02:57",870500
42200,950,100,"bu","13:02:54",865500
42150,900,100,"sd","13:02:49",865400
42150,900,1000,"sd","13:02:49",865300
42150,900,400,"sd","13:02:49",864300
42150,900,4600,"sd","13:02:37",863900
42150,900,200,"sd","13:02:37",859300
42200,950,100,"bu","13:01:51",859100
42200,950,100,"bu","13:01:23",859000
42200,950,100,"bu","13:01:14",858900
42200,950,1000,"sd","13:00:54",858800
42200,950,100,"sd","13:00:54",857800
42200,950,400,"sd","13:00:54",857700
42200,950,1000,"sd","13:00:54",857300
42200,950,100,"sd","13:00:54",856300
42200,950,100,"sd","13:00:54",856200
42200,950,100,"sd","13:00:54",856100
42200,950,1000,"sd","13:00:54",856000
42200,950,100,"sd","13:00:54",855000
42200,950,1000,"sd","13:00:36",854900
42200,950,1000,"sd","13:00:34",853900
42250,1000,100,"bu","13:00:29",852900
42200,950,500,"sd","13:00:14",852800
42200,950,300,"sd","13:00:09",852300
42200,950,100,"sd","13:00:08",852000
42250,1000,200,"bu","13:00:07",851900
42250,1000,400,"bu","13:00:07",851700
42250,1000,900,"bu","13:00:07",851300
42250,1000,2000,"bu","13:00:07",850400
42250,1000,200,"bu","13:00:07",848400
42250,1000,200,"bu","13:00:06",848200
42200,950,300,"sd","13:00:05",848000
42200,950,500,"sd","13:00:04",847700
42200,950,4900,"sd","13:00:03",847200
42200,950,500,"sd","13:00:02",842300
42200,950,800,"sd","13:00:01",841800
42200,950,200,"sd","13:00:00",841000
42200,950,1000,"sd","13:00:00",840800
42200,950,100,"sd","11:28:20",839800
42200,950,500,"sd","11:28:16",839700
42250,1000,100,"bu","11:28:05",839200
42250,1000,300,"bu","11:27:49",839100
42250,1000,700,"bu","11:27:28",838800
42250,1000,300,"bu","11:26:55",838100
42200,950,2400,"sd","11:26:33",837800
42200,950,200,"sd","11:26:33",835400
42200,950,400,"sd","11:26:33",835200
42200,950,500,"sd","11:25:57",834800
42200,950,100,"sd","11:24:45",834300
42200,950,500,"sd","11:24:45",834200
42200,950,100,"sd","11:22:14",833700
42250,1000,800,"bu","11:20:16",833600
42250,1000,500,"sd","11:18:18",832800
42250,1000,100,"sd","11:18:18",832300
42250,1000,4200,"sd","11:18:18",832200
42250,1000,100,"sd","11:18:18",828000
42250,1000,300,"sd","11:18:00",827900
42250,1000,200,"bu","11:17:38",827600
42250,1000,100,"bu","11:17:38",827400
42250,1000,100,"bu","11:17:38",827300
42250,1000,1000,"bu","11:17:38",827200
42250,1000,2000,"bu","11:17:38",826200
42250,1000,500,"bu","11:17:38",824200
42250,1000,400,"bu","11:17:38",823700
42200,950,100,"sd","11:16:59",823300
42200,950,100,"sd","11:16:22",823200
42200,950,200,"sd","11:16:11",823100
42200,950,100,"sd","11:16:11",822900
42200,950,900,"sd","11:15:56",822800
42200,950,1000,"sd","11:15:56",821900
42200,950,500,"sd","11:15:56",820900
42200,950,1700,"sd","11:15:56",820400
42200,950,400,"sd","11:15:56",818700
42200,950,300,"sd","11:15:56",818300
42200,950,100,"sd","11:15:56",818000
42200,950,100,"sd","11:15:56",817900
42200,950,1000,"sd","11:15:27",817800
42250,1000,100,"bu","11:15:15",816800
42200,950,200,"sd","11:15:00",816700
42200,950,100,"sd","11:14:11",816500
42250,1000,500,"bu","11:12:39",816400
42250,1000,1000,"bu","11:12:39",815900
42250,1000,100,"bu","11:12:39",814900
42250,1000,1600,"bu","11:12:39",814800
42200,950,300,"sd","11:12:18",813200
42200,950,2700,"sd","11:12:01",812900
42200,950,100,"sd","11:12:01",810200
42200,950,200,"sd","11:12:01",810100
42200,950,300,"sd","11:11:50",809900
42200,950,200,"sd","11:11:50",809600
42200,950,1300,"sd","11:11:28",809400
42200,950,500,"sd","11:10:52",808100
42200,950,100,"sd","11:10:52",807600
42200,950,1400,"sd","11:10:52",807500
42200,950,300,"sd","11:10:28",806100
42200,950,300,"sd","11:09:37",805800
42200,950,1000,"sd","11:09:37",805500
42200,950,400,"sd","11:09:37",804500
42200,950,300,"sd","11:09:37",804100
42200,950,300,"sd","11:08:57",803800
42200,950,2000,"sd","11:08:13",803500
42200,950,400,"sd","11:07:17",801500
42200,950,500,"sd","11:07:17",801100
42200,950,4100,"sd","11:07:17",800600
42200,950,500,"sd","11:06:32",796500
42200,950,100,"sd","11:05:17",796000
42200,950,300,"sd","11:05:08",795900
42200,950,700,"sd","11:05:08",795600
42250,1000,400,"bu","11:05:03",794900
42250,1000,600,"bu","11:05:03",794500
42250,1000,800,"sd","11:04:52",793900
42250,1000,1700,"sd","11:04:52",793100
42250,1000,300,"sd","11:04:05",791400
42250,1000,1000,"sd","11:03:45",791100
42250,1000,500,"sd","11:03:40",790100
42250,1000,500,"sd","11:03:40",789600
42250,1000,100,"sd","11:03:03",789100
42250,1000,400,"sd","11:03:03",789000
42250,1000,100,"sd","11:02:33",788600
42250,1000,500,"sd","11:01:29",788500
42250,1000,300,"sd","11:01:29",788000
42300,1050,500,"bu","11:00:24",787700
42250,1000,500,"sd","11:00:12",787200
42250,1000,200,"sd","10:59:09",786700
42250,1000,1000,"sd","10:58:51",786500
42300,1050,3000,"sd","10:58:03",785500
42300,1050,1400,"sd","10:58:03",782500
42300,1050,700,"sd","10:57:28",781100
42300,1050,500,"sd","10:57:26",780400
42300,1050,100,"sd","10:57:26",779900
42300,1050,100,"sd","10:56:43",779800
42300,1050,200,"bu","10:56:21",779700
42300,1050,700,"bu","10:55:45",779500
42300,1050,500,"bu","10:55:45",778800
42300,1050,100,"bu","10:55:45",778300
42300,1050,700,"bu","10:55:45",778200
42300,1050,1400,"bu","10:54:07",777500
42300,1050,1200,"bu","10:54:07",776100
42300,1050,2000,"bu","10:54:04",774900
42300,1050,800,"sd","10:53:36",772900
42300,1050,2000,"bu","10:53:27",772100
42300,1050,2500,"bu","10:53:27",770100
42300,1050,100,"bu","10:52:54",767600
42250,1000,100,"sd","10:52:46",767500
42250,1000,5000,"sd","10:52:41",767400
42300,1050,1000,"bu","10:52:39",762400
42300,1050,400,"sd","10:52:00",761400
42300,1050,100,"sd","10:51:44",761000
42300,1050,200,"sd","10:51:44",760900
42300,1050,200,"sd","10:51:44",760700
42350,1100,100,"bu","10:51:16",760500
42350,1100,100,"bu","10:51:16",760400
42350,1100,100,"sd","10:51:04",760300
42400,1150,100,"bu","10:51:02",760200
42350,1100,100,"sd","10:50:23",760100
42350,1100,100,"bu","10:50:22",760000
42350,1100,100,"bu","10:50:22",759900
42350,1100,200,"bu","10:50:21",759800
42350,1100,1800,"bu","10:48:38",759600
42350,1100,700,"bu","10:48:38",757800
42350,1100,700,"sd","10:48:03",757100
42350,1100,500,"sd","10:48:03",756400
42350,1100,1100,"sd","10:48:03",755900
42350,1100,100,"sd","10:47:57",754800
42350,1100,100,"sd","10:47:44",754700
42400,1150,900,"bu","10:47:24",754600
42350,1100,100,"sd","10:47:22",753700
42400,1150,2400,"bu","10:47:13",753600
42400,1150,3600,"bu","10:47:13",751200
42400,1150,100,"bu","10:46:20",747600
42350,1100,1000,"sd","10:46:04",747500
42400,1150,1000,"bu","10:46:02",746500
42400,1150,300,"bu","10:45:48",745500
42350,1100,1000,"sd","10:45:35",745200
42400,1150,800,"bu","10:44:35",744200
42350,1100,1300,"sd","10:44:33",743400
42400,1150,100,"bu","10:44:13",742100
42400,1150,100,"bu","10:43:51",742000
42350,1100,300,"sd","10:43:42",741900
42350,1100,500,"bu","10:43:41",741600
42350,1100,300,"bu","10:43:41",741100
42350,1100,300,"bu","10:43:41",740800
42350,1100,1500,"bu","10:43:31",740500
42350,1100,100,"bu","10:43:29",739000
42350,1100,1100,"bu","10:42:46",738900
42350,1100,200,"bu","10:42:46",737800
42350,1100,100,"bu","10:42:46",737600
42350,1100,300,"bu","10:42:46",737500
42300,1050,100,"bu","10:42:46",737200
42300,1050,100,"bu","10:42:46",737100
42300,1050,100,"bu","10:42:46",737000
42300,1050,500,"bu","10:42:46",736900
42300,1050,2000,"bu","10:42:46",736400
42300,1050,1500,"bu","10:42:46",734400
42300,1050,100,"bu","10:42:46",732900
42300,1050,500,"bu","10:42:46",732800
42300,1050,3000,"bu","10:42:46",732300
42300,1050,300,"bu","10:42:46",729300
42250,1000,100,"bu","10:42:46",729000
42250,1000,1000,"sd","10:40:55",728900
42200,950,1000,"sd","10:39:43",727900
42250,1000,500,"bu","10:39:39",726900
42250,1000,2000,"bu","10:39:39",726400
42250,1000,100,"bu","10:39:39",724400
42250,1000,1700,"bu","10:39:39",724300
42200,950,1000,"sd","10:39:21",722600
42200,950,600,"sd","10:39:06",721600
42250,1000,300,"bu","10:37:59",721000
42250,1000,1300,"bu","10:37:59",720700
42250,1000,1400,"bu","10:37:59",719400
42200,950,500,"sd","10:37:08",718000
42200,950,1200,"sd","10:36:25",717500
42200,950,400,"sd","10:36:25",716300
42200,950,500,"sd","10:35:25",715900
42250,1000,600,"bu","10:35:12",715400
42250,1000,700,"bu","10:35:12",714800
42200,950,100,"sd","10:35:04",714100
42200,950,100,"sd","10:34:10",714000
42200,950,1900,"bu","10:33:52",713900
42200,950,900,"sd","10:33:45",712000
42200,950,200,"sd","10:33:45",711100
42200,950,100,"sd","10:33:35",710900
42200,950,400,"sd","10:31:47",710800
42200,950,100,"sd","10:31:47",710400
42200,950,300,"unknown","10:30:38",710300
42200,950,1600,"unknown","10:30:38",710000
42200,950,400,"bu","10:30:09",708400
42200,950,100,"bu","10:30:09",708000
42200,950,800,"bu","10:30:09",707900
42200,950,3000,"bu","10:30:09",707100
42200,950,700,"bu","10:30:09",704100
42200,950,200,"bu","10:29:43",703400
42200,950,2000,"bu","10:28:12",703200
42200,950,800,"bu","10:28:12",701200
42200,950,300,"unknown","10:28:12",700400
42200,950,500,"sd","10:27:38",700100
42200,950,100,"bu","10:27:13",699600
42200,950,100,"bu","10:27:13",699500
42200,950,500,"bu","10:26:32",699400
42200,950,300,"bu","10:26:32",698900
42200,950,600,"bu","10:25:58",698600
42200,950,400,"bu","10:25:58",698000
42150,900,1100,"sd","10:25:20",697600
42150,900,700,"sd","10:24:11",696500
42150,900,300,"sd","10:24:11",695800
42200,950,200,"bu","10:24:03",695500
42150,900,500,"sd","10:24:03",695300
42150,900,200,"sd","10:24:03",694800
42150,900,500,"sd","10:23:21",694600
42200,950,700,"bu","10:23:16",694100
42200,950,300,"bu","10:23:16",693400
42150,900,300,"sd","10:23:15",693100
42150,900,100,"sd","10:23:15",692800
42150,900,100,"sd","10:23:15",692700
42200,950,700,"bu","10:23:09",692600
42200,950,500,"bu","10:23:09",691900
42200,950,4100,"bu","10:23:09",691400
42150,900,1300,"sd","10:23:08",687300
42200,950,500,"bu","10:22:45",686000
42200,950,500,"bu","10:22:11",685500
42200,950,600,"bu","10:22:11",685000
42200,950,500,"bu","10:21:12",684400
42150,900,1000,"sd","10:20:57",683900
42150,900,400,"bu","10:20:47",682900
42150,900,2200,"bu","10:20:47",682500
42150,900,200,"bu","10:20:32",680300
42150,900,1300,"sd","10:20:14",680100
42150,900,1000,"sd","10:20:14",678800
42150,900,300,"sd","10:20:14",677800
42150,900,100,"sd","10:19:57",677500
42150,900,100,"sd","10:19:57",677400
42150,900,100,"sd","10:19:41",677300
42150,900,400,"sd","10:19:41",677200
42150,900,500,"sd","10:19:41",676800
42150,900,500,"sd","10:19:32",676300
42150,900,100,"sd","10:19:12",675800
42150,900,1000,"sd","10:18:38",675700
42150,900,1300,"sd","10:18:35",674700
42150,900,1000,"sd","10:18:00",673400
42150,900,3000,"sd","10:17:50",672400
42150,900,3100,"sd","10:17:37",669400
42150,900,1900,"sd","10:17:37",666300
42150,900,100,"sd","10:16:54",664400
42200,950,400,"bu","10:16:21",664300
42200,950,1000,"bu","10:16:06",663900
42200,950,1000,"sd","10:15:30",662900
42200,950,400,"sd","10:15:30",661900
42200,950,200,"sd","10:15:30",661500
42200,950,300,"sd","10:15:30",661300
42200,950,600,"sd","10:15:30",661000
42200,950,1400,"sd","10:14:46",660400
42200,950,100,"sd","10:14:46",659000
42200,950,1000,"sd","10:14:46",658900
42200,950,1000,"sd","10:14:46",657900
42200,950,100,"sd","10:14:46",656900
42200,950,200,"sd","10:14:46",656800
42200,950,1000,"sd","10:14:46",656600
42200,950,1000,"sd","10:14:46",655600
42200,950,300,"sd","10:14:46",654600
42200,950,500,"sd","10:14:46",654300
42200,950,400,"sd","10:14:46",653800
42200,950,300,"sd","10:14:46",653400
42200,950,200,"sd","10:14:46",653100
42200,950,2500,"sd","10:14:46",652900
42200,950,400,"sd","10:14:45",650400
42200,950,500,"sd","10:13:17",650000
42200,950,400,"sd","10:12:27",649500
42200,950,500,"sd","10:11:56",649100
42200,950,1000,"sd","10:11:43",648600
42200,950,1000,"sd","10:11:17",647600
42200,950,400,"sd","10:08:44",646600
42200,950,200,"sd","10:08:26",646200
42200,950,200,"sd","10:07:26",646000
42200,950,1500,"sd","10:07:00",645800
42200,950,500,"sd","10:06:57",644300
42200,950,900,"sd","10:06:33",643800
42200,950,100,"sd","10:06:33",642900
42250,1000,400,"sd","10:05:20",642800
42250,1000,2000,"sd","10:05:20",642400
42250,1000,100,"sd","10:05:20",640400
42250,1000,400,"bu","10:05:00",640300
42250,1000,100,"bu","10:04:28",639900
42250,1000,1500,"bu","10:04:27",639800
42250,1000,100,"bu","10:04:27",638300
42250,1000,100,"bu","10:04:27",638200
42250,1000,300,"bu","10:04:27",638100
42250,1000,200,"bu","10:04:24",637800
42250,1000,100,"bu","10:03:49",637600
42250,1000,4400,"bu","10:03:27",637500
42250,1000,600,"bu","10:03:26",633100
42250,1000,100,"bu","10:03:24",632500
42200,950,1000,"sd","10:03:17",632400
42250,1000,100,"bu","10:03:01",631400
42200,950,500,"sd","10:02:52",631300
42200,950,400,"sd","10:02:42",630800
42200,950,500,"sd","10:02:42",630400
42200,950,400,"sd","10:02:34",629900
42200,950,100,"sd","10:02:34",629500
42250,1000,800,"bu","10:01:54",629400
42250,1000,1000,"sd","10:01:54",628600
42250,1000,300,"sd","10:01:54",627600
42250,1000,1000,"sd","10:01:54",627300
42250,1000,1000,"sd","10:01:54",626300
42250,1000,100,"sd","10:01:54",625300
42300,1050,400,"sd","10:00:41",625200
42300,1050,300,"sd","10:00:41",624800
42300,1050,1000,"sd","10:00:41",624500
42300,1050,400,"sd","10:00:36",623500
42300,1050,300,"sd","10:00:21",623100
42300,1050,100,"sd","10:00:21",622800
42300,1050,200,"sd","10:00:21",622700
42300,1050,500,"sd","09:59:55",622500
42300,1050,300,"sd","09:59:55",622000
42300,1050,100,"sd","09:59:51",621700
42300,1050,1000,"sd","09:59:46",621600
42300,1050,2400,"sd","09:59:41",620600
42300,1050,100,"sd","09:59:39",618200
42300,1050,1000,"sd","09:59:34",618100
42300,1050,100,"sd","09:59:26",617100
42300,1050,3000,"sd","09:59:13",617000
42300,1050,100,"sd","09:59:09",614000
42300,1050,200,"sd","09:58:50",613900
42300,1050,100,"sd","09:58:15",613700
42300,1050,500,"sd","09:57:35",613600
42300,1050,100,"sd","09:57:32",613100
42300,1050,1000,"sd","09:57:32",613000
42250,1000,400,"sd","09:57:22",612000
42250,1000,500,"sd","09:57:21",611600
42350,1100,300,"bu","09:57:20",611100
42300,1050,100,"bu","09:57:20",610800
42300,1050,100,"bu","09:57:20",610700
42200,950,100,"sd","09:57:14",610600
42200,950,500,"sd","09:57:14",610500
42200,950,300,"sd","09:57:14",610000
42250,1000,100,"sd","09:57:14",609700
42300,1050,100,"sd","09:56:55",609600
42300,1050,1000,"sd","09:56:52",609500
42300,1050,300,"sd","09:56:52",608500
42300,1050,700,"sd","09:56:51",608200
42300,1050,1000,"sd","09:56:51",607500
42300,1050,300,"sd","09:56:51",606500
42300,1050,700,"sd","09:56:35",606200
42300,1050,300,"sd","09:56:35",605500
42300,1050,300,"sd","09:56:35",605200
42300,1050,300,"sd","09:56:33",604900
42300,1050,100,"sd","09:56:17",604600
42300,1050,500,"sd","09:56:17",604500
42300,1050,200,"sd","09:56:17",604000
42300,1050,200,"sd","09:56:17",603800
42300,1050,1000,"sd","09:55:49",603600
42300,1050,1000,"sd","09:55:33",602600
42300,1050,800,"sd","09:55:29",601600
42350,1100,900,"bu","09:55:13",600800
42350,1100,100,"bu","09:55:13",599900
42350,1100,100,"sd","09:54:16",599800
42350,1100,300,"sd","09:54:16",599700
42350,1100,1000,"sd","09:54:13",599400
42350,1100,200,"sd","09:54:09",598400
42350,1100,2000,"sd","09:54:07",598200
42350,1100,2000,"sd","09:54:00",596200
42350,1100,300,"sd","09:53:53",594200
42350,1100,1200,"sd","09:53:44",593900
42350,1100,800,"sd","09:53:44",592700
42400,1150,100,"bu","09:53:41",591900
42400,1150,200,"bu","09:53:41",591800
42350,1100,100,"sd","09:53:40",591600
42400,1150,100,"sd","09:53:26",591500
42400,1150,400,"sd","09:53:26",591400
42400,1150,500,"sd","09:53:26",591000
42400,1150,1800,"sd","09:53:26",590500
42400,1150,100,"sd","09:53:25",588700
42400,1150,1000,"sd","09:53:23",588600
42400,1150,2000,"sd","09:53:20",587600
42400,1150,100,"sd","09:53:20",585600
42400,1150,1000,"sd","09:53:17",585500
42400,1150,200,"sd","09:53:16",584500
42400,1150,100,"sd","09:53:06",584300
42400,1150,500,"sd","09:53:05",584200
42400,1150,1000,"sd","09:53:03",583700
42400,1150,2200,"sd","09:52:47",582700
42400,1150,300,"sd","09:52:47",580500
42400,1150,500,"sd","09:52:47",580200
42400,1150,5000,"sd","09:52:47",579700
42400,1150,2000,"sd","09:52:47",574700
42400,1150,1000,"sd","09:52:18",572700
42450,1200,200,"bu","09:52:16",571700
42400,1150,1700,"sd","09:52:14",571500
42400,1150,2100,"sd","09:52:14",569800
42450,1200,3000,"bu","09:52:04",567700
42450,1200,1000,"bu","09:52:00",564700
42450,1200,200,"bu","09:51:50",563700
42450,1200,500,"bu","09:51:50",563500
42450,1200,300,"bu","09:51:50",563000
42450,1200,200,"sd","09:50:53",562700
42450,1200,100,"bu","09:50:49",562500
42450,1200,100,"bu","09:50:49",562400
42450,1200,200,"bu","09:50:49",562300
42450,1200,300,"sd","09:50:21",562100
42450,1200,1000,"bu","09:50:18",561800
42450,1200,1000,"bu","09:50:18",560800
42450,1200,200,"bu","09:50:18",559800
42450,1200,300,"bu","09:50:18",559600
42450,1200,100,"bu","09:50:10",559300
42450,1200,1000,"bu","09:50:09",559200
42450,1200,300,"bu","09:50:09",558200
42450,1200,400,"bu","09:50:09",557900
42450,1200,2000,"bu","09:50:09",557500
42450,1200,200,"bu","09:50:09",555500
42450,1200,200,"bu","09:50:09",555300
42450,1200,1000,"bu","09:50:09",555100
42450,1200,1700,"bu","09:50:09",554100
42450,1200,5000,"bu","09:49:38",552400
42450,1200,300,"sd","09:49:18",547400
42450,1200,1000,"sd","09:49:07",547100
42400,1150,3700,"sd","09:48:39",546100
42450,1200,200,"sd","09:48:39",542400
42450,1200,1100,"sd","09:48:39",542200
42450,1200,1000,"sd","09:48:21",541100
42450,1200,100,"bu","09:48:15",540100
42500,1250,600,"bu","09:48:15",540000
42500,1250,4000,"bu","09:48:15",539400
42500,1250,1000,"bu","09:48:15",535400
42500,1250,400,"bu","09:48:15",534400
42500,1250,100,"bu","09:48:15",534000
42500,1250,200,"bu","09:48:15",533900
42450,1200,500,"bu","09:48:15",533700
42450,1200,100,"bu","09:48:15",533200
42450,1200,200,"bu","09:48:11",533100
42450,1200,400,"bu","09:48:10",532900
42450,1200,300,"bu","09:48:07",532500
42450,1200,100,"bu","09:48:07",532200
42450,1200,1900,"bu","09:48:07",532100
42450,1200,1000,"bu","09:48:07",530200
42450,1200,2100,"bu","09:48:07",529200
42450,1200,2000,"bu","09:48:06",527100
42400,1150,200,"sd","09:48:00",525100
42450,1200,1000,"bu","09:47:57",524900
42450,1200,300,"bu","09:47:50",523900
42450,1200,3000,"bu","09:47:46",523600
42450,1200,2000,"bu","09:47:46",520600
42450,1200,500,"bu","09:47:44",518600
42400,1150,1000,"sd","09:47:43",518100
42450,1200,8400,"bu","09:47:40",517100
42450,1200,700,"bu","09:47:20",508700
42400,1150,200,"sd","09:47:16",508000
42500,1250,600,"bu","09:47:05",507800
42500,1250,500,"bu","09:47:05",507200
42450,1200,2000,"bu","09:47:05",506700
42450,1200,200,"bu","09:47:05",504700
42450,1200,1200,"bu","09:47:05",504500
42450,1200,100,"bu","09:47:00",503300
42450,1200,800,"bu","09:46:57",503200
42450,1200,100,"sd","09:46:49",502400
42450,1200,2800,"sd","09:46:49",502300
42450,1200,100,"bu","09:46:42",499500
42450,1200,3100,"bu","09:46:42",499400
42450,1200,500,"bu","09:46:41",496300
42450,1200,1200,"bu","09:46:36",495800
42450,1200,300,"bu","09:46:31",494600
42450,1200,500,"bu","09:46:25",494300
42400,1150,700,"sd","09:46:18",493800
42450,1200,400,"bu","09:46:15",493100
42450,1200,4000,"sd","09:46:08",492700
42450,1200,100,"sd","09:46:00",488700
42450,1200,100,"bu","09:45:52",488600
42450,1200,800,"bu","09:45:52",488500
42400,1150,5000,"sd","09:45:46",487700
42400,1150,500,"sd","09:45:46",482700
42400,1150,200,"sd","09:45:46",482200
42400,1150,100,"sd","09:45:46",482000
42400,1150,500,"sd","09:45:46",481900
42400,1150,500,"sd","09:45:46",481400
42400,1150,1000,"sd","09:45:46",480900
42400,1150,200,"sd","09:45:46",479900
42400,1150,100,"sd","09:45:34",479700
42450,1200,200,"bu","09:45:29",479600
42400,1150,100,"bu","09:45:15",479400
42400,1150,100,"bu","09:45:15",479300
42400,1150,200,"bu","09:45:11",479200
42400,1150,200,"bu","09:45:10",479000
42400,1150,1200,"bu","09:45:09",478800
42400,1150,7800,"bu","09:45:09",477600
42400,1150,1000,"bu","09:45:09",469800
42400,1150,4000,"bu","09:45:06",468800
42400,1150,100,"bu","09:45:04",464800
42400,1150,100,"bu","09:44:52",464700
42400,1150,100,"bu","09:44:52",464600
42400,1150,300,"bu","09:44:48",464500
42400,1150,100,"bu","09:44:48",464200
42400,1150,300,"bu","09:44:48",464100
42400,1150,1000,"bu","09:44:48",463800
42400,1150,500,"bu","09:44:48",462800
42400,1150,100,"bu","09:44:48",462300
42400,1150,1000,"bu","09:44:38",462200
42350,1100,1000,"sd","09:44:34",461200
42350,1100,3000,"sd","09:44:31",460200
42350,1100,5100,"bu","09:44:27",457200
42350,1100,100,"bu","09:44:24",452100
42350,1100,400,"bu","09:44:21",452000
42350,1100,400,"sd","09:44:19",451600
42350,1100,4000,"sd","09:44:19",451200
42350,1100,2400,"sd","09:44:16",447200
42350,1100,5000,"bu","09:44:11",444800
42350,1100,100,"bu","09:44:11",439800
42350,1100,500,"bu","09:44:11",439700
42300,1050,100,"bu","09:44:00",439200
42300,1050,300,"bu","09:43:57",439100
42300,1050,2100,"bu","09:43:56",438800
42300,1050,1000,"bu","09:43:56",436700
42300,1050,500,"bu","09:43:56",435700
42300,1050,1000,"bu","09:43:56",435200
42300,1050,100,"bu","09:43:56",434200
42300,1050,300,"bu","09:43:56",434100
42300,1050,1000,"bu","09:43:54",433800
42300,1050,800,"bu","09:43:49",432800
42300,1050,900,"bu","09:43:45",432000
42300,1050,100,"bu","09:43:45",431100
42300,1050,100,"bu","09:43:45",431000
42300,1050,100,"bu","09:43:45",430900
42250,1000,200,"sd","09:43:41",430800
42200,950,800,"bu","09:43:24",430600
42200,950,100,"bu","09:43:24",429800
42200,950,100,"bu","09:43:24",429700
42200,950,400,"bu","09:43:23",429600
42200,950,1600,"bu","09:43:23",429200
42200,950,400,"bu","09:43:22",427600
42200,950,1100,"bu","09:43:21",427200
42200,950,100,"bu","09:43:21",426100
42200,950,100,"bu","09:43:21",426000
42200,950,100,"bu","09:43:21",425900
42200,950,100,"bu","09:43:21",425800
42200,950,500,"bu","09:43:21",425700
42200,950,1000,"bu","09:43:21",425200
42200,950,500,"bu","09:43:21",424200
42200,950,100,"bu","09:43:21",423700
42200,950,1400,"bu","09:43:21",423600
42200,950,600,"bu","09:43:20",422200
42200,950,2000,"bu","09:43:20",421600
42200,950,400,"bu","09:43:20",419600
42200,950,600,"bu","09:43:10",419200
42200,950,200,"bu","09:43:10",418600
42200,950,300,"bu","09:43:10",418400
42200,950,500,"bu","09:43:10",418100
42200,950,500,"bu","09:43:02",417600
42200,950,200,"bu","09:43:02",417100
42200,950,1800,"bu","09:42:56",416900
42200,950,2000,"bu","09:42:56",415100
42200,950,200,"bu","09:42:56",413100
42150,900,1000,"sd","09:42:37",412900
42150,900,2300,"sd","09:41:57",411900
42150,900,400,"bu","09:41:49",409600
42150,900,3700,"sd","09:41:39",409200
42150,900,1000,"sd","09:41:38",405500
42150,900,500,"sd","09:41:38",404500
42150,900,3800,"sd","09:41:38",404000
42200,950,100,"bu","09:41:38",400200
42150,900,100,"bu","09:41:19",400100
42150,900,100,"bu","09:41:19",400000
42150,900,1000,"bu","09:41:19",399900
42150,900,1000,"bu","09:41:19",398900
42150,900,4000,"bu","09:41:18",397900
42150,900,1000,"bu","09:41:18",393900
42100,850,100,"bu","09:40:53",392900
42100,850,2500,"bu","09:40:53",392800
42100,850,200,"bu","09:40:53",390300
42100,850,1000,"bu","09:40:53",390100
42100,850,1200,"bu","09:40:53",389100
42100,850,100,"bu","09:40:52",387900
42100,850,100,"bu","09:40:52",387800
42100,850,500,"bu","09:40:52",387700
42100,850,1300,"bu","09:40:52",387200
42100,850,700,"bu","09:40:46",385900
42100,850,100,"bu","09:40:46",385200
42100,850,500,"bu","09:40:46",385100
42100,850,1000,"bu","09:40:46",384600
42100,850,1000,"bu","09:40:46",383600
42100,850,1700,"bu","09:40:46",382600
42100,850,300,"bu","09:40:43",380900
42100,850,3000,"bu","09:40:39",380600
42100,850,100,"bu","09:40:00",377600
42100,850,200,"bu","09:39:57",377500
42100,850,200,"bu","09:39:55",377300
42100,850,500,"bu","09:39:42",377100
42100,850,100,"bu","09:39:35",376600
42100,850,200,"bu","09:39:06",376500
42100,850,500,"bu","09:38:56",376300
42050,800,6000,"sd","09:38:48",375800
42050,800,200,"sd","09:38:43",369800
42050,800,1000,"sd","09:38:25",369600
42050,800,200,"sd","09:38:24",368600
42050,800,2000,"sd","09:38:19",368400
42050,800,8000,"sd","09:38:16",366400
42050,800,100,"sd","09:38:14",358400
42050,800,1000,"sd","09:38:14",358300
42050,800,700,"sd","09:38:14",357300
42050,800,300,"bu","09:38:04",356600
42050,800,700,"bu","09:38:04",356300
42050,800,2300,"bu","09:37:54",355600
42050,800,1000,"bu","09:37:54",353300
42050,800,2700,"bu","09:37:54",352300
42050,800,5900,"bu","09:37:48",349600
42050,800,400,"bu","09:37:44",343700
42050,800,300,"bu","09:37:35",343300
42050,800,500,"bu","09:37:22",343000
42050,800,100,"sd","09:37:18",342500
42050,800,100,"sd","09:37:18",342400
42050,800,500,"sd","09:37:16",342300
42050,800,400,"sd","09:37:10",341800
42050,800,400,"sd","09:37:10",341400
42050,800,200,"sd","09:37:10",341000
42100,850,2000,"bu","09:37:07",340800
42050,800,100,"sd","09:37:00",338800
42050,800,100,"sd","09:36:52",338700
42050,800,100,"sd","09:36:33",338600
42000,750,900,"sd","09:36:22",338500
42000,750,200,"sd","09:36:22",337600
42000,750,300,"sd","09:36:22",337400
42050,800,600,"bu","09:36:22",337100
42050,800,500,"bu","09:36:22",336500
42050,800,100,"bu","09:36:22",336000
42050,800,500,"bu","09:36:21",335900
42050,800,1000,"bu","09:36:20",335400
42050,800,500,"bu","09:36:18",334400
42050,800,500,"bu","09:36:15",333900
42050,800,500,"bu","09:36:04",333400
42050,800,5000,"sd","09:35:57",332900
42050,800,300,"sd","09:35:57",327900
42050,800,1000,"sd","09:35:57",327600
42050,800,100,"sd","09:35:57",326600
42100,850,200,"bu","09:35:47",326500
42100,850,200,"bu","09:35:43",326300
42050,800,100,"sd","09:35:39",326100
42050,800,4900,"sd","09:35:39",326000
42100,850,500,"bu","09:35:38",321100
42100,850,200,"bu","09:35:27",320600
42100,850,300,"bu","09:35:26",320400
42100,850,900,"bu","09:35:20",320100
42100,850,1100,"bu","09:35:20",319200
42100,850,100,"bu","09:35:02",318100
42050,800,100,"sd","09:35:02",318000
42050,800,200,"sd","09:35:02",317900
42050,800,1000,"sd","09:34:55",317700
42050,800,100,"sd","09:34:54",316700
42050,800,200,"sd","09:34:54",316600
42050,800,1700,"sd","09:34:54",316400
42050,800,300,"sd","09:34:54",314700
42050,800,200,"sd","09:34:54",314400
42050,800,4500,"sd","09:34:54",314200
42050,800,500,"sd","09:34:50",309700
42050,800,500,"sd","09:34:50",309200
42050,800,1000,"sd","09:34:50",308700
42050,800,400,"sd","09:34:39",307700
42050,800,200,"sd","09:33:58",307300
42100,850,1600,"bu","09:33:57",307100
42100,850,1200,"bu","09:33:57",305500
42100,850,200,"bu","09:33:57",304300
42050,800,1000,"sd","09:33:47",304100
42050,800,300,"sd","09:33:40",303100
42000,750,700,"sd","09:33:23",302800
42050,800,100,"sd","09:33:23",302100
42050,800,100,"bu","09:33:19",302000
42050,800,100,"bu","09:33:19",301900
42050,800,100,"bu","09:33:19",301800
42050,800,100,"bu","09:33:19",301700
42050,800,500,"bu","09:33:15",301600
42050,800,100,"bu","09:33:15",301100
42050,800,200,"bu","09:33:15",301000
42050,800,500,"bu","09:33:15",300800
42050,800,100,"bu","09:33:11",300300
42050,800,100,"bu","09:33:08",300200
42050,800,100,"bu","09:33:03",300100
42050,800,1000,"bu","09:32:57",300000
42050,800,200,"bu","09:32:49",299000
42000,750,600,"sd","09:32:49",298800
42050,800,2000,"bu","09:32:44",298200
42050,800,1000,"bu","09:32:44",296200
42050,800,100,"bu","09:32:38",295200
42050,800,2900,"bu","09:32:38",295100
42050,800,100,"bu","09:32:38",292200
42000,750,300,"sd","09:32:32",292100
42000,750,1700,"sd","09:32:32",291800
42000,750,200,"sd","09:32:31",290100
42000,750,100,"sd","09:32:20",289900
42000,750,900,"sd","09:32:20",289800
42000,750,100,"bu","09:32:18",288900
42000,750,500,"bu","09:32:18",288800
42000,750,100,"bu","09:32:17",288300
42000,750,400,"bu","09:32:16",288200
42000,750,100,"bu","09:32:16",287800
42000,750,100,"bu","09:32:16",287700
42000,750,100,"bu","09:32:16",287600
42000,750,300,"bu","09:32:16",287500
41950,700,800,"sd","09:32:16",287200
41950,700,500,"sd","09:32:16",286400
41950,700,1700,"sd","09:32:16",285900
42000,750,200,"bu","09:32:15",284200
42000,750,500,"bu","09:32:13",284000
42000,750,100,"bu","09:32:13",283500
42000,750,200,"bu","09:32:13",283400
42000,750,100,"bu","09:32:11",283200
42000,750,400,"bu","09:32:11",283100
42000,750,500,"bu","09:32:11",282700
42000,750,1500,"bu","09:32:06",282200
42000,750,500,"bu","09:32:03",280700
42000,750,400,"bu","09:32:02",280200
42000,750,2000,"bu","09:31:57",279800
42000,750,500,"bu","09:31:57",277800
42000,750,300,"bu","09:31:56",277300
42000,750,1000,"bu","09:31:54",277000
42000,750,2000,"bu","09:31:50",276000
42000,750,5000,"bu","09:31:46",274000
42000,750,2200,"bu","09:31:46",269000
41950,700,100,"sd","09:31:43",266800
42000,750,1800,"bu","09:31:39",266700
42000,750,1900,"bu","09:31:32",264900
42000,750,100,"bu","09:31:32",263000
42000,750,2000,"bu","09:31:31",262900
41950,700,100,"sd","09:31:15",260900
41950,700,500,"sd","09:31:12",260800
42000,750,300,"sd","09:31:03",260300
42000,750,300,"sd","09:31:03",260000
42000,750,1000,"bu","09:31:01",259700
42000,750,2000,"bu","09:31:00",258700
42000,750,100,"bu","09:31:00",256700
42000,750,100,"bu","09:31:00",256600
42000,750,5000,"bu","09:31:00",256500
42000,750,1000,"bu","09:31:00",251500
42000,750,100,"bu","09:31:00",250500
42000,750,200,"bu","09:31:00",250400
42000,750,500,"bu","09:31:00",250200
42000,750,700,"bu","09:31:00",249700
42000,750,1900,"bu","09:31:00",249000
42000,750,100,"bu","09:31:00",247100
42000,750,100,"bu","09:31:00",247000
42000,750,100,"bu","09:31:00",246900
42000,750,500,"bu","09:31:00",246800
42000,750,2000,"bu","09:31:00",246300
42000,750,300,"bu","09:31:00",244300
42000,750,1000,"bu","09:30:54",244000
41950,700,1000,"sd","09:30:51",243000
42000,750,200,"bu","09:30:50",242000
42000,750,100,"bu","09:30:50",241800
42000,750,1200,"bu","09:30:50",241700
41950,700,1000,"sd","09:30:50",240500
41950,700,200,"sd","09:30:49",239500
42000,750,100,"bu","09:30:42",239300
42000,750,2900,"bu","09:30:41",239200
42000,750,1000,"bu","09:30:41",236300
41950,700,100,"bu","09:30:41",235300
41950,700,500,"bu","09:30:41",235200
41950,700,500,"bu","09:30:41",234700
41950,700,1000,"bu","09:30:40",234200
41950,700,1500,"sd","09:30:35",233200
42000,750,10000,"bu","09:30:35",231700
41950,700,1500,"sd","09:30:35",221700
42000,750,500,"bu","09:30:32",220200
42000,750,7000,"bu","09:30:30",219700
42000,750,1500,"bu","09:30:28",212700
42000,750,500,"bu","09:30:25",211200
42000,750,500,"bu","09:30:20",210700
42000,750,5000,"bu","09:30:19",210200
42000,750,10000,"bu","09:30:14",205200
42000,750,2000,"bu","09:30:14",195200
42000,750,18700,"bu","09:30:10",193200
42000,750,1000,"bu","09:30:10",174500
42000,750,100,"bu","09:30:10",173500
41950,700,200,"bu","09:30:10",173400
41950,700,200,"bu","09:30:08",173200
41900,650,500,"bu","09:29:57",173000
41900,650,200,"bu","09:29:57",172500
41900,650,3000,"bu","09:29:57",172300
41900,650,1000,"bu","09:29:57",169300
41900,650,2000,"bu","09:29:52",168300
41900,650,2000,"bu","09:29:45",166300
41900,650,1000,"bu","09:29:45",164300
41850,600,200,"bu","09:29:45",163300
41850,600,100,"bu","09:29:45",163100
41850,600,100,"bu","09:29:43",163000
41850,600,100,"bu","09:29:42",162900
41850,600,300,"bu","09:29:40",162800
41850,600,400,"bu","09:29:28",162500
41850,600,1000,"bu","09:29:21",162100
41850,600,400,"bu","09:29:21",161100
41850,600,100,"bu","09:29:18",160700
41800,550,2500,"sd","09:29:04",160600
41800,550,200,"bu","09:28:57",158100
41800,550,200,"bu","09:28:57",157900
41800,550,2000,"bu","09:28:57",157700
41800,550,3000,"bu","09:28:57",155700
41800,550,2000,"bu","09:28:57",152700
41750,500,200,"bu","09:28:57",150700
41750,500,2000,"bu","09:28:57",150500
41700,450,1000,"bu","09:28:57",148500
41700,450,1000,"bu","09:28:57",147500
41700,450,1000,"bu","09:28:57",146500
41700,450,3000,"bu","09:28:57",145500
41700,450,200,"bu","09:28:57",142500
41700,450,1000,"bu","09:28:57",142300
41700,450,2000,"bu","09:28:57",141300
41700,450,5800,"bu","09:28:57",139300
41700,450,1000,"bu","09:28:57",133500
41700,450,100,"bu","09:28:57",132500
41700,450,2000,"bu","09:28:57",132400
41650,400,3000,"bu","09:28:57",130400
41650,400,100,"bu","09:28:57",127400
41650,400,500,"bu","09:28:57",127300
41650,400,1000,"bu","09:28:57",126800
41650,400,100,"bu","09:28:57",125800
41650,400,300,"bu","09:28:57",125700
41650,400,1500,"bu","09:28:57",125400
41600,350,400,"bu","09:28:57",123900
41600,350,100,"bu","09:28:49",123500
41600,350,100,"sd","09:28:14",123400
41600,350,200,"sd","09:28:14",123300
41600,350,100,"sd","09:28:14",123100
41600,350,1500,"sd","09:28:14",123000
41600,350,500,"sd","09:28:11",121500
41600,350,4500,"sd","09:28:11",121000
41600,350,200,"sd","09:27:50",116500
41600,350,300,"sd","09:27:34",116300
41600,350,100,"sd","09:27:34",116000
41600,350,200,"sd","09:27:34",115900
41600,350,100,"sd","09:27:31",115700
41600,350,200,"sd","09:27:31",115600
41600,350,200,"sd","09:27:31",115400
41600,350,500,"sd","09:27:31",115200
41600,350,200,"sd","09:27:25",114700
41600,350,1000,"sd","09:27:21",114500
41600,350,100,"sd","09:27:16",113500
41650,400,500,"bu","09:27:14",113400
41600,350,100,"sd","09:27:13",112900
41600,350,300,"sd","09:26:58",112800
41600,350,200,"sd","09:26:09",112500
41600,350,200,"sd","09:26:05",112300
41600,350,1000,"sd","09:25:18",112100
41600,350,200,"bu","09:25:14",111100
41600,350,100,"bu","09:25:14",110900
41600,350,2000,"bu","09:25:14",110800
41600,350,1000,"bu","09:25:14",108800
41600,350,2400,"bu","09:25:14",107800
41550,300,500,"bu","09:25:14",105400
41550,300,900,"bu","09:25:14",104900
41600,350,9300,"bu","09:25:14",104000
41550,300,100,"bu","09:25:09",94700
41550,300,2000,"sd","09:24:58",94600
41550,300,100,"sd","09:24:58",92600
41550,300,26500,"sd","09:24:58",92500
41550,300,100,"sd","09:24:58",66000
41550,300,200,"sd","09:24:58",65900
41550,300,100,"sd","09:24:58",65700
41600,350,500,"bu","09:24:58",65600
41600,350,100,"bu","09:24:39",65100
41550,300,1500,"bu","09:24:29",65000
41550,300,100,"bu","09:24:25",63500
41550,300,100,"bu","09:24:21",63400
41550,300,100,"bu","09:24:19",63300
41550,300,100,"bu","09:24:13",63200
41550,300,3700,"bu","09:24:00",63100
41550,300,500,"bu","09:24:00",59400
41550,300,5800,"bu","09:24:00",58900
41550,300,700,"bu","09:23:46",53100
41550,300,1300,"bu","09:23:46",52400
41550,300,4200,"bu","09:23:46",51100
41550,300,500,"bu","09:23:43",46900
41550,300,100,"bu","09:22:56",46400
41500,250,600,"sd","09:22:52",46300
41500,250,100,"sd","09:22:52",45700
41500,250,100,"sd","09:22:52",45600
41500,250,1000,"sd","09:22:52",45500
41500,250,700,"sd","09:22:52",44500
41500,250,300,"sd","09:22:41",43800
41500,250,1000,"sd","09:22:29",43500
41550,300,1000,"bu","09:22:29",42500
41550,300,400,"bu","09:22:28",41500
41550,300,200,"bu","09:22:24",41100
41500,250,100,"sd","09:22:00",40900
41500,250,2000,"sd","09:21:32",40800
41550,300,2000,"bu","09:21:10",38800
41550,300,1700,"bu","09:21:05",36800
41550,300,100,"bu","09:21:03",35100
41500,250,900,"sd","09:21:00",35000
41500,250,400,"sd","09:21:00",34100
41550,300,2000,"sd","09:20:24",33700
41550,300,100,"sd","09:20:24",31700
41550,300,100,"sd","09:20:24",31600
41550,300,100,"sd","09:20:24",31500
41550,300,800,"sd","09:20:24",31400
41550,300,200,"bu","09:20:09",30600
41550,300,200,"bu","09:19:51",30400
41550,300,100,"bu","09:19:47",30200
41550,300,100,"bu","09:19:39",30100
41550,300,100,"bu","09:19:37",30000
41550,300,300,"sd","09:19:35",29900
41550,300,200,"bu","09:19:35",29600
41550,300,800,"sd","09:19:23",29400
41600,350,2000,"bu","09:19:19",28600
41550,300,200,"sd","09:19:16",26600
41550,300,100,"bu","09:19:06",26400
41550,300,100,"bu","09:19:06",26300
41550,300,100,"bu","09:19:06",26200
41550,300,100,"bu","09:18:59",26100
41550,300,500,"bu","09:18:45",26000
41550,300,500,"bu","09:18:45",25500
41500,250,100,"sd","09:18:44",25000
41500,250,500,"sd","09:18:44",24900
41500,250,200,"sd","09:18:44",24400
41500,250,200,"sd","09:18:44",24200
41550,300,100,"bu","09:18:38",24000
41550,300,700,"bu","09:18:37",23900
41550,300,100,"bu","09:18:27",23200
41500,250,100,"sd","09:18:08",23100
41500,250,2000,"sd","09:18:02",23000
41500,250,100,"sd","09:17:53",21000
41500,250,600,"bu","09:17:49",20900
41500,250,200,"bu","09:17:47",20300
41500,250,200,"sd","09:17:44",20100
41500,250,100,"sd","09:17:44",19900
41500,250,2000,"sd","09:17:44",19800
41500,250,100,"sd","09:17:44",17800
41500,250,100,"sd","09:17:44",17700
41500,250,2000,"sd","09:17:44",17600
41500,250,200,"sd","09:17:44",15600
41500,250,500,"sd","09:17:44",15400
41550,300,600,"bu","09:17:44",14900
41550,300,400,"bu","09:17:44",14300
41550,300,100,"bu","09:17:32",13900
41550,300,500,"bu","09:17:18",13800
41500,250,100,"bu","09:16:40",13300
41500,250,200,"bu","09:16:40",13200
41500,250,2000,"bu","09:16:40",13000
41500,250,2000,"bu","09:16:40",11000
41500,250,100,"bu","09:16:40",9000
41500,250,3000,"bu","09:16:40",8900
41500,250,1500,"bu","09:16:40",5900
41500,250,600,"bu","09:16:40",4400
41450,200,100,"sd","09:16:35",3800
41450,200,200,"bu","09:16:14",3700
41450,200,100,"bu","09:15:42",3500
41450,200,1000,"bu","09:15:14",3400
41450,200,2400,"unknown","09:14:59",2400
