"price","change","match_qtty","side","time","total_vol"
14200,600,3100,"bu","14:45:02",149700
14000,400,1700,"bu","14:29:18",146600
14000,400,2100,"bu","14:28:29",144900
14000,400,200,"bu","14:26:19",142800
14000,400,800,"sd","14:24:51",142600
13800,200,800,"sd","14:11:47",141800
13800,200,100,"sd","14:11:03",141000
13800,200,200,"unknown","14:07:37",140900
13800,200,700,"bu","14:05:36",140700
13800,200,300,"bu","14:04:29",140000
13800,200,500,"bu","14:00:55",139700
13800,200,100,"bu","14:00:44",139200
13800,200,100,"bu","13:59:25",139100
13800,200,500,"bu","13:56:51",139000
13700,100,3000,"sd","13:47:01",138500
13800,200,200,"bu","13:46:48",135500
13800,200,200,"bu","13:43:28",135300
13800,200,300,"bu","13:39:40",135100
13800,200,1500,"bu","13:39:31",134800
13800,200,1400,"bu","13:29:51",133300
13800,200,100,"bu","13:26:23",131900
13800,200,100,"bu","13:22:24",131800
13800,200,2900,"bu","13:19:25",131700
13800,200,100,"bu","13:19:03",128800
13700,100,1300,"sd","13:18:46",128700
13800,200,200,"bu","13:18:12",127400
13700,100,100,"sd","13:05:46",127200
13700,100,1000,"sd","13:02:12",127100
14300,700,100,"bu","13:00:09",126100
13800,200,1300,"unknown","13:00:08",126000
13800,200,4000,"sd","13:00:01",124700
14300,700,200,"bu","11:21:17",120700
14300,700,100,"bu","11:04:51",120500
13700,100,100,"sd","10:45:29",120400
13700,100,3200,"sd","10:42:23",120300
13800,200,500,"sd","10:42:14",117100
13800,200,4000,"sd","10:40:05",116600
13900,300,100,"unknown","10:35:55",112600
13900,300,100,"unknown","10:26:25",112500
13800,200,400,"sd","09:47:59",112400
13700,100,10000,"sd","09:21:32",112000
13800,200,5800,"sd","09:17:23",102000
13800,200,13500,"sd","09:17:12",96200
13800,200,100,"bu","09:16:32",82700
13800,200,9900,"sd","09:16:11",82600
13800,200,10000,"sd","09:15:59",72700
13800,200,8000,"sd","09:14:50",62700
14400,800,100,"bu","09:14:37",54700
14600,1000,1600,"bu","09:09:31",54600
14600,1000,5800,"bu","09:09:04",53000
14600,1000,1000,"bu","09:09:00",47200
14600,1000,7900,"bu","09:08:17",46200
14500,900,10000,"bu","09:07:54",38300
14500,900,200,"bu","09:07:27",28300
14500,900,10000,"bu","09:06:57",28100
13400,-200,1500,"sd","09:05:29",18100
13400,-200,10000,"sd","09:05:12",16600
13400,-200,3400,"sd","09:04:27",6600
13400,-200,3200,"sd","09:04:17",3200
