"price","change","match_qtty","side","time","total_vol"
19300,500,372600,"unknown","14:45:06",10372300
19300,500,8900,"sd","14:29:55",9999700
19300,500,500,"sd","14:29:48",9990800
19300,500,600,"sd","14:29:46",9990300
19300,500,1400,"sd","14:29:46",9989700
19300,500,1000,"bu","14:29:34",9988300
19300,500,500,"bu","14:29:34",9987300
19300,500,6500,"bu","14:29:34",9986800
19300,500,600,"bu","14:29:34",9980300
19250,450,2000,"sd","14:29:28",9979700
19300,500,27000,"bu","14:29:26",9977700
19300,500,100,"bu","14:29:23",9950700
19300,500,500,"bu","14:29:19",9950600
19300,500,200,"bu","14:29:17",9950100
19300,500,200,"bu","14:29:14",9949900
19300,500,100,"sd","14:29:13",9949700
19300,500,1300,"sd","14:29:13",9949600
19300,500,3000,"sd","14:29:13",9948300
19300,500,700,"sd","14:29:12",9945300
19300,500,1000,"sd","14:29:12",9944600
19300,500,3000,"sd","14:29:12",9943600
19300,500,300,"sd","14:29:12",9940600
19300,500,200,"sd","14:29:07",9940300
19300,500,300,"sd","14:29:07",9940100
19300,500,100,"sd","14:29:04",9939800
19300,500,100,"sd","14:28:58",9939700
19300,500,600,"sd","14:28:58",9939600
19300,500,400,"bu","14:28:54",9939000
19300,500,100,"bu","14:28:50",9938600
19300,500,100,"bu","14:28:50",9938500
19300,500,800,"bu","14:28:50",9938400
19300,500,1000,"bu","14:28:46",9937600
19300,500,100,"bu","14:28:45",9936600
19300,500,100,"sd","14:28:42",9936500
19300,500,100,"bu","14:28:38",9936400
19300,500,400,"bu","14:28:37",9936300
19300,500,900,"sd","14:28:35",9935900
19300,500,600,"sd","14:28:35",9935000
19300,500,500,"sd","14:28:34",9934400
19300,500,4300,"bu","14:28:32",9933900
19300,500,700,"bu","14:28:32",9929600
19300,500,200,"bu","14:28:30",9928900
19300,500,1000,"unknown","14:28:30",9928700
19300,500,400,"sd","14:28:28",9927700
19300,500,100,"bu","14:28:27",9927300
19300,500,200,"bu","14:28:25",9927200
19300,500,300,"bu","14:28:25",9927000
19300,500,100,"bu","14:28:25",9926700
19300,500,1000,"bu","14:28:25",9926600
19300,500,3000,"bu","14:28:25",9925600
19300,500,5000,"bu","14:28:24",9922600
19300,500,1000,"bu","14:28:20",9917600
19300,500,500,"sd","14:28:16",9916600
19300,500,1000,"sd","14:28:16",9916100
19300,500,200,"sd","14:28:16",9915100
19300,500,400,"sd","14:28:16",9914900
19300,500,300,"sd","14:28:16",9914500
19300,500,1200,"sd","14:28:16",9914200
19300,500,3800,"sd","14:28:13",9913000
19300,500,3000,"sd","14:28:13",9909200
19300,500,3200,"sd","14:28:13",9906200
19300,500,1200,"sd","14:28:08",9903000
19300,500,1100,"sd","14:28:07",9901800
19300,500,700,"sd","14:28:07",9900700
19300,500,2400,"sd","14:28:06",9900000
19300,500,3000,"sd","14:28:03",9897600
19300,500,500,"bu","14:27:52",9894600
19300,500,500,"bu","14:27:52",9894100
19300,500,500,"bu","14:27:52",9893600
19300,500,5000,"bu","14:27:52",9893100
19300,500,4000,"bu","14:27:52",9888100
19300,500,100,"bu","14:27:52",9884100
19300,500,100,"bu","14:27:52",9884000
19300,500,2700,"bu","14:27:52",9883900
19300,500,5000,"bu","14:27:49",9881200
19300,500,2000,"bu","14:27:47",9876200
19300,500,100,"bu","14:27:45",9874200
19300,500,300,"bu","14:27:45",9874100
19300,500,40900,"bu","14:27:45",9873800
19300,500,2000,"bu","14:27:45",9832900
19300,500,400,"bu","14:27:45",9830900
19300,500,1000,"bu","14:27:45",9830500
19300,500,1000,"bu","14:27:45",9829500
19300,500,2100,"bu","14:27:45",9828500
19300,500,200,"bu","14:27:45",9826400
19300,500,2000,"bu","14:27:45",9826200
19300,500,7000,"bu","14:27:44",9824200
19300,500,1000,"bu","14:27:44",9817200
19300,500,5000,"bu","14:27:40",9816200
19300,500,2000,"bu","14:27:36",9811200
19300,500,100,"bu","14:27:34",9809200
19300,500,700,"bu","14:27:17",9809100
19300,500,1000,"bu","14:27:15",9808400
19300,500,5000,"bu","14:27:08",9807400
19300,500,3600,"bu","14:27:02",9802400
19300,500,2000,"bu","14:27:01",9798800
19300,500,1500,"bu","14:26:56",9796800
19300,500,4000,"bu","14:26:53",9795300
19300,500,500,"bu","14:26:49",9791300
19300,500,500,"sd","14:26:47",9790800
19300,500,1000,"sd","14:26:47",9790300
19300,500,3000,"sd","14:26:47",9789300
19300,500,5000,"sd","14:26:47",9786300
19300,500,1900,"sd","14:26:47",9781300
19300,500,10000,"sd","14:26:47",9779400
19300,500,3000,"sd","14:26:47",9769400
19300,500,21300,"sd","14:26:47",9766400
19300,500,100,"sd","14:26:37",9745100
19350,550,1000,"bu","14:26:37",9745000
19300,500,1000,"bu","14:26:33",9744000
19300,500,600,"bu","14:26:33",9743000
19300,500,1000,"bu","14:26:33",9742400
19300,500,500,"bu","14:26:33",9741400
19300,500,100,"bu","14:26:33",9740900
19300,500,1000,"bu","14:26:33",9740800
19300,500,200,"bu","14:26:33",9739800
19300,500,500,"bu","14:26:33",9739600
19300,500,100,"bu","14:26:33",9739100
19300,500,12000,"bu","14:26:33",9739000
19300,500,100,"bu","14:26:33",9727000
19300,500,11500,"bu","14:26:33",9726900
19300,500,500,"bu","14:26:33",9715400
19300,500,1000,"bu","14:26:33",9714900
19300,500,200,"bu","14:26:33",9713900
19300,500,3000,"bu","14:26:33",9713700
19300,500,500,"bu","14:26:33",9710700
19300,500,2200,"bu","14:26:33",9710200
19300,500,100,"bu","14:26:33",9708000
19300,500,100,"bu","14:26:33",9707900
19300,500,100,"bu","14:26:33",9707800
19300,500,300,"bu","14:26:33",9707700
19300,500,2000,"bu","14:26:33",9707400
19300,500,5000,"bu","14:26:30",9705400
19300,500,3000,"bu","14:26:25",9700400
19300,500,500,"bu","14:26:25",9697400
19300,500,300,"bu","14:26:25",9696900
19300,500,200,"bu","14:26:25",9696600
19300,500,400,"bu","14:26:12",9696400
19300,500,500,"bu","14:26:12",9696000
19300,500,900,"bu","14:26:09",9695500
19300,500,100,"bu","14:26:09",9694600
19300,500,200,"bu","14:26:00",9694500
19300,500,1000,"bu","14:25:58",9694300
19300,500,1000,"bu","14:25:58",9693300
19300,500,4000,"bu","14:25:58",9692300
19300,500,1000,"bu","14:25:47",9688300
19300,500,100,"bu","14:25:47",9687300
19300,500,100,"bu","14:25:47",9687200
19300,500,1100,"bu","14:25:47",9687100
19300,500,1000,"bu","14:25:47",9686000
19300,500,700,"bu","14:25:47",9685000
19300,500,3000,"bu","14:25:47",9684300
19300,500,100,"bu","14:25:47",9681300
19300,500,100,"bu","14:25:47",9681200
19300,500,1000,"bu","14:25:47",9681100
19300,500,1000,"bu","14:25:47",9680100
19300,500,500,"bu","14:25:47",9679100
19300,500,1600,"bu","14:25:47",9678600
19300,500,2000,"bu","14:25:47",9677000
19300,500,2000,"bu","14:25:47",9675000
19300,500,1400,"bu","14:25:47",9673000
19300,500,100,"bu","14:25:47",9671600
19300,500,200,"bu","14:25:47",9671500
19300,500,4500,"bu","14:25:47",9671300
19300,500,1400,"bu","14:25:47",9666800
19300,500,20300,"bu","14:25:47",9665400
19300,500,3000,"bu","14:25:47",9645100
19300,500,200,"bu","14:25:47",9642100
19300,500,100,"bu","14:25:47",9641900
19300,500,300,"bu","14:25:47",9641800
19300,500,500,"bu","14:25:47",9641500
19300,500,300,"bu","14:25:47",9641000
19300,500,100,"bu","14:25:47",9640700
19300,500,1000,"bu","14:25:47",9640600
19300,500,300,"bu","14:25:47",9639600
19300,500,5000,"bu","14:25:47",9639300
19300,500,1000,"bu","14:25:47",9634300
19300,500,300,"bu","14:25:47",9633300
19300,500,2000,"bu","14:25:47",9633000
19300,500,2000,"bu","14:25:47",9631000
19300,500,700,"bu","14:25:47",9629000
19300,500,4300,"bu","14:25:45",9628300
19300,500,1000,"bu","14:25:45",9624000
19300,500,5000,"bu","14:25:45",9623000
19300,500,10000,"bu","14:25:45",9618000
19300,500,19700,"bu","14:25:45",9608000
19300,500,100,"bu","14:25:45",9588300
19300,500,1500,"bu","14:25:37",9588200
19250,450,1300,"sd","14:25:31",9586700
19250,450,1900,"sd","14:25:31",9585400
19250,450,2100,"sd","14:25:29",9583500
19250,450,1000,"sd","14:25:29",9581400
19250,450,3000,"sd","14:25:29",9580400
19250,450,900,"sd","14:25:29",9577400
19300,500,3000,"bu","14:25:21",9576500
19300,500,2600,"bu","14:25:21",9573500
19300,500,100,"bu","14:25:11",9570900
19300,500,500,"bu","14:25:00",9570800
19300,500,1000,"bu","14:24:54",9570300
19250,450,1000,"sd","14:24:47",9569300
19300,500,400,"bu","14:24:45",9568300
19250,450,3200,"sd","14:24:34",9567900
19250,450,100,"sd","14:24:34",9564700
19250,450,100,"sd","14:24:34",9564600
19250,450,100,"sd","14:24:34",9564500
19250,450,1000,"sd","14:24:34",9564400
19250,450,500,"sd","14:24:34",9563400
19250,450,200,"sd","14:24:26",9562900
19250,450,700,"sd","14:24:26",9562700
19250,450,1000,"sd","14:24:26",9562000
19250,450,3100,"sd","14:24:26",9561000
19300,500,100,"bu","14:24:09",9557900
19250,450,500,"sd","14:24:07",9557800
19250,450,1000,"sd","14:24:06",9557300
19250,450,2000,"sd","14:23:57",9556300
19300,500,500,"bu","14:23:56",9554300
19300,500,4000,"bu","14:23:49",9553800
19300,500,600,"bu","14:23:40",9549800
19300,500,100,"bu","14:23:40",9549200
19300,500,500,"bu","14:23:36",9549100
19300,500,7700,"bu","14:23:35",9548600
19250,450,200,"sd","14:23:35",9540900
19300,500,10000,"bu","14:23:30",9540700
19300,500,600,"bu","14:23:25",9530700
19250,450,5000,"sd","14:23:23",9530100
19250,450,300,"sd","14:23:22",9525100
19250,450,3000,"sd","14:23:17",9524800
19250,450,100,"sd","14:23:11",9521800
19250,450,16600,"sd","14:23:03",9521700
19300,500,1500,"bu","14:22:51",9505100
19250,450,500,"sd","14:22:45",9503600
19300,500,300,"bu","14:22:38",9503100
19300,500,1000,"bu","14:22:24",9502800
19300,500,100,"bu","14:22:21",9501800
19300,500,200,"bu","14:22:02",9501700
19300,500,500,"bu","14:21:45",9501500
19300,500,100,"bu","14:21:43",9501000
19300,500,5000,"bu","14:21:32",9500900
19300,500,7000,"bu","14:21:30",9495900
19250,450,500,"sd","14:21:25",9488900
19300,500,10000,"bu","14:21:11",9488400
19300,500,400,"bu","14:21:03",9478400
19300,500,3000,"bu","14:20:55",9478000
19250,450,9000,"sd","14:20:53",9475000
19250,450,300,"sd","14:20:29",9466000
19300,500,200,"bu","14:20:18",9465700
19300,500,100,"bu","14:20:14",9465500
19300,500,100,"bu","14:20:09",9465400
19300,500,500,"bu","14:19:51",9465300
19250,450,5000,"sd","14:19:38",9464800
19300,500,5000,"bu","14:19:28",9459800
19300,500,6300,"bu","14:19:27",9454800
19250,450,5000,"sd","14:19:24",9448500
19300,500,1600,"bu","14:19:05",9443500
19250,450,1300,"sd","14:18:56",9441900
19300,500,1000,"bu","14:18:53",9440600
19250,450,1600,"sd","14:18:45",9439600
19250,450,200,"sd","14:18:45",9438000
19250,450,200,"sd","14:18:45",9437800
19250,450,3000,"sd","14:18:45",9437600
19250,450,2500,"sd","14:18:44",9434600
19250,450,500,"sd","14:18:32",9432100
19250,450,1500,"sd","14:18:17",9431600
19250,450,100,"sd","14:18:17",9430100
19250,450,500,"sd","14:18:17",9430000
19250,450,1000,"sd","14:18:17",9429500
19250,450,6900,"sd","14:18:17",9428500
19300,500,1000,"bu","14:18:14",9421600
19300,500,2100,"bu","14:18:12",9420600
19300,500,900,"bu","14:18:12",9418500
19300,500,500,"bu","14:18:10",9417600
19300,500,300,"bu","14:18:03",9417100
19300,500,500,"bu","14:18:01",9416800
19300,500,200,"bu","14:17:54",9416300
19300,500,600,"unknown","14:17:42",9416100
19300,500,4400,"sd","14:17:37",9415500
19300,500,100,"sd","14:17:37",9411100
19300,500,100,"sd","14:17:37",9411000
19300,500,2400,"sd","14:17:37",9410900
19300,500,500,"sd","14:17:37",9408500
19300,500,600,"sd","14:17:37",9408000
19300,500,200,"sd","14:17:37",9407400
19300,500,500,"sd","14:17:37",9407200
19300,500,500,"sd","14:17:37",9406700
19300,500,700,"sd","14:17:37",9406200
19350,550,1000,"bu","14:17:20",9405500
19300,500,100,"sd","14:17:17",9404500
19300,500,100,"sd","14:17:17",9404400
19300,500,100,"sd","14:17:06",9404300
19300,500,200,"sd","14:17:06",9404200
19300,500,2000,"sd","14:17:06",9404000
19300,500,200,"sd","14:17:06",9402000
19300,500,100,"sd","14:17:06",9401800
19300,500,500,"sd","14:17:06",9401700
19300,500,100,"sd","14:16:59",9401200
19300,500,1000,"sd","14:16:35",9401100
19350,550,1800,"bu","14:16:21",9400100
19300,500,100,"sd","14:16:20",9398300
19300,500,100,"sd","14:16:13",9398200
19300,500,100,"sd","14:16:11",9398100
19300,500,100,"sd","14:16:10",9398000
19300,500,600,"bu","14:16:10",9397900
19300,500,5000,"bu","14:16:10",9397300
19300,500,800,"bu","14:16:10",9392300
19300,500,1000,"bu","14:16:10",9391500
19300,500,10000,"bu","14:16:10",9390500
19300,500,500,"bu","14:16:10",9380500
19300,500,100,"bu","14:16:09",9380000
19300,500,500,"bu","14:16:09",9379900
19300,500,1800,"bu","14:16:09",9379400
19300,500,500,"bu","14:15:48",9377600
19300,500,1000,"bu","14:15:38",9377100
19300,500,400,"bu","14:15:32",9376100
19300,500,900,"bu","14:15:32",9375700
19300,500,400,"bu","14:15:28",9374800
19300,500,2000,"bu","14:15:28",9374400
19300,500,600,"bu","14:15:28",9372400
19300,500,400,"bu","14:15:23",9371800
19300,500,1600,"bu","14:15:23",9371400
19300,500,1000,"bu","14:15:21",9369800
19300,500,3000,"bu","14:15:12",9368800
19300,500,1000,"bu","14:15:09",9365800
19300,500,2000,"bu","14:15:07",9364800
19300,500,2000,"bu","14:15:01",9362800
19300,500,300,"bu","14:14:53",9360800
19300,500,500,"sd","14:14:53",9360500
19300,500,400,"sd","14:14:53",9360000
19300,500,200,"sd","14:14:53",9359600
19300,500,4500,"sd","14:14:53",9359400
19300,500,1000,"bu","14:14:46",9354900
19300,500,1000,"bu","14:14:46",9353900
19300,500,1000,"bu","14:14:46",9352900
19300,500,2500,"bu","14:14:46",9351900
19300,500,900,"bu","14:14:40",9349400
19300,500,200,"bu","14:14:36",9348500
19300,500,200,"sd","14:14:13",9348300
19300,500,100,"sd","14:14:13",9348100
19300,500,500,"sd","14:14:13",9348000
19300,500,2000,"sd","14:14:13",9347500
19300,500,1000,"sd","14:14:13",9345500
19300,500,500,"sd","14:14:13",9344500
19300,500,500,"sd","14:14:13",9344000
19300,500,2000,"sd","14:14:13",9343500
19300,500,1000,"sd","14:14:13",9341500
19300,500,3000,"sd","14:14:13",9340500
19300,500,200,"sd","14:14:13",9337500
19300,500,400,"sd","14:14:13",9337300
19300,500,400,"sd","14:14:13",9336900
19300,500,2000,"sd","14:14:13",9336500
19300,500,600,"sd","14:14:13",9334500
19300,500,1000,"sd","14:14:13",9333900
19300,500,1000,"sd","14:14:13",9332900
19300,500,200,"sd","14:13:40",9331900
19300,500,100,"sd","14:13:34",9331700
19300,500,200,"sd","14:13:26",9331600
19300,500,100,"sd","14:12:49",9331400
19300,500,100,"sd","14:12:38",9331300
19300,500,2500,"bu","14:12:34",9331200
19300,500,1000,"bu","14:12:34",9328700
19300,500,200,"bu","14:12:34",9327700
19300,500,5000,"bu","14:12:34",9327500
19300,500,1800,"bu","14:12:27",9322500
19300,500,200,"bu","14:12:27",9320700
19300,500,300,"bu","14:12:23",9320500
19300,500,900,"bu","14:12:10",9320200
19300,500,600,"bu","14:12:01",9319300
19300,500,100,"bu","14:11:55",9318700
19300,500,800,"bu","14:11:53",9318600
19300,500,700,"bu","14:11:53",9317800
19300,500,1000,"bu","14:11:53",9317100
19300,500,100,"bu","14:11:49",9316100
19300,500,200,"bu","14:11:44",9316000
19300,500,400,"bu","14:11:44",9315800
19300,500,1500,"bu","14:11:44",9315400
19300,500,200,"bu","14:11:44",9313900
19300,500,1000,"bu","14:11:44",9313700
19300,500,2000,"bu","14:11:44",9312700
19300,500,1700,"bu","14:11:44",9310700
19300,500,100,"bu","14:11:38",9309000
19300,500,500,"bu","14:11:13",9308900
19300,500,200,"bu","14:11:13",9308400
19300,500,1100,"bu","14:11:12",9308200
19300,500,1300,"bu","14:11:10",9307100
19300,500,500,"bu","14:11:09",9305800
19300,500,2800,"bu","14:11:07",9305300
19300,500,1000,"bu","14:11:07",9302500
19300,500,200,"bu","14:11:07",9301500
19300,500,200,"bu","14:11:07",9301300
19300,500,600,"bu","14:11:07",9301100
19300,500,200,"bu","14:11:07",9300500
19300,500,100,"bu","14:11:01",9300300
19300,500,300,"bu","14:11:01",9300200
19300,500,100,"bu","14:11:01",9299900
19300,500,100,"bu","14:11:01",9299800
19300,500,500,"bu","14:11:01",9299700
19300,500,1500,"bu","14:11:00",9299200
19300,500,2000,"bu","14:11:00",9297700
19300,500,500,"bu","14:11:00",9295700
19300,500,1000,"bu","14:10:54",9295200
19300,500,1200,"bu","14:10:54",9294200
19300,500,800,"bu","14:10:53",9293000
19300,500,100,"bu","14:10:53",9292200
19300,500,100,"bu","14:10:53",9292100
19300,500,100,"bu","14:10:53",9292000
19300,500,1800,"bu","14:10:50",9291900
19300,500,500,"bu","14:10:50",9290100
19300,500,200,"bu","14:10:50",9289600
19300,500,100,"bu","14:10:50",9289400
19300,500,200,"bu","14:10:50",9289300
19300,500,200,"bu","14:10:50",9289100
19300,500,300,"bu","14:10:49",9288900
19300,500,1000,"bu","14:10:49",9288600
19300,500,500,"bu","14:10:49",9287600
19300,500,1000,"bu","14:10:49",9287100
19300,500,200,"bu","14:10:49",9286100
19300,500,400,"bu","14:10:45",9285900
19300,500,1600,"bu","14:10:45",9285500
19300,500,500,"bu","14:10:45",9283900
19300,500,500,"bu","14:10:42",9283400
19300,500,100,"bu","14:10:42",9282900
19300,500,1400,"bu","14:10:42",9282800
19300,500,600,"bu","14:10:40",9281400
19300,500,300,"bu","14:10:39",9280800
19300,500,400,"bu","14:10:36",9280500
19300,500,200,"bu","14:10:34",9280100
19300,500,1900,"bu","14:10:34",9279900
19300,500,800,"bu","14:10:34",9278000
19300,500,1200,"bu","14:10:34",9277200
19300,500,500,"bu","14:10:34",9276000
19300,500,300,"bu","14:10:34",9275500
19300,500,700,"bu","14:10:34",9275200
19300,500,1600,"bu","14:10:34",9274500
19300,500,100,"bu","14:10:34",9272900
19300,500,500,"bu","14:10:34",9272800
19300,500,300,"bu","14:10:34",9272300
19300,500,700,"bu","14:10:34",9272000
19300,500,400,"bu","14:10:34",9271300
19300,500,900,"bu","14:10:34",9270900
19300,500,1000,"bu","14:10:34",9270000
19300,500,1100,"bu","14:10:34",9269000
19300,500,100,"bu","14:10:30",9267900
19250,450,200,"sd","14:10:26",9267800
19300,500,200,"bu","14:10:26",9267600
19300,500,1500,"bu","14:10:25",9267400
19300,500,500,"bu","14:10:25",9265900
19300,500,300,"bu","14:10:25",9265400
19300,500,900,"bu","14:10:25",9265100
19300,500,1800,"bu","14:10:25",9264200
19300,500,800,"bu","14:10:22",9262400
19300,500,5000,"bu","14:10:22",9261600
19300,500,100,"bu","14:10:19",9256600
19300,500,400,"bu","14:10:19",9256500
19300,500,3000,"bu","14:10:18",9256100
19300,500,1000,"bu","14:10:16",9253100
19300,500,300,"bu","14:10:14",9252100
19300,500,500,"bu","14:10:11",9251800
19300,500,100,"bu","14:10:09",9251300
19300,500,400,"bu","14:10:03",9251200
19300,500,2500,"bu","14:10:03",9250800
19300,500,100,"bu","14:10:03",9248300
19300,500,100,"bu","14:09:59",9248200
19300,500,200,"bu","14:09:59",9248100
19300,500,100,"bu","14:09:59",9247900
19300,500,900,"bu","14:09:59",9247800
19300,500,9100,"bu","14:09:50",9246900
19300,500,900,"bu","14:09:50",9237800
19300,500,5000,"bu","14:09:49",9236900
19300,500,200,"bu","14:09:48",9231900
19300,500,500,"bu","14:09:48",9231700
19300,500,3400,"bu","14:09:43",9231200
19300,500,5000,"bu","14:09:43",9227800
19300,500,500,"bu","14:09:43",9222800
19300,500,1000,"bu","14:09:43",9222300
19300,500,100,"bu","14:09:43",9221300
19300,500,200,"bu","14:09:38",9221200
19300,500,300,"bu","14:09:38",9221000
19300,500,600,"bu","14:09:38",9220700
19300,500,600,"bu","14:09:38",9220100
19300,500,100,"bu","14:09:38",9219500
19300,500,100,"bu","14:09:38",9219400
19300,500,1100,"bu","14:09:38",9219300
19250,450,7000,"sd","14:09:30",9218200
19300,500,100,"bu","14:09:29",9211200
19250,450,3000,"sd","14:09:28",9211100
19250,450,1000,"sd","14:09:18",9208100
19300,500,100,"bu","14:09:12",9207100
19250,450,2000,"sd","14:08:47",9207000
19300,500,100,"bu","14:08:46",9205000
19250,450,5000,"sd","14:08:41",9204900
19250,450,200,"sd","14:08:40",9199900
19250,450,800,"sd","14:08:21",9199700
19250,450,100,"sd","14:08:20",9198900
19300,500,600,"bu","14:08:20",9198800
19300,500,5000,"bu","14:08:20",9198200
19300,500,10000,"bu","14:08:20",9193200
19300,500,500,"bu","14:08:20",9183200
19300,500,500,"bu","14:08:20",9182700
19300,500,100,"bu","14:08:19",9182200
19300,500,500,"bu","14:08:19",9182100
19300,500,1000,"bu","14:08:19",9181600
19300,500,1000,"bu","14:08:19",9180600
19300,500,300,"bu","14:08:19",9179600
19300,500,100,"bu","14:08:19",9179300
19300,500,2300,"bu","14:08:19",9179200
19300,500,200,"bu","14:08:19",9176900
19300,500,100,"bu","14:08:19",9176700
19300,500,500,"bu","14:08:19",9176600
19300,500,2300,"bu","14:08:19",9176100
19250,450,6000,"sd","14:08:18",9173800
19250,450,5000,"sd","14:08:07",9167800
19250,450,5000,"sd","14:07:57",9162800
19300,500,300,"bu","14:07:50",9157800
19300,500,1200,"bu","14:07:40",9157500
19250,450,2500,"sd","14:07:40",9156300
19250,450,300,"sd","14:07:35",9153800
19250,450,1700,"sd","14:07:35",9153500
19250,450,400,"sd","14:07:29",9151800
19250,450,5000,"sd","14:07:29",9151400
19250,450,4600,"sd","14:07:29",9146400
19250,450,5000,"sd","14:07:26",9141800
19300,500,600,"bu","14:07:24",9136800
19250,450,400,"sd","14:07:12",9136200
19250,450,200,"sd","14:07:12",9135800
19250,450,400,"sd","14:07:12",9135600
19250,450,100,"sd","14:07:12",9135200
19250,450,500,"sd","14:07:10",9135100
19250,450,1500,"sd","14:07:10",9134600
19250,450,1000,"sd","14:07:06",9133100
19250,450,200,"sd","14:07:04",9132100
19250,450,200,"sd","14:07:04",9131900
19250,450,200,"sd","14:07:04",9131700
19250,450,2400,"sd","14:07:04",9131500
19250,450,6000,"sd","14:07:04",9129100
19250,450,1600,"sd","14:06:58",9123100
19250,450,200,"sd","14:06:58",9121500
19250,450,100,"sd","14:06:58",9121300
19250,450,500,"sd","14:06:58",9121200
19250,450,200,"sd","14:06:58",9120700
19250,450,300,"sd","14:06:58",9120500
19250,450,100,"sd","14:06:58",9120200
19250,450,100,"sd","14:06:58",9120100
19250,450,900,"sd","14:06:58",9120000
19250,450,100,"sd","14:06:57",9119100
19250,450,300,"sd","14:06:57",9119000
19250,450,100,"sd","14:06:57",9118700
19250,450,400,"sd","14:06:46",9118600
19250,450,1100,"sd","14:06:46",9118200
19250,450,1900,"sd","14:06:45",9117100
19250,450,1100,"sd","14:06:45",9115200
19250,450,1000,"sd","14:06:45",9114100
19250,450,1000,"sd","14:06:45",9113100
19250,450,100,"sd","14:06:45",9112100
19250,450,4900,"sd","14:06:45",9112000
19250,450,2500,"sd","14:06:40",9107100
19300,500,500,"bu","14:06:33",9104600
19300,500,3000,"bu","14:06:07",9104100
19300,500,500,"bu","14:06:06",9101100
19300,500,1000,"bu","14:05:38",9100600
19250,450,1000,"sd","14:05:31",9099600
19300,500,2000,"bu","14:05:30",9098600
19300,500,500,"bu","14:05:27",9096600
19300,500,10500,"bu","14:05:24",9096100
19300,500,3000,"bu","14:05:21",9085600
19250,450,1600,"sd","14:05:16",9082600
19250,450,100,"sd","14:05:16",9081000
19250,450,100,"sd","14:05:16",9080900
19250,450,5000,"sd","14:05:16",9080800
19250,450,400,"sd","14:05:16",9075800
19250,450,100,"sd","14:05:16",9075400
19250,450,100,"sd","14:05:16",9075300
19250,450,900,"sd","14:05:16",9075200
19250,450,500,"sd","14:05:16",9074300
19250,450,200,"sd","14:05:16",9073800
19250,450,1000,"sd","14:05:16",9073600
19300,500,1000,"bu","14:05:09",9072600
19300,500,3000,"bu","14:05:09",9071600
19300,500,3300,"bu","14:05:05",9068600
19300,500,400,"bu","14:05:04",9065300
19300,500,300,"bu","14:04:47",9064900
19300,500,100,"sd","14:04:38",9064600
19300,500,500,"sd","14:04:38",9064500
19300,500,600,"sd","14:04:38",9064000
19300,500,200,"sd","14:04:38",9063400
19300,500,500,"sd","14:04:38",9063200
19300,500,2000,"sd","14:04:38",9062700
19300,500,200,"sd","14:04:38",9060700
19300,500,200,"sd","14:04:38",9060500
19300,500,200,"sd","14:04:38",9060300
19300,500,200,"sd","14:04:38",9060100
19300,500,700,"sd","14:04:38",9059900
19300,500,700,"sd","14:04:38",9059200
19300,500,1200,"sd","14:04:38",9058500
19300,500,3000,"sd","14:04:38",9057300
19300,500,100,"sd","14:04:38",9054300
19300,500,1000,"sd","14:04:38",9054200
19300,500,200,"sd","14:04:38",9053200
19300,500,100,"sd","14:04:32",9053000
19300,500,1000,"sd","14:04:28",9052900
19300,500,1700,"sd","14:04:22",9051900
19300,500,1000,"sd","14:04:22",9050200
19300,500,1000,"sd","14:04:22",9049200
19300,500,2000,"sd","14:04:22",9048200
19300,500,2600,"sd","14:04:22",9046200
19300,500,100,"sd","14:04:22",9043600
19300,500,1600,"sd","14:04:22",9043500
19300,500,100,"sd","14:04:21",9041900
19300,500,1000,"sd","14:04:19",9041800
19300,500,100,"sd","14:04:17",9040800
19300,500,1800,"sd","14:04:16",9040700
19300,500,400,"sd","14:04:16",9038900
19300,500,100,"sd","14:04:16",9038500
19300,500,200,"sd","14:04:16",9038400
19300,500,1300,"sd","14:04:16",9038200
19300,500,1000,"sd","14:04:07",9036900
19300,500,100,"sd","14:04:07",9035900
19300,500,5000,"sd","14:04:03",9035800
19300,500,2500,"sd","14:04:02",9030800
19300,500,1000,"sd","14:04:02",9028300
19300,500,500,"sd","14:04:01",9027300
19300,500,200,"sd","14:03:59",9026800
19300,500,200,"sd","14:03:58",9026600
19300,500,100,"sd","14:03:58",9026400
19300,500,100,"sd","14:03:57",9026300
19300,500,10000,"sd","14:03:56",9026200
19300,500,20000,"sd","14:03:54",9016200
19300,500,100,"sd","14:03:54",8996200
19300,500,1000,"sd","14:03:54",8996100
19300,500,7000,"sd","14:03:50",8995100
19300,500,1000,"sd","14:03:49",8988100
19300,500,2100,"sd","14:03:47",8987100
19300,500,100,"sd","14:03:47",8985000
19300,500,10000,"sd","14:03:42",8984900
19300,500,500,"sd","14:03:42",8974900
19300,500,10000,"sd","14:03:41",8974400
19300,500,300,"sd","14:03:35",8964400
19300,500,1500,"sd","14:03:33",8964100
19300,500,800,"sd","14:03:30",8962600
19300,500,4000,"sd","14:03:22",8961800
19300,500,4000,"sd","14:03:15",8957800
19300,500,500,"sd","14:03:09",8953800
19300,500,500,"sd","14:03:07",8953300
19300,500,1000,"sd","14:03:06",8952800
19300,500,3000,"sd","14:03:02",8951800
19300,500,1600,"sd","14:02:59",8948800
19300,500,800,"sd","14:02:59",8947200
19300,500,1000,"sd","14:02:59",8946400
19300,500,1600,"sd","14:02:59",8945400
19300,500,100,"sd","14:02:58",8943800
19300,500,100,"sd","14:02:52",8943700
19300,500,500,"sd","14:02:47",8943600
19300,500,300,"sd","14:02:44",8943100
19300,500,4400,"sd","14:02:37",8942800
19300,500,100,"sd","14:02:29",8938400
19300,500,1500,"sd","14:02:28",8938300
19300,500,1000,"sd","14:02:27",8936800
19300,500,300,"sd","14:02:25",8935800
19300,500,100,"sd","14:02:22",8935500
19300,500,500,"sd","14:02:22",8935400
19300,500,1500,"sd","14:02:13",8934900
19300,500,100,"sd","14:02:13",8933400
19300,500,400,"sd","14:02:13",8933300
19300,500,100,"sd","14:02:04",8932900
19300,500,200,"sd","14:02:04",8932800
19300,500,1000,"sd","14:01:58",8932600
19300,500,100,"sd","14:01:56",8931600
19300,500,700,"sd","14:01:47",8931500
19300,500,500,"sd","14:01:47",8930800
19300,500,1000,"sd","14:01:47",8930300
19300,500,1000,"sd","14:01:47",8929300
19300,500,1000,"sd","14:01:47",8928300
19300,500,200,"sd","14:01:47",8927300
19300,500,1000,"sd","14:01:47",8927100
19300,500,100,"sd","14:01:47",8926100
19300,500,400,"sd","14:01:44",8926000
19300,500,100,"sd","14:01:44",8925600
19300,500,500,"sd","14:01:44",8925500
19300,500,500,"sd","14:01:36",8925000
19300,500,1300,"sd","14:01:36",8924500
19300,500,2800,"sd","14:01:36",8923200
19300,500,3600,"sd","14:01:36",8920400
19300,500,1800,"sd","14:01:36",8916800
19300,500,4500,"sd","14:01:32",8915000
19300,500,300,"sd","14:01:32",8910500
19300,500,700,"sd","14:01:32",8910200
19300,500,2000,"sd","14:01:29",8909500
19300,500,7000,"sd","14:01:11",8907500
19300,500,3000,"sd","14:01:11",8900500
19300,500,6500,"sd","14:01:11",8897500
19300,500,3500,"sd","14:01:11",8891000
19300,500,2000,"sd","14:01:08",8887500
19300,500,4000,"sd","14:01:03",8885500
19300,500,1000,"sd","14:00:48",8881500
19300,500,200,"sd","14:00:44",8880500
19300,500,300,"sd","14:00:40",8880300
19300,500,2000,"sd","14:00:32",8880000
19300,500,5000,"sd","14:00:15",8878000
19350,550,1000,"bu","13:59:56",8873000
19300,500,5400,"sd","13:59:34",8872000
19300,500,14600,"sd","13:59:34",8866600
19300,500,13500,"sd","13:59:34",8852000
19300,500,19100,"sd","13:59:34",8838500
19300,500,13300,"sd","13:59:34",8819400
19300,500,11800,"sd","13:59:34",8806100
19300,500,2300,"sd","13:59:34",8794300
19300,500,200,"sd","13:59:34",8792000
19300,500,10000,"sd","13:59:24",8791800
19300,500,100,"sd","13:59:14",8781800
19300,500,200,"sd","13:58:57",8781700
19300,500,1800,"sd","13:58:57",8781500
19300,500,2500,"sd","13:58:32",8779700
19300,500,1600,"sd","13:58:32",8777200
19300,500,1000,"sd","13:58:32",8775600
19300,500,2000,"sd","13:58:32",8774600
19300,500,300,"sd","13:58:32",8772600
19300,500,500,"sd","13:58:32",8772300
19300,500,1000,"sd","13:58:32",8771800
19300,500,1200,"sd","13:58:32",8770800
19300,500,1000,"sd","13:58:32",8769600
19300,500,2100,"sd","13:58:32",8768600
19300,500,100,"sd","13:58:32",8766500
19300,500,2000,"sd","13:58:32",8766400
19300,500,2500,"sd","13:58:32",8764400
19300,500,1000,"sd","13:58:32",8761900
19300,500,700,"sd","13:58:32",8760900
19300,500,1000,"sd","13:58:32",8760200
19300,500,400,"sd","13:58:32",8759200
19300,500,500,"sd","13:58:32",8758800
19300,500,3000,"sd","13:58:32",8758300
19300,500,100,"sd","13:58:32",8755300
19300,500,500,"sd","13:58:32",8755200
19300,500,1100,"sd","13:58:32",8754700
19300,500,5000,"sd","13:58:32",8753600
19300,500,500,"sd","13:58:32",8748600
19300,500,600,"sd","13:58:32",8748100
19300,500,1500,"sd","13:58:32",8747500
19300,500,100,"sd","13:58:32",8746000
19300,500,4200,"sd","13:58:32",8745900
19300,500,300,"sd","13:58:32",8741700
19300,500,12200,"sd","13:58:32",8741400
19300,500,1000,"sd","13:58:32",8729200
19300,500,500,"sd","13:58:32",8728200
19300,500,500,"sd","13:58:32",8727700
19300,500,4800,"sd","13:58:32",8727200
19300,500,200,"sd","13:58:32",8722400
19300,500,600,"sd","13:58:32",8722200
19300,500,100,"sd","13:58:32",8721600
19300,500,10000,"sd","13:58:32",8721500
19300,500,3000,"sd","13:58:32",8711500
19300,500,100,"sd","13:58:32",8708500
19300,500,1000,"sd","13:58:32",8708400
19300,500,1400,"sd","13:58:32",8707400
19300,500,300,"sd","13:58:32",8706000
19300,500,1000,"sd","13:58:32",8705700
19300,500,2500,"sd","13:58:32",8704700
19300,500,1400,"sd","13:58:32",8702200
19300,500,100,"sd","13:58:32",8700800
19300,500,1500,"sd","13:58:32",8700700
19300,500,100,"sd","13:58:32",8699200
19300,500,400,"sd","13:58:32",8699100
19300,500,5000,"sd","13:58:32",8698700
19300,500,1000,"sd","13:58:32",8693700
19300,500,300,"sd","13:58:32",8692700
19300,500,100,"sd","13:58:32",8692400
19300,500,1500,"sd","13:58:32",8692300
19300,500,100,"sd","13:58:32",8690800
19300,500,200,"sd","13:58:32",8690700
19300,500,2000,"sd","13:58:32",8690500
19300,500,300,"sd","13:58:32",8688500
19300,500,300,"sd","13:58:32",8688200
19300,500,600,"sd","13:58:32",8687900
19300,500,5000,"sd","13:58:32",8687300
19300,500,500,"sd","13:58:32",8682300
19300,500,200,"sd","13:58:32",8681800
19300,500,1500,"sd","13:58:32",8681600
19300,500,100,"sd","13:58:32",8680100
19300,500,100,"sd","13:58:32",8680000
19300,500,500,"sd","13:58:32",8679900
19300,500,100,"sd","13:58:32",8679400
19300,500,200,"sd","13:58:32",8679300
19300,500,5000,"sd","13:58:32",8679100
19300,500,2000,"sd","13:58:32",8674100
19300,500,400,"sd","13:58:32",8672100
19300,500,200,"sd","13:58:32",8671700
19300,500,100,"sd","13:58:32",8671500
19300,500,700,"sd","13:58:32",8671400
19300,500,10000,"sd","13:58:32",8670700
19300,500,100,"sd","13:58:32",8660700
19300,500,30900,"sd","13:58:32",8660600
19350,550,1000,"bu","13:58:25",8629700
19350,550,4400,"bu","13:57:59",8628700
19350,550,2500,"bu","13:57:59",8624300
19350,550,1000,"bu","13:57:59",8621800
19350,550,100,"bu","13:57:59",8620800
19350,550,100,"bu","13:57:59",8620700
19350,550,1900,"bu","13:57:59",8620600
19350,550,100,"sd","13:57:44",8618700
19350,550,500,"sd","13:57:44",8618600
19350,550,500,"sd","13:57:44",8618100
19350,550,1000,"sd","13:57:44",8617600
19350,550,100,"sd","13:57:36",8616600
19350,550,9900,"sd","13:57:31",8616500
19350,550,800,"sd","13:57:31",8606600
19350,550,2900,"sd","13:57:31",8605800
19350,550,1100,"sd","13:57:31",8602900
19350,550,2000,"sd","13:57:31",8601800
19350,550,3900,"sd","13:57:31",8599800
19350,550,500,"sd","13:57:28",8595900
19350,550,7100,"sd","13:57:28",8595400
19350,550,2400,"sd","13:57:28",8588300
19350,550,400,"sd","13:57:27",8585900
19350,550,300,"sd","13:57:27",8585500
19350,550,1000,"sd","13:57:27",8585200
19350,550,200,"sd","13:57:25",8584200
19350,550,1800,"sd","13:57:25",8584000
19350,550,200,"sd","13:57:25",8582200
19350,550,1500,"sd","13:57:15",8582000
19350,550,600,"sd","13:57:13",8580500
19350,550,700,"sd","13:57:09",8579900
19350,550,100,"sd","13:57:08",8579200
19350,550,2600,"sd","13:57:04",8579100
19350,550,2300,"sd","13:57:04",8576500
19400,600,100,"bu","13:57:01",8574200
19350,550,300,"sd","13:57:00",8574100
19350,550,1000,"sd","13:56:55",8573800
19350,550,400,"sd","13:56:52",8572800
19350,550,600,"sd","13:56:52",8572400
19350,550,500,"sd","13:56:48",8571800
19350,550,2000,"sd","13:56:45",8571300
19350,550,200,"sd","13:56:40",8569300
19350,550,100,"sd","13:56:37",8569100
19350,550,700,"sd","13:56:36",8569000
19350,550,1300,"sd","13:56:36",8568300
19350,550,2000,"sd","13:56:33",8567000
19350,550,200,"bu","13:56:32",8565000
19350,550,800,"bu","13:56:32",8564800
19350,550,3000,"bu","13:56:32",8564000
19350,550,700,"sd","13:56:28",8561000
19350,550,3000,"sd","13:56:28",8560300
19350,550,300,"bu","13:56:23",8557300
19350,550,2000,"bu","13:56:23",8557000
19350,550,5000,"bu","13:56:23",8555000
19350,550,5400,"bu","13:56:23",8550000
19350,550,100,"bu","13:56:23",8544600
19350,550,3100,"bu","13:56:23",8544500
19350,550,2000,"bu","13:56:23",8541400
19350,550,400,"bu","13:56:23",8539400
19350,550,5000,"bu","13:56:23",8539000
19350,550,100,"bu","13:56:23",8534000
19350,550,500,"bu","13:56:23",8533900
19350,550,5000,"bu","13:56:23",8533400
19350,550,2000,"bu","13:56:23",8528400
19350,550,400,"bu","13:56:23",8526400
19300,500,2000,"sd","13:56:14",8526000
19300,500,500,"sd","13:56:03",8524000
19350,550,100,"sd","13:55:51",8523500
19350,550,500,"sd","13:55:51",8523400
19350,550,400,"sd","13:55:50",8522900
19350,550,100,"sd","13:55:50",8522500
19350,550,1000,"sd","13:55:48",8522400
19350,550,5000,"sd","13:55:48",8521400
19350,550,600,"sd","13:55:48",8516400
19350,550,2400,"sd","13:55:48",8515800
19350,550,700,"sd","13:55:48",8513400
19350,550,1000,"sd","13:55:48",8512700
19350,550,1000,"sd","13:55:48",8511700
19350,550,19300,"sd","13:55:48",8510700
19350,550,5000,"sd","13:55:48",8491400
19350,550,5000,"sd","13:55:47",8486400
19350,550,100,"sd","13:55:45",8481400
19350,550,10000,"sd","13:55:44",8481300
19350,550,5000,"sd","13:55:43",8471300
19350,550,2000,"sd","13:55:42",8466300
19350,550,1000,"sd","13:55:41",8464300
19350,550,1500,"sd","13:55:41",8463300
19350,550,500,"sd","13:55:40",8461800
19350,550,20000,"sd","13:55:38",8461300
19350,550,500,"sd","13:55:36",8441300
19350,550,600,"sd","13:55:36",8440800
19350,550,600,"sd","13:55:36",8440200
19350,550,1000,"sd","13:55:36",8439600
19350,550,200,"sd","13:55:36",8438600
19350,550,200,"sd","13:55:36",8438400
19350,550,500,"sd","13:55:36",8438200
19350,550,500,"sd","13:55:36",8437700
19350,550,1800,"sd","13:55:36",8437200
19350,550,2000,"sd","13:55:32",8435400
19350,550,600,"sd","13:55:31",8433400
19350,550,200,"sd","13:55:31",8432800
19350,550,4200,"sd","13:55:31",8432600
19350,550,400,"sd","13:55:30",8428400
19350,550,700,"sd","13:55:30",8428000
19350,550,1000,"sd","13:55:30",8427300
19350,550,400,"sd","13:55:30",8426300
19350,550,1000,"sd","13:55:30",8425900
19350,550,3000,"sd","13:55:30",8424900
19350,550,300,"sd","13:55:30",8421900
19350,550,2000,"sd","13:55:30",8421600
19350,550,1000,"sd","13:55:30",8419600
19350,550,500,"sd","13:55:30",8418600
19350,550,300,"sd","13:55:30",8418100
19350,550,9800,"sd","13:55:30",8417800
19350,550,2200,"sd","13:55:28",8408000
19350,550,28300,"sd","13:55:28",8405800
19350,550,5000,"sd","13:55:28",8377500
19350,550,100,"sd","13:55:28",8372500
19350,550,100,"sd","13:55:28",8372400
19350,550,2000,"sd","13:55:28",8372300
19350,550,2700,"sd","13:55:28",8370300
19350,550,1000,"sd","13:55:28",8367600
19350,550,100,"sd","13:55:28",8366600
19350,550,400,"sd","13:55:28",8366500
19350,550,100,"sd","13:55:28",8366100
19350,550,10000,"sd","13:55:28",8366000
19350,550,200,"sd","13:55:28",8356000
19400,600,600,"bu","13:55:27",8355800
19400,600,500,"bu","13:55:27",8355200
19400,600,700,"bu","13:55:27",8354700
19350,550,500,"sd","13:55:25",8354000
19350,550,1000,"sd","13:55:25",8353500
19350,550,200,"sd","13:55:25",8352500
19350,550,1500,"sd","13:55:25",8352300
19350,550,100,"sd","13:55:25",8350800
19350,550,16600,"sd","13:55:25",8350700
19350,550,2000,"sd","13:55:25",8334100
19350,550,500,"sd","13:55:25",8332100
19350,550,100,"sd","13:55:25",8331600
19350,550,500,"sd","13:55:25",8331500
19350,550,3800,"sd","13:55:25",8331000
19350,550,100,"sd","13:55:25",8327200
19350,550,500,"sd","13:55:25",8327100
19350,550,200,"sd","13:55:25",8326600
19350,550,100,"sd","13:55:25",8326400
19350,550,1000,"sd","13:55:25",8326300
19350,550,2000,"sd","13:55:25",8325300
19350,550,200,"sd","13:55:25",8323300
19350,550,1400,"sd","13:55:25",8323100
19350,550,100,"sd","13:55:25",8321700
19350,550,300,"sd","13:55:25",8321600
19350,550,1900,"sd","13:55:25",8321300
19350,550,200,"sd","13:55:25",8319400
19350,550,2000,"sd","13:55:25",8319200
19350,550,200,"sd","13:55:25",8317200
19350,550,3000,"sd","13:55:25",8317000
19350,550,4000,"sd","13:55:23",8314000
19350,550,200,"sd","13:55:23",8310000
19350,550,500,"sd","13:55:23",8309800
19350,550,100,"sd","13:55:23",8309300
19350,550,1000,"sd","13:55:23",8309200
19350,550,1000,"sd","13:55:23",8308200
19350,550,3200,"sd","13:55:23",8307200
19350,550,1500,"sd","13:55:22",8304000
19350,550,2000,"sd","13:55:21",8302500
19350,550,3700,"sd","13:55:18",8300500
19350,550,100,"sd","13:55:18",8296800
19350,550,200,"sd","13:55:18",8296700
19350,550,100,"sd","13:55:18",8296500
19350,550,8000,"sd","13:55:18",8296400
19350,550,2000,"sd","13:55:18",8288400
19350,550,7900,"sd","13:55:18",8286400
19350,550,500,"sd","13:55:11",8278500
19350,550,1000,"sd","13:55:09",8278000
19350,550,5000,"sd","13:55:06",8277000
19350,550,500,"sd","13:54:38",8272000
19350,550,6000,"sd","13:54:31",8271500
19350,550,100,"sd","13:54:29",8265500
19350,550,3000,"sd","13:54:25",8265400
19350,550,5500,"sd","13:54:23",8262400
19350,550,4500,"sd","13:54:23",8256900
19350,550,1000,"sd","13:54:13",8252400
19350,550,400,"sd","13:54:13",8251400
19350,550,3000,"sd","13:54:13",8251000
19350,550,100,"sd","13:54:13",8248000
19350,550,500,"sd","13:54:13",8247900
19350,550,200,"sd","13:53:58",8247400
19350,550,1100,"sd","13:53:58",8247200
19350,550,2500,"sd","13:53:45",8246100
19350,550,1400,"sd","13:53:44",8243600
19350,550,8600,"sd","13:53:44",8242200
19350,550,100,"sd","13:53:43",8233600
19400,600,1000,"bu","13:53:36",8233500
19350,550,200,"sd","13:53:19",8232500
19350,550,300,"sd","13:53:01",8232300
19350,550,2500,"sd","13:52:55",8232000
19350,550,3000,"sd","13:52:41",8229500
19350,550,100,"sd","13:52:40",8226500
19350,550,400,"sd","13:52:39",8226400
19350,550,1000,"sd","13:52:23",8226000
19350,550,2800,"sd","13:52:14",8225000
19350,550,3500,"sd","13:52:13",8222200
19350,550,200,"sd","13:52:07",8218700
19350,550,300,"sd","13:52:06",8218500
19350,550,2000,"sd","13:52:02",8218200
19350,550,500,"sd","13:52:02",8216200
19350,550,400,"sd","13:52:02",8215700
19350,550,500,"sd","13:52:02",8215300
19350,550,5000,"sd","13:52:02",8214800
19350,550,500,"sd","13:52:02",8209800
19350,550,500,"sd","13:52:02",8209300
19350,550,600,"sd","13:52:02",8208800
19350,550,2000,"sd","13:51:59",8208200
19350,550,500,"sd","13:51:53",8206200
19350,550,100,"sd","13:51:51",8205700
19350,550,100,"sd","13:51:29",8205600
19350,550,700,"sd","13:51:28",8205500
19350,550,100,"sd","13:51:28",8204800
19350,550,200,"sd","13:51:28",8204700
19400,600,1000,"bu","13:51:25",8204500
19350,550,800,"sd","13:51:21",8203500
19350,550,200,"sd","13:51:21",8202700
19350,550,3000,"sd","13:51:15",8202500
19400,600,2300,"bu","13:51:05",8199500
19400,600,300,"bu","13:51:05",8197200
19400,600,400,"bu","13:51:05",8196900
19350,550,400,"sd","13:50:54",8196500
19400,600,200,"bu","13:50:12",8196100
19400,600,1400,"bu","13:50:03",8195900
19400,600,300,"bu","13:50:03",8194500
19400,600,100,"bu","13:50:03",8194200
19400,600,100,"bu","13:50:03",8194100
19400,600,3000,"bu","13:50:03",8194000
19400,600,100,"bu","13:50:03",8191000
19400,600,1900,"bu","13:50:02",8190900
19400,600,500,"bu","13:50:02",8189000
19400,600,900,"bu","13:50:02",8188500
19400,600,1100,"bu","13:49:49",8187600
19400,600,100,"bu","13:49:49",8186500
19400,600,300,"bu","13:49:49",8186400
19400,600,100,"bu","13:49:49",8186100
19400,600,800,"bu","13:49:49",8186000
19400,600,200,"bu","13:49:49",8185200
19400,600,100,"bu","13:49:49",8185000
19400,600,200,"bu","13:49:49",8184900
19400,600,500,"bu","13:49:49",8184700
19400,600,200,"bu","13:49:49",8184200
19400,600,100,"bu","13:49:49",8184000
19400,600,500,"bu","13:49:49",8183900
19400,600,100,"bu","13:49:49",8183400
19400,600,100,"bu","13:49:49",8183300
19400,600,100,"bu","13:49:49",8183200
19400,600,500,"bu","13:49:49",8183100
19350,550,2000,"sd","13:49:44",8182600
19400,600,200,"bu","13:49:02",8180600
19400,600,200,"bu","13:49:02",8180400
19400,600,100,"bu","13:48:29",8180200
19400,600,300,"bu","13:48:29",8180100
19350,550,5000,"sd","13:48:14",8179800
19400,600,100,"bu","13:48:08",8174800
19350,550,100,"sd","13:47:52",8174700
19350,550,500,"sd","13:47:52",8174600
19350,550,300,"sd","13:47:52",8174100
19400,600,1000,"bu","13:47:51",8173800
19350,550,700,"sd","13:47:38",8172800
19350,550,300,"sd","13:47:38",8172100
19400,600,4600,"bu","13:47:30",8171800
19400,600,400,"bu","13:47:30",8167200
19400,600,1500,"bu","13:47:13",8166800
19350,550,5500,"sd","13:47:10",8165300
19400,600,100,"bu","13:47:01",8159800
19350,550,4700,"sd","13:46:53",8159700
19350,550,5000,"sd","13:46:44",8155000
19350,550,15000,"sd","13:46:38",8150000
19350,550,5000,"sd","13:46:35",8135000
19400,600,400,"bu","13:46:34",8130000
19400,600,200,"bu","13:46:07",8129600
19350,550,400,"sd","13:46:02",8129400
19400,600,1400,"bu","13:45:33",8129000
19350,550,100,"sd","13:45:07",8127600
19400,600,1300,"bu","13:44:47",8127500
19350,550,5000,"sd","13:44:13",8126200
19400,600,200,"bu","13:43:55",8121200
19400,600,1300,"bu","13:43:53",8121000
19400,600,1000,"bu","13:43:53",8119700
19400,600,1000,"bu","13:43:53",8118700
19400,600,200,"bu","13:43:53",8117700
19400,600,100,"bu","13:43:53",8117500
19400,600,500,"bu","13:43:53",8117400
19400,600,900,"bu","13:43:53",8116900
19400,600,1000,"bu","13:43:52",8116000
19400,600,600,"bu","13:43:48",8115000
19400,600,300,"bu","13:43:48",8114400
19350,550,9000,"sd","13:43:41",8114100
19350,550,1000,"sd","13:43:41",8105100
19350,550,300,"sd","13:43:41",8104100
19400,600,1900,"bu","13:43:36",8103800
19400,600,700,"bu","13:43:36",8101900
19400,600,500,"bu","13:43:36",8101200
19400,600,200,"bu","13:43:36",8100700
19400,600,200,"bu","13:43:36",8100500
19400,600,500,"bu","13:43:36",8100300
19400,600,1000,"bu","13:43:36",8099800
19400,600,400,"bu","13:43:23",8098800
19400,600,1000,"bu","13:42:42",8098400
19400,600,400,"bu","13:42:38",8097400
19350,550,700,"sd","13:42:30",8097000
19350,550,1000,"sd","13:42:30",8096300
19350,550,100,"sd","13:42:30",8095300
19350,550,3200,"sd","13:42:30",8095200
19400,600,300,"bu","13:42:26",8092000
19400,600,200,"bu","13:42:22",8091700
19400,600,1000,"bu","13:42:21",8091500
19400,600,4200,"bu","13:42:08",8090500
19400,600,4800,"bu","13:42:08",8086300
19400,600,200,"bu","13:42:08",8081500
19400,600,300,"bu","13:42:08",8081300
19400,600,100,"bu","13:42:08",8081000
19400,600,800,"bu","13:41:57",8080900
19400,600,200,"bu","13:41:57",8080100
19400,600,100,"bu","13:41:53",8079900
19400,600,900,"bu","13:41:31",8079800
19400,600,2100,"bu","13:41:31",8078900
19400,600,600,"bu","13:41:24",8076800
19400,600,100,"bu","13:41:19",8076200
19350,550,300,"sd","13:41:16",8076100
19350,550,100,"sd","13:41:03",8075800
19400,600,500,"bu","13:41:02",8075700
19400,600,1700,"bu","13:40:57",8075200
19400,600,300,"bu","13:40:57",8073500
19400,600,700,"bu","13:40:31",8073200
19400,600,300,"bu","13:40:31",8072500
19350,550,500,"sd","13:40:28",8072200
19350,550,900,"sd","13:40:24",8071700
19350,550,1000,"sd","13:40:24",8070800
19350,550,100,"sd","13:40:24",8069800
19400,600,700,"bu","13:40:20",8069700
19400,600,500,"bu","13:40:20",8069000
19400,600,300,"bu","13:40:20",8068500
19400,600,500,"bu","13:40:20",8068200
19400,600,200,"bu","13:40:20",8067700
19400,600,400,"bu","13:40:20",8067500
19400,600,400,"bu","13:40:20",8067100
19400,600,100,"bu","13:40:20",8066700
19400,600,1100,"bu","13:40:20",8066600
19400,600,1000,"bu","13:40:20",8065500
19400,600,2000,"bu","13:40:20",8064500
19400,600,500,"bu","13:40:20",8062500
19400,600,2000,"bu","13:40:20",8062000
19400,600,5000,"bu","13:40:20",8060000
19400,600,200,"bu","13:40:20",8055000
19400,600,100,"bu","13:40:20",8054800
19350,550,100,"sd","13:40:06",8054700
19350,550,200,"sd","13:39:56",8054600
19400,600,200,"bu","13:39:56",8054400
19400,600,5000,"bu","13:39:36",8054200
19400,600,4700,"bu","13:39:15",8049200
19400,600,300,"bu","13:39:15",8044500
19350,550,100,"sd","13:39:06",8044200
19350,550,300,"sd","13:39:06",8044100
19350,550,600,"sd","13:39:06",8043800
19400,600,200,"bu","13:38:57",8043200
19400,600,3500,"bu","13:38:53",8043000
19400,600,600,"bu","13:38:53",8039500
19400,600,5900,"bu","13:38:53",8038900
19400,600,4000,"bu","13:38:34",8033000
19350,550,1000,"sd","13:38:16",8029000
19400,600,6000,"bu","13:38:11",8028000
19350,550,500,"sd","13:38:10",8022000
19350,550,100,"sd","13:37:51",8021500
19350,550,100,"sd","13:37:44",8021400
19350,550,2000,"sd","13:37:44",8021300
19350,550,1000,"sd","13:37:44",8019300
19350,550,500,"sd","13:37:44",8018300
19350,550,100,"sd","13:37:44",8017800
19350,550,1000,"sd","13:37:44",8017700
19350,550,100,"sd","13:37:44",8016700
19350,550,800,"sd","13:37:44",8016600
19350,550,1000,"sd","13:37:44",8015800
19350,550,100,"sd","13:37:44",8014800
19350,550,1200,"sd","13:37:44",8014700
19350,550,100,"sd","13:37:44",8013500
19350,550,1000,"sd","13:37:44",8013400
19350,550,1000,"sd","13:37:44",8012400
19350,550,1000,"sd","13:37:37",8011400
19350,550,500,"sd","13:37:30",8010400
19350,550,100,"sd","13:37:06",8009900
19400,600,1500,"bu","13:37:01",8009800
19350,550,100,"sd","13:36:55",8008300
19350,550,2100,"sd","13:36:40",8008200
19350,550,200,"sd","13:36:40",8006100
19350,550,1000,"sd","13:36:40",8005900
19350,550,1000,"sd","13:36:40",8004900
19350,550,500,"sd","13:36:40",8003900
19350,550,1000,"sd","13:36:40",8003400
19350,550,2500,"sd","13:36:19",8002400
19350,550,500,"sd","13:36:19",7999900
19350,550,200,"sd","13:36:09",7999400
19350,550,10000,"sd","13:35:56",7999200
19350,550,1800,"sd","13:35:05",7989200
19400,600,2600,"bu","13:35:01",7987400
19400,600,700,"bu","13:35:01",7984800
19400,600,100,"bu","13:34:49",7984100
19400,600,400,"bu","13:34:49",7984000
19400,600,300,"bu","13:34:33",7983600
19400,600,100,"bu","13:34:33",7983300
19400,600,600,"bu","13:34:33",7983200
19400,600,300,"bu","13:34:20",7982600
19350,550,1000,"sd","13:34:18",7982300
19400,600,100,"bu","13:34:16",7981300
19400,600,100,"bu","13:34:11",7981200
19400,600,900,"bu","13:34:09",7981100
19400,600,1000,"bu","13:34:09",7980200
19400,600,100,"bu","13:34:09",7979200
19400,600,400,"bu","13:34:02",7979100
19400,600,300,"bu","13:34:01",7978700
19400,600,500,"bu","13:33:47",7978400
19400,600,800,"bu","13:33:34",7977900
19400,600,100,"bu","13:33:34",7977100
19400,600,100,"bu","13:33:34",7977000
19400,600,200,"bu","13:33:34",7976900
19350,550,500,"sd","13:33:08",7976700
19400,600,800,"bu","13:32:54",7976200
19400,600,300,"bu","13:32:54",7975400
19400,600,500,"bu","13:32:54",7975100
19400,600,400,"bu","13:32:54",7974600
19400,600,500,"bu","13:32:54",7974200
19400,600,400,"bu","13:32:54",7973700
19400,600,500,"bu","13:32:54",7973300
19400,600,200,"bu","13:32:54",7972800
19400,600,100,"bu","13:32:54",7972600
19400,600,5500,"bu","13:32:54",7972500
19400,600,100,"bu","13:32:54",7967000
19400,600,31900,"bu","13:32:54",7966900
19400,600,300,"bu","13:32:54",7935000
19400,600,1000,"bu","13:32:54",7934700
19400,600,4000,"bu","13:32:54",7933700
19400,600,3000,"bu","13:32:54",7929700
19400,600,500,"bu","13:32:54",7926700
19400,600,100,"bu","13:32:52",7926200
19400,600,100,"bu","13:32:46",7926100
19400,600,1000,"bu","13:32:03",7926000
19400,600,100,"bu","13:31:53",7925000
19400,600,2000,"bu","13:31:39",7924900
19400,600,5000,"bu","13:31:16",7922900
19400,600,100,"bu","13:31:11",7917900
19350,550,800,"sd","13:30:52",7917800
19350,550,100,"sd","13:30:39",7917000
19400,600,100,"bu","13:30:21",7916900
19400,600,2500,"bu","13:30:17",7916800
19400,600,100,"bu","13:30:13",7914300
19400,600,500,"bu","13:30:08",7914200
19400,600,400,"bu","13:30:00",7913700
19400,600,6100,"bu","13:29:40",7913300
19400,600,1000,"bu","13:29:40",7907200
19400,600,20000,"bu","13:29:40",7906200
19400,600,500,"bu","13:29:40",7886200
19400,600,600,"bu","13:29:40",7885700
19400,600,2000,"bu","13:29:40",7885100
19400,600,200,"bu","13:29:40",7883100
19400,600,200,"bu","13:29:40",7882900
19400,600,4400,"bu","13:29:40",7882700
19400,600,10000,"bu","13:29:39",7878300
19400,600,2000,"bu","13:29:15",7868300
19400,600,100,"bu","13:29:13",7866300
19400,600,15000,"bu","13:29:08",7866200
19400,600,1400,"sd","13:29:05",7851200
19400,600,100,"sd","13:29:05",7849800
19400,600,200,"sd","13:29:05",7849700
19400,600,500,"sd","13:29:05",7849500
19400,600,100,"sd","13:29:05",7849000
19400,600,500,"sd","13:29:05",7848900
19400,600,10000,"sd","13:29:05",7848400
19400,600,3000,"sd","13:29:05",7838400
19400,600,1000,"sd","13:29:05",7835400
19400,600,1700,"sd","13:29:05",7834400
19450,650,100,"bu","13:29:04",7832700
19400,600,500,"sd","13:28:59",7832600
19400,600,400,"sd","13:28:58",7832100
19400,600,1000,"sd","13:28:55",7831700
19400,600,500,"sd","13:28:55",7830700
19400,600,500,"sd","13:28:47",7830200
19400,600,400,"sd","13:28:40",7829700
19400,600,800,"sd","13:28:40",7829300
19400,600,100,"sd","13:28:39",7828500
19400,600,100,"sd","13:28:39",7828400
19400,600,500,"sd","13:28:37",7828300
19400,600,100,"sd","13:28:37",7827800
19400,600,9000,"sd","13:28:22",7827700
19400,600,900,"sd","13:28:22",7818700
19400,600,1000,"sd","13:28:22",7817800
19400,600,700,"sd","13:28:22",7816800
19400,600,5400,"sd","13:28:22",7816100
19400,600,200,"sd","13:28:00",7810700
19400,600,20000,"sd","13:27:56",7810500
19400,600,500,"sd","13:27:54",7790500
19400,600,100,"sd","13:27:53",7790000
19400,600,500,"sd","13:27:48",7789900
19400,600,400,"sd","13:27:45",7789400
19400,600,100,"sd","13:27:37",7789000
19400,600,3000,"bu","13:27:36",7788900
19400,600,1000,"bu","13:27:36",7785900
19400,600,1000,"bu","13:27:36",7784900
19400,600,5000,"bu","13:27:36",7783900
19400,600,10000,"bu","13:27:36",7778900
19400,600,100,"bu","13:27:36",7768900
19400,600,2700,"bu","13:27:36",7768800
19400,600,1000,"bu","13:27:22",7766100
19400,600,200,"sd","13:27:12",7765100
19400,600,500,"sd","13:27:12",7764900
19400,600,2000,"sd","13:27:12",7764400
19400,600,300,"sd","13:27:12",7762400
19400,600,100,"sd","13:27:12",7762100
19400,600,3000,"sd","13:27:12",7762000
19400,600,100,"sd","13:27:12",7759000
19400,600,300,"sd","13:27:12",7758900
19400,600,100,"sd","13:27:12",7758600
19400,600,2700,"sd","13:27:12",7758500
19400,600,2300,"sd","13:27:03",7755800
19400,600,700,"sd","13:27:03",7753500
19400,600,300,"sd","13:26:57",7752800
19400,600,700,"sd","13:26:57",7752500
19400,600,1000,"sd","13:26:55",7751800
19400,600,18300,"sd","13:26:53",7750800
19400,600,1700,"sd","13:26:53",7732500
19400,600,3900,"sd","13:26:45",7730800
19400,600,400,"sd","13:26:45",7726900
19400,600,5700,"sd","13:26:45",7726500
19400,600,7500,"sd","13:26:43",7720800
19400,600,1000,"sd","13:26:43",7713300
19400,600,700,"sd","13:26:35",7712300
19400,600,100,"sd","13:26:32",7711600
19400,600,8000,"sd","13:26:22",7711500
19400,600,2000,"sd","13:26:02",7703500
19450,650,5000,"bu","13:25:57",7701500
19400,600,1500,"sd","13:25:57",7696500
19400,600,100,"sd","13:25:52",7695000
19400,600,100,"bu","13:25:50",7694900
19400,600,1000,"bu","13:25:50",7694800
19400,600,2000,"bu","13:25:50",7693800
19400,600,200,"bu","13:25:50",7691800
19400,600,1000,"bu","13:25:50",7691600
19400,600,100,"bu","13:25:50",7690600
19400,600,100,"bu","13:25:50",7690500
19400,600,2000,"bu","13:25:50",7690400
19400,600,2000,"bu","13:25:50",7688400
19400,600,100,"bu","13:25:50",7686400
19400,600,2000,"bu","13:25:50",7686300
19400,600,2000,"bu","13:25:50",7684300
19400,600,500,"bu","13:25:50",7682300
19400,600,1000,"bu","13:25:50",7681800
19400,600,400,"bu","13:25:50",7680800
19400,600,500,"bu","13:25:50",7680400
19400,600,400,"bu","13:25:50",7679900
19400,600,1500,"bu","13:25:50",7679500
19400,600,300,"bu","13:25:50",7678000
19400,600,1000,"bu","13:25:50",7677700
19400,600,500,"bu","13:25:50",7676700
19400,600,15000,"bu","13:25:50",7676200
19400,600,2900,"bu","13:25:50",7661200
19400,600,500,"bu","13:25:48",7658300
19400,600,6600,"bu","13:25:48",7657800
19400,600,1300,"bu","13:25:48",7651200
19400,600,400,"bu","13:25:48",7649900
19400,600,300,"bu","13:25:48",7649500
19400,600,11000,"bu","13:25:48",7649200
19400,600,10000,"bu","13:25:48",7638200
19400,600,1000,"bu","13:25:47",7628200
19400,600,100,"bu","13:25:47",7627200
19400,600,100,"bu","13:25:47",7627100
19400,600,100,"bu","13:25:47",7627000
19400,600,1000,"bu","13:25:47",7626900
19400,600,1000,"bu","13:25:47",7625900
19400,600,500,"bu","13:25:47",7624900
19400,600,1600,"bu","13:25:47",7624400
19400,600,5400,"bu","13:25:34",7622800
19400,600,600,"bu","13:25:34",7617400
19400,600,400,"bu","13:25:24",7616800
19400,600,100,"bu","13:25:24",7616400
19400,600,3600,"bu","13:25:24",7616300
19400,600,1000,"bu","13:25:24",7612700
19400,600,3100,"bu","13:25:24",7611700
19400,600,500,"bu","13:25:24",7608600
19400,600,100,"bu","13:25:24",7608100
19400,600,500,"bu","13:25:24",7608000
19400,600,300,"bu","13:25:24",7607500
19400,600,100,"bu","13:25:24",7607200
19400,600,300,"bu","13:25:24",7607100
19400,600,200,"bu","13:25:24",7606800
19400,600,2900,"bu","13:25:24",7606600
19400,600,100,"bu","13:25:24",7603700
19400,600,8100,"bu","13:25:24",7603600
19400,600,500,"bu","13:25:24",7595500
19400,600,2700,"bu","13:25:24",7595000
19400,600,500,"bu","13:25:24",7592300
19400,600,700,"bu","13:25:24",7591800
19400,600,500,"bu","13:25:24",7591100
19400,600,200,"bu","13:25:24",7590600
19400,600,1000,"bu","13:25:24",7590400
19400,600,1000,"bu","13:25:24",7589400
19400,600,100,"bu","13:25:24",7588400
19400,600,100,"bu","13:25:24",7588300
19400,600,2000,"bu","13:25:24",7588200
19400,600,100,"bu","13:25:24",7586200
19400,600,1000,"bu","13:25:24",7586100
19400,600,1000,"bu","13:25:24",7585100
19400,600,100,"bu","13:25:24",7584100
19400,600,4000,"bu","13:25:24",7584000
19400,600,100,"bu","13:25:24",7580000
19400,600,500,"bu","13:25:24",7579900
19400,600,2100,"bu","13:25:24",7579400
19400,600,5500,"bu","13:25:24",7577300
19350,550,300,"sd","13:25:08",7571800
19350,550,1000,"sd","13:24:50",7571500
19400,600,4500,"bu","13:24:42",7570500
19400,600,300,"bu","13:24:42",7566000
19400,600,2000,"bu","13:24:42",7565700
19400,600,3100,"bu","13:24:42",7563700
19400,600,700,"bu","13:24:42",7560600
19400,600,700,"bu","13:24:42",7559900
19400,600,300,"bu","13:24:29",7559200
19400,600,300,"bu","13:24:29",7558900
19400,600,800,"bu","13:24:29",7558600
19400,600,300,"bu","13:24:29",7557800
19400,600,1600,"bu","13:24:29",7557500
19400,600,100,"bu","13:24:29",7555900
19400,600,2000,"bu","13:24:29",7555800
19400,600,2000,"bu","13:24:29",7553800
19400,600,500,"bu","13:24:29",7551800
19350,550,1000,"sd","13:24:20",7551300
19350,550,2800,"sd","13:24:06",7550300
19350,550,1000,"sd","13:24:03",7547500
19400,600,3400,"bu","13:23:53",7546500
19400,600,100,"bu","13:23:53",7543100
19400,600,500,"bu","13:23:53",7543000
19400,600,3000,"bu","13:23:53",7542500
19400,600,4200,"bu","13:23:53",7539500
19400,600,500,"bu","13:23:53",7535300
19400,600,100,"bu","13:23:53",7534800
19400,600,1500,"bu","13:23:53",7534700
19400,600,200,"bu","13:23:53",7533200
19400,600,1000,"bu","13:23:53",7533000
19400,600,3000,"bu","13:23:53",7532000
19400,600,5000,"bu","13:23:53",7529000
19400,600,200,"bu","13:23:53",7524000
19400,600,100,"bu","13:23:53",7523800
19400,600,100,"bu","13:23:53",7523700
19400,600,2000,"bu","13:23:53",7523600
19400,600,3000,"bu","13:23:53",7521600
19400,600,100,"bu","13:23:53",7518600
19400,600,100,"bu","13:23:53",7518500
19400,600,5000,"bu","13:23:53",7518400
19400,600,1000,"bu","13:23:53",7513400
19400,600,100,"bu","13:23:53",7512400
19400,600,15800,"bu","13:23:53",7512300
19350,550,600,"sd","13:23:51",7496500
19350,550,600,"sd","13:23:34",7495900
19350,550,100,"sd","13:23:17",7495300
19350,550,200,"sd","13:23:13",7495200
19350,550,700,"sd","13:23:07",7495000
19350,550,10000,"sd","13:22:52",7494300
19400,600,4200,"bu","13:22:50",7484300
19400,600,100,"bu","13:22:50",7480100
19400,600,500,"bu","13:22:50",7480000
19400,600,5600,"bu","13:22:50",7479500
19400,600,39600,"bu","13:22:50",7473900
19400,600,100,"bu","13:21:36",7434300
19400,600,1000,"bu","13:21:13",7434200
19350,550,1000,"sd","13:20:57",7433200
19350,550,500,"sd","13:20:55",7432200
19350,550,2000,"sd","13:20:34",7431700
19350,550,400,"sd","13:20:29",7429700
19350,550,200,"sd","13:20:16",7429300
19350,550,4000,"sd","13:20:15",7429100
19350,550,1000,"sd","13:20:07",7425100
19400,600,3300,"bu","13:20:01",7424100
19400,600,700,"bu","13:19:55",7420800
19400,600,5300,"bu","13:19:23",7420100
19400,600,1600,"bu","13:19:23",7414800
19400,600,600,"bu","13:19:23",7413200
19400,600,100,"bu","13:19:23",7412600
19400,600,100,"bu","13:19:23",7412500
19400,600,100,"bu","13:19:23",7412400
19400,600,5000,"bu","13:19:23",7412300
19400,600,7000,"bu","13:19:23",7407300
19350,550,1800,"sd","13:19:23",7400300
19350,550,8200,"sd","13:19:23",7398500
19350,550,200,"sd","13:19:01",7390300
19400,600,400,"bu","13:18:02",7390100
19350,550,500,"sd","13:18:01",7389700
19350,550,600,"sd","13:17:54",7389200
19400,600,1000,"bu","13:17:35",7388600
19400,600,1000,"bu","13:16:58",7387600
19350,550,1900,"sd","13:16:52",7386600
19350,550,100,"sd","13:16:52",7384700
19350,550,4000,"sd","13:16:51",7384600
19350,550,1000,"sd","13:16:37",7380600
19350,550,100,"sd","13:16:36",7379600
19350,550,100,"sd","13:16:31",7379500
19350,550,100,"sd","13:16:31",7379400
19350,550,2000,"sd","13:16:31",7379300
19350,550,400,"sd","13:16:31",7377300
19350,550,100,"sd","13:16:31",7376900
19350,550,1000,"bu","13:16:31",7376800
19350,550,2000,"bu","13:16:31",7375800
19350,550,1000,"bu","13:16:31",7373800
19350,550,200,"bu","13:16:31",7372800
19350,550,29000,"bu","13:16:31",7372600
19350,550,4000,"bu","13:16:31",7343600
19350,550,1800,"bu","13:16:31",7339600
19350,550,1000,"bu","13:16:31",7337800
19350,550,2100,"bu","13:16:31",7336800
19350,550,2000,"bu","13:16:29",7334700
19350,550,400,"bu","13:16:23",7332700
19350,550,100,"bu","13:16:21",7332300
19300,500,1000,"sd","13:16:18",7332200
19350,550,500,"bu","13:15:44",7331200
19350,550,200,"bu","13:15:31",7330700
19350,550,200,"sd","13:15:31",7330500
19350,550,100,"sd","13:15:31",7330300
19350,550,100,"sd","13:15:24",7330200
19350,550,100,"sd","13:15:24",7330100
19350,550,3000,"sd","13:15:24",7330000
19350,550,2000,"sd","13:15:24",7327000
19350,550,8000,"sd","13:15:13",7325000
19350,550,2000,"sd","13:15:13",7317000
19350,550,5000,"sd","13:15:13",7315000
19350,550,300,"sd","13:15:11",7310000
19350,550,100,"sd","13:15:06",7309700
19350,550,500,"sd","13:15:06",7309600
19350,550,200,"sd","13:15:03",7309100
19350,550,1900,"sd","13:14:59",7308900
19350,550,1100,"sd","13:14:59",7307000
19350,550,300,"sd","13:14:59",7305900
19350,550,1600,"sd","13:14:58",7305600
19350,550,500,"sd","13:14:58",7304000
19350,550,1000,"sd","13:14:58",7303500
19350,550,1900,"sd","13:14:58",7302500
19350,550,2000,"sd","13:14:54",7300600
19350,550,100,"sd","13:14:53",7298600
19350,550,200,"sd","13:14:50",7298500
19350,550,600,"sd","13:14:50",7298300
19350,550,100,"sd","13:14:50",7297700
19350,550,2000,"sd","13:14:50",7297600
19350,550,20000,"sd","13:14:50",7295600
19350,550,2600,"sd","13:14:50",7275600
19350,550,14200,"sd","13:14:50",7273000
19350,550,5900,"sd","13:14:50",7258800
19350,550,1500,"sd","13:14:50",7252900
19350,550,3000,"sd","13:14:50",7251400
19350,550,2700,"sd","13:14:42",7248400
19350,550,500,"sd","13:14:31",7245700
19350,550,500,"sd","13:14:21",7245200
19350,550,500,"sd","13:14:16",7244700
19350,550,10000,"sd","13:14:12",7244200
19350,550,3000,"sd","13:14:09",7234200
19350,550,800,"sd","13:13:59",7231200
19350,550,2600,"sd","13:13:44",7230400
19350,550,100,"sd","13:13:32",7227800
19350,550,1400,"sd","13:13:24",7227700
19350,550,7000,"sd","13:13:18",7226300
19350,550,200,"sd","13:13:10",7219300
19350,550,100,"sd","13:12:40",7219100
19350,550,100,"sd","13:12:37",7219000
19350,550,100,"sd","13:12:29",7218900
19350,550,1400,"sd","13:12:12",7218800
19400,600,600,"bu","13:12:12",7217400
19400,600,400,"bu","13:12:12",7216800
19350,550,200,"sd","13:12:11",7216400
19350,550,1000,"sd","13:11:53",7216200
19400,600,1600,"bu","13:11:50",7215200
19400,600,400,"bu","13:11:50",7213600
19350,550,3600,"sd","13:11:36",7213200
19350,550,1400,"sd","13:11:36",7209600
19350,550,2100,"sd","13:11:35",7208200
19350,550,1900,"sd","13:11:35",7206100
19350,550,800,"sd","13:11:32",7204200
19400,600,100,"bu","13:11:31",7203400
19350,550,100,"sd","13:11:28",7203300
19350,550,3000,"sd","13:11:19",7203200
19350,550,100,"sd","13:11:16",7200200
19350,550,100,"sd","13:11:10",7200100
19350,550,12000,"sd","13:11:03",7200000
19350,550,500,"sd","13:11:01",7188000
19350,550,1300,"sd","13:11:01",7187500
19350,550,100,"sd","13:10:55",7186200
19350,550,600,"sd","13:10:44",7186100
19350,550,2400,"sd","13:10:44",7185500
19350,550,100,"sd","13:10:40",7183100
19350,550,200,"sd","13:10:32",7183000
19350,550,100,"sd","13:10:17",7182800
19400,600,200,"bu","13:10:10",7182700
19400,600,2000,"bu","13:10:10",7182500
19400,600,100,"bu","13:10:10",7180500
19400,600,200,"bu","13:10:10",7180400
19400,600,33100,"bu","13:10:10",7180200
19400,600,200,"bu","13:10:10",7147100
19400,600,6300,"bu","13:10:10",7146900
19400,600,1400,"bu","13:10:10",7140600
19400,600,100,"bu","13:10:10",7139200
19400,600,1000,"bu","13:10:10",7139100
19400,600,300,"bu","13:10:10",7138100
19400,600,3000,"bu","13:10:10",7137800
19400,600,500,"bu","13:10:10",7134800
19400,600,500,"bu","13:10:10",7134300
19400,600,1100,"bu","13:10:10",7133800
19350,550,100,"sd","13:10:05",7132700
19350,550,500,"sd","13:10:01",7132600
19350,550,100,"bu","13:09:59",7132100
19350,550,1500,"bu","13:09:59",7132000
19350,550,1500,"sd","13:09:37",7130500
19350,550,200,"sd","13:09:35",7129000
19350,550,500,"sd","13:09:28",7128800
19400,600,900,"bu","13:09:24",7128300
19400,600,100,"bu","13:09:24",7127400
19400,600,1000,"bu","13:09:24",7127300
19400,600,1000,"bu","13:09:24",7126300
19400,600,2000,"bu","13:09:24",7125300
19400,600,12000,"bu","13:09:24",7123300
19400,600,500,"bu","13:09:24",7111300
19400,600,1500,"bu","13:09:24",7110800
19400,600,100,"bu","13:09:24",7109300
19400,600,500,"bu","13:09:24",7109200
19400,600,100,"bu","13:09:24",7108700
19400,600,500,"bu","13:09:24",7108600
19400,600,300,"bu","13:09:24",7108100
19400,600,2000,"bu","13:09:24",7107800
19400,600,200,"bu","13:09:24",7105800
19400,600,3000,"bu","13:09:24",7105600
19400,600,500,"bu","13:09:24",7102600
19400,600,500,"bu","13:09:24",7102100
19400,600,2000,"bu","13:09:24",7101600
19400,600,1100,"bu","13:09:24",7099600
19400,600,500,"bu","13:09:24",7098500
19400,600,500,"bu","13:09:24",7098000
19400,600,1500,"bu","13:09:24",7097500
19400,600,1000,"bu","13:09:24",7096000
19400,600,5000,"bu","13:09:24",7095000
19400,600,600,"bu","13:09:24",7090000
19400,600,100,"bu","13:09:24",7089400
19400,600,3000,"bu","13:09:24",7089300
19400,600,2000,"bu","13:09:24",7086300
19400,600,3000,"bu","13:09:24",7084300
19400,600,1000,"bu","13:09:24",7081300
19400,600,600,"bu","13:09:24",7080300
19400,600,200,"bu","13:09:24",7079700
19400,600,300,"bu","13:09:24",7079500
19400,600,300,"bu","13:09:24",7079200
19400,600,500,"bu","13:09:24",7078900
19400,600,100,"bu","13:09:24",7078400
19400,600,2100,"bu","13:09:12",7078300
19350,550,5000,"sd","13:09:12",7076200
19350,550,200,"sd","13:09:09",7071200
19350,550,100,"sd","13:09:09",7071000
19350,550,200,"sd","13:09:09",7070900
19350,550,4500,"sd","13:09:09",7070700
19350,550,5500,"sd","13:09:04",7066200
19350,550,1000,"sd","13:09:04",7060700
19350,550,100,"sd","13:09:04",7059700
19350,550,43400,"sd","13:09:04",7059600
19400,600,1400,"bu","13:08:45",7016200
19400,600,5000,"bu","13:08:45",7014800
19400,600,1000,"bu","13:08:45",7009800
19400,600,100,"bu","13:08:45",7008800
19400,600,500,"bu","13:08:45",7008700
19400,600,1000,"bu","13:08:45",7008200
19400,600,1000,"bu","13:08:45",7007200
19400,600,500,"bu","13:08:45",7006200
19400,600,39500,"bu","13:08:45",7005700
19350,550,200,"sd","13:08:43",6966200
19350,550,1000,"sd","13:08:40",6966000
19350,550,200,"sd","13:08:35",6965000
19350,550,1000,"sd","13:08:31",6964800
19350,550,100,"sd","13:08:26",6963800
19350,550,100,"sd","13:08:19",6963700
19350,550,1000,"sd","13:08:18",6963600
19350,550,3000,"sd","13:08:18",6962600
19350,550,1000,"sd","13:08:06",6959600
19350,550,3500,"sd","13:08:04",6958600
19350,550,100,"sd","13:07:44",6955100
19350,550,100,"sd","13:07:43",6955000
19350,550,300,"sd","13:07:42",6954900
19400,600,2900,"bu","13:07:40",6954600
19400,600,2000,"bu","13:07:31",6951700
19350,550,900,"sd","13:07:26",6949700
19350,550,4100,"sd","13:07:24",6948800
19350,550,400,"sd","13:07:24",6944700
19350,550,1000,"sd","13:07:24",6944300
19350,550,2500,"sd","13:07:24",6943300
19350,550,700,"sd","13:07:24",6940800
19350,550,300,"sd","13:07:24",6940100
19350,550,1000,"sd","13:07:08",6939800
19350,550,1700,"sd","13:07:05",6938800
19350,550,300,"sd","13:07:05",6937100
19350,550,100,"sd","13:06:59",6936800
19350,550,300,"sd","13:06:53",6936700
19350,550,1900,"sd","13:06:48",6936400
19350,550,3000,"sd","13:06:46",6934500
19350,550,100,"sd","13:06:39",6931500
19350,550,5000,"sd","13:06:34",6931400
19350,550,1000,"sd","13:06:32",6926400
19350,550,2000,"sd","13:06:25",6925400
19350,550,500,"sd","13:06:23",6923400
19350,550,300,"sd","13:06:12",6922900
19350,550,100,"sd","13:05:54",6922600
19350,550,2000,"sd","13:05:50",6922500
19350,550,13400,"sd","13:05:49",6920500
19350,550,100,"sd","13:05:49",6907100
19350,550,300,"sd","13:05:49",6907000
19400,600,10000,"bu","13:05:43",6906700
19400,600,500,"bu","13:05:43",6896700
19400,600,500,"bu","13:05:43",6896200
19400,600,900,"bu","13:05:43",6895700
19400,600,13700,"bu","13:05:43",6894800
19400,600,100,"bu","13:05:43",6881100
19400,600,1000,"bu","13:05:43",6881000
19400,600,1200,"bu","13:05:43",6880000
19400,600,5600,"bu","13:05:43",6878800
19400,600,100,"bu","13:05:43",6873200
19400,600,100,"bu","13:05:43",6873100
19400,600,500,"bu","13:05:43",6873000
19400,600,1000,"bu","13:05:43",6872500
19400,600,3800,"bu","13:05:43",6871500
19400,600,500,"bu","13:05:43",6867700
19400,600,1000,"bu","13:05:43",6867200
19400,600,1000,"bu","13:05:43",6866200
19400,600,500,"bu","13:05:43",6865200
19400,600,500,"bu","13:05:43",6864700
19400,600,200,"bu","13:05:43",6864200
19400,600,300,"bu","13:05:43",6864000
19400,600,100,"bu","13:05:43",6863700
19400,600,100,"bu","13:05:43",6863600
19400,600,1400,"bu","13:05:43",6863500
19400,600,100,"bu","13:05:43",6862100
19400,600,200,"bu","13:05:43",6862000
19400,600,5000,"bu","13:05:43",6861800
19400,600,100,"bu","13:05:43",6856800
19350,550,100,"sd","13:05:38",6856700
19400,600,500,"bu","13:05:32",6856600
19350,550,1000,"sd","13:05:30",6856100
19350,550,100,"sd","13:05:28",6855100
19350,550,500,"sd","13:05:22",6855000
19350,550,400,"sd","13:05:22",6854500
19350,550,100,"sd","13:05:16",6854100
19350,550,600,"sd","13:05:16",6854000
19400,600,300,"bu","13:05:16",6853400
19400,600,9300,"bu","13:05:16",6853100
19400,600,200,"bu","13:05:16",6843800
19400,600,600,"bu","13:05:16",6843600
19400,600,100,"bu","13:05:16",6843000
19400,600,100,"bu","13:05:16",6842900
19400,600,100,"bu","13:05:16",6842800
19400,600,1000,"bu","13:05:16",6842700
19400,600,100,"bu","13:05:16",6841700
19400,600,200,"bu","13:05:16",6841600
19400,600,1000,"bu","13:05:16",6841400
19400,600,5000,"bu","13:05:16",6840400
19400,600,200,"bu","13:05:16",6835400
19400,600,100,"bu","13:05:16",6835200
19400,600,100,"bu","13:05:16",6835100
19400,600,100,"bu","13:05:16",6835000
19400,600,400,"bu","13:05:16",6834900
19400,600,600,"bu","13:05:16",6834500
19350,550,3600,"sd","13:05:14",6833900
19350,550,100,"sd","13:05:12",6830300
19350,550,200,"sd","13:05:08",6830200
19350,550,600,"sd","13:05:02",6830000
19400,600,100,"bu","13:05:01",6829400
19350,550,1000,"sd","13:04:57",6829300
19400,600,1500,"bu","13:04:43",6828300
19400,600,100,"bu","13:04:43",6826800
19400,600,300,"bu","13:04:43",6826700
19400,600,500,"bu","13:04:43",6826400
19400,600,100,"bu","13:04:43",6825900
19400,600,2500,"bu","13:04:43",6825800
19400,600,5200,"bu","13:04:43",6823300
19400,600,300,"bu","13:04:43",6818100
19400,600,1000,"bu","13:04:43",6817800
19400,600,500,"bu","13:04:43",6816800
19400,600,2500,"bu","13:04:43",6816300
19400,600,1000,"bu","13:04:43",6813800
19400,600,200,"bu","13:04:43",6812800
19400,600,500,"bu","13:04:43",6812600
19400,600,1000,"bu","13:04:43",6812100
19400,600,1000,"bu","13:04:43",6811100
19400,600,1000,"bu","13:04:43",6810100
19400,600,300,"bu","13:04:43",6809100
19400,600,200,"bu","13:04:43",6808800
19400,600,1000,"bu","13:04:43",6808600
19400,600,1000,"bu","13:04:43",6807600
19400,600,5700,"bu","13:04:43",6806600
19400,600,2000,"bu","13:04:43",6800900
19350,550,100,"bu","13:04:43",6798900
19400,600,1000,"bu","13:04:43",6798800
19350,550,100,"bu","13:04:43",6797800
19400,600,100,"bu","13:04:43",6797700
19350,550,500,"bu","13:04:43",6797600
19400,600,2300,"bu","13:04:43",6797100
19400,600,3000,"bu","13:04:43",6794800
19350,550,2000,"bu","13:04:43",6791800
19400,600,1000,"bu","13:04:43",6789800
19350,550,9900,"bu","13:04:43",6788800
19400,600,200,"bu","13:04:43",6778900
19400,600,300,"bu","13:04:43",6778700
19400,600,100,"bu","13:04:43",6778400
19350,550,5000,"bu","13:04:38",6778300
19350,550,5100,"bu","13:04:34",6773300
19350,550,600,"bu","13:04:34",6768200
19300,500,200,"sd","13:04:26",6767600
19350,550,500,"sd","13:04:23",6767400
19350,550,900,"sd","13:04:23",6766900
19350,550,500,"sd","13:04:21",6766000
19350,550,5000,"sd","13:04:19",6765500
19350,550,100,"sd","13:04:10",6760500
19400,600,15900,"bu","13:04:08",6760400
19400,600,500,"bu","13:04:08",6744500
19400,600,2000,"bu","13:04:08",6744000
19400,600,1000,"bu","13:04:08",6742000
19400,600,800,"bu","13:04:08",6741000
19400,600,1000,"bu","13:04:08",6740200
19400,600,200,"bu","13:04:08",6739200
19400,600,500,"bu","13:04:08",6739000
19400,600,100,"bu","13:04:08",6738500
19400,600,100,"bu","13:04:08",6738400
19400,600,1300,"bu","13:04:08",6738300
19400,600,200,"bu","13:04:08",6737000
19400,600,400,"bu","13:04:08",6736800
19400,600,1000,"bu","13:04:08",6736400
19400,600,100,"bu","13:04:08",6735400
19400,600,2000,"bu","13:04:08",6735300
19400,600,700,"bu","13:04:08",6733300
19400,600,500,"bu","13:04:08",6732600
19400,600,700,"bu","13:04:08",6732100
19400,600,600,"bu","13:04:08",6731400
19400,600,2600,"bu","13:04:08",6730800
19400,600,500,"bu","13:04:08",6728200
19400,600,400,"bu","13:04:08",6727700
19400,600,1200,"bu","13:04:08",6727300
19400,600,300,"bu","13:04:08",6726100
19400,600,200,"bu","13:04:08",6725800
19400,600,200,"bu","13:04:08",6725600
19400,600,2000,"bu","13:04:08",6725400
19400,600,200,"bu","13:04:08",6723400
19400,600,1300,"bu","13:04:08",6723200
19400,600,500,"bu","13:04:08",6721900
19400,600,2500,"bu","13:04:08",6721400
19400,600,100,"bu","13:04:08",6718900
19400,600,1000,"bu","13:04:08",6718800
19400,600,400,"bu","13:04:08",6717800
19400,600,2200,"bu","13:04:08",6717400
19400,600,1500,"bu","13:04:08",6715200
19400,600,300,"bu","13:04:08",6713700
19400,600,200,"bu","13:04:08",6713400
19400,600,2300,"bu","13:04:08",6713200
19400,600,500,"bu","13:04:08",6710900
19350,550,3500,"sd","13:04:04",6710400
19350,550,500,"sd","13:04:04",6706900
19350,550,100,"sd","13:03:51",6706400
19350,550,1300,"sd","13:03:45",6706300
19350,550,2600,"sd","13:03:45",6705000
19350,550,100,"sd","13:03:45",6702400
19350,550,1000,"sd","13:03:45",6702300
19350,550,5000,"sd","13:03:45",6701300
19350,550,500,"sd","13:03:45",6696300
19350,550,100,"sd","13:03:40",6695800
19350,550,5000,"sd","13:03:36",6695700
19400,600,1700,"bu","13:03:26",6690700
19400,600,9700,"bu","13:03:26",6689000
19400,600,5000,"bu","13:03:26",6679300
19400,600,100,"bu","13:03:26",6674300
19400,600,100,"bu","13:03:26",6674200
19400,600,100,"bu","13:03:26",6674100
19400,600,2000,"bu","13:03:26",6674000
19400,600,2800,"bu","13:03:26",6672000
19400,600,300,"bu","13:03:26",6669200
19400,600,300,"bu","13:03:26",6668900
19400,600,500,"bu","13:03:26",6668600
19400,600,500,"bu","13:03:26",6668100
19400,600,100,"bu","13:03:26",6667600
19400,600,500,"bu","13:03:26",6667500
19400,600,6500,"bu","13:03:26",6667000
19400,600,200,"bu","13:03:26",6660500
19400,600,300,"bu","13:03:26",6660300
19400,600,1000,"bu","13:03:26",6660000
19400,600,1000,"bu","13:03:26",6659000
19400,600,1500,"bu","13:03:26",6658000
19400,600,100,"bu","13:03:26",6656500
19400,600,300,"bu","13:03:26",6656400
19400,600,2000,"bu","13:03:26",6656100
19400,600,1000,"bu","13:03:26",6654100
19400,600,5000,"bu","13:03:26",6653100
19400,600,7400,"bu","13:03:26",6648100
19350,550,100,"sd","13:03:25",6640700
19350,550,2000,"sd","13:03:24",6640600
19350,550,5400,"sd","13:03:24",6638600
19350,550,100,"sd","13:03:17",6633200
19350,550,300,"sd","13:03:12",6633100
19350,550,500,"sd","13:03:02",6632800
19350,550,100,"sd","13:02:55",6632300
19350,550,900,"bu","13:02:54",6632200
19350,550,100,"sd","13:02:45",6631300
19300,500,500,"sd","13:02:45",6631200
19400,600,600,"bu","13:02:40",6630700
19400,600,1000,"bu","13:02:40",6630100
19400,600,100,"bu","13:02:40",6629100
19400,600,200,"bu","13:02:40",6629000
19400,600,500,"bu","13:02:40",6628800
19400,600,6000,"bu","13:02:40",6628300
19400,600,1000,"bu","13:02:40",6622300
19400,600,5000,"bu","13:02:40",6621300
19400,600,300,"bu","13:02:40",6616300
19400,600,500,"bu","13:02:40",6616000
19400,600,200,"bu","13:02:40",6615500
19400,600,200,"bu","13:02:40",6615300
19400,600,700,"bu","13:02:40",6615100
19400,600,10000,"bu","13:02:40",6614400
19400,600,300,"bu","13:02:40",6604400
19400,600,1000,"bu","13:02:40",6604100
19400,600,500,"bu","13:02:40",6603100
19400,600,500,"bu","13:02:40",6602600
19400,600,500,"bu","13:02:40",6602100
19400,600,1000,"bu","13:02:40",6601600
19400,600,2000,"bu","13:02:40",6600600
19400,600,100,"bu","13:02:40",6598600
19400,600,500,"bu","13:02:40",6598500
19400,600,100,"bu","13:02:40",6598000
19400,600,3000,"bu","13:02:40",6597900
19400,600,200,"bu","13:02:40",6594900
19400,600,500,"bu","13:02:40",6594700
19400,600,200,"bu","13:02:40",6594200
19400,600,1000,"bu","13:02:40",6594000
19400,600,600,"bu","13:02:40",6593000
19400,600,200,"bu","13:02:40",6592400
19400,600,500,"bu","13:02:40",6592200
19400,600,200,"bu","13:02:40",6591700
19400,600,1000,"bu","13:02:40",6591500
19400,600,100,"bu","13:02:40",6590500
19400,600,6000,"bu","13:02:40",6590400
19400,600,1500,"bu","13:02:40",6584400
19400,600,1000,"bu","13:02:40",6582900
19400,600,500,"bu","13:02:40",6581900
19400,600,700,"bu","13:02:40",6581400
19350,550,9700,"bu","13:02:39",6580700
19400,600,300,"bu","13:02:39",6571000
19400,600,5000,"bu","13:02:39",6570700
19350,550,300,"sd","13:02:31",6565700
19350,550,600,"sd","13:02:31",6565400
19350,550,100,"sd","13:02:30",6564800
19350,550,500,"sd","13:02:24",6564700
19350,550,5000,"sd","13:02:22",6564200
19350,550,12800,"sd","13:02:22",6559200
19350,550,100,"sd","13:02:22",6546400
19350,550,100,"sd","13:02:22",6546300
19350,550,100,"sd","13:02:22",6546200
19350,550,5000,"sd","13:02:22",6546100
19350,550,600,"sd","13:02:22",6541100
19350,550,2000,"bu","13:02:22",6540500
19350,550,14000,"bu","13:02:22",6538500
19350,550,2700,"bu","13:02:22",6524500
19350,550,1000,"bu","13:02:22",6521800
19350,550,3000,"bu","13:02:22",6520800
19350,550,1800,"bu","13:02:22",6517800
19350,550,500,"bu","13:02:22",6516000
19350,550,100,"bu","13:02:22",6515500
19300,500,1100,"sd","13:02:22",6515400
19350,550,500,"bu","13:02:17",6514300
19350,550,3000,"bu","13:02:07",6513800
19350,550,400,"bu","13:02:01",6510800
19350,550,500,"bu","13:02:01",6510400
19350,550,2900,"bu","13:01:59",6509900
19350,550,1000,"bu","13:01:59",6507000
19350,550,500,"bu","13:01:59",6506000
19300,500,100,"sd","13:01:53",6505500
19350,550,1000,"bu","13:01:38",6505400
19300,500,2200,"sd","13:01:37",6504400
19400,600,28400,"bu","13:01:14",6502200
19350,550,200,"bu","13:01:14",6473800
19350,550,200,"bu","13:01:14",6473600
19350,550,10000,"bu","13:01:14",6473400
19350,550,1000,"bu","13:01:14",6463400
19350,550,10000,"bu","13:01:14",6462400
19350,550,200,"bu","13:01:14",6452400
19300,500,100,"sd","13:01:13",6452200
19300,500,4500,"sd","13:01:09",6452100
19300,500,1900,"sd","13:01:05",6447600
19300,500,100,"sd","13:01:05",6445700
19350,550,1800,"bu","13:01:00",6445600
19350,550,6200,"bu","13:01:00",6443800
19350,550,10400,"bu","13:00:43",6437600
19350,550,10000,"bu","13:00:43",6427200
19350,550,100,"bu","13:00:43",6417200
19350,550,18100,"bu","13:00:43",6417100
19350,550,1000,"bu","13:00:43",6399000
19300,500,100,"bu","13:00:43",6398000
19300,500,100,"bu","13:00:43",6397900
19300,500,100,"bu","13:00:43",6397800
19300,500,200,"bu","13:00:43",6397700
19300,500,1000,"bu","13:00:39",6397500
19300,500,1000,"bu","13:00:37",6396500
19300,500,5000,"bu","13:00:37",6395500
19400,600,28200,"bu","13:00:34",6390500
19350,550,600,"bu","13:00:34",6362300
19350,550,1000,"bu","13:00:34",6361700
19350,550,100,"bu","13:00:34",6360700
19350,550,600,"bu","13:00:34",6360600
19350,550,100,"bu","13:00:34",6360000
19300,500,300,"bu","13:00:34",6359900
19350,550,100,"bu","13:00:34",6359600
19300,500,4000,"bu","13:00:34",6359500
19350,550,200,"bu","13:00:34",6355500
19300,500,200,"bu","13:00:34",6355300
19350,550,1500,"bu","13:00:34",6355100
19300,500,600,"bu","13:00:34",6353600
19300,500,4300,"bu","13:00:34",6353000
19300,500,2500,"bu","13:00:34",6348700
19300,500,200,"bu","13:00:34",6346200
19300,500,4500,"bu","13:00:34",6346000
19300,500,1000,"bu","13:00:34",6341500
19300,500,1100,"bu","13:00:31",6340500
19300,500,1000,"bu","13:00:31",6339400
19300,500,1000,"bu","13:00:31",6338400
19300,500,1900,"bu","13:00:31",6337400
19300,500,3000,"bu","13:00:30",6335500
19300,500,1000,"bu","13:00:29",6332500
19300,500,800,"bu","13:00:29",6331500
19300,500,300,"bu","13:00:28",6330700
19300,500,700,"bu","13:00:28",6330400
19300,500,400,"bu","13:00:24",6329700
19300,500,200,"bu","13:00:22",6329300
19300,500,500,"bu","13:00:20",6329100
19250,450,300,"sd","13:00:20",6328600
19300,500,200,"bu","13:00:20",6328300
19300,500,300,"bu","13:00:20",6328100
19300,500,300,"bu","13:00:16",6327800
19250,450,100,"sd","13:00:16",6327500
19300,500,100,"bu","13:00:12",6327400
19300,500,3000,"bu","13:00:12",6327300
19300,500,2500,"bu","13:00:12",6324300
19300,500,400,"bu","13:00:12",6321800
19300,500,1000,"bu","13:00:12",6321400
19250,450,7000,"sd","13:00:11",6320400
19250,450,300,"sd","13:00:10",6313400
19300,500,200,"sd","13:00:10",6313100
19300,500,1800,"bu","13:00:10",6312900
19300,500,500,"bu","13:00:09",6311100
19300,500,400,"bu","13:00:08",6310600
19300,500,5000,"sd","13:00:08",6310200
19350,550,400,"sd","13:00:08",6305200
19350,550,500,"sd","13:00:07",6304800
19350,550,200,"sd","13:00:07",6304300
19350,550,4500,"sd","13:00:06",6304100
19350,550,3500,"sd","13:00:06",6299600
19350,550,500,"sd","13:00:06",6296100
19350,550,100,"sd","13:00:05",6295600
19350,550,200,"sd","13:00:05",6295500
19350,550,100,"sd","13:00:05",6295300
19350,550,100,"sd","13:00:05",6295200
19350,550,1000,"sd","13:00:05",6295100
19350,550,300,"sd","13:00:05",6294100
19350,550,600,"sd","13:00:05",6293800
19350,550,1000,"sd","13:00:05",6293200
19350,550,100,"sd","13:00:05",6292200
19350,550,1000,"sd","13:00:05",6292100
19350,550,200,"sd","13:00:05",6291100
19350,550,1000,"sd","13:00:05",6290900
19350,550,1000,"sd","13:00:05",6289900
19350,550,1000,"sd","13:00:04",6288900
19350,550,500,"sd","13:00:04",6287900
19350,550,1700,"sd","13:00:04",6287400
19300,500,5400,"sd","13:00:04",6285700
19350,550,1800,"sd","13:00:04",6280300
19300,500,100,"sd","13:00:04",6278500
19350,550,1100,"sd","13:00:04",6278400
19350,550,7000,"sd","13:00:04",6277300
19350,550,600,"sd","13:00:04",6270300
19350,550,900,"sd","13:00:04",6269700
19350,550,500,"sd","13:00:04",6268800
19350,550,500,"sd","13:00:04",6268300
19350,550,1100,"sd","13:00:04",6267800
19350,550,11500,"sd","13:00:04",6266700
19300,500,300,"sd","13:00:04",6255200
19350,550,500,"sd","13:00:04",6254900
19350,550,1400,"sd","13:00:04",6254400
19350,550,3000,"sd","13:00:04",6253000
19350,550,10000,"sd","13:00:04",6250000
19350,550,9600,"sd","13:00:04",6240000
19350,550,6900,"sd","13:00:04",6230400
19350,550,500,"sd","13:00:04",6223500
19350,550,13000,"sd","13:00:04",6223000
19350,550,1000,"sd","13:00:04",6210000
19350,550,2700,"sd","13:00:04",6209000
19350,550,300,"sd","13:00:04",6206300
19350,550,1300,"bu","13:00:04",6206000
19350,550,100,"bu","13:00:04",6204700
19350,550,1500,"bu","13:00:04",6204600
19350,550,800,"bu","13:00:04",6203100
19350,550,200,"bu","13:00:04",6202300
19350,550,1800,"bu","13:00:04",6202100
19350,550,100,"bu","13:00:04",6200300
19350,550,1000,"bu","13:00:04",6200200
19350,550,4500,"bu","13:00:04",6199200
19350,550,100,"bu","13:00:04",6194700
19350,550,200,"bu","13:00:04",6194600
19350,550,200,"bu","13:00:04",6194400
19350,550,1000,"bu","13:00:03",6194200
19300,500,4300,"bu","13:00:03",6193200
19300,500,2000,"bu","13:00:03",6188900
19250,450,100,"sd","13:00:03",6186900
19300,500,100,"bu","13:00:03",6186800
19300,500,2800,"bu","13:00:02",6186700
19300,500,5000,"unknown","13:00:02",6183900
19300,500,4000,"sd","13:00:02",6178900
19300,500,1900,"sd","13:00:02",6174900
19300,500,500,"sd","13:00:02",6173000
19300,500,1200,"sd","13:00:01",6172500
19300,500,1600,"sd","13:00:01",6171300
19300,500,200,"sd","13:00:01",6169700
19300,500,100,"sd","13:00:01",6169500
19300,500,3000,"sd","13:00:01",6169400
19300,500,1100,"sd","13:00:01",6166400
19300,500,11000,"sd","13:00:01",6165300
19300,500,100,"sd","13:00:01",6154300
19350,550,300,"bu","13:00:01",6154200
19300,500,3500,"sd","13:00:01",6153900
19300,500,100,"sd","13:00:00",6150400
19300,500,1000,"sd","13:00:00",6150300
19300,500,500,"sd","13:00:00",6149300
19300,500,300,"sd","13:00:00",6148800
19300,500,1000,"sd","13:00:00",6148500
19300,500,500,"sd","13:00:00",6147500
19300,500,100,"sd","13:00:00",6147000
19300,500,100,"sd","11:29:59",6146900
19300,500,1900,"sd","11:29:59",6146800
19300,500,200,"sd","11:29:56",6144900
19300,500,1000,"sd","11:29:50",6144700
19300,500,3000,"sd","11:29:35",6143700
19300,500,1000,"sd","11:29:13",6140700
19300,500,500,"sd","11:29:02",6139700
19300,500,1500,"sd","11:28:55",6139200
19300,500,100,"sd","11:28:41",6137700
19300,500,100,"sd","11:28:25",6137600
19300,500,3000,"sd","11:28:06",6137500
19300,500,100,"sd","11:27:40",6134500
19300,500,100,"sd","11:27:10",6134400
19300,500,300,"sd","11:27:01",6134300
19300,500,500,"bu","11:26:45",6134000
19300,500,1000,"bu","11:26:45",6133500
19300,500,300,"bu","11:26:45",6132500
19300,500,5000,"bu","11:26:45",6132200
19300,500,1000,"bu","11:26:45",6127200
19300,500,200,"bu","11:26:45",6126200
19300,500,100,"bu","11:26:45",6126000
19300,500,200,"bu","11:26:45",6125900
19300,500,1000,"bu","11:26:45",6125700
19300,500,1000,"bu","11:26:45",6124700
19300,500,100,"bu","11:26:45",6123700
19300,500,100,"bu","11:26:45",6123600
19300,500,1000,"bu","11:26:45",6123500
19300,500,100,"bu","11:26:45",6122500
19300,500,1100,"bu","11:26:45",6122400
19300,500,2000,"bu","11:26:45",6121300
19300,500,1000,"bu","11:26:45",6119300
19300,500,2000,"bu","11:26:45",6118300
19300,500,1000,"bu","11:26:45",6116300
19300,500,1000,"bu","11:26:45",6115300
19300,500,700,"bu","11:26:45",6114300
19300,500,700,"bu","11:26:45",6113600
19300,500,500,"bu","11:26:45",6112900
19300,500,100,"bu","11:26:45",6112400
19300,500,600,"bu","11:26:45",6112300
19300,500,300,"bu","11:26:45",6111700
19300,500,1000,"bu","11:26:45",6111400
19300,500,500,"bu","11:26:45",6110400
19300,500,1000,"bu","11:26:45",6109900
19300,500,200,"bu","11:26:45",6108900
19300,500,5000,"bu","11:26:45",6108700
19300,500,2000,"bu","11:26:45",6103700
19300,500,15000,"bu","11:26:45",6101700
19300,500,500,"bu","11:26:45",6086700
19300,500,300,"bu","11:26:45",6086200
19300,500,300,"bu","11:26:45",6085900
19300,500,2000,"bu","11:26:45",6085600
19300,500,100,"bu","11:26:45",6083600
19300,500,200,"bu","11:26:45",6083500
19300,500,500,"bu","11:26:45",6083300
19300,500,500,"bu","11:26:45",6082800
19300,500,1000,"bu","11:26:45",6082300
19300,500,1700,"bu","11:26:45",6081300
19300,500,100,"bu","11:26:45",6079600
19300,500,700,"bu","11:26:45",6079500
19300,500,300,"bu","11:26:45",6078800
19300,500,100,"bu","11:26:45",6078500
19300,500,800,"bu","11:26:45",6078400
19300,500,2000,"bu","11:26:45",6077600
19300,500,600,"bu","11:26:45",6075600
19300,500,900,"bu","11:26:45",6075000
19300,500,100,"bu","11:26:45",6074100
19300,500,100,"bu","11:26:45",6074000
19300,500,1000,"bu","11:26:45",6073900
19300,500,200,"bu","11:26:45",6072900
19300,500,2500,"bu","11:26:45",6072700
19300,500,100,"bu","11:26:45",6070200
19300,500,10000,"bu","11:26:45",6070100
19300,500,1000,"bu","11:26:45",6060100
19300,500,500,"bu","11:26:45",6059100
19300,500,15000,"bu","11:26:45",6058600
19300,500,4000,"bu","11:26:45",6043600
19300,500,500,"bu","11:26:45",6039600
19300,500,92300,"bu","11:26:45",6039100
19250,450,100,"sd","11:26:30",5946800
19250,450,10000,"sd","11:26:27",5946700
19250,450,400,"sd","11:26:07",5936700
19250,450,1000,"sd","11:26:06",5936300
19250,450,300,"sd","11:25:33",5935300
19250,450,2000,"sd","11:25:27",5935000
19250,450,2000,"sd","11:25:13",5933000
19250,450,500,"sd","11:24:21",5931000
19250,450,1000,"sd","11:24:14",5930500
19250,450,100,"sd","11:23:53",5929500
19250,450,5000,"sd","11:23:52",5929400
19250,450,300,"sd","11:23:18",5924400
19250,450,500,"sd","11:23:02",5924100
19250,450,5800,"sd","11:22:53",5923600
19250,450,200,"sd","11:22:53",5917800
19250,450,2400,"sd","11:22:36",5917600
19250,450,100,"sd","11:22:36",5915200
19250,450,500,"sd","11:22:36",5915100
19250,450,100,"sd","11:22:25",5914600
19250,450,500,"sd","11:22:25",5914500
19250,450,100,"sd","11:22:13",5914000
19250,450,800,"sd","11:21:52",5913900
19250,450,1000,"sd","11:21:52",5913100
19250,450,400,"sd","11:21:52",5912100
19300,500,500,"bu","11:21:19",5911700
19300,500,300,"bu","11:21:17",5911200
19250,450,100,"sd","11:20:28",5910900
19250,450,2000,"sd","11:20:26",5910800
19300,500,100,"bu","11:20:18",5908800
19300,500,100,"bu","11:20:02",5908700
19250,450,100,"sd","11:19:52",5908600
19250,450,500,"sd","11:19:35",5908500
19300,500,1000,"bu","11:19:30",5908000
19300,500,3400,"bu","11:19:02",5907000
19250,450,1000,"sd","11:18:50",5903600
19250,450,3000,"sd","11:18:27",5902600
19250,450,500,"sd","11:18:15",5899600
19250,450,1000,"sd","11:18:10",5899100
19250,450,300,"sd","11:17:40",5898100
19250,450,300,"sd","11:17:39",5897800
19250,450,200,"sd","11:17:35",5897500
19250,450,5000,"sd","11:17:33",5897300
19250,450,700,"sd","11:17:19",5892300
19300,500,400,"bu","11:17:04",5891600
19300,500,1900,"bu","11:17:00",5891200
19300,500,100,"bu","11:17:00",5889300
19300,500,3000,"bu","11:17:00",5889200
19250,450,100,"sd","11:16:59",5886200
19250,450,5600,"sd","11:16:44",5886100
19250,450,1000,"sd","11:16:41",5880500
19250,450,100,"sd","11:16:39",5879500
19250,450,1000,"sd","11:16:36",5879400
19250,450,1400,"sd","11:16:05",5878400
19250,450,300,"sd","11:15:54",5877000
19250,450,100,"sd","11:15:48",5876700
19250,450,15000,"sd","11:15:47",5876600
19250,450,10000,"sd","11:15:38",5861600
19250,450,500,"sd","11:15:37",5851600
19250,450,10000,"sd","11:14:52",5851100
19250,450,800,"sd","11:14:37",5841100
19250,450,100,"sd","11:14:27",5840300
19250,450,5500,"sd","11:14:27",5840200
19250,450,500,"sd","11:14:27",5834700
19250,450,100,"sd","11:14:27",5834200
19250,450,6000,"sd","11:14:27",5834100
19250,450,4000,"sd","11:14:27",5828100
19250,450,1000,"sd","11:14:27",5824100
19250,450,1000,"sd","11:14:27",5823100
19250,450,1000,"sd","11:14:27",5822100
19250,450,100,"sd","11:14:27",5821100
19250,450,500,"sd","11:14:27",5821000
19250,450,200,"sd","11:14:27",5820500
19250,450,500,"sd","11:14:27",5820300
19250,450,600,"sd","11:14:27",5819800
19250,450,200,"sd","11:14:27",5819200
19250,450,5000,"sd","11:14:27",5819000
19250,450,500,"sd","11:14:27",5814000
19250,450,30000,"sd","11:14:27",5813500
19250,450,3000,"sd","11:14:27",5783500
19250,450,600,"sd","11:14:27",5780500
19250,450,2000,"sd","11:14:27",5779900
19250,450,1500,"sd","11:14:27",5777900
19250,450,700,"sd","11:14:27",5776400
19250,450,300,"sd","11:14:27",5775700
19250,450,100,"sd","11:14:27",5775400
19250,450,100,"sd","11:14:27",5775300
19250,450,300,"sd","11:14:27",5775200
19250,450,2000,"sd","11:14:27",5774900
19250,450,1500,"sd","11:14:27",5772900
19250,450,3000,"sd","11:14:27",5771400
19250,450,1000,"sd","11:14:27",5768400
19250,450,1000,"sd","11:14:27",5767400
19250,450,400,"sd","11:14:27",5766400
19250,450,1000,"sd","11:14:27",5766000
19250,450,100,"sd","11:14:27",5765000
19250,450,2000,"sd","11:14:27",5764900
19250,450,5000,"sd","11:14:27",5762900
19250,450,500,"sd","11:14:27",5757900
19250,450,500,"sd","11:14:27",5757400
19250,450,400,"sd","11:14:27",5756900
19250,450,2000,"sd","11:14:27",5756500
19250,450,100,"sd","11:14:27",5754500
19250,450,800,"sd","11:14:27",5754400
19250,450,1000,"sd","11:14:27",5753600
19250,450,2000,"sd","11:14:27",5752600
19250,450,300,"sd","11:14:27",5750600
19250,450,1000,"sd","11:14:27",5750300
19250,450,5000,"sd","11:14:27",5749300
19250,450,500,"sd","11:14:27",5744300
19250,450,100,"sd","11:14:27",5743800
19250,450,3000,"sd","11:14:27",5743700
19250,450,400,"sd","11:14:27",5740700
19250,450,600,"sd","11:14:10",5740300
19250,450,200,"sd","11:14:10",5739700
19250,450,1600,"sd","11:14:10",5739500
19250,450,100,"sd","11:14:10",5737900
19250,450,2000,"sd","11:14:10",5737800
19250,450,500,"sd","11:14:10",5735800
19300,500,100,"bu","11:14:02",5735300
19250,450,100,"sd","11:13:55",5735200
19250,450,300,"sd","11:13:55",5735100
19250,450,300,"sd","11:13:55",5734800
19300,500,500,"bu","11:13:50",5734500
19250,450,200,"sd","11:13:34",5734000
19300,500,200,"bu","11:13:18",5733800
19300,500,1000,"bu","11:12:54",5733600
19250,450,500,"sd","11:12:54",5732600
19250,450,100,"sd","11:12:54",5732100
19250,450,2400,"sd","11:12:54",5732000
19250,450,300,"sd","11:12:47",5729600
19250,450,300,"sd","11:12:41",5729300
19250,450,5000,"sd","11:12:41",5729000
19250,450,500,"sd","11:12:41",5724000
19250,450,500,"sd","11:12:41",5723500
19250,450,100,"sd","11:12:41",5723000
19250,450,500,"sd","11:12:41",5722900
19250,450,200,"sd","11:12:41",5722400
19250,450,100,"sd","11:12:41",5722200
19250,450,800,"sd","11:12:41",5722100
19250,450,200,"sd","11:12:26",5721300
19250,450,100,"sd","11:12:25",5721100
19250,450,900,"sd","11:12:19",5721000
19250,450,1000,"sd","11:12:19",5720100
19250,450,100,"sd","11:12:19",5719100
19250,450,200,"sd","11:12:19",5719000
19250,450,100,"sd","11:12:19",5718800
19250,450,500,"sd","11:12:19",5718700
19250,450,2200,"sd","11:12:19",5718200
19250,450,100,"sd","11:12:07",5716000
19250,450,200,"sd","11:12:06",5715900
19250,450,200,"sd","11:12:01",5715700
19250,450,1000,"sd","11:11:57",5715500
19250,450,500,"sd","11:11:52",5714500
19250,450,10000,"sd","11:11:51",5714000
19250,450,1000,"sd","11:11:41",5704000
19250,450,700,"sd","11:11:35",5703000
19250,450,2000,"sd","11:10:56",5702300
19250,450,700,"sd","11:10:47",5700300
19250,450,100,"sd","11:10:44",5699600
19250,450,200,"sd","11:09:47",5699500
19250,450,500,"sd","11:09:42",5699300
19250,450,500,"sd","11:09:40",5698800
19250,450,600,"sd","11:09:06",5698300
19250,450,300,"sd","11:08:41",5697700
19250,450,100,"sd","11:08:29",5697400
19250,450,500,"sd","11:08:29",5697300
19250,450,400,"sd","11:08:03",5696800
19250,450,400,"sd","11:07:36",5696400
19250,450,1000,"sd","11:07:27",5696000
19250,450,500,"sd","11:06:58",5695000
19250,450,100,"sd","11:06:58",5694500
19250,450,200,"sd","11:06:58",5694400
19250,450,800,"sd","11:06:51",5694200
19250,450,200,"sd","11:06:51",5693400
19250,450,1000,"sd","11:06:49",5693200
19250,450,1500,"sd","11:06:49",5692200
19250,450,2000,"sd","11:06:42",5690700
19250,450,5000,"sd","11:06:40",5688700
19250,450,1500,"sd","11:06:07",5683700
19250,450,500,"sd","11:06:07",5682200
19250,450,100,"sd","11:06:01",5681700
19250,450,100,"sd","11:05:56",5681600
19250,450,700,"sd","11:05:56",5681500
19250,450,10000,"sd","11:05:56",5680800
19250,450,1000,"sd","11:05:56",5670800
19250,450,8200,"sd","11:05:56",5669800
19300,500,200,"bu","11:05:44",5661600
19300,500,300,"bu","11:05:44",5661400
19250,450,2500,"sd","11:05:26",5661100
19300,500,500,"bu","11:05:25",5658600
19250,450,100,"sd","11:05:07",5658100
19300,500,200,"bu","11:04:39",5658000
19300,500,800,"bu","11:04:39",5657800
19250,450,500,"sd","11:04:38",5657000
19250,450,3700,"sd","11:04:30",5656500
19250,450,1000,"sd","11:04:30",5652800
19250,450,300,"sd","11:04:30",5651800
19300,500,500,"bu","11:04:17",5651500
19250,450,2700,"sd","11:04:05",5651000
19250,450,3300,"sd","11:04:05",5648300
19300,500,2700,"bu","11:04:02",5645000
19300,500,700,"bu","11:04:02",5642300
19250,450,500,"sd","11:04:01",5641600
19300,500,100,"bu","11:04:01",5641100
19250,450,3000,"sd","11:03:51",5641000
19250,450,1000,"sd","11:03:48",5638000
19250,450,100,"sd","11:03:37",5637000
19250,450,100,"sd","11:03:21",5636900
19300,500,100,"bu","11:03:10",5636800
19250,450,1000,"sd","11:03:04",5636700
19250,450,500,"sd","11:02:59",5635700
19250,450,3000,"sd","11:02:58",5635200
19250,450,100,"sd","11:02:48",5632200
19250,450,500,"sd","11:02:45",5632100
19250,450,1200,"sd","11:02:41",5631600
19250,450,500,"sd","11:02:16",5630400
19250,450,1000,"sd","11:02:10",5629900
19250,450,100,"sd","11:02:01",5628900
19250,450,500,"sd","11:01:59",5628800
19250,450,4000,"sd","11:01:57",5628300
19250,450,3000,"sd","11:01:55",5624300
19250,450,200,"sd","11:01:22",5621300
19250,450,500,"sd","11:01:14",5621100
19250,450,3900,"sd","11:01:08",5620600
19300,500,500,"bu","11:01:02",5616700
19250,450,100,"sd","11:00:51",5616200
19250,450,1000,"sd","11:00:35",5616100
19250,450,10000,"sd","11:00:12",5615100
19300,500,300,"bu","10:59:50",5605100
19250,450,100,"sd","10:59:17",5604800
19300,500,1400,"bu","10:59:16",5604700
19300,500,600,"bu","10:59:16",5603300
19250,450,200,"sd","10:59:00",5602700
19300,500,500,"sd","10:58:56",5602500
19300,500,300,"sd","10:58:55",5602000
19300,500,1000,"sd","10:58:55",5601700
19300,500,300,"sd","10:58:55",5600700
19300,500,200,"sd","10:58:55",5600400
19300,500,100,"sd","10:58:55",5600200
19300,500,900,"sd","10:58:50",5600100
19300,500,500,"sd","10:58:50",5599200
19300,500,300,"sd","10:58:50",5598700
19300,500,100,"sd","10:58:48",5598400
19300,500,15000,"sd","10:58:45",5598300
19300,500,100,"sd","10:58:45",5583300
19300,500,2000,"sd","10:58:45",5583200
19300,500,1700,"sd","10:58:45",5581200
19300,500,100,"sd","10:58:45",5579500
19300,500,1100,"sd","10:58:45",5579400
19300,500,3000,"sd","10:58:45",5578300
19300,500,3000,"sd","10:58:45",5575300
19300,500,1000,"sd","10:58:45",5572300
19300,500,10000,"sd","10:58:45",5571300
19300,500,300,"sd","10:58:45",5561300
19300,500,1000,"sd","10:58:44",5561000
19300,500,200,"sd","10:58:44",5560000
19300,500,5000,"sd","10:58:44",5559800
19300,500,500,"sd","10:58:44",5554800
19300,500,2000,"sd","10:58:44",5554300
19300,500,500,"sd","10:58:44",5552300
19300,500,500,"sd","10:58:44",5551800
19300,500,5000,"sd","10:58:44",5551300
19300,500,1000,"sd","10:58:44",5546300
19300,500,600,"sd","10:58:44",5545300
19300,500,1000,"sd","10:58:44",5544700
19300,500,400,"sd","10:58:44",5543700
19300,500,1000,"sd","10:58:44",5543300
19300,500,2000,"sd","10:58:44",5542300
19300,500,5000,"sd","10:58:44",5540300
19300,500,1200,"sd","10:58:44",5535300
19300,500,100,"sd","10:58:44",5534100
19300,500,500,"sd","10:58:44",5534000
19300,500,500,"sd","10:58:44",5533500
19300,500,500,"sd","10:58:44",5533000
19300,500,5600,"sd","10:58:44",5532500
19300,500,5000,"sd","10:58:44",5526900
19300,500,100,"sd","10:58:44",5521900
19300,500,500,"sd","10:58:44",5521800
19300,500,5000,"sd","10:58:44",5521300
19300,500,100,"sd","10:58:44",5516300
19300,500,300,"sd","10:58:44",5516200
19300,500,200,"sd","10:58:44",5515900
19300,500,1000,"sd","10:58:44",5515700
19300,500,2500,"sd","10:58:44",5514700
19300,500,20000,"sd","10:58:44",5512200
19300,500,3000,"sd","10:58:44",5492200
19300,500,100,"sd","10:58:44",5489200
19300,500,200,"sd","10:58:44",5489100
19300,500,100,"sd","10:58:44",5488900
19300,500,100,"sd","10:58:44",5488800
19300,500,2000,"sd","10:58:44",5488700
19300,500,300,"sd","10:58:44",5486700
19300,500,5000,"sd","10:58:44",5486400
19300,500,1000,"sd","10:58:44",5481400
19300,500,800,"sd","10:58:44",5480400
19300,500,300,"sd","10:58:44",5479600
19300,500,900,"sd","10:58:44",5479300
19300,500,100,"sd","10:58:44",5478400
19300,500,200,"sd","10:58:44",5478300
19300,500,1800,"sd","10:58:44",5478100
19300,500,200,"sd","10:58:42",5476300
19300,500,800,"sd","10:58:42",5476100
19300,500,200,"sd","10:58:39",5475300
19300,500,100,"sd","10:58:39",5475100
19300,500,500,"sd","10:58:39",5475000
19300,500,300,"sd","10:58:39",5474500
19300,500,200,"sd","10:58:39",5474200
19300,500,1000,"sd","10:58:39",5474000
19300,500,800,"sd","10:58:39",5473000
19300,500,200,"sd","10:58:35",5472200
19300,500,200,"sd","10:58:35",5472000
19300,500,5000,"sd","10:58:35",5471800
19300,500,1000,"sd","10:58:35",5466800
19300,500,500,"sd","10:58:35",5465800
19300,500,5000,"sd","10:58:35",5465300
19300,500,100,"sd","10:58:35",5460300
19300,500,200,"sd","10:58:35",5460200
19300,500,100,"sd","10:58:35",5460000
19300,500,5000,"sd","10:58:35",5459900
19300,500,1000,"sd","10:58:35",5454900
19300,500,500,"sd","10:58:35",5453900
19300,500,100,"sd","10:58:35",5453400
19300,500,500,"sd","10:58:35",5453300
19300,500,500,"sd","10:58:35",5452800
19300,500,14900,"sd","10:58:35",5452300
19300,500,100,"sd","10:58:35",5437400
19300,500,1000,"sd","10:58:35",5437300
19300,500,1000,"sd","10:58:35",5436300
19300,500,1000,"sd","10:58:35",5435300
19300,500,2500,"sd","10:58:35",5434300
19300,500,200,"sd","10:58:35",5431800
19300,500,3000,"sd","10:58:35",5431600
19300,500,1000,"sd","10:58:35",5428600
19300,500,100,"sd","10:58:35",5427600
19300,500,1000,"sd","10:58:35",5427500
19300,500,100,"sd","10:58:35",5426500
19300,500,500,"sd","10:58:35",5426400
19300,500,1000,"sd","10:58:35",5425900
19300,500,100,"sd","10:58:35",5424900
19300,500,7600,"sd","10:58:35",5424800
19300,500,1000,"sd","10:57:58",5417200
19300,500,2000,"sd","10:57:54",5416200
19300,500,500,"sd","10:57:52",5414200
19300,500,1500,"sd","10:57:28",5413700
19350,550,1000,"bu","10:57:23",5412200
19300,500,3000,"sd","10:56:58",5411200
19300,500,1100,"sd","10:56:57",5408200
19300,500,100,"sd","10:56:54",5407100
19300,500,2000,"sd","10:56:52",5407000
19300,500,200,"sd","10:56:44",5405000
19300,500,1000,"sd","10:56:19",5404800
19300,500,5000,"sd","10:56:19",5403800
19300,500,500,"sd","10:56:19",5398800
19300,500,2000,"sd","10:56:19",5398300
19300,500,5000,"sd","10:56:19",5396300
19300,500,100,"sd","10:56:19",5391300
19300,500,500,"sd","10:56:19",5391200
19300,500,10000,"sd","10:56:19",5390700
19300,500,300,"sd","10:56:19",5380700
19300,500,500,"sd","10:56:19",5380400
19300,500,2000,"sd","10:56:19",5379900
19300,500,100,"sd","10:56:19",5377900
19300,500,500,"sd","10:56:19",5377800
19300,500,17000,"sd","10:56:19",5377300
19300,500,5500,"sd","10:56:19",5360300
19300,500,300,"sd","10:56:19",5354800
19300,500,100,"sd","10:56:19",5354500
19300,500,200,"sd","10:56:19",5354400
19300,500,1200,"sd","10:56:19",5354200
19300,500,2200,"sd","10:56:19",5353000
19300,500,100,"sd","10:56:19",5350800
19300,500,2500,"sd","10:56:19",5350700
19300,500,100,"sd","10:56:19",5348200
19300,500,2000,"sd","10:56:19",5348100
19300,500,100,"sd","10:56:19",5346100
19300,500,400,"sd","10:56:19",5346000
19300,500,500,"sd","10:56:19",5345600
19300,500,2000,"sd","10:56:19",5345100
19300,500,2000,"sd","10:56:19",5343100
19300,500,12000,"sd","10:56:19",5341100
19300,500,100,"sd","10:56:19",5329100
19300,500,600,"sd","10:56:19",5329000
19300,500,200,"sd","10:56:19",5328400
19300,500,100,"sd","10:56:19",5328200
19300,500,11000,"sd","10:56:19",5328100
19300,500,100,"sd","10:56:19",5317100
19300,500,100,"sd","10:56:19",5317000
19300,500,1500,"sd","10:56:19",5316900
19300,500,1000,"sd","10:56:19",5315400
19300,500,1000,"sd","10:56:19",5314400
19300,500,2300,"sd","10:56:19",5313400
19300,500,5000,"sd","10:56:19",5311100
19300,500,500,"sd","10:56:19",5306100
19300,500,200,"sd","10:56:19",5305600
19300,500,400,"sd","10:56:19",5305400
19300,500,200,"sd","10:56:19",5305000
19300,500,500,"sd","10:56:19",5304800
19300,500,1100,"sd","10:56:19",5304300
19300,500,2100,"sd","10:56:19",5303200
19300,500,100,"sd","10:56:19",5301100
