"price","change","match_qtty","side","time","total_vol"
8380,70,82900,"unknown","14:44:59",1306900
8400,90,5000,"sd","14:29:49",1224000
8410,100,2000,"bu","14:29:46",1219000
8400,90,5400,"sd","14:29:40",1217000
8410,100,1500,"bu","14:29:38",1211600
8410,100,2000,"bu","14:28:54",1210100
8410,100,300,"bu","14:28:39",1208100
8410,100,200,"bu","14:28:27",1207800
8410,100,100,"bu","14:27:59",1207600
8410,100,300,"bu","14:27:06",1207500
8400,90,5000,"sd","14:26:34",1207200
8410,100,200,"bu","14:26:20",1202200
8410,100,2300,"sd","14:25:34",1202000
8410,100,2800,"sd","14:25:34",1199700
8420,110,1100,"bu","14:24:50",1196900
8420,110,2600,"bu","14:24:50",1195800
8410,100,500,"sd","14:24:24",1193200
8420,110,100,"bu","14:24:12",1192700
8420,110,100,"bu","14:24:04",1192600
8420,110,2000,"bu","14:23:06",1192500
8410,100,100,"sd","14:22:52",1190500
8420,110,300,"bu","14:22:52",1190400
8420,110,800,"bu","14:22:51",1190100
8420,110,100,"bu","14:22:45",1189300
8410,100,200,"sd","14:22:26",1189200
8410,100,200,"sd","14:21:58",1189000
8410,100,1000,"sd","14:21:40",1188800
8420,110,1200,"bu","14:21:34",1187800
8410,100,200,"sd","14:21:30",1186600
8410,100,2000,"sd","14:21:30",1186400
8410,100,3500,"sd","14:21:30",1184400
8410,100,1300,"sd","14:21:30",1180900
8420,110,1000,"bu","14:21:26",1179600
8420,110,1100,"bu","14:21:25",1178600
8420,110,700,"bu","14:21:21",1177500
8420,110,600,"bu","14:21:21",1176800
8420,110,500,"bu","14:21:14",1176200
8420,110,2000,"bu","14:21:12",1175700
8420,110,3000,"bu","14:21:02",1173700
8410,100,4300,"bu","14:19:44",1170700
8410,100,4400,"bu","14:19:44",1166400
8410,100,1800,"bu","14:19:26",1162000
8410,100,3800,"bu","14:19:16",1160200
8410,100,200,"bu","14:19:16",1156400
8400,90,300,"sd","14:18:30",1156200
8400,90,2000,"sd","14:18:18",1155900
8400,90,300,"bu","14:17:51",1153900
8400,90,7200,"bu","14:17:51",1153600
8400,90,2800,"sd","14:17:08",1146400
8400,90,1000,"sd","14:16:59",1143600
8400,90,1000,"bu","14:16:44",1142600
8400,90,1000,"bu","14:16:44",1141600
8400,90,5000,"bu","14:16:44",1140600
8400,90,10000,"bu","14:16:44",1135600
8400,90,1600,"bu","14:16:44",1125600
8400,90,7600,"bu","14:16:44",1124000
8400,90,700,"bu","14:16:35",1116400
8400,90,1700,"bu","14:15:19",1115700
8400,90,500,"bu","14:15:19",1114000
8400,90,2700,"bu","14:15:19",1113500
8400,90,100,"bu","14:15:12",1110800
8390,80,2600,"sd","14:15:07",1110700
8400,90,200,"bu","14:13:12",1108100
8390,80,1400,"sd","14:13:11",1107900
8400,90,100,"bu","14:12:24",1106500
8390,80,100,"sd","14:12:05",1106400
8390,80,1000,"sd","14:10:21",1106300
8390,80,1000,"sd","14:09:49",1105300
8390,80,200,"sd","14:09:03",1104300
8390,80,800,"sd","14:08:40",1104100
8390,80,1200,"sd","14:08:40",1103300
8390,80,600,"sd","14:08:40",1102100
8390,80,700,"sd","14:08:40",1101500
8390,80,1300,"sd","14:08:39",1100800
8390,80,700,"sd","14:08:38",1099500
8390,80,100,"sd","14:08:03",1098800
8390,80,200,"sd","14:07:59",1098700
8390,80,600,"sd","14:07:59",1098500
8390,80,100,"sd","14:07:59",1097900
8390,80,2000,"sd","14:07:59",1097800
8390,80,500,"sd","14:07:59",1095800
8390,80,5000,"sd","14:07:59",1095300
8390,80,1600,"sd","14:07:59",1090300
8400,90,300,"bu","14:06:54",1088700
8400,90,100,"sd","14:05:36",1088400
8400,90,500,"sd","14:05:36",1088300
8400,90,1000,"sd","14:05:19",1087800
8400,90,500,"sd","14:05:14",1086800
8400,90,5000,"sd","14:04:57",1086300
8410,100,200,"bu","14:04:15",1081300
8410,100,100,"bu","14:03:34",1081100
8410,100,400,"unknown","14:02:46",1081000
8410,100,100,"sd","14:02:13",1080600
8410,100,500,"sd","14:01:29",1080500
8410,100,100,"sd","14:01:29",1080000
8410,100,100,"sd","14:00:32",1079900
8410,100,400,"sd","14:00:32",1079800
8420,110,100,"sd","14:00:32",1079400
8420,110,500,"bu","14:00:20",1079300
8420,110,800,"bu","14:00:20",1078800
8420,110,2000,"bu","14:00:20",1078000
8420,110,100,"bu","14:00:20",1076000
8420,110,2300,"bu","13:59:43",1075900
8420,110,200,"bu","13:59:36",1073600
8420,110,1100,"bu","13:59:30",1073400
8420,110,600,"bu","13:59:25",1072300
8420,110,400,"bu","13:59:20",1071700
8420,110,1000,"bu","13:59:10",1071300
8420,110,4400,"bu","13:58:49",1070300
8420,110,1200,"bu","13:58:49",1065900
8420,110,400,"bu","13:58:49",1064700
8420,110,200,"bu","13:58:49",1064300
8420,110,2700,"bu","13:58:44",1064100
8420,110,100,"bu","13:58:42",1061400
8420,110,200,"bu","13:58:42",1061300
8420,110,2000,"bu","13:58:19",1061100
8410,100,900,"bu","13:57:51",1059100
8410,100,1100,"bu","13:57:29",1058200
8410,100,1300,"bu","13:57:29",1057100
8410,100,4700,"bu","13:57:17",1055800
8410,100,300,"bu","13:57:17",1051100
8410,100,700,"bu","13:55:32",1050800
8400,90,2500,"bu","13:55:09",1050100
8400,90,500,"bu","13:55:01",1047600
8400,90,500,"bu","13:55:01",1047100
8400,90,700,"bu","13:54:52",1046600
8400,90,5000,"bu","13:53:59",1045900
8400,90,1800,"bu","13:53:02",1040900
8400,90,200,"bu","13:53:02",1039100
8390,80,100,"sd","13:52:31",1038900
8390,80,300,"sd","13:51:42",1038800
8390,80,2500,"bu","13:51:27",1038500
8390,80,2500,"sd","13:50:46",1036000
8390,80,500,"sd","13:50:37",1033500
8390,80,500,"unknown","13:50:00",1033000
8390,80,300,"bu","13:49:57",1032500
8390,80,900,"sd","13:49:43",1032200
8390,80,100,"sd","13:49:43",1031300
8390,80,100,"sd","13:49:18",1031200
8390,80,500,"sd","13:49:18",1031100
8390,80,6800,"sd","13:49:18",1030600
8390,80,100,"sd","13:49:18",1023800
8390,80,1000,"sd","13:49:18",1023700
8390,80,100,"sd","13:49:18",1022700
8390,80,200,"sd","13:49:18",1022600
8390,80,100,"sd","13:49:18",1022400
8390,80,100,"sd","13:49:18",1022300
8390,80,1700,"sd","13:49:18",1022200
8390,80,9200,"sd","13:49:18",1020500
8400,90,500,"bu","13:47:47",1011300
8400,90,500,"bu","13:47:17",1010800
8400,90,3000,"bu","13:47:17",1010300
8400,90,100,"bu","13:47:17",1007300
8390,80,200,"sd","13:46:14",1007200
8390,80,100,"sd","13:46:07",1007000
8400,90,200,"bu","13:45:36",1006900
8400,90,100,"bu","13:43:47",1006700
8390,80,400,"sd","13:42:51",1006600
8410,100,900,"bu","13:42:19",1006200
8400,90,100,"bu","13:42:19",1005300
8400,90,200,"bu","13:41:29",1005200
8390,80,1100,"sd","13:39:15",1005000
8400,90,1400,"sd","13:39:15",1003900
8400,90,600,"sd","13:39:15",1002500
8400,90,3000,"sd","13:39:15",1001900
8400,90,13900,"sd","13:39:15",998900
8400,90,2600,"sd","13:38:32",985000
8410,100,100,"sd","13:38:32",982400
8410,100,1000,"sd","13:38:32",982300
8410,100,1000,"sd","13:38:32",981300
8410,100,600,"sd","13:38:32",980300
8410,100,100,"sd","13:38:15",979700
8410,100,4300,"bu","13:37:58",979600
8410,100,700,"bu","13:37:48",975300
8410,100,300,"bu","13:37:48",974600
8410,100,200,"bu","13:37:20",974300
8410,100,3000,"bu","13:37:20",974100
8410,100,4800,"bu","13:37:20",971100
8410,100,5000,"bu","13:36:56",966300
8400,90,4000,"bu","13:36:34",961300
8400,90,4500,"bu","13:36:34",957300
8400,90,1000,"sd","13:36:12",952800
8400,90,100,"sd","13:36:12",951800
8400,90,500,"sd","13:36:12",951700
8400,90,100,"bu","13:35:28",951200
8400,90,500,"bu","13:35:23",951100
8400,90,500,"bu","13:35:17",950600
8400,90,1500,"bu","13:35:17",950100
8400,90,500,"bu","13:35:13",948600
8400,90,2500,"bu","13:35:13",948100
8400,90,1500,"bu","13:35:13",945600
8400,90,3000,"bu","13:35:13",944100
8400,90,1000,"bu","13:35:13",941100
8400,90,700,"bu","13:35:13",940100
8400,90,500,"bu","13:35:13",939400
8400,90,1000,"bu","13:35:13",938900
8400,90,3000,"bu","13:35:13",937900
8400,90,200,"bu","13:35:13",934900
8400,90,100,"bu","13:35:13",934700
8400,90,4000,"bu","13:35:13",934600
8390,80,100,"sd","13:35:01",930600
8400,90,1000,"bu","13:34:26",930500
8400,90,5000,"bu","13:33:51",929500
8390,80,600,"sd","13:33:31",924500
8400,90,100,"bu","13:33:25",923900
8400,90,1000,"bu","13:32:32",923800
8400,90,500,"bu","13:31:22",922800
8390,80,5800,"sd","13:31:18",922300
8390,80,1000,"sd","13:31:18",916500
8390,80,3000,"sd","13:31:18",915500
8390,80,200,"sd","13:31:18",912500
8390,80,2000,"sd","13:31:07",912300
8390,80,1000,"sd","13:30:18",910300
8390,80,1000,"sd","13:28:51",909300
8400,90,1000,"bu","13:28:46",908300
8390,80,800,"bu","13:27:35",907300
8380,70,50000,"sd","13:27:02",906500
8380,70,23700,"sd","13:26:32",856500
8390,80,100,"sd","13:26:32",832800
8390,80,3000,"sd","13:26:32",832700
8390,80,2000,"sd","13:26:32",829700
8390,80,600,"sd","13:26:32",827700
8390,80,700,"sd","13:26:32",827100
8400,90,400,"bu","13:26:09",826400
8390,80,1900,"sd","13:25:59",826000
8400,90,1900,"bu","13:25:27",824100
8400,90,5100,"bu","13:25:13",822200
8400,90,4900,"bu","13:25:13",817100
8400,90,500,"bu","13:24:20",812200
8390,80,800,"sd","13:23:02",811700
8390,80,1600,"bu","13:22:25",810900
8390,80,500,"sd","13:22:10",809300
8390,80,1900,"sd","13:22:10",808800
8390,80,3100,"sd","13:21:50",806900
8390,80,100,"sd","13:21:50",803800
8390,80,700,"sd","13:21:50",803700
8390,80,1700,"sd","13:21:50",803000
8400,90,400,"bu","13:21:09",801300
8390,80,300,"sd","13:20:45",800900
8400,90,100,"bu","13:20:14",800600
8400,90,300,"bu","13:20:14",800500
8390,80,3000,"sd","13:20:02",800200
8390,80,1000,"sd","13:19:32",797200
8380,70,25200,"bu","13:18:28",796200
8380,70,12100,"bu","13:18:18",771000
8380,70,100,"bu","13:18:04",758900
8380,70,100,"bu","13:17:54",758800
8380,70,100,"bu","13:17:54",758700
8380,70,1500,"bu","13:17:44",758600
8380,70,300,"sd","13:17:43",757100
8380,70,1200,"sd","13:17:43",756800
8380,70,100,"sd","13:17:43",755600
8380,70,25000,"sd","13:17:43",755500
8380,70,800,"sd","13:17:43",730500
8380,70,100,"sd","13:17:43",729700
8380,70,500,"sd","13:17:43",729600
8380,70,500,"sd","13:17:43",729100
8380,70,200,"sd","13:17:43",728600
8380,70,300,"sd","13:17:43",728400
8390,80,100,"sd","13:17:43",728100
8390,80,1700,"sd","13:17:43",728000
8390,80,200,"sd","13:17:43",726300
8390,80,100,"sd","13:17:01",726100
8390,80,1000,"sd","13:17:01",726000
8380,70,900,"sd","13:13:25",725000
8380,70,500,"sd","13:13:25",724100
8380,70,200,"sd","13:13:25",723600
8380,70,400,"sd","13:13:25",723400
8380,70,600,"sd","13:13:23",723000
8380,70,1700,"sd","13:13:23",722400
8380,70,300,"sd","13:12:27",720700
8380,70,300,"sd","13:12:27",720400
8380,70,1000,"sd","13:12:03",720100
8380,70,500,"sd","13:11:20",719100
8380,70,200,"sd","13:10:46",718600
8370,60,100,"sd","13:09:37",718400
8370,60,900,"sd","13:08:59",718300
8370,60,100,"bu","13:08:43",717400
8370,60,100,"sd","13:07:38",717300
8370,60,2000,"sd","13:07:38",717200
8370,60,1000,"sd","13:07:38",715200
8370,60,1000,"sd","13:07:38",714200
8370,60,200,"sd","13:07:38",713200
8370,60,9000,"sd","13:07:38",713000
8370,60,300,"sd","13:07:38",704000
8370,60,1000,"sd","13:07:38",703700
8370,60,500,"sd","13:07:38",702700
8380,70,300,"sd","13:07:38",702200
8380,70,500,"sd","13:07:38",701900
8380,70,400,"sd","13:07:38",701400
8380,70,3600,"sd","13:07:38",701000
8400,90,400,"bu","13:07:24",697400
8400,90,7400,"bu","13:06:31",697000
8400,90,100,"bu","13:05:43",689600
8380,70,100,"sd","13:04:34",689500
8380,70,1000,"sd","13:04:34",689400
8380,70,500,"sd","13:04:34",688400
8380,70,200,"sd","13:04:34",687900
8380,70,200,"sd","13:04:34",687700
8380,70,300,"sd","13:04:17",687500
8380,70,100,"sd","13:04:17",687200
8380,70,200,"sd","13:04:17",687100
8400,90,2500,"sd","13:03:13",686900
8400,90,500,"sd","13:03:08",684400
8400,90,500,"sd","13:03:07",683900
8400,90,100,"sd","13:02:50",683400
8400,90,100,"sd","13:02:37",683300
8400,90,300,"sd","13:02:26",683200
8400,90,100,"sd","13:02:21",682900
8410,100,200,"bu","13:02:20",682800
8400,90,100,"sd","13:01:36",682600
8400,90,1400,"sd","13:01:27",682500
8400,90,100,"sd","13:01:27",681100
8400,90,2000,"sd","13:01:27",681000
8400,90,2000,"sd","13:01:27",679000
8400,90,2000,"sd","13:01:27",677000
8400,90,1100,"sd","13:01:27",675000
8400,90,200,"sd","13:01:13",673900
8400,90,700,"sd","13:00:29",673700
8400,90,2000,"sd","13:00:29",673000
8400,90,300,"sd","13:00:29",671000
8400,90,1700,"sd","13:00:28",670700
8400,90,1300,"sd","13:00:28",669000
8400,90,100,"sd","13:00:21",667700
8400,90,300,"sd","13:00:20",667600
8400,90,100,"sd","13:00:15",667300
8400,90,200,"sd","13:00:08",667200
8400,90,300,"sd","13:00:04",667000
8400,90,200,"sd","13:00:02",666700
8400,90,1500,"bu","13:00:01",666500
8400,90,1500,"bu","13:00:01",665000
8400,90,300,"bu","13:00:01",663500
8400,90,100,"bu","13:00:01",663200
8390,80,100,"bu","13:00:01",663100
8380,70,600,"sd","13:00:01",663000
8380,70,100,"sd","13:00:01",662400
8380,70,400,"sd","13:00:01",662300
8390,80,1000,"sd","13:00:01",661900
8390,80,200,"sd","13:00:00",660900
8390,80,1000,"sd","13:00:00",660700
8390,80,600,"sd","13:00:00",659700
8400,90,900,"sd","11:29:59",659100
8400,90,100,"sd","11:29:47",658200
8400,90,800,"sd","11:29:47",658100
8400,90,100,"sd","11:29:47",657300
8400,90,500,"sd","11:28:24",657200
8400,90,4900,"sd","11:27:55",656700
8400,90,800,"bu","11:27:53",651800
8400,90,200,"bu","11:27:13",651000
8390,80,1400,"bu","11:27:07",650800
8380,70,4100,"sd","11:25:57",649400
8380,70,2000,"sd","11:25:57",645300
8380,70,1000,"sd","11:25:57",643300
8380,70,2900,"sd","11:25:57",642300
8390,80,600,"bu","11:25:03",639400
8390,80,100,"bu","11:23:37",638800
8390,80,100,"bu","11:23:04",638700
8390,80,100,"bu","11:23:04",638600
8390,80,100,"bu","11:22:04",638500
8380,70,1300,"sd","11:19:53",638400
8380,70,2800,"sd","11:19:08",637100
8380,70,1000,"sd","11:18:31",634300
8380,70,1000,"bu","11:18:05",633300
8370,60,1500,"sd","11:16:22",632300
8390,80,2800,"bu","11:15:48",630800
8390,80,1000,"bu","11:15:48",628000
8390,80,1000,"bu","11:15:48",627000
8390,80,200,"bu","11:15:48",626000
8370,60,800,"sd","11:14:11",625800
8370,60,300,"sd","11:14:11",625000
8370,60,10000,"sd","11:13:16",624700
8370,60,5000,"sd","11:11:55",614700
8370,60,10000,"sd","11:11:55",609700
8370,60,5000,"sd","11:11:55",599700
8370,60,1000,"sd","11:11:55",594700
8370,60,1000,"sd","11:11:55",593700
8380,70,200,"sd","11:11:55",592700
8380,70,500,"sd","11:11:55",592500
8380,70,100,"sd","11:11:55",592000
8380,70,100,"sd","11:11:55",591900
8380,70,5000,"sd","11:11:55",591800
8390,80,800,"sd","11:11:02",586800
8390,80,1200,"sd","11:10:48",586000
8390,80,100,"sd","11:10:48",584800
8390,80,700,"sd","11:10:48",584700
8390,80,5000,"sd","11:10:10",584000
8390,80,4300,"sd","11:07:44",579000
8390,80,2200,"sd","11:07:44",574700
8400,90,600,"bu","11:07:02",572500
8400,90,1200,"bu","11:06:32",571900
8400,90,1200,"sd","11:06:02",570700
8400,90,400,"sd","11:06:02",569500
8400,90,1000,"sd","11:06:02",569100
8400,90,100,"sd","11:06:02",568100
8400,90,2000,"sd","11:06:02",568000
8400,90,200,"sd","11:06:02",566000
8400,90,5000,"sd","11:06:02",565800
8400,90,400,"sd","11:06:02",560800
8410,100,1300,"sd","11:05:40",560400
8410,100,200,"sd","11:05:40",559100
8410,100,3000,"sd","11:05:40",558900
8410,100,1500,"sd","11:05:40",555900
8420,110,200,"bu","11:05:34",554400
8410,100,200,"sd","11:05:22",554200
8420,110,300,"sd","11:03:58",554000
8420,110,1000,"sd","11:03:57",553700
8430,120,300,"bu","11:03:40",552700
8430,120,100,"bu","11:03:40",552400
8430,120,100,"bu","11:03:40",552300
8430,120,900,"bu","11:03:36",552200
8430,120,1100,"bu","11:03:36",551300
8420,110,200,"bu","11:03:34",550200
8430,120,600,"bu","11:03:21",550000
8420,110,1000,"sd","11:03:17",549400
8420,110,500,"bu","11:02:41",548400
8420,110,100,"bu","11:02:41",547900
8420,110,400,"bu","11:02:41",547800
8420,110,100,"bu","11:01:30",547400
8410,100,2700,"sd","11:01:25",547300
8410,100,100,"sd","11:00:38",544600
8410,100,500,"sd","10:59:55",544500
8420,110,200,"bu","10:59:48",544000
8420,110,200,"bu","10:59:16",543800
8420,110,300,"unknown","10:58:19",543600
8430,120,1200,"bu","10:57:33",543300
8430,120,100,"bu","10:57:26",542100
8430,120,2000,"bu","10:57:07",542000
8430,120,2000,"bu","10:57:07",540000
8420,110,800,"bu","10:56:26",538000
8420,110,200,"bu","10:55:45",537200
8410,100,1200,"sd","10:55:27",537000
8410,100,500,"sd","10:55:27",535800
8410,100,300,"sd","10:55:27",535300
8410,100,1000,"sd","10:53:52",535000
8410,100,900,"sd","10:53:06",534000
8410,100,1000,"sd","10:52:52",533100
8430,120,500,"bu","10:50:45",532100
8400,90,200,"sd","10:50:40",531600
8400,90,100,"sd","10:50:40",531400
8400,90,100,"sd","10:50:22",531300
8400,90,300,"sd","10:50:22",531200
8400,90,100,"bu","10:50:22",530900
8400,90,100,"bu","10:50:22",530800
8400,90,100,"bu","10:50:22",530700
8400,90,300,"bu","10:50:16",530600
8400,90,100,"bu","10:50:03",530300
8400,90,1000,"bu","10:49:39",530200
8390,80,100,"bu","10:49:10",529200
8390,80,700,"bu","10:49:10",529100
8390,80,300,"bu","10:48:35",528400
8380,70,200,"bu","10:48:35",528100
8380,70,500,"bu","10:47:43",527900
8380,70,100,"bu","10:47:38",527400
8380,70,200,"bu","10:47:14",527300
8370,60,1000,"bu","10:46:55",527100
8360,50,14900,"bu","10:45:04",526100
8360,50,5000,"bu","10:44:59",511200
8360,50,300,"bu","10:44:55",506200
8360,50,2000,"bu","10:44:42",505900
8360,50,200,"bu","10:44:24",503900
8360,50,400,"bu","10:44:19",503700
8360,50,200,"bu","10:44:09",503300
8360,50,5000,"bu","10:44:05",503100
8360,50,1000,"bu","10:43:57",498100
8360,50,3000,"bu","10:43:20",497100
8360,50,1000,"bu","10:43:08",494100
8360,50,300,"bu","10:42:32",493100
8360,50,2000,"bu","10:42:31",492800
8360,50,1600,"bu","10:41:49",490800
8360,50,1400,"bu","10:41:49",489200
8360,50,1000,"bu","10:41:40",487800
8350,40,1000,"sd","10:41:04",486800
8350,40,1000,"sd","10:40:39",485800
8350,40,1000,"sd","10:40:39",484800
8350,40,1000,"sd","10:40:39",483800
8360,50,800,"bu","10:40:15",482800
8350,40,500,"sd","10:39:58",482000
8350,40,500,"sd","10:39:58",481500
8360,50,100,"bu","10:39:52",481000
8350,40,1000,"sd","10:39:45",480900
8350,40,500,"sd","10:39:45",479900
8350,40,300,"sd","10:39:45",479400
8350,40,1000,"sd","10:39:45",479100
8350,40,2200,"sd","10:39:45",478100
8350,40,1200,"sd","10:39:42",475900
8350,40,4000,"sd","10:39:39",474700
8350,40,2600,"sd","10:39:36",470700
8350,40,4000,"sd","10:39:36",468100
8350,40,1000,"sd","10:39:33",464100
8360,50,500,"sd","10:39:22",463100
8360,50,1000,"sd","10:39:22",462600
8360,50,1200,"sd","10:39:22",461600
8360,50,1000,"sd","10:39:18",460400
8360,50,300,"bu","10:38:57",459400
8360,50,500,"sd","10:38:53",459100
8360,50,1000,"sd","10:38:53",458600
8360,50,4000,"sd","10:38:01",457600
8360,50,300,"sd","10:38:01",453600
8360,50,1000,"sd","10:38:01",453300
8360,50,100,"sd","10:38:01",452300
8370,60,1000,"bu","10:37:49",452200
8370,60,100,"bu","10:37:43",451200
8370,60,1100,"sd","10:37:39",451100
8380,70,3500,"sd","10:37:26",450000
8380,70,3000,"sd","10:37:26",446500
8380,70,100,"sd","10:37:26",443500
8380,70,200,"sd","10:37:26",443400
8390,80,4500,"sd","10:37:12",443200
8400,90,3100,"sd","10:36:02",438700
8410,100,600,"bu","10:36:01",435600
8400,90,900,"bu","10:35:50",435000
8400,90,1000,"bu","10:35:50",434100
8400,90,700,"bu","10:35:50",433100
8400,90,500,"bu","10:35:43",432400
8400,90,500,"bu","10:35:42",431900
8400,90,300,"bu","10:35:21",431400
8400,90,2700,"bu","10:35:21",431100
8390,80,500,"bu","10:33:48",428400
8390,80,100,"bu","10:33:29",427900
8390,80,100,"sd","10:33:17",427800
8390,80,1000,"sd","10:33:17",427700
8390,80,300,"sd","10:33:17",426700
8400,90,500,"bu","10:33:00",426400
8400,90,100,"sd","10:32:49",425900
8400,90,1600,"sd","10:32:49",425800
8400,90,1000,"sd","10:32:49",424200
8400,90,1000,"sd","10:32:49",423200
8400,90,1000,"sd","10:32:49",422200
8400,90,500,"sd","10:32:49",421200
8400,90,1000,"sd","10:32:49",420700
8400,90,600,"sd","10:32:49",419700
8400,90,400,"sd","10:32:43",419100
8400,90,1000,"sd","10:32:43",418700
8400,90,200,"sd","10:32:43",417700
8400,90,500,"sd","10:32:43",417500
8400,90,100,"sd","10:32:43",417000
8400,90,2000,"sd","10:32:43",416900
8400,90,800,"sd","10:32:43",414900
8400,90,1500,"sd","10:31:40",414100
8410,100,2000,"bu","10:30:10",412600
8410,100,200,"bu","10:30:01",410600
8400,90,700,"sd","10:29:55",410400
8400,90,300,"sd","10:29:55",409700
8400,90,200,"sd","10:29:26",409400
8400,90,3000,"sd","10:28:26",409200
8400,90,500,"sd","10:28:26",406200
8400,90,3000,"sd","10:28:26",405700
8400,90,2000,"sd","10:28:26",402700
8400,90,500,"sd","10:28:26",400700
8400,90,1000,"sd","10:28:26",400200
8410,100,100,"sd","10:27:53",399200
8410,100,1900,"sd","10:27:53",399100
8430,120,700,"sd","10:27:53",397200
8430,120,1300,"bu","10:27:46",396500
8410,100,3100,"sd","10:27:15",395200
8410,100,1000,"sd","10:27:15",392100
8410,100,200,"sd","10:27:15",391100
8410,100,1000,"sd","10:27:15",390900
8410,100,400,"sd","10:27:15",389900
8430,120,400,"sd","10:26:58",389500
8430,120,700,"sd","10:26:58",389100
8440,130,600,"sd","10:26:58",388400
8440,130,400,"bu","10:26:25",387800
8440,130,100,"bu","10:26:23",387400
8450,140,100,"bu","10:23:52",387300
8450,140,200,"bu","10:23:52",387200
8450,140,700,"bu","10:23:52",387000
8440,130,1000,"bu","10:23:52",386300
8440,130,200,"sd","10:23:51",385300
8440,130,100,"sd","10:23:51",385100
8440,130,1000,"sd","10:23:51",385000
8440,130,700,"sd","10:23:51",384000
8440,130,300,"sd","10:23:46",383300
8440,130,1000,"sd","10:23:46",383000
8440,130,3000,"sd","10:23:37",382000
8440,130,1000,"sd","10:22:55",379000
8440,130,200,"sd","10:22:29",378000
8440,130,200,"sd","10:22:08",377800
8450,140,100,"sd","10:20:52",377600
8450,140,1600,"sd","10:20:52",377500
8450,140,800,"sd","10:20:51",375900
8450,140,4200,"sd","10:20:48",375100
8450,140,6000,"sd","10:20:22",370900
8450,140,1000,"bu","10:20:03",364900
8450,140,100,"bu","10:20:03",363900
8450,140,3300,"bu","10:20:03",363800
8450,140,500,"bu","10:20:03",360500
8450,140,400,"bu","10:20:03",360000
8450,140,100,"bu","10:19:55",359600
8450,140,400,"bu","10:19:55",359500
8450,140,500,"bu","10:19:24",359100
8450,140,600,"bu","10:19:24",358600
8450,140,1500,"sd","10:18:18",358000
8450,140,200,"sd","10:18:18",356500
8450,140,500,"sd","10:18:18",356300
8450,140,1000,"sd","10:18:18",355800
8450,140,1000,"sd","10:18:18",354800
8450,140,2300,"sd","10:18:18",353800
8450,140,3600,"sd","10:18:18",351500
8450,140,500,"sd","10:18:18",347900
8450,140,200,"sd","10:18:18",347400
8450,140,600,"sd","10:18:18",347200
8450,140,3700,"sd","10:18:18",346600
8450,140,3500,"sd","10:18:18",342900
8450,140,100,"sd","10:18:18",339400
8450,140,900,"sd","10:18:18",339300
8450,140,3300,"sd","10:18:18",338400
8450,140,7300,"sd","10:17:21",335100
8450,140,2700,"sd","10:17:21",327800
8450,140,100,"sd","10:17:03",325100
8460,150,400,"bu","10:16:34",325000
8450,140,1000,"sd","10:15:48",324600
8460,150,1000,"bu","10:15:32",323600
8450,140,500,"sd","10:14:35",322600
8450,140,200,"sd","10:13:09",322100
8450,140,700,"sd","10:12:38",321900
8450,140,1000,"sd","10:12:38",321200
8450,140,3000,"sd","10:12:38",320200
8450,140,1000,"sd","10:12:38",317200
8450,140,100,"sd","10:12:38",316200
8450,140,700,"sd","10:12:38",316100
8450,140,500,"sd","10:12:03",315400
8450,140,500,"sd","10:11:02",314900
8460,150,1000,"sd","10:10:28",314400
8460,150,1500,"sd","10:10:28",313400
8460,150,8500,"sd","10:10:15",311900
8460,150,1000,"sd","10:08:46",303400
8460,150,200,"bu","10:08:31",302400
8460,150,200,"bu","10:08:31",302200
8460,150,1000,"bu","10:08:30",302000
8460,150,100,"bu","10:07:08",301000
8460,150,300,"bu","10:07:08",300900
8460,150,1000,"bu","10:07:08",300600
8460,150,200,"bu","10:07:08",299600
8450,140,700,"sd","10:06:30",299400
8460,150,100,"bu","10:04:16",298700
8450,140,4900,"sd","10:04:05",298600
8460,150,100,"sd","10:03:40",293700
8460,150,100,"sd","10:03:22",293600
8460,150,800,"bu","10:03:00",293500
8460,150,200,"sd","10:02:44",292700
8460,150,1000,"sd","10:02:40",292500
8460,150,1000,"sd","10:02:39",291500
8460,150,700,"bu","10:02:09",290500
8460,150,100,"bu","10:02:05",289800
8460,150,1000,"sd","10:01:57",289700
8460,150,1600,"sd","10:01:57",288700
8470,160,900,"bu","10:01:56",287100
8460,150,1800,"sd","10:01:42",286200
8460,150,100,"bu","10:01:34",284400
8460,150,3000,"bu","10:01:34",284300
8460,150,500,"bu","10:01:34",281300
8460,150,3000,"bu","10:01:34",280800
8450,140,1200,"bu","10:01:08",277800
8450,140,100,"sd","10:01:05",276600
8450,140,100,"sd","10:01:05",276500
8450,140,600,"sd","10:01:05",276400
8450,140,400,"bu","10:00:45",275800
8450,140,100,"sd","10:00:08",275400
8450,140,100,"sd","10:00:00",275300
8450,140,100,"sd","09:59:31",275200
8450,140,100,"sd","09:59:31",275100
8450,140,200,"sd","09:59:29",275000
8450,140,300,"sd","09:59:29",274800
8450,140,1000,"sd","09:58:05",274500
8450,140,1000,"sd","09:58:05",273500
8450,140,100,"bu","09:58:05",272500
8450,140,100,"bu","09:57:56",272400
8450,140,100,"bu","09:57:56",272300
8450,140,300,"bu","09:57:56",272200
8450,140,800,"bu","09:57:56",271900
8450,140,700,"bu","09:57:56",271100
8450,140,2000,"bu","09:57:50",270400
8450,140,5200,"bu","09:57:22",268400
8450,140,100,"bu","09:57:08",263200
8450,140,1000,"bu","09:57:08",263100
8450,140,100,"bu","09:57:08",262100
8450,140,200,"bu","09:57:08",262000
8450,140,2400,"bu","09:56:42",261800
8440,130,2000,"bu","09:56:28",259400
8440,130,100,"bu","09:56:28",257400
8430,120,2000,"bu","09:56:13",257300
8430,120,100,"bu","09:56:13",255300
8420,110,900,"sd","09:55:23",255200
8420,110,1000,"sd","09:55:23",254300
8420,110,100,"sd","09:55:23",253300
8420,110,100,"sd","09:55:23",253200
8420,110,7900,"sd","09:55:23",253100
8420,110,2100,"sd","09:55:04",245200
8420,110,400,"sd","09:55:04",243100
8420,110,100,"sd","09:55:04",242700
8420,110,1000,"sd","09:55:04",242600
8430,120,1100,"bu","09:54:40",241600
8430,120,300,"sd","09:54:35",240500
8430,120,200,"sd","09:54:15",240200
8430,120,100,"sd","09:54:15",240000
8430,120,400,"sd","09:54:15",239900
8430,120,200,"sd","09:54:15",239500
8430,120,100,"sd","09:54:15",239300
8430,120,200,"sd","09:53:51",239200
8430,120,100,"sd","09:53:31",239000
8440,130,4000,"bu","09:53:31",238900
8430,120,100,"sd","09:53:10",234900
8430,120,100,"sd","09:53:10",234800
8430,120,800,"sd","09:53:10",234700
8440,130,100,"sd","09:52:31",233900
8430,120,3200,"sd","09:52:18",233800
8430,120,200,"sd","09:52:18",230600
8430,120,1500,"sd","09:52:18",230400
8430,120,500,"sd","09:52:01",228900
8440,130,100,"bu","09:51:47",228400
8450,140,500,"bu","09:49:33",228300
8450,140,100,"bu","09:48:33",227800
8440,130,100,"bu","09:48:33",227700
8450,140,800,"bu","09:48:10",227600
8430,120,500,"sd","09:48:02",226800
8450,140,1000,"sd","09:47:32",226300
8450,140,100,"sd","09:47:32",225300
8450,140,1000,"sd","09:47:32",225200
8450,140,500,"sd","09:47:32",224200
8450,140,3700,"sd","09:47:32",223700
8470,160,600,"bu","09:47:24",220000
8470,160,2600,"bu","09:47:10",219400
8470,160,400,"bu","09:47:09",216800
8470,160,600,"bu","09:47:09",216400
8470,160,200,"bu","09:46:45",215800
8470,160,100,"bu","09:46:45",215600
8470,160,100,"bu","09:46:45",215500
8450,140,500,"sd","09:46:37",215400
8450,140,400,"sd","09:46:26",214900
8450,140,400,"sd","09:46:21",214500
8450,140,900,"sd","09:46:21",214100
8450,140,100,"sd","09:45:53",213200
8470,160,200,"sd","09:44:39",213100
8470,160,100,"sd","09:44:39",212900
8470,160,1000,"sd","09:44:39",212800
8470,160,2000,"sd","09:44:34",211800
8470,160,1000,"sd","09:44:05",209800
8480,170,200,"bu","09:43:42",208800
8480,170,100,"sd","09:43:36",208600
8480,170,200,"sd","09:43:36",208500
8480,170,200,"sd","09:43:30",208300
8480,170,800,"sd","09:43:30",208100
8490,180,100,"bu","09:43:23",207300
8480,170,200,"sd","09:43:14",207200
8480,170,1500,"sd","09:43:14",207000
8480,170,300,"sd","09:43:14",205500
8480,170,700,"sd","09:43:12",205200
8480,170,100,"sd","09:43:12",204500
8480,170,100,"sd","09:43:11",204400
8480,170,1000,"sd","09:43:07",204300
8480,170,100,"sd","09:42:55",203300
8490,180,3000,"bu","09:42:49",203200
8490,180,300,"bu","09:42:43",200200
8490,180,100,"bu","09:42:40",199900
8490,180,500,"bu","09:42:29",199800
8490,180,500,"bu","09:42:26",199300
8490,180,200,"bu","09:42:09",198800
8480,170,200,"sd","09:42:07",198600
8490,180,300,"bu","09:42:01",198400
8490,180,700,"bu","09:42:01",198100
8490,180,2300,"bu","09:41:52",197400
8490,180,500,"bu","09:41:47",195100
8490,180,100,"bu","09:41:34",194600
8490,180,300,"bu","09:41:34",194500
8490,180,200,"bu","09:41:27",194200
8490,180,2800,"bu","09:41:27",194000
8490,180,700,"bu","09:41:09",191200
8490,180,500,"bu","09:41:04",190500
8490,180,100,"bu","09:40:44",190000
8490,180,500,"bu","09:40:44",189900
8490,180,400,"bu","09:40:34",189400
8490,180,500,"bu","09:40:34",189000
8490,180,1100,"bu","09:40:34",188500
8490,180,2000,"bu","09:40:29",187400
8480,170,200,"sd","09:40:26",185400
8480,170,2000,"sd","09:40:24",185200
8490,180,100,"bu","09:40:22",183200
8490,180,1000,"bu","09:40:22",183100
8490,180,100,"bu","09:40:19",182100
8490,180,1200,"bu","09:40:13",182000
8490,180,200,"bu","09:40:10",180800
8490,180,1000,"bu","09:39:59",180600
8490,180,1400,"bu","09:39:55",179600
8490,180,1900,"bu","09:39:52",178200
8490,180,2000,"bu","09:39:52",176300
8490,180,4000,"bu","09:39:52",174300
8490,180,4000,"bu","09:39:52",170300
8490,180,100,"bu","09:39:52",166300
8480,170,2100,"bu","09:39:38",166200
8480,170,900,"bu","09:39:33",164100
8480,170,100,"bu","09:39:33",163200
8480,170,100,"bu","09:39:33",163100
8480,170,800,"bu","09:39:33",163000
8480,170,1000,"bu","09:39:10",162200
8480,170,1000,"bu","09:39:01",161200
8480,170,200,"bu","09:38:51",160200
8480,170,1200,"bu","09:38:51",160000
8480,170,300,"bu","09:38:45",158800
8470,160,500,"bu","09:38:31",158500
8470,160,2000,"bu","09:38:31",158000
8470,160,100,"bu","09:38:31",156000
8450,140,600,"bu","09:38:14",155900
8450,140,1000,"bu","09:38:14",155300
8450,140,500,"bu","09:38:14",154300
8450,140,1200,"bu","09:38:14",153800
8450,140,800,"bu","09:38:09",152600
8450,140,100,"bu","09:37:50",151800
8450,140,2000,"bu","09:37:46",151700
8440,130,200,"sd","09:37:42",149700
8450,140,5000,"bu","09:37:42",149500
8450,140,400,"bu","09:37:40",144500
8450,140,1000,"bu","09:37:36",144100
8450,140,100,"bu","09:37:36",143100
8450,140,2000,"bu","09:37:36",143000
8450,140,1000,"bu","09:37:36",141000
8450,140,100,"bu","09:37:36",140000
8450,140,1000,"bu","09:37:36",139900
8450,140,100,"bu","09:37:36",138900
8450,140,1000,"bu","09:37:36",138800
8450,140,10000,"bu","09:37:36",137800
8450,140,500,"bu","09:37:36",127800
8450,140,200,"bu","09:37:36",127300
8450,140,1000,"bu","09:37:15",127100
8430,120,4200,"sd","09:37:15",126100
8430,120,400,"sd","09:37:15",121900
8440,130,300,"sd","09:37:15",121500
8440,130,3000,"sd","09:37:15",121200
8440,130,2000,"sd","09:37:15",118200
8440,130,100,"sd","09:37:15",116200
8440,130,300,"sd","09:37:06",116100
8440,130,100,"sd","09:37:06",115800
8440,130,400,"sd","09:37:04",115700
8440,130,1600,"bu","09:36:52",115300
8440,130,300,"bu","09:36:52",113700
8430,120,500,"bu","09:36:27",113400
8420,110,600,"sd","09:36:26",112900
8430,120,1000,"bu","09:36:20",112300
8430,120,300,"bu","09:36:13",111300
8430,120,700,"bu","09:36:13",111000
8420,110,300,"sd","09:36:13",110300
8420,110,200,"sd","09:36:13",110000
8430,120,100,"bu","09:35:30",109800
8430,120,100,"bu","09:35:30",109700
8420,110,500,"bu","09:35:01",109600
8420,110,1500,"bu","09:34:56",109100
8420,110,500,"bu","09:34:56",107600
8410,100,100,"sd","09:34:48",107100
8420,110,4500,"bu","09:34:47",107000
8420,110,500,"bu","09:34:47",102500
8420,110,100,"bu","09:34:42",102000
8420,110,900,"bu","09:34:42",101900
8410,100,100,"sd","09:34:35",101000
8410,100,400,"sd","09:34:24",100900
8410,100,600,"sd","09:34:24",100500
8410,100,400,"sd","09:34:07",99900
8410,100,600,"sd","09:34:07",99500
8410,100,2000,"sd","09:34:05",98900
8420,110,500,"bu","09:34:02",96900
8400,90,1500,"sd","09:33:16",96400
8410,100,2000,"sd","09:33:16",94900
8420,110,100,"bu","09:32:45",92900
8410,100,300,"bu","09:32:19",92800
8400,90,200,"sd","09:32:09",92500
8400,90,1400,"sd","09:32:00",92300
8400,90,200,"sd","09:32:00",90900
8400,90,100,"sd","09:32:00",90700
8400,90,2300,"sd","09:32:00",90600
8400,90,300,"sd","09:31:22",88300
8400,90,5000,"sd","09:31:09",88000
8410,100,300,"bu","09:30:53",83000
8400,90,900,"sd","09:30:14",82700
8400,90,100,"sd","09:30:14",81800
8410,100,200,"bu","09:30:10",81700
8400,90,200,"sd","09:29:40",81500
8400,90,100,"sd","09:29:31",81300
8400,90,2000,"sd","09:29:21",81200
8400,90,3000,"bu","09:29:19",79200
8400,90,600,"bu","09:29:19",76200
8400,90,900,"sd","09:28:09",75600
8400,90,500,"sd","09:28:09",74700
8400,90,800,"sd","09:28:06",74200
8410,100,200,"sd","09:28:01",73400
8410,100,1000,"sd","09:27:32",73200
8420,110,500,"bu","09:26:53",72200
8420,110,400,"bu","09:26:53",71700
8420,110,600,"bu","09:26:45",71300
8420,110,400,"bu","09:26:45",70700
8420,110,600,"bu","09:26:27",70300
8420,110,1400,"bu","09:26:27",69700
8420,110,1000,"bu","09:26:04",68300
8410,100,200,"sd","09:26:02",67300
8420,110,300,"bu","09:25:54",67100
8420,110,500,"bu","09:25:40",66800
8420,110,500,"bu","09:25:40",66300
8410,100,1600,"bu","09:25:06",65800
8410,100,400,"bu","09:24:38",64200
8400,90,100,"sd","09:24:25",63800
8400,90,200,"sd","09:24:00",63700
8400,90,300,"bu","09:23:58",63500
8400,90,100,"bu","09:23:58",63200
8400,90,500,"bu","09:23:58",63100
8400,90,100,"bu","09:23:58",62600
8400,90,2000,"bu","09:23:58",62500
8400,90,2000,"bu","09:23:58",60500
8400,90,500,"bu","09:23:58",58500
8400,90,1000,"bu","09:23:58",58000
8400,90,1900,"bu","09:23:58",57000
8400,90,100,"bu","09:23:58",55100
8400,90,300,"bu","09:23:58",55000
8390,80,2000,"bu","09:23:58",54700
8390,80,500,"bu","09:23:58",52700
8390,80,200,"bu","09:23:58",52200
8380,70,2800,"bu","09:23:41",52000
8370,60,900,"sd","09:23:35",49200
8370,60,100,"sd","09:23:35",48300
8380,70,200,"bu","09:23:32",48200
8380,70,1000,"bu","09:23:32",48000
8380,70,800,"bu","09:23:32",47000
8380,70,600,"bu","09:23:09",46200
8370,60,900,"sd","09:22:57",45600
8370,60,2000,"sd","09:22:57",44700
8370,60,100,"sd","09:22:57",42700
8380,70,2600,"sd","09:22:20",42600
8380,70,100,"unknown","09:22:05",40000
8380,70,100,"bu","09:22:05",39900
8380,70,100,"bu","09:22:05",39800
8380,70,1000,"bu","09:22:05",39700
8380,70,2100,"bu","09:22:05",38700
8380,70,900,"bu","09:20:08",36600
8370,60,5100,"bu","09:20:08",35700
8370,60,100,"bu","09:20:02",30600
8370,60,700,"bu","09:20:01",30500
8370,60,100,"bu","09:20:01",29800
8370,60,400,"sd","09:19:35",29700
8370,60,2000,"sd","09:19:35",29300
8370,60,2600,"sd","09:19:35",27300
8370,60,5300,"sd","09:19:25",24700
8370,60,100,"sd","09:18:54",19400
8380,70,1000,"bu","09:18:37",19300
8380,70,1000,"bu","09:18:16",18300
8380,70,1000,"bu","09:18:09",17300
8380,70,100,"bu","09:18:09",16300
8380,70,100,"sd","09:17:57",16200
8380,70,600,"bu","09:17:56",16100
8380,70,3400,"bu","09:17:43",15500
8380,70,500,"bu","09:17:43",12100
8380,70,100,"bu","09:17:43",11600
8370,60,1000,"sd","09:17:35",11500
8370,60,1000,"sd","09:17:35",10500
8370,60,100,"bu","09:15:42",9500
8360,50,900,"bu","09:15:17",9400
8360,50,100,"bu","09:15:04",8500
8350,40,8400,"bu","09:15:00",8400
