"price","change","match_qtty","side","time","total_vol"
16200,-350,37500,"unknown","14:45:01",1856700
16200,-350,1000,"sd","14:29:52",1819200
16250,-300,100,"bu","14:29:36",1818200
16200,-350,100,"sd","14:29:36",1818100
16250,-300,3600,"bu","14:29:34",1818000
16250,-300,600,"bu","14:29:34",1814400
16250,-300,800,"bu","14:29:34",1813800
16200,-350,800,"sd","14:29:25",1813000
16200,-350,200,"sd","14:29:25",1812200
16250,-300,100,"bu","14:29:25",1812000
16250,-300,100,"bu","14:29:08",1811900
16200,-350,100,"sd","14:28:56",1811800
16200,-350,100,"sd","14:28:56",1811700
16200,-350,300,"sd","14:28:56",1811600
16250,-300,7000,"bu","14:28:41",1811300
16200,-350,500,"sd","14:28:40",1804300
16250,-300,100,"bu","14:28:35",1803800
16200,-350,200,"sd","14:28:33",1803700
16200,-350,2000,"sd","14:28:33",1803500
16200,-350,2800,"sd","14:28:33",1801500
16250,-300,1900,"bu","14:28:18",1798700
16250,-300,1500,"bu","14:28:18",1796800
16250,-300,500,"bu","14:28:18",1795300
16200,-350,4000,"sd","14:28:13",1794800
16200,-350,1200,"sd","14:28:09",1790800
16200,-350,500,"sd","14:28:09",1789600
16200,-350,1300,"sd","14:28:09",1789100
16250,-300,300,"bu","14:27:51",1787800
16250,-300,2200,"bu","14:27:48",1787500
16250,-300,1300,"bu","14:27:48",1785300
16250,-300,3100,"bu","14:27:48",1784000
16200,-350,1000,"sd","14:27:36",1780900
16250,-300,2000,"bu","14:27:34",1779900
16200,-350,900,"sd","14:27:25",1777900
16200,-350,100,"sd","14:27:25",1777000
16200,-350,300,"sd","14:27:25",1776900
16200,-350,100,"sd","14:27:25",1776600
16200,-350,200,"sd","14:27:25",1776500
16200,-350,500,"sd","14:27:25",1776300
16200,-350,2000,"sd","14:27:25",1775800
16200,-350,200,"sd","14:27:25",1773800
16200,-350,1000,"sd","14:27:25",1773600
16200,-350,100,"sd","14:27:25",1772600
16200,-350,100,"sd","14:27:25",1772500
16200,-350,12000,"sd","14:27:25",1772400
16200,-350,2500,"sd","14:27:25",1760400
16250,-300,4900,"bu","14:27:00",1757900
16250,-300,100,"bu","14:27:00",1753000
16250,-300,1000,"bu","14:26:47",1752900
16250,-300,100,"bu","14:26:44",1751900
16250,-300,500,"bu","14:26:34",1751800
16250,-300,1000,"bu","14:26:28",1751300
16250,-300,6000,"bu","14:26:25",1750300
16200,-350,300,"bu","14:25:21",1744300
16200,-350,500,"sd","14:25:21",1744000
16200,-350,300,"sd","14:25:19",1743500
16200,-350,100,"sd","14:25:19",1743200
16200,-350,400,"sd","14:25:00",1743100
16200,-350,100,"sd","14:25:00",1742700
16200,-350,1500,"sd","14:25:00",1742600
16200,-350,2000,"sd","14:24:55",1741100
16200,-350,1500,"bu","14:24:46",1739100
16200,-350,200,"sd","14:24:44",1737600
16200,-350,1000,"sd","14:24:44",1737400
16250,-300,100,"bu","14:24:33",1736400
16200,-350,200,"sd","14:24:32",1736300
16200,-350,500,"sd","14:24:32",1736100
16200,-350,100,"sd","14:24:32",1735600
16200,-350,1000,"sd","14:24:32",1735500
16200,-350,400,"sd","14:24:32",1734500
16200,-350,500,"sd","14:24:32",1734100
16200,-350,3300,"sd","14:24:32",1733600
16200,-350,500,"sd","14:24:30",1730300
16200,-350,5100,"sd","14:24:26",1729800
16200,-350,600,"sd","14:24:26",1724700
16200,-350,1000,"sd","14:24:26",1724100
16200,-350,500,"sd","14:24:26",1723100
16200,-350,200,"sd","14:24:26",1722600
16200,-350,500,"sd","14:24:26",1722400
16200,-350,100,"sd","14:24:26",1721900
16200,-350,100,"sd","14:24:26",1721800
16200,-350,500,"sd","14:24:26",1721700
16200,-350,100,"sd","14:24:26",1721200
16200,-350,100,"sd","14:24:26",1721100
16200,-350,1200,"sd","14:24:26",1721000
16250,-300,200,"bu","14:24:13",1719800
16200,-350,1000,"sd","14:23:09",1719600
16200,-350,1000,"sd","14:22:57",1718600
16200,-350,800,"sd","14:22:56",1717600
16200,-350,500,"sd","14:21:57",1716800
16200,-350,500,"sd","14:21:44",1716300
16200,-350,100,"sd","14:21:44",1715800
16200,-350,400,"sd","14:21:44",1715700
16200,-350,1000,"sd","14:21:38",1715300
16250,-300,1000,"bu","14:21:30",1714300
16200,-350,500,"bu","14:20:48",1713300
16200,-350,200,"bu","14:20:48",1712800
16200,-350,2900,"bu","14:20:48",1712600
16200,-350,3100,"bu","14:20:14",1709700
16200,-350,1900,"bu","14:20:14",1706600
16100,-450,16800,"sd","14:20:12",1704700
16100,-450,700,"sd","14:20:12",1687900
16100,-450,1000,"sd","14:20:12",1687200
16100,-450,400,"sd","14:20:12",1686200
16100,-450,400,"sd","14:20:12",1685800
16100,-450,300,"sd","14:20:12",1685400
16100,-450,1000,"sd","14:20:12",1685100
16100,-450,2000,"sd","14:20:12",1684100
16100,-450,500,"sd","14:20:12",1682100
16100,-450,100,"sd","14:20:12",1681600
16100,-450,200,"sd","14:20:12",1681500
16100,-450,100,"sd","14:20:12",1681300
16100,-450,5000,"sd","14:20:12",1681200
16100,-450,100,"sd","14:20:12",1676200
16100,-450,500,"sd","14:20:12",1676100
16100,-450,1400,"sd","14:20:12",1675600
16100,-450,100,"sd","14:20:12",1674200
16100,-450,200,"sd","14:20:12",1674100
16100,-450,500,"sd","14:20:12",1673900
16100,-450,200,"sd","14:20:12",1673400
16100,-450,100,"sd","14:20:12",1673200
16150,-400,500,"sd","14:20:12",1673100
16150,-400,500,"sd","14:20:12",1672600
16150,-400,29000,"sd","14:20:12",1672100
16150,-400,1000,"sd","14:20:12",1643100
16150,-400,10000,"sd","14:20:12",1642100
16150,-400,2000,"sd","14:20:12",1632100
16150,-400,500,"sd","14:20:12",1630100
16150,-400,1000,"sd","14:20:12",1629600
16150,-400,500,"sd","14:20:12",1628600
16150,-400,5000,"sd","14:20:12",1628100
16150,-400,100,"sd","14:20:12",1623100
16150,-400,100,"sd","14:20:12",1623000
16150,-400,1000,"sd","14:20:12",1622900
16150,-400,100,"sd","14:20:12",1621900
16150,-400,3000,"sd","14:20:12",1621800
16150,-400,600,"sd","14:20:12",1618800
16150,-400,2000,"sd","14:20:12",1618200
16150,-400,100,"sd","14:20:12",1616200
16150,-400,3000,"sd","14:20:12",1616100
16150,-400,200,"sd","14:20:12",1613100
16150,-400,3000,"sd","14:20:12",1612900
16150,-400,500,"sd","14:20:12",1609900
16150,-400,1000,"sd","14:20:12",1609400
16150,-400,100,"sd","14:20:12",1608400
16150,-400,3000,"sd","14:20:12",1608300
16150,-400,300,"sd","14:20:12",1605300
16150,-400,300,"sd","14:20:12",1605000
16200,-350,500,"bu","14:20:03",1604700
16200,-350,1000,"bu","14:19:44",1604200
16200,-350,200,"bu","14:19:32",1603200
16200,-350,600,"bu","14:19:21",1603000
16200,-350,100,"bu","14:19:21",1602400
16200,-350,300,"bu","14:19:18",1602300
16200,-350,100,"bu","14:19:18",1602000
16200,-350,100,"bu","14:19:15",1601900
16200,-350,100,"bu","14:19:12",1601800
16200,-350,400,"bu","14:19:12",1601700
16200,-350,100,"bu","14:19:01",1601300
16200,-350,5000,"bu","14:18:55",1601200
16200,-350,100,"bu","14:18:53",1596200
16200,-350,100,"bu","14:18:52",1596100
16200,-350,1000,"bu","14:18:51",1596000
16200,-350,200,"bu","14:18:49",1595000
16200,-350,500,"bu","14:18:48",1594800
16200,-350,1600,"bu","14:18:46",1594300
16200,-350,400,"bu","14:18:46",1592700
16200,-350,5400,"bu","14:18:34",1592300
16200,-350,4600,"bu","14:18:34",1586900
16150,-400,700,"sd","14:18:12",1582300
16200,-350,100,"bu","14:18:06",1581600
16200,-350,500,"bu","14:18:05",1581500
16200,-350,1700,"bu","14:18:03",1581000
16150,-400,2000,"sd","14:17:16",1579300
16150,-400,500,"sd","14:17:16",1577300
16100,-450,200,"sd","14:16:49",1576800
16100,-450,100,"sd","14:16:49",1576600
16100,-450,200,"sd","14:16:49",1576500
16100,-450,500,"sd","14:16:49",1576300
16100,-450,100,"sd","14:16:49",1575800
16100,-450,300,"sd","14:16:49",1575700
16100,-450,500,"sd","14:16:49",1575400
16100,-450,100,"sd","14:16:49",1574900
16200,-350,100,"bu","14:16:34",1574800
16200,-350,200,"bu","14:16:31",1574700
16200,-350,500,"sd","14:16:05",1574500
16200,-350,2100,"sd","14:16:05",1574000
16200,-350,200,"sd","14:16:05",1571900
16200,-350,10000,"bu","14:15:51",1571700
16200,-350,800,"bu","14:15:51",1561700
16200,-350,100,"bu","14:15:46",1560900
16200,-350,1000,"bu","14:15:41",1560800
16200,-350,300,"bu","14:15:33",1559800
16200,-350,900,"bu","14:15:27",1559500
16200,-350,100,"bu","14:15:19",1558600
16200,-350,1000,"bu","14:15:13",1558500
16200,-350,300,"bu","14:14:58",1557500
16200,-350,1000,"bu","14:14:55",1557200
16200,-350,1000,"bu","14:14:55",1556200
16200,-350,500,"bu","14:14:28",1555200
16000,-550,500,"sd","14:13:36",1554700
16000,-550,300,"sd","14:13:36",1554200
16000,-550,300,"sd","14:13:36",1553900
16000,-550,600,"sd","14:13:36",1553600
16000,-550,4000,"sd","14:13:36",1553000
16000,-550,100,"sd","14:13:36",1549000
16000,-550,100,"sd","14:13:36",1548900
16000,-550,200,"sd","14:13:36",1548800
16000,-550,100,"sd","14:13:36",1548600
16000,-550,300,"sd","14:13:36",1548500
16000,-550,500,"sd","14:13:36",1548200
16000,-550,6100,"sd","14:13:36",1547700
16000,-550,900,"sd","14:13:36",1541600
16000,-550,5100,"sd","14:13:36",1540700
16000,-550,1500,"sd","14:13:36",1535600
16000,-550,200,"sd","14:13:36",1534100
16000,-550,3200,"sd","14:13:36",1533900
16000,-550,100,"sd","14:13:36",1530700
16000,-550,800,"sd","14:13:36",1530600
16000,-550,100,"sd","14:13:36",1529800
16000,-550,1000,"sd","14:13:36",1529700
16000,-550,500,"sd","14:13:36",1528700
16000,-550,2000,"sd","14:13:36",1528200
16000,-550,3000,"sd","14:13:36",1526200
16000,-550,1000,"sd","14:13:36",1523200
16000,-550,5000,"sd","14:13:36",1522200
16000,-550,500,"sd","14:13:36",1517200
16000,-550,1000,"sd","14:13:36",1516700
16000,-550,1000,"sd","14:13:36",1515700
16000,-550,500,"sd","14:13:36",1514700
16000,-550,100,"sd","14:13:36",1514200
16000,-550,500,"sd","14:13:36",1514100
16000,-550,200,"sd","14:13:36",1513600
16000,-550,100,"sd","14:13:36",1513400
16000,-550,200,"sd","14:13:36",1513300
16000,-550,1000,"sd","14:13:36",1513100
16000,-550,2400,"sd","14:13:36",1512100
16000,-550,800,"sd","14:13:36",1509700
16000,-550,1000,"sd","14:13:36",1508900
16000,-550,1000,"sd","14:13:36",1507900
16000,-550,300,"sd","14:13:36",1506900
16000,-550,100,"sd","14:13:36",1506600
16000,-550,200,"sd","14:13:36",1506500
16000,-550,1000,"sd","14:13:36",1506300
16000,-550,1000,"sd","14:13:36",1505300
16000,-550,5000,"sd","14:13:36",1504300
16000,-550,100,"sd","14:13:36",1499300
16000,-550,1000,"sd","14:13:36",1498800
16000,-550,300,"sd","14:13:36",1499200
16000,-550,100,"sd","14:13:36",1498900
16050,-500,19800,"sd","14:13:36",1497800
16050,-500,500,"sd","14:13:36",1478000
16050,-500,100,"sd","14:13:36",1477500
16050,-500,1000,"sd","14:13:36",1477400
16050,-500,500,"sd","14:13:36",1476400
16050,-500,3100,"sd","14:13:36",1475900
16050,-500,200,"sd","14:13:36",1472800
16050,-500,800,"sd","14:13:36",1472600
16050,-500,800,"sd","14:13:36",1471800
16050,-500,500,"sd","14:13:36",1471000
16050,-500,600,"sd","14:13:36",1470500
16050,-500,1000,"sd","14:13:36",1469900
16100,-450,4200,"sd","14:13:36",1468900
16200,-350,3000,"bu","14:13:31",1464700
16100,-450,800,"bu","14:13:31",1461700
16100,-450,500,"bu","14:13:28",1460900
16100,-450,500,"bu","14:13:22",1460400
16100,-450,300,"bu","14:13:20",1459900
16100,-450,100,"bu","14:13:19",1459600
16100,-450,100,"sd","14:13:18",1459500
16100,-450,25000,"sd","14:13:18",1459400
16150,-400,500,"sd","14:13:18",1434400
16100,-450,200,"sd","14:13:18",1433900
16150,-400,100,"sd","14:13:18",1433700
16100,-450,600,"sd","14:13:18",1433600
16150,-400,1000,"sd","14:13:18",1433000
16100,-450,1000,"sd","14:13:18",1432000
16100,-450,500,"sd","14:13:18",1431000
16100,-450,300,"sd","14:13:18",1430500
16100,-450,1000,"sd","14:13:18",1430200
16100,-450,100,"sd","14:13:18",1429200
16100,-450,5000,"sd","14:13:18",1429100
16100,-450,2500,"sd","14:13:18",1424100
16100,-450,100,"sd","14:13:18",1421600
16100,-450,1600,"sd","14:13:18",1421500
16150,-400,200,"sd","14:13:18",1419900
16100,-450,1000,"sd","14:13:18",1419700
16100,-450,200,"sd","14:13:18",1418700
16150,-400,100,"sd","14:13:18",1418500
16100,-450,100,"sd","14:13:18",1418400
16150,-400,1500,"sd","14:13:18",1418300
16100,-450,800,"sd","14:13:18",1416800
16100,-450,500,"sd","14:13:18",1416000
16150,-400,200,"sd","14:13:18",1415500
16100,-450,2300,"sd","14:13:18",1415300
16100,-450,300,"sd","14:13:18",1413000
16100,-450,200,"sd","14:13:18",1412700
16100,-450,2000,"sd","14:13:18",1412500
16100,-450,600,"sd","14:13:18",1410500
16100,-450,100,"sd","14:13:18",1409900
16100,-450,1500,"sd","14:13:18",1409800
16100,-450,100,"sd","14:13:18",1408300
16100,-450,3000,"sd","14:13:18",1408200
16100,-450,1000,"sd","14:13:18",1405200
16100,-450,200,"sd","14:13:18",1404200
16100,-450,100,"sd","14:13:18",1404000
16100,-450,500,"sd","14:13:18",1403900
16100,-450,6000,"sd","14:13:18",1403400
16100,-450,2000,"sd","14:13:18",1397400
16100,-450,200,"sd","14:13:18",1395400
16100,-450,5100,"sd","14:13:18",1395200
16100,-450,300,"sd","14:13:18",1390100
16100,-450,700,"sd","14:13:18",1389800
16150,-400,500,"sd","14:13:18",1389100
16150,-400,200,"sd","14:13:18",1388600
16150,-400,1000,"sd","14:13:18",1388400
16150,-400,500,"sd","14:13:18",1387400
16150,-400,100,"sd","14:13:18",1386900
16150,-400,1000,"sd","14:13:18",1386800
16150,-400,200,"sd","14:13:18",1385800
16150,-400,2000,"sd","14:13:18",1385600
16150,-400,1000,"sd","14:13:18",1383600
16150,-400,2000,"sd","14:13:18",1382600
16150,-400,100,"sd","14:13:18",1380600
16150,-400,2000,"sd","14:13:18",1380500
16150,-400,600,"sd","14:13:18",1378500
16150,-400,100,"sd","14:13:18",1377900
16150,-400,100,"sd","14:13:18",1377800
16150,-400,100,"sd","14:13:18",1377700
16150,-400,1400,"sd","14:13:18",1377600
16150,-400,200,"sd","14:13:18",1376200
16150,-400,100,"sd","14:13:18",1376000
16150,-400,1000,"sd","14:13:18",1375900
16150,-400,700,"sd","14:13:18",1374900
16200,-350,500,"sd","14:13:18",1374200
16150,-400,1100,"sd","14:13:18",1373600
16200,-350,100,"sd","14:13:18",1373700
16200,-350,100,"sd","14:13:18",1372500
16200,-350,100,"sd","14:13:18",1372400
16200,-350,300,"sd","14:13:18",1372300
16200,-350,100,"sd","14:13:18",1372000
16200,-350,100,"sd","14:13:18",1371900
16200,-350,100,"sd","14:13:18",1371800
16200,-350,2000,"sd","14:12:58",1371700
16200,-350,900,"sd","14:12:58",1369700
16200,-350,100,"bu","14:12:53",1368800
16300,-250,400,"bu","14:12:38",1368700
16200,-350,500,"bu","14:12:38",1368300
16200,-350,100,"bu","14:12:36",1367800
16200,-350,2000,"bu","14:12:17",1367700
16200,-350,100,"bu","14:12:10",1365700
16200,-350,5000,"bu","14:12:07",1365600
16200,-350,1000,"bu","14:12:07",1360600
16200,-350,5000,"bu","14:12:07",1359600
16200,-350,2500,"bu","14:12:07",1354600
16200,-350,500,"bu","14:12:07",1352100
16200,-350,500,"bu","14:12:07",1351600
16200,-350,300,"bu","14:12:07",1351100
16200,-350,1500,"bu","14:12:07",1350800
16200,-350,700,"bu","14:12:07",1349300
16200,-350,1000,"bu","14:12:07",1348600
16200,-350,4000,"bu","14:12:07",1347600
16200,-350,1500,"bu","14:12:07",1343600
16200,-350,1000,"bu","14:12:07",1342100
16200,-350,200,"bu","14:12:07",1341100
16200,-350,500,"bu","14:12:07",1340900
16200,-350,400,"bu","14:12:07",1340400
16200,-350,100,"bu","14:12:07",1340000
16200,-350,100,"bu","14:12:07",1339900
16200,-350,400,"bu","14:12:07",1339800
16200,-350,1000,"bu","14:12:07",1339400
16200,-350,2000,"bu","14:12:07",1338400
16200,-350,100,"bu","14:12:07",1336400
16200,-350,200,"bu","14:12:07",1336300
16200,-350,200,"bu","14:12:07",1336100
16200,-350,4100,"bu","14:12:07",1335900
16200,-350,4300,"bu","14:12:07",1331800
16200,-350,5000,"bu","14:12:07",1327500
16200,-350,1000,"bu","14:12:07",1322500
16200,-350,1200,"sd","14:12:07",1321500
16200,-350,900,"sd","14:12:07",1320300
16200,-350,600,"sd","14:12:07",1319400
16200,-350,100,"sd","14:12:07",1318800
16200,-350,5000,"sd","14:12:07",1318700
16200,-350,100,"sd","14:12:07",1313700
16200,-350,1300,"sd","14:12:07",1313600
16200,-350,1100,"sd","14:12:07",1312300
16200,-350,500,"sd","14:12:07",1311200
16200,-350,300,"sd","14:12:07",1310700
16200,-350,300,"sd","14:12:07",1310400
16200,-350,500,"sd","14:12:07",1310100
16200,-350,100,"sd","14:12:07",1309600
16200,-350,500,"sd","14:12:07",1309500
16200,-350,1000,"sd","14:12:07",1309000
16200,-350,300,"sd","14:12:07",1308000
16200,-350,200,"sd","14:12:07",1307700
16200,-350,1000,"sd","14:12:07",1307500
16200,-350,1000,"sd","14:12:07",1306500
16200,-350,700,"sd","14:12:07",1305500
16200,-350,500,"sd","14:12:07",1304800
16200,-350,300,"sd","14:12:07",1304300
16200,-350,1000,"sd","14:12:07",1304000
16200,-350,1000,"sd","14:12:07",1303000
16200,-350,600,"sd","14:12:07",1302000
16200,-350,500,"sd","14:12:07",1301400
16200,-350,1000,"sd","14:12:07",1300900
16200,-350,400,"sd","14:12:07",1299900
16200,-350,500,"sd","14:12:07",1299500
16200,-350,5000,"sd","14:12:07",1299000
16200,-350,500,"sd","14:12:07",1294000
16200,-350,100,"sd","14:12:07",1293500
16200,-350,1500,"sd","14:12:07",1293400
16200,-350,100,"sd","14:12:07",1291900
16200,-350,100,"sd","14:12:07",1291800
16200,-350,1000,"sd","14:12:07",1291700
16200,-350,600,"sd","14:12:07",1290700
16200,-350,5100,"sd","14:12:07",1290100
16200,-350,3000,"sd","14:12:07",1285000
16200,-350,13000,"sd","14:12:07",1282000
16200,-350,100,"sd","14:12:07",1269000
16200,-350,2000,"sd","14:12:07",1268900
16200,-350,100,"sd","14:12:07",1266900
16200,-350,100,"sd","14:12:07",1266800
16200,-350,100,"sd","14:12:07",1266700
16200,-350,100,"sd","14:12:07",1266600
16200,-350,100,"sd","14:12:07",1266500
16250,-300,500,"sd","14:12:07",1266400
16200,-350,800,"sd","14:12:07",1265900
16200,-350,3100,"sd","14:12:07",1265100
16200,-350,400,"sd","14:12:07",1262000
16200,-350,500,"sd","14:12:07",1261600
16250,-300,500,"sd","14:12:07",1261100
16200,-350,500,"sd","14:12:07",1260600
16200,-350,300,"sd","14:12:07",1260100
16200,-350,100,"sd","14:12:07",1259800
16250,-300,3000,"sd","14:12:07",1259700
16250,-300,200,"sd","14:12:07",1256700
16200,-350,1700,"sd","14:12:07",1256500
16250,-300,1400,"sd","14:12:07",1254800
16200,-350,500,"sd","14:12:07",1253400
16200,-350,100,"sd","14:12:07",1252900
16250,-300,200,"sd","14:12:07",1252800
16200,-350,300,"sd","14:12:07",1252600
16250,-300,2000,"sd","14:12:07",1252300
16250,-300,3000,"sd","14:12:07",1250300
16250,-300,400,"sd","14:12:07",1247300
16250,-300,1000,"sd","14:12:07",1246900
16250,-300,100,"sd","14:12:07",1245900
16250,-300,300,"sd","14:12:07",1245800
16250,-300,1000,"sd","14:12:07",1245500
16250,-300,1000,"sd","14:12:07",1244500
16250,-300,100,"sd","14:12:07",1243500
16250,-300,4000,"sd","14:12:07",1243400
16250,-300,200,"sd","14:12:07",1239400
16250,-300,3800,"sd","14:12:07",1239200
16250,-300,5000,"sd","14:12:07",1235400
16250,-300,100,"sd","14:12:07",1230400
16250,-300,500,"sd","14:12:07",1230300
16250,-300,7000,"sd","14:12:07",1229800
16250,-300,500,"sd","14:12:07",1222800
16250,-300,1000,"sd","14:12:07",1222300
16250,-300,100,"sd","14:12:07",1221300
16250,-300,500,"sd","14:12:07",1221200
16250,-300,300,"sd","14:12:07",1220700
16250,-300,3000,"sd","14:12:07",1220400
16250,-300,200,"sd","14:12:07",1217400
16250,-300,2300,"sd","14:12:07",1217200
16250,-300,300,"sd","14:12:07",1214900
16250,-300,5000,"sd","14:12:07",1214600
16250,-300,300,"sd","14:12:07",1209600
16250,-300,200,"sd","14:12:07",1209300
16250,-300,200,"sd","14:12:07",1209100
16250,-300,600,"sd","14:12:07",1208900
16300,-250,100,"bu","14:11:46",1208300
16300,-250,1000,"bu","14:11:04",1208200
16300,-250,1000,"bu","14:10:22",1207200
16300,-250,100,"bu","14:10:12",1206200
16300,-250,100,"bu","14:10:07",1206100
16300,-250,200,"bu","14:09:46",1206000
16300,-250,500,"bu","14:09:46",1205800
16300,-250,300,"bu","14:09:46",1205300
16300,-250,1900,"bu","14:09:35",1205000
16300,-250,600,"bu","14:09:27",1203100
16300,-250,400,"bu","14:09:25",1202500
16300,-250,200,"bu","14:08:44",1202100
16300,-250,500,"bu","14:08:10",1201900
16300,-250,100,"bu","14:07:53",1201400
16300,-250,1000,"bu","14:07:08",1201300
16300,-250,100,"bu","14:07:08",1200300
16300,-250,300,"sd","14:07:00",1200200
16300,-250,500,"sd","14:07:00",1199900
16300,-250,100,"sd","14:07:00",1199400
16300,-250,500,"sd","14:06:53",1199300
16300,-250,600,"sd","14:06:53",1198800
16300,-250,2000,"sd","14:06:53",1198200
16300,-250,3000,"sd","14:06:07",1196200
16300,-250,700,"sd","14:06:07",1193200
16300,-250,300,"bu","14:05:42",1192500
16300,-250,1500,"sd","14:05:04",1192200
16300,-250,200,"sd","14:05:04",1190700
16300,-250,1000,"sd","14:05:04",1190500
16300,-250,10000,"sd","14:05:04",1189500
16300,-250,300,"sd","14:05:04",1179500
16300,-250,6700,"sd","14:05:04",1179200
16350,-200,100,"bu","14:04:24",1172500
16300,-250,300,"sd","14:03:28",1172400
16300,-250,1000,"sd","14:02:34",1172100
16350,-200,500,"bu","14:02:30",1171100
16350,-200,1900,"bu","14:01:32",1170600
16350,-200,5700,"bu","14:01:32",1168700
16300,-250,1000,"bu","14:00:17",1163000
16300,-250,1800,"bu","14:00:17",1162000
16300,-250,9200,"bu","14:00:17",1160200
16300,-250,200,"bu","13:59:45",1151000
16300,-250,100,"bu","13:59:28",1150800
16300,-250,100,"bu","13:59:24",1150700
16300,-250,400,"bu","13:59:15",1150600
16300,-250,600,"bu","13:59:15",1150200
16300,-250,200,"bu","13:59:08",1149600
16300,-250,1200,"bu","13:58:34",1149400
16300,-250,2000,"bu","13:58:34",1148200
16300,-250,400,"bu","13:58:34",1146200
16300,-250,10000,"bu","13:58:34",1145800
16300,-250,3600,"bu","13:58:34",1135800
16250,-300,200,"sd","13:56:57",1132200
16250,-300,100,"sd","13:56:23",1132000
16250,-300,1100,"sd","13:55:57",1131900
16250,-300,100,"sd","13:55:57",1130800
16250,-300,200,"sd","13:55:57",1130700
16250,-300,1000,"sd","13:55:57",1130500
16250,-300,5000,"sd","13:55:57",1129500
16250,-300,500,"sd","13:55:57",1124500
16250,-300,200,"sd","13:55:57",1124000
16250,-300,100,"sd","13:55:57",1123800
16250,-300,200,"sd","13:55:57",1123700
16250,-300,1000,"sd","13:55:57",1123500
16250,-300,9600,"sd","13:55:57",1122500
16250,-300,100,"sd","13:55:57",1112900
16250,-300,500,"sd","13:55:57",1112800
16250,-300,100,"sd","13:55:57",1112300
16250,-300,2000,"sd","13:55:57",1112200
16250,-300,200,"sd","13:55:57",1110200
16250,-300,200,"sd","13:55:57",1110000
16250,-300,100,"sd","13:55:57",1109800
16250,-300,300,"sd","13:55:57",1109700
16250,-300,300,"sd","13:55:57",1109400
16250,-300,100,"sd","13:55:57",1109100
16250,-300,500,"sd","13:55:57",1109000
16250,-300,100,"sd","13:55:57",1108500
16250,-300,800,"sd","13:55:57",1108400
16250,-300,700,"sd","13:55:57",1107600
16300,-250,900,"bu","13:55:55",1106900
16300,-250,100,"bu","13:55:46",1106000
16300,-250,400,"bu","13:55:39",1105900
16300,-250,600,"bu","13:55:39",1105500
16300,-250,4400,"bu","13:55:19",1104900
16300,-250,2700,"bu","13:55:19",1100500
16300,-250,300,"bu","13:55:01",1097800
16300,-250,2000,"bu","13:54:55",1097500
16250,-300,1800,"sd","13:54:51",1095500
16250,-300,100,"sd","13:54:51",1093700
16250,-300,100,"sd","13:54:51",1093600
16250,-300,200,"sd","13:54:51",1093500
16250,-300,2000,"sd","13:54:51",1093300
16250,-300,3000,"sd","13:54:51",1091300
16250,-300,2000,"sd","13:54:51",1088300
16250,-300,400,"sd","13:54:51",1086300
16250,-300,100,"sd","13:54:51",1085900
16250,-300,1000,"sd","13:54:51",1085800
16250,-300,100,"sd","13:54:51",1084800
16250,-300,1000,"sd","13:54:51",1084700
16250,-300,500,"sd","13:54:51",1083700
16250,-300,300,"sd","13:54:51",1083200
16250,-300,100,"sd","13:54:51",1082900
16250,-300,200,"sd","13:54:51",1082800
16250,-300,100,"sd","13:54:51",1082600
16300,-250,500,"bu","13:54:36",1082500
16250,-300,2000,"sd","13:54:20",1082000
16250,-300,500,"sd","13:54:20",1080000
16300,-250,400,"bu","13:54:18",1079500
16300,-250,1700,"bu","13:54:10",1079100
16300,-250,500,"bu","13:54:06",1077400
16300,-250,1700,"bu","13:54:05",1076900
16300,-250,400,"bu","13:53:59",1075200
16300,-250,100,"bu","13:53:58",1074800
16300,-250,100,"bu","13:53:56",1074700
16300,-250,200,"sd","13:53:38",1074600
16300,-250,100,"sd","13:53:38",1074400
16300,-250,2000,"sd","13:53:38",1074300
16300,-250,2000,"sd","13:53:38",1072300
16300,-250,300,"sd","13:53:38",1070300
16300,-250,100,"sd","13:53:23",1070000
16300,-250,100,"sd","13:53:23",1069900
16300,-250,100,"sd","13:53:23",1069800
16300,-250,9700,"sd","13:53:23",1069700
16300,-250,300,"sd","13:53:03",1060000
16300,-250,100,"sd","13:53:03",1059700
16300,-250,300,"sd","13:53:03",1059600
16300,-250,500,"sd","13:52:47",1059300
16300,-250,200,"sd","13:52:07",1058800
16300,-250,200,"sd","13:52:07",1058600
16300,-250,400,"sd","13:51:54",1058400
16300,-250,800,"sd","13:51:54",1058000
16300,-250,100,"sd","13:51:50",1057200
16300,-250,100,"sd","13:51:45",1057100
16300,-250,900,"sd","13:51:45",1057000
16300,-250,100,"sd","13:50:50",1056100
16300,-250,100,"sd","13:50:50",1056000
16300,-250,400,"sd","13:50:50",1055900
16350,-200,100,"bu","13:50:26",1055500
16300,-250,100,"sd","13:49:46",1055400
16300,-250,100,"sd","13:49:37",1055300
16300,-250,200,"sd","13:49:24",1055200
16300,-250,300,"sd","13:49:24",1055000
16300,-250,700,"sd","13:49:24",1054700
16300,-250,200,"sd","13:48:45",1054000
16300,-250,2100,"bu","13:48:27",1053800
16300,-250,500,"sd","13:48:14",1051700
16300,-250,200,"sd","13:48:14",1051200
16300,-250,2800,"sd","13:48:07",1051000
16300,-250,300,"sd","13:48:07",1048200
16300,-250,500,"sd","13:48:07",1047900
16300,-250,200,"sd","13:48:07",1047400
16300,-250,200,"sd","13:48:07",1047200
16300,-250,300,"sd","13:48:01",1047000
16300,-250,1000,"sd","13:48:01",1046700
16300,-250,200,"sd","13:48:01",1045700
16300,-250,1700,"sd","13:48:01",1045500
16300,-250,1000,"sd","13:48:00",1043800
16300,-250,300,"sd","13:47:46",1042800
16300,-250,1600,"sd","13:47:46",1042500
16300,-250,500,"sd","13:47:46",1040900
16300,-250,300,"sd","13:47:46",1040400
16300,-250,400,"sd","13:47:46",1040100
16300,-250,100,"sd","13:47:46",1039700
16300,-250,1000,"sd","13:47:46",1039600
16300,-250,100,"sd","13:47:46",1038600
16300,-250,3000,"sd","13:47:46",1038500
16300,-250,2700,"sd","13:47:46",1035500
16350,-200,2000,"bu","13:47:11",1032800
16350,-200,900,"bu","13:45:49",1030800
16300,-250,1000,"sd","13:45:10",1029900
16300,-250,300,"sd","13:44:51",1028900
16300,-250,1000,"sd","13:44:31",1028600
16300,-250,800,"sd","13:44:31",1027600
16300,-250,100,"sd","13:44:31",1026800
16300,-250,600,"sd","13:44:31",1026700
16300,-250,2500,"sd","13:44:31",1026100
16350,-200,1200,"bu","13:44:17",1023600
16350,-200,100,"bu","13:44:08",1022400
16400,-150,200,"bu","13:43:28",1022300
16400,-150,300,"bu","13:42:40",1022100
16400,-150,3500,"bu","13:41:44",1021800
16400,-150,100,"bu","13:41:44",1018300
16350,-200,10000,"bu","13:41:44",1018200
16350,-200,8000,"bu","13:41:44",1008200
16300,-250,3100,"bu","13:40:58",1000200
16300,-250,1700,"bu","13:40:58",997100
16300,-250,8300,"bu","13:40:48",995400
16300,-250,1700,"bu","13:40:48",987100
16300,-250,2000,"bu","13:40:15",985400
16250,-300,500,"sd","13:39:07",983400
16200,-350,400,"sd","13:39:04",982900
16200,-350,100,"sd","13:39:04",982500
16200,-350,1600,"sd","13:39:04",982400
16200,-350,200,"sd","13:39:04",980800
16200,-350,300,"sd","13:39:04",980600
16200,-350,200,"sd","13:39:04",980300
16200,-350,2000,"sd","13:39:04",980100
16200,-350,900,"sd","13:39:04",978100
16250,-300,100,"sd","13:39:03",977200
16250,-300,100,"sd","13:39:03",977100
16250,-300,3000,"sd","13:39:03",977000
16250,-300,100,"sd","13:39:03",974000
16250,-300,500,"sd","13:39:03",973900
16250,-300,100,"sd","13:39:03",973400
16250,-300,200,"sd","13:39:03",973300
16250,-300,200,"sd","13:39:03",973100
16250,-300,4800,"bu","13:38:36",972900
16250,-300,3000,"bu","13:38:36",968100
16250,-300,200,"bu","13:38:28",965100
16250,-300,2000,"bu","13:38:08",964900
16250,-300,5000,"bu","13:38:08",962900
16250,-300,1000,"bu","13:38:01",957900
16250,-300,1000,"bu","13:37:58",956900
16250,-300,200,"bu","13:37:53",955900
16250,-300,100,"bu","13:37:52",955700
16250,-300,500,"bu","13:37:49",955600
16250,-300,3000,"bu","13:37:48",955100
16250,-300,100,"bu","13:37:45",952100
16250,-300,500,"bu","13:37:30",952000
16250,-300,1000,"bu","13:37:19",951500
16250,-300,200,"bu","13:37:15",950500
16250,-300,200,"sd","13:37:13",950300
16250,-300,3000,"sd","13:37:13",950100
16250,-300,500,"sd","13:37:13",947100
16250,-300,100,"sd","13:37:13",946600
16250,-300,5000,"sd","13:37:13",946500
16250,-300,9000,"sd","13:37:13",941500
16250,-300,100,"sd","13:37:13",932500
16250,-300,5000,"sd","13:37:13",932400
16250,-300,300,"sd","13:37:13",927400
16250,-300,100,"sd","13:37:13",927100
16250,-300,300,"sd","13:37:13",927000
16250,-300,400,"sd","13:37:13",926700
16250,-300,100,"sd","13:37:13",926300
16250,-300,800,"sd","13:37:13",926200
16250,-300,100,"sd","13:37:13",925400
16250,-300,200,"sd","13:37:13",925300
16250,-300,100,"sd","13:37:13",925100
16250,-300,100,"sd","13:37:13",925000
16250,-300,600,"sd","13:37:13",924900
16250,-300,1000,"sd","13:37:13",924300
16250,-300,10000,"sd","13:37:13",923300
16250,-300,3000,"sd","13:37:13",913300
16250,-300,500,"sd","13:37:13",910300
16250,-300,1900,"sd","13:37:13",909800
16300,-250,2200,"sd","13:37:01",907900
16300,-250,1000,"sd","13:37:01",905700
16300,-250,2000,"sd","13:37:01",904700
16300,-250,400,"sd","13:37:01",902700
16300,-250,500,"sd","13:37:01",902300
16300,-250,200,"sd","13:37:01",901800
16300,-250,200,"bu","13:35:53",901600
16300,-250,1000,"bu","13:35:50",901400
16300,-250,100,"bu","13:35:47",900400
16300,-250,500,"bu","13:35:37",900300
16300,-250,300,"bu","13:35:31",899800
16300,-250,200,"bu","13:35:24",899500
16300,-250,300,"bu","13:35:13",899300
16300,-250,1000,"bu","13:35:06",899000
16300,-250,1000,"bu","13:35:06",898000
16250,-300,200,"sd","13:34:49",897000
16250,-300,300,"sd","13:34:49",896800
16250,-300,100,"sd","13:34:49",896500
16250,-300,3000,"sd","13:34:49",896400
16250,-300,1000,"sd","13:34:49",893400
16250,-300,300,"sd","13:34:49",892400
16250,-300,2000,"sd","13:34:49",892100
16250,-300,1300,"sd","13:34:49",890100
16250,-300,200,"sd","13:34:49",888800
16250,-300,1000,"sd","13:34:49",888600
16250,-300,100,"sd","13:34:49",887600
16250,-300,100,"sd","13:34:49",887500
16250,-300,100,"sd","13:34:49",887400
16250,-300,300,"sd","13:34:49",887300
16300,-250,300,"bu","13:34:46",887000
16300,-250,100,"bu","13:34:46",886700
16300,-250,1000,"bu","13:34:44",886600
16300,-250,200,"bu","13:34:44",885600
16300,-250,2000,"bu","13:34:38",885400
16300,-250,500,"bu","13:34:38",883400
16300,-250,3100,"bu","13:34:35",882900
16300,-250,200,"bu","13:34:33",879800
16300,-250,1000,"bu","13:34:31",879600
16300,-250,3000,"bu","13:34:29",878600
16300,-250,6500,"bu","13:34:29",875600
16300,-250,100,"bu","13:34:20",869100
16300,-250,200,"bu","13:34:19",869000
16300,-250,1000,"bu","13:34:17",868800
16300,-250,500,"bu","13:34:10",867800
16300,-250,1000,"bu","13:34:08",867300
16300,-250,700,"bu","13:33:34",866300
16300,-250,2500,"bu","13:33:34",865600
16250,-300,200,"sd","13:33:11",863100
16250,-300,700,"bu","13:32:57",862900
16250,-300,400,"bu","13:32:57",862200
16250,-300,300,"bu","13:32:53",861800
16250,-300,1000,"bu","13:32:47",861500
16200,-350,100,"sd","13:32:44",860500
16200,-350,100,"sd","13:32:44",860400
16200,-350,5000,"sd","13:32:44",860300
16200,-350,300,"sd","13:32:44",855300
16200,-350,200,"sd","13:32:44",855000
16200,-350,100,"sd","13:32:44",854800
16200,-350,5000,"sd","13:32:44",854700
16200,-350,200,"sd","13:32:44",849700
16200,-350,1000,"sd","13:32:44",849500
16200,-350,3100,"sd","13:32:44",848500
16200,-350,500,"sd","13:32:44",845400
16200,-350,900,"sd","13:32:44",844900
16200,-350,100,"sd","13:32:44",844000
16200,-350,1000,"sd","13:32:44",843900
16200,-350,100,"sd","13:32:44",842900
16200,-350,1000,"sd","13:32:44",842800
16200,-350,1000,"sd","13:32:44",841800
16200,-350,3000,"sd","13:32:44",840800
16200,-350,100,"sd","13:32:44",837800
16200,-350,500,"sd","13:32:44",837700
16200,-350,100,"sd","13:32:44",837200
16200,-350,500,"sd","13:32:44",837100
16200,-350,500,"sd","13:32:44",836600
16200,-350,500,"sd","13:32:44",836100
16200,-350,300,"sd","13:32:44",835600
16200,-350,200,"sd","13:32:44",835300
16200,-350,500,"sd","13:32:44",835100
16200,-350,500,"sd","13:32:44",834600
16200,-350,3600,"sd","13:32:44",834100
16250,-300,500,"bu","13:32:43",830500
16250,-300,3000,"bu","13:32:40",830000
16250,-300,1000,"bu","13:32:37",827000
16250,-300,100,"bu","13:32:36",826000
16250,-300,200,"bu","13:32:34",825900
16250,-300,1000,"bu","13:32:26",825700
16250,-300,100,"bu","13:32:12",824700
16250,-300,100,"bu","13:32:11",824600
16250,-300,11000,"sd","13:32:10",824500
16250,-300,500,"sd","13:32:10",813500
16250,-300,100,"sd","13:32:10",813000
16250,-300,3200,"sd","13:32:10",812900
16250,-300,100,"sd","13:32:10",809700
16250,-300,100,"sd","13:32:10",809600
16250,-300,3000,"sd","13:32:10",809500
16250,-300,100,"sd","13:32:10",806500
16250,-300,200,"sd","13:32:10",806400
16250,-300,7000,"sd","13:32:10",806200
16250,-300,1000,"sd","13:32:10",799200
16250,-300,5000,"sd","13:32:10",798200
16250,-300,500,"sd","13:32:10",793200
16250,-300,100,"sd","13:32:10",792700
16250,-300,200,"sd","13:32:10",792600
16250,-300,400,"sd","13:32:10",792400
16250,-300,100,"sd","13:32:10",792000
16250,-300,200,"sd","13:32:10",791900
16250,-300,200,"sd","13:32:10",791700
16300,-250,500,"sd","13:32:10",791500
16300,-250,100,"sd","13:32:10",791000
16300,-250,2400,"sd","13:32:10",790900
16300,-250,5000,"sd","13:32:10",788500
16300,-250,100,"sd","13:32:10",783500
16300,-250,200,"sd","13:32:10",783400
16300,-250,200,"sd","13:32:10",783200
16300,-250,100,"sd","13:32:10",783000
16350,-200,1200,"bu","13:32:06",782900
16350,-200,700,"bu","13:31:55",781700
16350,-200,100,"bu","13:31:29",781000
16250,-300,800,"sd","13:30:39",780900
16250,-300,200,"sd","13:30:39",780100
16250,-300,400,"sd","13:30:39",779900
16250,-300,200,"sd","13:30:39",779500
16250,-300,500,"sd","13:30:39",779300
16250,-300,200,"sd","13:30:39",778800
16250,-300,700,"sd","13:30:39",778600
16250,-300,300,"sd","13:30:34",777900
16250,-300,1600,"bu","13:30:14",777600
16200,-350,1500,"sd","13:30:08",776000
16200,-350,2000,"sd","13:30:08",774500
16200,-350,500,"sd","13:30:08",772500
16200,-350,500,"sd","13:29:54",772000
16250,-300,1000,"sd","13:29:53",771500
16250,-300,900,"sd","13:29:53",770500
16250,-300,1000,"sd","13:29:53",769600
16250,-300,100,"sd","13:29:53",768600
16250,-300,400,"sd","13:29:53",768500
16250,-300,500,"sd","13:29:53",768100
16250,-300,100,"sd","13:29:53",767600
16250,-300,500,"sd","13:29:53",767500
16250,-300,20000,"sd","13:29:53",767000
16250,-300,500,"sd","13:29:53",747000
16250,-300,700,"sd","13:29:53",746500
16250,-300,1000,"sd","13:29:53",745800
16300,-250,1000,"sd","13:29:53",744800
16250,-300,400,"sd","13:29:53",743800
16300,-250,3000,"sd","13:29:53",743400
16250,-300,25000,"sd","13:29:53",740400
16300,-250,3000,"sd","13:29:53",715400
16250,-300,500,"sd","13:29:53",712400
16300,-250,100,"sd","13:29:53",711900
16300,-250,500,"sd","13:29:53",711800
16250,-300,100,"sd","13:29:53",711300
16300,-250,500,"sd","13:29:53",711200
16250,-300,500,"sd","13:29:53",710700
16300,-250,1700,"sd","13:29:53",710200
16250,-300,1000,"sd","13:29:53",708500
16300,-250,100,"sd","13:29:53",707500
16300,-250,1000,"sd","13:29:53",707400
16300,-250,100,"sd","13:29:53",706400
16300,-250,100,"sd","13:29:53",706300
16300,-250,400,"sd","13:29:53",706200
16300,-250,600,"sd","13:29:53",705800
16300,-250,100,"sd","13:29:53",705200
16300,-250,500,"sd","13:29:53",705100
16300,-250,200,"sd","13:29:53",704600
16300,-250,500,"sd","13:29:53",704400
16300,-250,200,"sd","13:29:53",703900
16300,-250,200,"sd","13:29:53",703700
16300,-250,100,"sd","13:29:53",703500
16300,-250,100,"sd","13:29:53",703400
16300,-250,300,"sd","13:29:53",703300
16300,-250,600,"sd","13:29:53",703000
16300,-250,1500,"sd","13:29:53",702400
16300,-250,200,"sd","13:29:53",700900
16300,-250,100,"sd","13:29:53",700700
16300,-250,500,"sd","13:29:53",700600
16300,-250,2000,"sd","13:29:53",700100
16300,-250,200,"sd","13:29:53",698100
16300,-250,100,"sd","13:29:53",697900
16300,-250,200,"sd","13:29:53",697800
16300,-250,100,"sd","13:29:53",697600
16300,-250,400,"sd","13:29:53",697500
16300,-250,1000,"sd","13:29:53",697100
16300,-250,500,"sd","13:29:53",696100
16300,-250,1100,"sd","13:29:53",695600
16300,-250,1000,"sd","13:29:53",694500
16300,-250,1000,"sd","13:29:53",693500
16300,-250,2000,"sd","13:29:53",692500
16300,-250,200,"sd","13:29:53",690500
16300,-250,500,"sd","13:29:53",690300
16300,-250,1000,"sd","13:29:53",689800
16300,-250,500,"sd","13:29:53",688800
16300,-250,2000,"sd","13:29:53",688300
16350,-200,1000,"sd","13:29:53",686300
16300,-250,500,"sd","13:29:53",685300
16350,-200,500,"sd","13:29:53",684800
16300,-250,100,"sd","13:29:53",684300
16350,-200,1100,"sd","13:29:53",684200
16350,-200,500,"sd","13:29:53",683100
16350,-200,800,"sd","13:29:53",682600
16350,-200,600,"sd","13:29:53",681800
16350,-200,400,"sd","13:29:53",681200
16350,-200,500,"sd","13:29:53",680800
16350,-200,100,"sd","13:29:53",680300
16350,-200,7100,"sd","13:29:53",680200
16350,-200,2900,"sd","13:29:51",673100
16350,-200,1000,"sd","13:29:51",670200
16350,-200,1000,"sd","13:29:51",669200
16350,-200,100,"sd","13:29:51",668200
16350,-200,100,"bu","13:27:53",668100
16350,-200,300,"bu","13:27:53",668000
16350,-200,100,"bu","13:27:50",667700
16350,-200,1000,"bu","13:27:42",667600
16350,-200,200,"sd","13:27:41",666600
16350,-200,200,"sd","13:27:41",666400
16350,-200,3000,"sd","13:27:41",666200
16350,-200,200,"sd","13:27:41",663200
16350,-200,100,"sd","13:26:44",663000
16350,-200,200,"sd","13:26:44",662900
16350,-200,3000,"sd","13:26:44",662700
16350,-200,1000,"sd","13:26:44",659700
16350,-200,200,"sd","13:26:44",658700
16350,-200,500,"sd","13:26:44",658500
16350,-200,1000,"sd","13:25:48",658000
16350,-200,2000,"sd","13:25:44",657000
16350,-200,1700,"sd","13:25:44",655000
16350,-200,100,"sd","13:25:44",653300
16350,-200,600,"sd","13:25:44",653200
16350,-200,200,"sd","13:25:44",652600
16350,-200,100,"sd","13:25:44",652400
16350,-200,300,"sd","13:25:44",652300
16350,-200,500,"sd","13:24:45",652000
16350,-200,1000,"sd","13:24:45",651500
16350,-200,1000,"sd","13:24:45",650500
16350,-200,200,"sd","13:24:45",649500
16350,-200,1000,"sd","13:24:45",649300
16350,-200,500,"sd","13:24:45",648300
16350,-200,100,"sd","13:24:45",647800
16350,-200,500,"sd","13:24:45",647700
16350,-200,200,"sd","13:24:45",647200
16350,-200,2000,"sd","13:24:45",647000
16350,-200,500,"sd","13:24:45",645000
16350,-200,100,"sd","13:24:45",644500
16350,-200,100,"sd","13:24:45",644400
16350,-200,200,"sd","13:24:45",644300
16350,-200,500,"sd","13:24:45",644100
16350,-200,100,"sd","13:24:45",643600
16350,-200,1000,"sd","13:24:45",643500
16350,-200,100,"sd","13:24:45",642500
16350,-200,2100,"sd","13:24:45",642400
16350,-200,900,"sd","13:24:45",640300
16350,-200,500,"sd","13:24:45",639400
16350,-200,800,"sd","13:24:45",638900
16350,-200,200,"sd","13:24:45",638100
16350,-200,200,"sd","13:24:45",637900
16350,-200,1000,"sd","13:24:45",637700
16350,-200,100,"sd","13:24:45",636700
16350,-200,100,"sd","13:24:45",636600
16350,-200,100,"sd","13:24:45",636500
16350,-200,100,"sd","13:24:45",636400
16350,-200,200,"sd","13:24:45",636300
16350,-200,2000,"sd","13:24:45",636100
16350,-200,500,"sd","13:24:45",634100
16350,-200,100,"sd","13:24:45",633600
16350,-200,100,"sd","13:24:45",633500
16350,-200,400,"sd","13:24:45",633400
16350,-200,400,"sd","13:24:45",633000
16350,-200,500,"sd","13:24:45",632600
16350,-200,100,"sd","13:24:45",632100
16350,-200,100,"sd","13:24:45",632000
16350,-200,300,"sd","13:24:45",631900
16350,-200,1600,"sd","13:24:45",631600
16400,-150,100,"bu","13:22:42",630000
16400,-150,100,"bu","13:22:40",629900
16400,-150,500,"sd","13:22:04",629800
16400,-150,2000,"sd","13:22:04",629300
16400,-150,100,"sd","13:22:04",627300
16400,-150,100,"sd","13:22:04",627200
16400,-150,900,"sd","13:22:04",627100
16400,-150,200,"sd","13:22:04",626200
16400,-150,300,"sd","13:22:04",626000
16400,-150,400,"sd","13:22:04",625700
16400,-150,200,"sd","13:22:04",625300
16400,-150,1000,"sd","13:22:04",625100
16400,-150,1000,"sd","13:22:04",624100
16400,-150,600,"sd","13:21:33",623100
16400,-150,500,"sd","13:21:33",622500
16400,-150,300,"sd","13:21:33",622000
16400,-150,1100,"sd","13:21:33",621700
16400,-150,500,"sd","13:21:33",620600
16400,-150,1000,"sd","13:21:33",620100
16400,-150,100,"sd","13:21:33",619100
16400,-150,1000,"sd","13:21:33",619000
16400,-150,1000,"sd","13:21:33",618000
16400,-150,1000,"sd","13:21:33",617000
16400,-150,100,"sd","13:21:33",616000
16400,-150,700,"sd","13:21:33",615900
16400,-150,1000,"sd","13:21:33",615200
16400,-150,1100,"sd","13:21:33",614200
16400,-150,200,"sd","13:18:06",613100
16450,-100,1000,"bu","13:18:05",612900
16400,-150,4100,"sd","13:17:45",611900
16400,-150,4600,"bu","13:17:08",607800
16400,-150,300,"bu","13:17:07",603200
16400,-150,100,"bu","13:16:45",602900
16400,-150,1000,"bu","13:16:39",602800
16400,-150,300,"bu","13:16:21",601800
16400,-150,1600,"bu","13:16:12",601500
16400,-150,2000,"bu","13:16:09",599900
16400,-150,100,"sd","13:16:01",597900
16400,-150,9900,"sd","13:16:00",597800
16400,-150,100,"sd","13:16:00",587900
16400,-150,400,"sd","13:15:44",587800
16400,-150,900,"sd","13:15:44",587400
16400,-150,1400,"sd","13:15:44",586500
16400,-150,500,"sd","13:15:44",585100
16400,-150,300,"sd","13:15:44",584600
16400,-150,400,"sd","13:15:44",584300
16400,-150,400,"sd","13:15:44",583900
16400,-150,100,"sd","13:15:44",583500
16400,-150,300,"sd","13:15:44",583400
16400,-150,200,"sd","13:15:44",583100
16400,-150,1000,"sd","13:15:44",582900
16400,-150,100,"sd","13:13:38",581900
16400,-150,100,"sd","13:13:36",581800
16450,-100,1800,"bu","13:13:25",581700
16400,-150,100,"sd","13:12:38",579900
16450,-100,100,"sd","13:11:52",579800
16450,-100,100,"sd","13:11:52",579700
16500,-50,200,"bu","13:11:33",579600
16450,-100,2000,"sd","13:11:30",579400
16450,-100,2000,"sd","13:11:20",577400
16450,-100,700,"sd","13:11:12",575400
16450,-100,3000,"sd","13:10:58",574700
16450,-100,2200,"bu","13:10:38",571700
16450,-100,800,"bu","13:10:26",569500
16450,-100,200,"bu","13:10:26",568700
16400,-150,2700,"bu","13:08:20",568500
16400,-150,200,"bu","13:08:15",565800
16400,-150,100,"sd","13:08:06",565600
16400,-150,1000,"sd","13:08:06",565500
16400,-150,600,"sd","13:08:06",564500
16400,-150,300,"sd","13:08:06",563900
16400,-150,500,"sd","13:08:06",563600
16400,-150,300,"sd","13:08:06",563100
16400,-150,200,"sd","13:08:06",562800
16400,-150,1000,"sd","13:08:06",562600
16400,-150,100,"sd","13:08:06",561600
16400,-150,1000,"sd","13:08:06",561500
16450,-100,4000,"sd","13:08:06",560500
16450,-100,100,"sd","13:08:06",556500
16450,-100,100,"sd","13:07:46",556400
16450,-100,300,"sd","13:05:58",556300
16450,-100,400,"sd","13:05:58",556000
16450,-100,3000,"bu","13:04:37",555600
16450,-100,700,"bu","13:04:37",552600
16450,-100,1300,"bu","13:04:37",551900
16450,-100,1000,"bu","13:04:11",550600
16450,-100,500,"bu","13:03:22",549600
16450,-100,100,"bu","13:03:22",549100
16400,-150,400,"bu","13:03:22",549000
16400,-150,100,"sd","13:03:08",548600
16400,-150,500,"sd","13:03:08",548500
16400,-150,300,"bu","13:01:06",548000
16400,-150,500,"sd","13:00:34",547700
16400,-150,200,"sd","13:00:34",547200
16400,-150,200,"sd","13:00:32",547000
16400,-150,100,"bu","13:00:27",546800
16400,-150,200,"bu","13:00:20",546700
16400,-150,100,"bu","13:00:13",546500
16400,-150,400,"bu","13:00:06",546400
16400,-150,100,"bu","13:00:05",546000
16400,-150,100,"bu","13:00:02",545900
16350,-200,300,"sd","13:00:00",545800
16400,-150,500,"sd","11:29:54",545500
16350,-200,200,"sd","11:27:37",545000
16350,-200,500,"sd","11:27:37",544800
16350,-200,3100,"sd","11:27:37",544300
16350,-200,100,"sd","11:27:37",541200
16350,-200,400,"sd","11:27:37",541100
16350,-200,100,"sd","11:27:37",540700
16350,-200,1100,"sd","11:27:37",540600
16350,-200,2000,"sd","11:27:37",539500
16350,-200,500,"sd","11:27:37",537500
16350,-200,500,"sd","11:27:37",537000
16350,-200,1000,"sd","11:27:37",536500
16350,-200,300,"sd","11:27:37",535500
16350,-200,100,"sd","11:27:37",535200
16400,-150,1300,"sd","11:27:37",535100
16350,-200,2000,"sd","11:27:37",533800
16400,-150,1000,"sd","11:27:37",531800
16350,-200,8000,"sd","11:27:37",529300
16400,-150,1500,"sd","11:27:37",530800
16400,-150,2000,"sd","11:27:37",521300
16400,-150,600,"sd","11:27:37",519300
16400,-150,400,"sd","11:27:37",518700
16400,-150,3200,"sd","11:27:37",518300
16450,-100,100,"sd","11:27:37",515100
16400,-150,800,"sd","11:26:38",515000
16400,-150,1400,"bu","11:26:29",514200
16400,-150,1000,"bu","11:26:27",512800
16400,-150,2100,"bu","11:26:12",511800
16400,-150,100,"sd","11:26:11",509700
16400,-150,100,"sd","11:26:11",509600
16400,-150,200,"sd","11:26:11",509500
16400,-150,3000,"sd","11:26:11",509300
16400,-150,100,"sd","11:26:11",506300
16400,-150,2500,"sd","11:26:11",506200
16400,-150,500,"sd","11:26:11",503700
16400,-150,500,"sd","11:26:11",503200
16400,-150,2000,"sd","11:26:11",502700
16400,-150,200,"sd","11:26:11",500700
16400,-150,100,"sd","11:26:11",500500
16400,-150,500,"sd","11:26:11",500400
16400,-150,100,"sd","11:26:11",499900
16400,-150,1000,"sd","11:26:11",499800
16400,-150,100,"sd","11:26:11",498800
16400,-150,500,"sd","11:26:11",498700
16400,-150,500,"sd","11:26:11",498200
16400,-150,400,"sd","11:26:11",497700
16400,-150,300,"sd","11:26:11",497300
16400,-150,5000,"sd","11:26:11",497000
16400,-150,1000,"sd","11:26:10",492000
16400,-150,100,"sd","11:26:10",491000
16400,-150,500,"sd","11:26:10",490900
16400,-150,300,"sd","11:26:10",490400
16400,-150,200,"sd","11:26:10",490100
16400,-150,500,"sd","11:26:10",489900
16400,-150,1000,"sd","11:26:10",489400
16400,-150,900,"sd","11:26:10",488400
16400,-150,100,"sd","11:26:10",487500
16400,-150,6000,"sd","11:26:10",487400
16400,-150,200,"sd","11:26:10",481400
16400,-150,400,"sd","11:26:10",481200
16400,-150,1000,"sd","11:26:10",480800
16400,-150,300,"sd","11:26:10",479800
16400,-150,100,"sd","11:26:10",479500
16400,-150,100,"sd","11:26:10",479400
16400,-150,1000,"sd","11:26:10",479300
16400,-150,400,"sd","11:26:10",478300
16400,-150,1000,"sd","11:26:10",477900
16400,-150,6500,"sd","11:26:10",476900
16400,-150,1900,"sd","11:26:10",470400
16400,-150,100,"sd","11:26:10",468500
16400,-150,1000,"sd","11:26:10",468400
16450,-100,100,"sd","11:26:10",467400
16450,-100,1300,"sd","11:26:10",467300
16450,-100,1000,"sd","11:26:10",466000
16450,-100,1600,"sd","11:25:45",465000
16450,-100,3000,"sd","11:25:45",463400
16450,-100,200,"sd","11:25:45",460400
16450,-100,100,"sd","11:25:45",460200
16450,-100,100,"sd","11:25:45",460100
16450,-100,200,"sd","11:24:20",460000
16450,-100,1800,"sd","11:24:20",459800
16450,-100,500,"sd","11:24:20",458000
16450,-100,100,"sd","11:24:20",457500
16450,-100,100,"sd","11:24:20",457400
16450,-100,600,"sd","11:24:20",457300
16450,-100,100,"sd","11:24:20",456700
16450,-100,400,"sd","11:24:20",456600
16450,-100,1000,"sd","11:24:20",456200
16450,-100,200,"sd","11:24:20",455200
16500,-50,100,"bu","11:23:50",455000
16500,-50,200,"bu","11:23:43",454900
16500,-50,3700,"bu","11:20:56",454700
16550,0,200,"bu","11:20:15",451000
16550,0,500,"bu","11:18:24",450800
16500,-50,1000,"sd","11:18:07",450300
16450,-100,800,"sd","11:16:27",449300
16450,-100,1000,"sd","11:16:27",448500
16450,-100,2000,"sd","11:16:27",447500
16450,-100,1200,"sd","11:16:27",445500
16450,-100,3800,"sd","11:15:57",444300
16450,-100,1000,"sd","11:15:57",440500
16450,-100,200,"sd","11:15:57",439500
16450,-100,1800,"sd","11:15:28",439300
16450,-100,300,"sd","11:15:28",437500
16450,-100,200,"sd","11:15:28",437200
16450,-100,500,"sd","11:15:28",437000
16450,-100,500,"sd","11:15:11",436500
16450,-100,200,"sd","11:15:11",436000
16450,-100,2000,"sd","11:13:49",435800
16450,-100,2800,"sd","11:13:34",433800
16450,-100,100,"sd","11:13:34",431000
16450,-100,1000,"sd","11:13:34",430900
16450,-100,1000,"sd","11:13:34",429900
16450,-100,100,"sd","11:13:34",428900
16450,-100,1000,"sd","11:12:07",428800
16450,-100,100,"sd","11:12:07",427800
16450,-100,300,"sd","11:12:07",427700
16450,-100,500,"sd","11:12:07",427400
16450,-100,500,"sd","11:12:07",426900
16450,-100,100,"sd","11:12:07",426400
16450,-100,500,"sd","11:12:07",426300
16450,-100,100,"sd","11:12:07",425800
16450,-100,1100,"sd","11:12:07",425700
16450,-100,100,"sd","11:12:07",424600
16450,-100,4700,"sd","11:12:07",424500
16450,-100,300,"sd","11:11:08",419800
16450,-100,1000,"sd","11:11:08",419500
16450,-100,100,"sd","11:11:08",418500
16450,-100,600,"sd","11:11:08",418400
16450,-100,100,"sd","11:10:47",417800
16450,-100,1300,"sd","11:10:09",417700
16450,-100,100,"sd","11:10:08",416400
16450,-100,1000,"sd","11:10:08",416300
16450,-100,100,"sd","11:10:08",415300
16450,-100,200,"sd","11:06:58",415200
16500,-50,100,"sd","11:06:58",415000
16500,-50,100,"bu","11:06:37",414900
16450,-100,500,"sd","11:04:28",414800
16450,-100,200,"sd","11:04:28",414300
16450,-100,1000,"sd","11:04:28",414100
16450,-100,1000,"sd","11:04:28",413100
16450,-100,1000,"sd","11:04:28",412100
16450,-100,100,"sd","11:04:28",411100
16450,-100,1000,"sd","11:04:28",411000
16450,-100,1000,"sd","11:04:28",410000
16450,-100,100,"sd","11:04:28",409000
16450,-100,100,"sd","11:04:28",408900
16450,-100,500,"sd","11:04:28",408800
16450,-100,100,"sd","11:04:28",408300
16450,-100,200,"sd","11:04:28",408200
16450,-100,4000,"sd","11:04:28",408000
16450,-100,1000,"sd","11:04:28",404000
16450,-100,100,"sd","11:04:28",403000
16450,-100,100,"sd","11:04:28",402900
16450,-100,500,"sd","11:04:28",402800
16450,-100,5000,"sd","11:04:28",401000
16450,-100,1300,"sd","11:04:28",402300
16500,-50,300,"sd","11:04:28",396000
16500,-50,300,"sd","11:04:28",395700
16500,-50,100,"sd","11:04:28",395400
16500,-50,500,"sd","11:04:28",395300
16500,-50,200,"bu","11:01:52",394800
16500,-50,300,"bu","11:01:20",394600
16500,-50,200,"bu","11:01:12",394300
16500,-50,500,"bu","10:59:47",394100
16500,-50,300,"bu","10:59:46",393600
16500,-50,100,"sd","10:59:43",393300
16500,-50,300,"sd","10:59:43",393200
16500,-50,300,"sd","10:59:43",392900
16500,-50,200,"sd","10:59:43",392600
16500,-50,1000,"sd","10:59:43",392400
16500,-50,100,"sd","10:59:43",391400
16500,-50,100,"sd","10:59:43",391300
16500,-50,100,"sd","10:59:43",391200
16500,-50,1000,"sd","10:59:43",391100
16500,-50,2900,"sd","10:59:43",390100
16500,-50,200,"sd","10:56:40",387200
16500,-50,1900,"bu","10:51:49",387000
16500,-50,1000,"bu","10:51:22",385100
16500,-50,200,"bu","10:51:04",384100
16500,-50,100,"bu","10:50:34",383900
16500,-50,200,"sd","10:50:33",383800
16500,-50,500,"sd","10:50:33",383600
16500,-50,1300,"sd","10:50:33",383100
16500,-50,400,"sd","10:50:33",381800
16500,-50,900,"sd","10:50:33",381400
16500,-50,1100,"sd","10:50:33",380500
16500,-50,2000,"sd","10:50:33",379400
16500,-50,1500,"sd","10:50:33",377400
16500,-50,200,"sd","10:50:33",375900
16500,-50,2000,"sd","10:50:33",375700
16500,-50,300,"sd","10:50:33",373700
16500,-50,100,"sd","10:50:33",373400
16500,-50,1000,"sd","10:50:33",373300
16500,-50,300,"sd","10:50:33",372300
16500,-50,1000,"sd","10:50:33",372000
16500,-50,5000,"sd","10:50:33",371000
16500,-50,500,"sd","10:50:33",366000
16500,-50,2000,"sd","10:50:33",365500
16500,-50,2000,"sd","10:50:33",363500
16500,-50,100,"sd","10:50:33",361500
16500,-50,100,"sd","10:50:33",361400
16500,-50,500,"sd","10:50:33",361300
16500,-50,400,"sd","10:50:33",360800
16500,-50,200,"sd","10:50:33",360400
16500,-50,2000,"sd","10:50:33",360200
16500,-50,500,"sd","10:50:33",358200
16500,-50,500,"sd","10:50:33",357700
16500,-50,300,"sd","10:50:33",357200
16500,-50,1000,"sd","10:50:33",356900
16500,-50,1000,"sd","10:50:33",355900
16500,-50,3900,"sd","10:50:33",354900
16500,-50,500,"sd","10:50:33",351000
16500,-50,100,"sd","10:50:33",350500
16500,-50,300,"sd","10:50:33",350400
16500,-50,100,"sd","10:50:33",350100
16500,-50,1000,"sd","10:50:33",350000
16500,-50,100,"sd","10:50:33",349000
16500,-50,1300,"sd","10:50:33",348900
16500,-50,600,"sd","10:50:33",347600
16500,-50,400,"sd","10:49:49",347000
16500,-50,500,"sd","10:49:49",346600
16500,-50,1100,"sd","10:49:49",346100
16500,-50,200,"sd","10:49:31",345000
16550,0,1000,"bu","10:48:11",344800
16550,0,200,"bu","10:47:27",343800
16550,0,800,"bu","10:47:27",343600
16550,0,1000,"bu","10:46:39",342800
16550,0,2700,"sd","10:45:16",341800
16550,0,2700,"sd","10:45:03",339100
16550,0,1400,"sd","10:45:00",336400
16550,0,2000,"sd","10:45:00",335000
16550,0,100,"sd","10:45:00",333000
16550,0,100,"sd","10:45:00",332900
16550,0,500,"sd","10:45:00",332800
16550,0,200,"sd","10:45:00",332300
16550,0,700,"sd","10:45:00",332100
16550,0,300,"sd","10:43:12",331400
16550,0,500,"sd","10:43:12",331100
16550,0,200,"sd","10:43:12",330600
16550,0,300,"sd","10:39:07",330400
16550,0,100,"sd","10:39:07",330100
16550,0,100,"sd","10:39:07",330000
16600,50,2500,"bu","10:38:02",329900
16600,50,500,"bu","10:38:02",327400
16550,0,100,"bu","10:36:32",326900
16550,0,300,"sd","10:35:19",326800
16550,0,300,"sd","10:35:19",326500
16550,0,7700,"sd","10:34:50",326200
16550,0,2000,"sd","10:34:50",318500
16550,0,100,"sd","10:34:50",316500
16550,0,200,"sd","10:34:50",316400
16550,0,700,"sd","10:31:58",316200
16550,0,200,"sd","10:31:58",315500
16550,0,100,"sd","10:31:58",315300
16550,0,1000,"sd","10:31:58",315200
16550,0,3000,"sd","10:31:58",314200
16550,0,200,"sd","10:31:58",311200
16550,0,1000,"sd","10:31:58",311000
16550,0,800,"sd","10:31:58",310000
16550,0,200,"sd","10:29:51",309200
16550,0,200,"sd","10:28:04",309000
16550,0,100,"sd","10:28:04",308800
16550,0,400,"bu","10:26:45",308700
16550,0,200,"bu","10:25:51",308300
16550,0,100,"sd","10:25:09",308100
16550,0,500,"bu","10:25:03",308000
16550,0,200,"bu","10:25:02",307500
16550,0,300,"sd","10:24:53",307300
16550,0,500,"sd","10:24:27",307000
16550,0,200,"sd","10:23:46",306500
16550,0,20000,"sd","10:23:46",306300
16550,0,5900,"sd","10:23:46",286300
16550,0,300,"sd","10:23:46",280400
16550,0,800,"sd","10:23:46",280100
16550,0,900,"sd","10:23:46",279300
16550,0,200,"sd","10:23:46",278400
16550,0,500,"sd","10:23:46",278200
16550,0,400,"sd","10:23:46",277700
16550,0,800,"sd","10:23:46",277300
16600,50,200,"bu","10:20:35",276500
16600,50,500,"bu","10:20:35",276300
16600,50,600,"bu","10:20:35",275800
16600,50,400,"bu","10:19:40",275200
16600,50,600,"bu","10:19:40",274800
16550,0,200,"sd","10:19:34",274200
16600,50,200,"bu","10:18:16",274000
16600,50,800,"bu","10:17:14",273800
16600,50,100,"bu","10:16:26",273000
16550,0,1200,"sd","10:16:24",272900
16550,0,500,"sd","10:16:24",271700
16550,0,200,"sd","10:16:24",271200
16550,0,600,"sd","10:16:24",271000
16550,0,100,"sd","10:16:24",270400
16550,0,1400,"sd","10:16:24",270300
16600,50,1000,"bu","10:16:17",268900
16600,50,2300,"bu","10:15:21",267900
16550,0,600,"sd","10:12:54",265600
16550,0,200,"sd","10:12:54",265000
16550,0,100,"sd","10:12:54",264800
16550,0,100,"sd","10:12:54",264700
16550,0,3500,"sd","10:12:54",264600
16550,0,100,"sd","10:12:54",261100
16550,0,200,"sd","10:12:54",261000
16550,0,200,"sd","10:12:54",260800
16550,0,10000,"sd","10:12:54",260600
16550,0,100,"sd","10:12:54",250600
16550,0,400,"sd","10:12:54",250500
16550,0,100,"sd","10:12:54",250100
16550,0,10000,"sd","10:12:54",250000
16550,0,15000,"sd","10:12:54",240000
16550,0,100,"sd","10:12:54",225000
16550,0,100,"sd","10:12:54",224900
16550,0,3200,"sd","10:12:54",224800
16550,0,12000,"sd","10:12:54",221600
16550,0,300,"sd","10:12:54",209600
16550,0,100,"sd","10:12:54",209300
16550,0,2000,"sd","10:12:54",209200
16550,0,1500,"sd","10:12:54",207200
16550,0,100,"sd","10:12:54",205700
16550,0,100,"sd","10:12:05",205600
16550,0,100,"sd","10:12:05",205500
16550,0,800,"sd","10:12:05",205400
16600,50,400,"bu","10:11:54",204600
16600,50,100,"bu","10:11:53",204200
16600,50,500,"bu","10:11:31",204100
16600,50,100,"bu","10:11:14",203600
16600,50,200,"bu","10:10:36",203500
16600,50,1000,"sd","10:10:24",203300
16600,50,2700,"sd","10:10:24",202300
16600,50,300,"sd","10:10:11",199600
16600,50,1000,"sd","10:10:11",199300
16600,50,1000,"sd","10:10:11",198300
16600,50,1000,"sd","10:10:11",197300
16600,50,1700,"sd","10:10:11",196300
16650,100,1100,"bu","10:10:06",194600
16650,100,1000,"bu","10:07:42",193500
16650,100,2000,"bu","10:07:35",192500
16600,50,100,"sd","10:07:01",190500
16600,50,200,"sd","10:04:48",190400
16600,50,600,"sd","10:04:48",190200
16600,50,500,"sd","10:04:48",189600
16600,50,700,"sd","10:04:48",189100
16650,100,300,"bu","10:04:45",188400
16650,100,1000,"sd","10:04:44",188100
16650,100,2900,"sd","10:04:44",187100
16650,100,2000,"bu","10:04:35",184200
16650,100,1100,"bu","10:04:35",182200
16650,100,100,"bu","10:04:32",181100
16600,50,2400,"sd","10:04:27",181000
16600,50,300,"sd","10:04:27",178600
16600,50,200,"sd","10:04:27",178300
16600,50,300,"sd","10:04:27",178100
16600,50,800,"sd","10:04:27",177800
16600,50,500,"sd","10:04:27",177000
16600,50,500,"sd","10:04:27",176500
16600,50,100,"sd","10:04:27",176000
16600,50,1900,"sd","10:04:27",175900
16600,50,400,"sd","10:04:27",174000
16600,50,500,"sd","10:04:27",173600
16600,50,2000,"sd","10:04:27",173100
16600,50,1000,"sd","10:04:27",171100
16600,50,10000,"sd","10:04:27",170100
16600,50,100,"sd","10:04:27",160100
16600,50,500,"sd","10:04:27",160000
16600,50,100,"sd","10:04:27",159500
16600,50,600,"sd","10:04:27",159400
16600,50,2000,"sd","10:04:27",158800
16600,50,1000,"sd","10:04:27",156800
16600,50,2000,"sd","10:04:27",155800
16600,50,200,"sd","10:04:27",153800
16600,50,500,"sd","10:04:27",153600
16600,50,1000,"sd","10:04:27",153100
16600,50,1100,"sd","10:04:27",152100
16650,100,3000,"bu","10:04:22",151000
16650,100,4900,"bu","10:04:13",148000
16650,100,500,"sd","10:03:33",143100
16650,100,400,"sd","10:03:33",142600
16650,100,600,"sd","10:03:28",142200
16650,100,400,"sd","10:03:28",141600
16650,100,2000,"sd","10:03:28",141200
16650,100,2000,"sd","10:03:28",139200
16650,100,1000,"sd","10:03:23",137200
16650,100,2000,"sd","10:02:51",136200
16650,100,100,"sd","10:02:43",134200
16650,100,500,"sd","10:01:41",134100
16650,100,1000,"sd","10:01:41",133600
16650,100,400,"sd","10:01:41",132600
16650,100,800,"sd","10:01:41",132200
16650,100,500,"sd","10:01:41",131400
16650,100,700,"sd","10:01:41",130900
16650,100,100,"sd","10:01:41",130200
16650,100,1000,"sd","10:01:41",130100
16700,150,4100,"bu","10:00:22",129100
16700,150,3000,"bu","10:00:22",125000
16700,150,100,"bu","10:00:22",122000
16700,150,1500,"bu","10:00:22",121900
16700,150,2000,"bu","10:00:22",120400
16700,150,1300,"bu","10:00:22",118400
16700,150,400,"bu","10:00:06",117100
16700,150,1200,"bu","10:00:06",116700
16700,150,900,"bu","10:00:01",115500
16700,150,100,"bu","10:00:01",114600
16700,150,200,"bu","09:59:24",114500
16650,100,700,"bu","09:59:11",114300
16650,100,100,"bu","09:59:09",113600
16650,100,5000,"bu","09:58:55",113500
16650,100,100,"bu","09:58:40",108500
16650,100,300,"bu","09:58:32",108400
16650,100,2000,"bu","09:58:14",108100
16650,100,200,"bu","09:58:12",106100
16650,100,400,"bu","09:57:57",105900
16650,100,100,"bu","09:57:54",105500
16650,100,200,"bu","09:57:54",105400
16650,100,600,"bu","09:57:48",105200
16650,100,300,"unknown","09:57:48",104600
16650,100,700,"sd","09:57:27",104300
16650,100,100,"sd","09:57:27",103600
16650,100,1000,"sd","09:57:27",103500
16650,100,500,"sd","09:57:27",102500
16650,100,100,"sd","09:57:27",102000
16650,100,100,"sd","09:57:27",101900
16650,100,7500,"sd","09:57:27",101800
16700,150,700,"bu","09:57:00",94300
16700,150,100,"bu","09:57:00",93600
16700,150,100,"bu","09:56:47",93500
16700,150,100,"bu","09:56:47",93400
16650,100,1000,"bu","09:56:21",93300
16650,100,1000,"bu","09:56:21",92300
16650,100,200,"bu","09:56:21",91300
16650,100,300,"bu","09:56:21",91100
16650,100,2000,"bu","09:56:13",90800
16650,100,500,"bu","09:56:11",88800
16650,100,200,"bu","09:56:07",88300
16650,100,5000,"bu","09:56:07",88100
16650,100,2000,"bu","09:55:56",83100
16600,50,200,"sd","09:55:53",81100
16600,50,400,"sd","09:55:27",80900
16600,50,10000,"sd","09:54:35",80500
16600,50,700,"sd","09:54:35",70500
16600,50,300,"bu","09:54:35",69800
16600,50,3300,"bu","09:54:35",69500
16600,50,100,"bu","09:54:21",66200
16600,50,100,"bu","09:53:54",66100
16600,50,1500,"bu","09:53:09",66000
16550,0,600,"sd","09:52:42",64500
16550,0,100,"sd","09:52:42",63900
16550,0,1000,"sd","09:52:41",63800
16550,0,1300,"sd","09:52:41",62800
16550,0,200,"sd","09:51:21",61500
16550,0,1000,"sd","09:50:52",61300
16600,50,100,"bu","09:50:02",60300
16600,50,2300,"bu","09:49:01",60200
16600,50,600,"bu","09:48:29",57900
16600,50,3000,"bu","09:47:50",57300
16600,50,200,"bu","09:47:23",54300
16600,50,2700,"bu","09:47:20",54100
16600,50,2400,"bu","09:45:53",51400
16600,50,1000,"bu","09:45:53",49000
16600,50,1600,"bu","09:45:53",48000
16550,0,1000,"sd","09:43:59",46400
16600,50,200,"bu","09:42:22",45400
16600,50,1100,"bu","09:41:57",45200
16600,50,400,"bu","09:41:57",44100
16600,50,100,"bu","09:41:57",43700
16600,50,200,"bu","09:41:57",43600
16600,50,200,"bu","09:41:57",43400
16550,0,5000,"sd","09:41:49",43200
16550,0,1500,"sd","09:41:14",38200
16550,0,100,"sd","09:41:14",36700
16550,0,600,"sd","09:41:14",36600
16550,0,2000,"sd","09:41:14",36000
16550,0,500,"sd","09:41:14",34000
16550,0,300,"sd","09:41:14",33500
16550,0,200,"sd","09:41:06",33200
16550,0,600,"sd","09:37:20",33000
16550,0,300,"sd","09:35:37",32400
16550,0,1000,"sd","09:32:53",32100
16550,0,400,"bu","09:29:02",31100
16550,0,600,"bu","09:27:38",30700
16550,0,100,"bu","09:27:38",30100
16500,-50,700,"bu","09:27:15",30000
16500,-50,100,"bu","09:25:22",29300
16500,-50,100,"sd","09:24:52",29200
16500,-50,200,"sd","09:24:52",29100
16500,-50,500,"sd","09:24:52",28900
16500,-50,1000,"sd","09:24:52",28400
16500,-50,400,"sd","09:24:52",27400
16500,-50,600,"sd","09:24:50",27000
16500,-50,1000,"sd","09:24:50",26400
16500,-50,100,"sd","09:24:50",25400
16500,-50,500,"sd","09:24:50",25300
16500,-50,100,"sd","09:24:50",24800
16500,-50,2000,"sd","09:24:50",24700
16500,-50,600,"sd","09:24:50",22700
16500,-50,100,"sd","09:24:50",22100
16500,-50,100,"sd","09:22:44",22000
16500,-50,100,"sd","09:22:44",21900
16550,0,300,"bu","09:22:28",21800
16550,0,1000,"sd","09:20:59",21500
16550,0,100,"sd","09:20:59",20500
16550,0,600,"sd","09:20:59",20400
16550,0,300,"sd","09:20:59",19800
16550,0,300,"sd","09:17:59",19500
16550,0,500,"sd","09:17:59",19200
16550,0,4400,"sd","09:17:59",18700
16550,0,900,"sd","09:17:59",14300
16550,0,100,"sd","09:17:59",13400
16550,0,100,"sd","09:17:59",13300
16550,0,700,"sd","09:17:59",13200
16600,50,100,"bu","09:17:45",12500
16600,50,300,"sd","09:17:41",12400
16600,50,400,"sd","09:17:41",12100
16600,50,100,"sd","09:17:15",11700
16600,50,1000,"sd","09:17:15",11600
16600,50,100,"sd","09:17:15",10600
16600,50,300,"sd","09:17:15",10500
16600,50,2000,"sd","09:15:53",10200
16600,50,5000,"sd","09:15:53",8200
16600,50,700,"sd","09:15:53",3200
16600,50,100,"sd","09:15:53",2500
16600,50,100,"sd","09:15:53",2400
16600,50,100,"sd","09:15:53",2300
16600,50,2000,"sd","09:15:53",2200
16650,100,200,"unknown","09:15:00",200
