"price","change","match_qtty","side","time","total_vol"
26550,200,22800,"sd","14:45:01",1138700
26600,250,200,"bu","14:29:33",1115900
26600,250,500,"bu","14:29:33",1115700
26550,200,1800,"sd","14:28:41",1115200
26550,200,500,"sd","14:28:41",1113400
26550,200,1000,"sd","14:28:41",1112900
26600,250,100,"bu","14:28:26",1111900
26600,250,400,"bu","14:28:18",1111800
26600,250,1800,"sd","14:28:09",1111400
26600,250,100,"sd","14:28:08",1109600
26600,250,5300,"sd","14:28:08",1109500
26650,300,500,"bu","14:27:15",1104200
26650,300,500,"bu","14:27:08",1103700
26650,300,1400,"bu","14:27:08",1103200
26650,300,600,"bu","14:27:08",1101800
26650,300,100,"bu","14:27:08",1101200
26650,300,200,"bu","14:27:08",1101100
26650,300,1000,"bu","14:26:45",1100900
26650,300,100,"bu","14:26:41",1099900
26650,300,200,"bu","14:26:14",1099800
26650,300,100,"bu","14:26:10",1099600
26650,300,500,"bu","14:25:38",1099500
26650,300,300,"bu","14:25:29",1099000
26650,300,200,"bu","14:25:04",1098700
26650,300,600,"bu","14:25:04",1098500
26650,300,1000,"bu","14:24:43",1097900
26650,300,2000,"bu","14:24:41",1096900
26600,250,1500,"sd","14:24:28",1094900
26650,300,500,"bu","14:23:46",1093400
26600,250,200,"sd","14:23:38",1092900
26650,300,900,"bu","14:23:31",1092700
26650,300,300,"bu","14:23:31",1091800
26600,250,300,"bu","14:22:21",1091500
26600,250,1000,"bu","14:22:21",1091200
26600,250,4600,"bu","14:22:21",1090200
26600,250,400,"bu","14:22:06",1085600
26600,250,500,"bu","14:22:06",1085200
26600,250,100,"bu","14:22:06",1084700
26550,200,800,"sd","14:18:13",1084600
26550,200,7000,"sd","14:18:13",1083800
26600,250,100,"bu","14:17:19",1076800
26550,200,400,"sd","14:16:38",1076700
26550,200,100,"sd","14:15:28",1076300
26550,200,500,"sd","14:15:00",1076200
26550,200,300,"sd","14:14:26",1075700
26600,250,500,"bu","14:14:25",1075400
26600,250,100,"bu","14:13:36",1074900
26600,250,200,"bu","14:12:26",1074800
26600,250,4500,"bu","14:12:26",1074600
26600,250,500,"bu","14:12:26",1070100
26600,250,500,"bu","14:12:26",1069600
26600,250,1500,"bu","14:12:26",1069100
26600,250,200,"bu","14:12:26",1067600
26600,250,200,"bu","14:12:26",1067400
26600,250,300,"bu","14:12:26",1067200
26600,250,200,"bu","14:11:33",1066900
26600,250,500,"bu","14:11:33",1066700
26600,250,100,"bu","14:11:33",1066200
26600,250,600,"bu","14:11:33",1066100
26600,250,600,"bu","14:11:33",1065500
26600,250,200,"bu","14:10:43",1064900
26600,250,200,"bu","14:08:42",1064700
26600,250,100,"bu","14:08:42",1064500
26600,250,1000,"bu","14:07:20",1064400
26600,250,100,"bu","14:07:09",1063400
26600,250,800,"sd","14:06:03",1063300
26600,250,300,"sd","14:05:59",1062500
26600,250,7700,"sd","14:05:34",1062200
26600,250,100,"sd","14:05:24",1054500
26600,250,1000,"sd","14:05:22",1054400
26600,250,1000,"sd","14:05:11",1053400
26600,250,300,"bu","14:04:28",1052400
26600,250,1500,"bu","14:04:28",1052100
26600,250,200,"bu","14:04:28",1050600
26600,250,1100,"bu","14:04:28",1050400
26600,250,1000,"bu","14:04:28",1049300
26600,250,700,"bu","14:02:25",1048300
26600,250,300,"bu","14:02:25",1047600
26550,200,600,"bu","14:01:29",1047300
26550,200,100,"bu","14:01:29",1046700
26550,200,1000,"bu","14:01:25",1046600
26500,150,1000,"sd","14:00:59",1045600
26500,150,200,"sd","14:00:57",1044600
26500,150,400,"sd","14:00:39",1044400
26500,150,600,"sd","14:00:39",1044000
26500,150,100,"sd","14:00:38",1043400
26500,150,100,"sd","14:00:11",1043300
26550,200,100,"bu","14:00:07",1043200
26550,200,200,"bu","13:59:56",1043100
26550,200,100,"sd","13:59:42",1042900
26550,200,600,"sd","13:59:42",1042800
26550,200,400,"sd","13:59:42",1042200
26550,200,100,"sd","13:59:42",1041800
26550,200,200,"sd","13:59:42",1041700
26600,250,300,"bu","13:59:09",1041500
26600,250,100,"bu","13:57:49",1041200
26600,250,2900,"sd","13:57:43",1041100
26600,250,300,"sd","13:57:43",1038200
26600,250,500,"sd","13:57:43",1037900
26600,250,1000,"sd","13:57:43",1037400
26600,250,300,"sd","13:57:43",1036400
26600,250,200,"sd","13:56:51",1036100
26600,250,100,"sd","13:56:51",1035900
26600,250,100,"sd","13:56:03",1035800
26600,250,200,"sd","13:55:33",1035700
26600,250,800,"sd","13:55:33",1035500
26600,250,200,"sd","13:54:27",1034700
26600,250,200,"sd","13:54:27",1034500
26600,250,500,"sd","13:54:27",1034300
26600,250,300,"sd","13:54:27",1033800
26600,250,200,"sd","13:54:12",1033500
26600,250,1000,"sd","13:54:12",1033300
26600,250,100,"sd","13:54:12",1032300
26600,250,3000,"sd","13:54:12",1032200
26600,250,700,"sd","13:54:12",1029200
26600,250,600,"sd","13:53:01",1028500
26600,250,700,"sd","13:51:45",1027900
26600,250,200,"sd","13:51:45",1027200
26600,250,1000,"sd","13:50:38",1027000
26650,300,200,"bu","13:50:31",1026000
26650,300,1900,"bu","13:50:31",1025800
26650,300,100,"bu","13:50:15",1023900
26650,300,1000,"bu","13:49:07",1023800
26650,300,2000,"bu","13:48:50",1022800
26650,300,100,"bu","13:48:50",1020800
26650,300,500,"sd","13:48:13",1020700
26650,300,5000,"sd","13:48:13",1020200
26650,300,400,"sd","13:48:13",1015200
26650,300,2000,"sd","13:48:13",1014800
26650,300,200,"sd","13:47:41",1012800
26650,300,300,"sd","13:47:41",1012600
26700,350,200,"bu","13:46:17",1012300
26700,350,800,"sd","13:44:24",1012100
26700,350,1500,"sd","13:44:24",1011300
26700,350,2000,"sd","13:44:23",1009800
26700,350,500,"sd","13:44:18",1007800
26700,350,800,"sd","13:44:07",1007300
26700,350,300,"sd","13:44:07",1006500
26700,350,100,"sd","13:44:07",1006200
26700,350,3100,"sd","13:44:07",1006100
26700,350,100,"sd","13:44:04",1003000
26700,350,100,"sd","13:43:35",1002900
26700,350,500,"sd","13:42:44",1002800
26700,350,100,"sd","13:42:33",1002300
26700,350,400,"sd","13:41:11",1002200
26700,350,300,"sd","13:40:36",1001800
26700,350,1000,"sd","13:39:23",1001500
26700,350,1000,"sd","13:38:58",1000500
26750,400,100,"bu","13:38:55",999500
26750,400,500,"bu","13:38:03",999400
26750,400,1000,"bu","13:37:54",998900
26750,400,3000,"bu","13:37:39",997900
26750,400,200,"bu","13:37:30",994900
26700,350,100,"sd","13:37:07",994700
26700,350,900,"sd","13:36:42",994600
26700,350,300,"sd","13:36:42",993700
26700,350,3600,"sd","13:36:41",993400
26700,350,300,"sd","13:36:41",989800
26700,350,300,"sd","13:36:40",989500
26700,350,2900,"sd","13:36:34",989200
26700,350,1500,"sd","13:36:34",986300
26700,350,400,"sd","13:36:34",984800
26700,350,300,"sd","13:36:02",984400
26700,350,900,"sd","13:35:11",984100
26700,350,1400,"sd","13:35:04",983200
26700,350,400,"sd","13:35:04",981800
26700,350,3000,"sd","13:35:04",981400
26700,350,200,"sd","13:35:04",978400
26700,350,200,"sd","13:34:59",978200
26700,350,100,"sd","13:34:45",978000
26700,350,900,"sd","13:34:45",977900
26700,350,1700,"sd","13:33:57",977000
26700,350,2000,"sd","13:33:39",975300
26750,400,100,"bu","13:33:02",973300
26750,400,200,"bu","13:32:43",973200
26750,400,700,"bu","13:32:34",973000
26700,350,300,"sd","13:32:30",972300
26750,400,100,"sd","13:32:02",972000
26750,400,4900,"sd","13:30:59",971900
26750,400,2000,"sd","13:30:59",967000
26750,400,100,"sd","13:30:59",965000
26750,400,3000,"sd","13:30:59",964900
26800,450,1300,"bu","13:30:47",961900
26800,450,100,"bu","13:30:26",960600
26800,450,400,"bu","13:29:56",960500
26800,450,100,"bu","13:29:56",960100
26750,400,400,"sd","13:28:36",960000
26750,400,2300,"sd","13:28:36",959600
26750,400,1000,"sd","13:28:36",957300
26750,400,300,"sd","13:28:36",956300
26750,400,500,"sd","13:27:16",956000
26800,450,3000,"bu","13:27:07",955500
26800,450,100,"bu","13:27:07",952500
26800,450,1000,"bu","13:27:07",952400
26800,450,500,"bu","13:27:07",951400
26800,450,500,"bu","13:27:07",950900
26800,450,1000,"bu","13:25:52",950400
26800,450,2000,"bu","13:25:21",949400
26800,450,500,"sd","13:24:53",947400
26800,450,1500,"sd","13:24:47",946900
26800,450,500,"sd","13:24:47",945400
26800,450,500,"sd","13:24:39",944900
26800,450,1000,"sd","13:24:38",944400
26800,450,100,"sd","13:24:15",943400
26850,500,500,"sd","13:23:43",943300
26850,500,2000,"bu","13:23:32",942800
26850,500,400,"bu","13:23:32",940800
26850,500,1000,"bu","13:23:32",940400
26850,500,500,"bu","13:23:30",939400
26850,500,100,"unknown","13:23:05",938900
26850,500,200,"unknown","13:23:05",938800
26850,500,1000,"unknown","13:23:05",938600
26850,500,200,"unknown","13:23:05",937600
26850,500,100,"unknown","13:23:05",937400
26800,450,100,"sd","13:22:51",937300
26850,500,1000,"bu","13:22:16",937200
26850,500,2000,"bu","13:22:16",936200
26850,500,1100,"bu","13:22:16",934200
26850,500,900,"bu","13:21:52",933100
26850,500,100,"bu","13:21:52",932200
26850,500,100,"sd","13:21:36",932100
26850,500,200,"sd","13:21:27",932000
26850,500,300,"sd","13:21:27",931800
26850,500,1200,"sd","13:21:27",931500
26850,500,500,"sd","13:21:25",930300
26850,500,300,"sd","13:21:07",929800
26850,500,500,"bu","13:20:07",929500
26850,500,4700,"bu","13:20:07",929000
26850,500,300,"bu","13:19:50",924300
26850,500,1000,"bu","13:19:40",924000
26850,500,500,"bu","13:19:40",923000
26850,500,900,"bu","13:19:40",922500
26850,500,500,"bu","13:19:18",921600
26850,500,1000,"bu","13:19:18",921100
26850,500,500,"bu","13:19:18",920100
26850,500,3000,"bu","13:19:09",919600
26850,500,300,"bu","13:19:09",916600
26850,500,1000,"bu","13:19:09",916300
26850,500,100,"bu","13:19:09",915300
26850,500,300,"bu","13:19:09",915200
26850,500,200,"bu","13:18:39",914900
26850,500,300,"bu","13:18:39",914700
26850,500,1000,"bu","13:18:27",914400
26850,500,300,"bu","13:17:58",913400
26850,500,400,"bu","13:17:32",913100
26850,500,100,"bu","13:17:32",912700
26850,500,1000,"bu","13:17:24",912600
26850,500,800,"bu","13:17:24",911600
26850,500,200,"bu","13:16:59",910800
26850,500,100,"bu","13:16:59",910600
26850,500,200,"bu","13:16:59",910500
26850,500,400,"bu","13:16:46",910300
26850,500,200,"bu","13:15:57",909900
26850,500,200,"bu","13:15:44",909700
26850,500,100,"bu","13:15:44",909500
26850,500,100,"bu","13:15:44",909400
26850,500,400,"bu","13:15:44",909300
26850,500,300,"bu","13:15:44",908900
26850,500,500,"bu","13:15:01",908600
26850,500,400,"bu","13:14:21",908100
26800,450,100,"bu","13:14:21",907700
26800,450,500,"bu","13:13:49",907600
26800,450,400,"bu","13:13:40",907100
26800,450,1000,"bu","13:13:40",906700
26800,450,100,"bu","13:13:40",905700
26800,450,500,"bu","13:13:40",905600
26800,450,500,"bu","13:13:40",905100
26800,450,100,"bu","13:13:40",904600
26800,450,500,"bu","13:13:40",904500
26800,450,6900,"bu","13:13:40",904000
26800,450,2300,"bu","13:13:36",897100
26800,450,800,"bu","13:13:36",894800
26800,450,700,"bu","13:13:36",894000
26750,400,100,"sd","13:13:23",893300
26750,400,1000,"bu","13:13:19",893200
26750,400,1000,"bu","13:13:19",892200
26750,400,100,"bu","13:13:19",891200
26750,400,1000,"bu","13:13:19",891100
26750,400,100,"bu","13:13:10",890100
26750,400,300,"bu","13:12:58",890000
26700,350,1000,"bu","13:12:36",889700
26700,350,100,"bu","13:12:36",888700
26700,350,1700,"bu","13:12:36",888600
26700,350,100,"bu","13:12:36",886900
26700,350,7200,"bu","13:12:36",886800
26700,350,200,"bu","13:12:31",879600
26700,350,200,"bu","13:12:30",879400
26700,350,100,"bu","13:12:03",879200
26650,300,1500,"sd","13:12:02",879100
26650,300,300,"sd","13:11:44",877600
26650,300,500,"bu","13:11:20",877300
26650,300,400,"bu","13:11:20",876800
26650,300,100,"bu","13:11:13",876400
26650,300,500,"bu","13:10:49",876300
26600,250,800,"bu","13:10:32",875800
26600,250,1000,"bu","13:10:32",875000
26500,150,1200,"sd","13:10:31",874000
26500,150,700,"sd","13:10:31",872800
26500,150,300,"bu","13:10:14",872100
26500,150,600,"bu","13:10:12",871800
26500,150,3500,"bu","13:10:08",871200
26500,150,600,"sd","13:10:02",867700
26500,150,500,"sd","13:10:02",867100
26500,150,500,"sd","13:10:02",866600
26500,150,500,"sd","13:09:47",866100
26500,150,200,"sd","13:09:47",865600
26500,150,200,"sd","13:09:47",865400
26500,150,200,"sd","13:09:47",865200
26500,150,200,"sd","13:09:47",865000
26500,150,400,"sd","13:09:47",864800
26500,150,100,"sd","13:09:47",864400
26500,150,1000,"sd","13:09:47",864300
26500,150,3700,"sd","13:09:47",863300
26500,150,200,"sd","13:09:47",859600
26500,150,2000,"sd","13:09:47",859400
26550,200,300,"sd","13:09:47",857400
26600,250,100,"bu","13:09:33",857100
26550,200,200,"sd","13:09:00",857000
26550,200,100,"sd","13:09:00",856800
26550,200,600,"sd","13:08:54",856700
26550,200,4300,"sd","13:08:42",856100
26550,200,700,"sd","13:08:42",851800
26550,200,500,"sd","13:08:30",851100
26600,250,100,"bu","13:08:28",850600
26600,250,100,"sd","13:07:43",850500
26600,250,200,"sd","13:07:43",850400
26600,250,300,"sd","13:07:43",850200
26600,250,1000,"sd","13:07:34",849900
26600,250,700,"sd","13:07:24",848900
26600,250,300,"sd","13:07:24",848200
26600,250,400,"sd","13:07:09",847900
26600,250,100,"sd","13:07:09",847500
26600,250,100,"sd","13:07:09",847400
26600,250,400,"sd","13:07:09",847300
26600,250,500,"sd","13:07:07",846900
26600,250,500,"sd","13:06:59",846400
26600,250,200,"sd","13:06:59",845900
26600,250,300,"sd","13:06:59",845700
26600,250,100,"sd","13:06:55",845400
26600,250,100,"sd","13:06:55",845300
26600,250,300,"sd","13:06:55",845200
26600,250,400,"sd","13:06:55",844900
26600,250,1200,"sd","13:06:55",844500
26650,300,500,"bu","13:06:23",843300
26650,300,200,"sd","13:05:53",842800
26600,250,500,"sd","13:05:31",842600
26650,300,200,"sd","13:05:31",842100
26650,300,1000,"bu","13:05:29",841900
26650,300,900,"bu","13:05:29",840900
26650,300,100,"bu","13:04:42",840000
26650,300,400,"bu","13:04:42",839900
26650,300,500,"bu","13:04:30",839500
26650,300,1100,"bu","13:04:16",839000
26650,300,2300,"bu","13:04:16",837900
26600,250,100,"sd","13:03:29",835600
26600,250,200,"sd","13:03:21",835500
26650,300,2800,"sd","13:02:45",835300
26650,300,300,"sd","13:02:45",832500
26650,300,100,"sd","13:02:45",832200
26650,300,800,"sd","13:02:44",832100
26650,300,100,"sd","13:02:29",831300
26700,350,200,"bu","13:02:01",831200
26700,350,500,"sd","13:01:57",831000
26750,400,3000,"bu","13:01:45",830500
26750,400,500,"sd","13:01:06",827500
26750,400,1000,"sd","13:00:50",827000
26800,450,100,"bu","13:00:28",826000
26800,450,200,"bu","13:00:27",825900
26800,450,300,"bu","13:00:27",825700
26800,450,300,"bu","13:00:26",825400
26800,450,300,"sd","13:00:24",825100
26800,450,100,"sd","13:00:24",824800
26800,450,200,"sd","13:00:21",824700
26800,450,100,"sd","13:00:21",824500
26800,450,100,"sd","13:00:21",824400
26800,450,100,"sd","13:00:21",824300
26800,450,500,"sd","13:00:21",824200
26800,450,100,"sd","13:00:18",823700
26850,500,400,"sd","13:00:18",823600
26850,500,100,"sd","13:00:18",823200
26850,500,900,"bu","13:00:12",823100
26800,450,300,"sd","13:00:11",822200
26800,450,1000,"sd","13:00:05",821900
26850,500,1100,"bu","13:00:02",820900
26850,500,2000,"bu","13:00:02",819800
26850,500,1900,"bu","13:00:02",817800
26800,450,500,"sd","13:00:02",815900
26800,450,1000,"sd","13:00:01",815400
26800,450,1000,"bu","13:00:01",814400
26800,450,1000,"bu","13:00:01",813400
26800,450,600,"bu","13:00:01",812400
26800,450,100,"bu","13:00:01",811800
26800,450,4000,"bu","13:00:01",811700
26850,500,100,"bu","13:00:01",807700
26800,450,200,"bu","13:00:00",807600
26800,450,500,"bu","13:00:00",807400
26800,450,600,"bu","13:00:00",806900
26800,450,1400,"sd","11:29:39",806300
26800,450,600,"sd","11:29:39",804900
26900,550,200,"sd","11:29:24",804300
26900,550,100,"sd","11:29:06",804100
26900,550,200,"unknown","11:29:01",804000
26800,450,400,"sd","11:29:00",803800
26900,550,600,"sd","11:29:00",803400
26900,550,100,"sd","11:28:49",802800
26900,550,100,"sd","11:28:49",802700
27000,650,400,"bu","11:28:47",802600
26900,550,1000,"sd","11:28:26",802200
26900,550,500,"sd","11:28:17",801200
27000,650,9800,"bu","11:28:15",800700
26900,550,500,"sd","11:28:13",790900
27000,650,200,"sd","11:27:53",790400
27000,650,1000,"sd","11:27:53",790200
27000,650,7800,"sd","11:27:53",789200
27050,700,1000,"bu","11:27:53",781400
27000,650,4000,"sd","11:27:50",780400
27000,650,28200,"sd","11:27:47",776400
27000,650,5000,"sd","11:27:47",748200
27000,650,6800,"sd","11:27:47",743200
27000,650,2600,"sd","11:27:46",736400
27000,650,100,"sd","11:27:43",733800
27000,650,500,"sd","11:27:38",733700
27000,650,2100,"sd","11:27:30",733200
27050,700,1900,"bu","11:27:29",731100
27050,700,100,"bu","11:27:29",729200
27000,650,100,"sd","11:27:29",729100
27050,700,200,"bu","11:27:21",729000
27000,650,100,"sd","11:27:18",728800
27000,650,1000,"sd","11:27:16",728700
27000,650,3000,"sd","11:27:13",727700
27000,650,300,"sd","11:27:03",724700
27000,650,500,"sd","11:26:59",724400
27000,650,200,"sd","11:26:50",723900
27000,650,500,"sd","11:26:37",723700
27000,650,400,"sd","11:26:21",723200
27050,700,800,"bu","11:25:44",722800
27050,700,200,"bu","11:25:44",722000
27050,700,100,"bu","11:25:30",721800
27000,650,600,"sd","11:25:30",721700
27050,700,700,"bu","11:25:25",721100
27050,700,600,"bu","11:25:25",720400
27050,700,100,"bu","11:25:25",719800
27050,700,300,"bu","11:25:18",719700
27050,700,200,"bu","11:25:18",719400
27100,750,1700,"bu","11:25:16",719200
27100,750,100,"bu","11:25:16",717500
27100,750,2000,"bu","11:25:16",717400
27100,750,3000,"bu","11:25:16",715400
27100,750,300,"bu","11:25:16",712400
27100,750,500,"bu","11:25:16",712100
27100,750,1400,"bu","11:25:16",711600
27100,750,700,"bu","11:25:16",710200
27100,750,300,"bu","11:25:16",709500
27100,750,200,"bu","11:25:16",709200
27100,750,100,"bu","11:25:16",709000
27100,750,1000,"bu","11:25:16",708900
27100,750,100,"bu","11:25:16",707900
27100,750,500,"bu","11:25:16",707800
27100,750,100,"bu","11:25:16",707300
27100,750,400,"bu","11:25:16",707200
27050,700,500,"bu","11:25:16",706800
27100,750,500,"bu","11:25:16",706300
27050,700,400,"bu","11:25:16",705800
27100,750,2000,"bu","11:25:16",705400
27100,750,4900,"bu","11:25:16",703400
27050,700,500,"bu","11:25:16",698500
27050,700,500,"bu","11:25:16",698000
27050,700,3000,"bu","11:25:16",697500
27050,700,100,"bu","11:25:16",694500
27050,700,200,"bu","11:25:16",694400
27050,700,500,"bu","11:24:50",694200
27050,700,300,"sd","11:24:38",693700
27050,700,100,"sd","11:24:36",693400
27050,700,900,"sd","11:24:36",693300
27100,750,1000,"bu","11:24:33",692400
27050,700,100,"sd","11:24:28",691400
27050,700,900,"sd","11:24:28",691300
27050,700,100,"sd","11:24:25",690400
27050,700,3000,"sd","11:24:25",690300
27050,700,100,"sd","11:24:25",687300
27050,700,2400,"sd","11:24:25",687200
27050,700,1000,"sd","11:24:25",684800
27050,700,600,"sd","11:24:08",683800
27050,700,400,"sd","11:24:08",683200
27100,750,1000,"bu","11:24:06",682800
27100,750,2000,"bu","11:24:06",681800
27100,750,300,"bu","11:24:06",679800
27100,750,200,"bu","11:24:06",679500
27100,750,600,"bu","11:24:06",679300
27100,750,500,"bu","11:24:06",678700
27100,750,100,"bu","11:24:06",678200
27100,750,300,"bu","11:24:06",678100
27050,700,400,"sd","11:24:02",677800
27100,750,2000,"bu","11:23:51",677400
27050,700,500,"sd","11:23:50",675400
27050,700,100,"bu","11:23:42",674900
27100,750,600,"bu","11:23:33",674800
27100,750,100,"bu","11:23:33",674200
27100,750,300,"bu","11:23:33",674100
27100,750,500,"bu","11:23:33",673800
27100,750,100,"bu","11:23:33",673300
27100,750,4900,"bu","11:23:33",673200
27100,750,100,"bu","11:23:33",668300
27100,750,500,"bu","11:23:33",668200
27100,750,500,"bu","11:23:33",667700
27100,750,100,"bu","11:23:33",667200
27100,750,100,"bu","11:23:33",667100
27100,750,500,"bu","11:23:33",667000
27100,750,300,"bu","11:23:33",666500
27050,700,200,"bu","11:23:33",666200
27050,700,200,"bu","11:23:33",666000
27050,700,1000,"bu","11:23:33",665800
27050,700,800,"bu","11:23:21",664800
27000,650,100,"sd","11:23:19",664000
27050,700,3000,"bu","11:23:19",663900
27050,700,200,"sd","11:23:18",660900
27050,700,200,"sd","11:23:18",660700
27050,700,500,"sd","11:23:13",660500
27050,700,200,"sd","11:23:10",660000
27050,700,700,"sd","11:23:09",659800
27050,700,100,"sd","11:22:58",659100
27050,700,100,"sd","11:22:51",659000
27050,700,500,"sd","11:22:41",658900
27100,750,200,"bu","11:22:33",658400
27100,750,500,"bu","11:22:33",658200
27050,700,400,"sd","11:22:29",657700
27050,700,500,"sd","11:22:29",657300
27050,700,100,"sd","11:22:29",656800
27100,750,500,"sd","11:22:20",656700
27100,750,100,"bu","11:22:16",656200
27100,750,800,"bu","11:22:16",656100
27100,750,100,"bu","11:22:11",655300
27100,750,1100,"bu","11:22:06",655200
27100,750,100,"sd","11:22:05",654100
27100,750,200,"sd","11:21:55",654000
27150,800,100,"bu","11:21:54",653800
27150,800,200,"bu","11:21:54",653700
27150,800,100,"bu","11:21:50",653500
27150,800,8000,"bu","11:21:50",653400
27150,800,100,"bu","11:21:50",645400
27150,800,200,"bu","11:21:50",645300
27150,800,1000,"bu","11:21:50",645100
27150,800,100,"bu","11:21:50",644100
27150,800,500,"bu","11:21:50",644000
27100,750,100,"sd","11:21:49",643500
27150,800,200,"bu","11:21:37",643400
27100,750,100,"sd","11:21:36",643200
27150,800,100,"bu","11:21:26",643100
27100,750,500,"sd","11:21:25",643000
27100,750,500,"sd","11:21:22",642500
27100,750,300,"sd","11:21:22",642000
27100,750,500,"sd","11:21:21",641700
27100,750,100,"sd","11:21:18",641200
27100,750,100,"sd","11:21:17",641100
27100,750,1000,"sd","11:21:12",641000
27100,750,100,"sd","11:21:12",640000
27100,750,500,"sd","11:21:10",639900
27100,750,500,"bu","11:21:09",639400
27100,750,500,"bu","11:21:09",638900
27100,750,1000,"bu","11:21:09",638400
27100,750,2800,"bu","11:21:09",637400
27050,700,1000,"sd","11:21:09",634600
27100,750,1000,"bu","11:21:03",633600
27100,750,1000,"sd","11:20:48",632600
27150,800,100,"bu","11:20:43",631600
27100,750,2000,"bu","11:20:43",631500
27100,750,100,"bu","11:20:43",629500
27050,700,600,"bu","11:20:36",629400
27050,700,1800,"bu","11:20:36",628800
27050,700,500,"bu","11:20:36",627000
27050,700,1000,"bu","11:20:36",626500
27050,700,500,"bu","11:20:35",625500
27050,700,100,"bu","11:20:35",625000
27000,650,100,"sd","11:20:30",624900
27000,650,500,"sd","11:20:29",624800
27000,650,300,"sd","11:20:28",624300
27000,650,1000,"sd","11:20:27",624000
27000,650,1000,"sd","11:20:27",623000
27000,650,8200,"bu","11:20:21",622000
27000,650,1800,"bu","11:20:17",613800
27000,650,100,"bu","11:20:17",612000
27000,650,500,"bu","11:20:17",611900
27000,650,500,"bu","11:20:17",611400
27000,650,500,"bu","11:20:17",610900
27000,650,100,"bu","11:20:17",610400
27000,650,100,"bu","11:20:17",610300
27000,650,1500,"bu","11:20:17",610200
27000,650,10000,"bu","11:20:17",608700
27000,650,4900,"bu","11:20:17",598700
26900,550,1000,"sd","11:20:14",593800
27000,650,100,"bu","11:20:04",592800
27000,650,400,"bu","11:20:04",592700
27000,650,400,"bu","11:20:04",592300
27000,650,200,"bu","11:20:04",591900
27000,650,500,"bu","11:20:04",591700
27000,650,1000,"bu","11:20:04",591200
27000,650,1000,"bu","11:20:04",590200
27000,650,300,"bu","11:20:04",589200
27000,650,200,"bu","11:20:04",588900
27000,650,900,"bu","11:20:04",588700
27000,650,100,"bu","11:20:01",587800
27000,650,200,"bu","11:20:01",587700
26950,600,1900,"bu","11:19:54",587500
26950,600,100,"bu","11:19:54",585600
27000,650,800,"bu","11:19:45",585500
27000,650,1900,"bu","11:19:45",584700
27000,650,500,"bu","11:19:45",582800
27000,650,200,"bu","11:19:45",582300
27000,650,10000,"bu","11:19:45",582100
27000,650,1900,"bu","11:19:45",572100
27000,650,2000,"bu","11:19:45",570200
27000,650,500,"bu","11:19:45",568200
27000,650,100,"bu","11:19:45",567700
27000,650,300,"bu","11:19:45",567600
27000,650,2000,"bu","11:19:45",567300
27000,650,500,"bu","11:19:45",565300
27000,650,300,"bu","11:19:45",564800
27000,650,2000,"bu","11:19:45",564500
27000,650,1500,"bu","11:19:45",562500
27000,650,1000,"bu","11:19:45",561000
27000,650,100,"bu","11:19:45",560000
27000,650,100,"bu","11:19:45",559900
27000,650,10000,"bu","11:19:45",559800
27000,650,200,"bu","11:19:45",549800
27000,650,200,"bu","11:19:45",549600
27000,650,2000,"bu","11:19:45",549400
27000,650,100,"bu","11:19:45",547400
26950,600,1000,"bu","11:19:45",547300
26950,600,100,"bu","11:19:45",546300
26950,600,300,"bu","11:19:45",546200
26950,600,300,"bu","11:19:45",545900
26950,600,1900,"bu","11:19:45",545600
26900,550,100,"bu","11:19:45",543700
26900,550,1000,"bu","11:19:45",543600
26900,550,17100,"bu","11:19:45",542600
26900,550,1000,"bu","11:19:40",525500
26900,550,1900,"sd","11:19:29",524500
26950,600,200,"bu","11:19:28",522600
26950,600,100,"bu","11:19:27",522400
26950,600,100,"bu","11:19:27",522300
26950,600,100,"bu","11:19:27",522200
26900,550,100,"bu","11:19:25",522100
26900,550,800,"bu","11:19:23",522000
26900,550,100,"bu","11:19:23",521200
26900,550,100,"bu","11:19:21",521100
26900,550,2000,"bu","11:19:19",521000
26900,550,700,"bu","11:19:18",519000
26900,550,7300,"bu","11:19:09",518300
26850,500,300,"bu","11:19:09",511000
26850,500,100,"bu","11:19:09",510700
26850,500,1100,"bu","11:19:09",510600
26850,500,400,"bu","11:19:09",509500
26850,500,1000,"bu","11:19:05",509100
26850,500,1000,"bu","11:19:03",508100
26800,450,200,"sd","11:18:53",507100
26800,450,3000,"bu","11:18:47",506900
26800,450,100,"bu","11:18:47",503900
26800,450,5000,"bu","11:18:47",503800
26800,450,200,"bu","11:18:47",498800
26800,450,100,"bu","11:18:47",498600
26800,450,2300,"bu","11:18:47",498500
26800,450,500,"bu","11:18:47",496200
26800,450,500,"bu","11:18:47",495700
26800,450,200,"bu","11:18:47",495200
26800,450,1000,"bu","11:18:47",495000
26800,450,100,"bu","11:18:47",494000
26800,450,500,"bu","11:18:47",493900
26800,450,4600,"bu","11:18:47",493400
26800,450,400,"bu","11:18:31",488800
26800,450,100,"bu","11:18:31",488400
26750,400,300,"bu","11:18:31",488300
26750,400,2000,"bu","11:18:31",488000
26750,400,5000,"bu","11:18:31",486000
26750,400,200,"bu","11:18:31",481000
26700,350,200,"bu","11:18:22",480800
26700,350,400,"bu","11:18:22",480600
26700,350,600,"bu","11:18:22",480200
26700,350,3400,"bu","11:18:20",479600
26700,350,400,"bu","11:18:17",476200
26700,350,100,"bu","11:18:12",475800
26700,350,500,"bu","11:18:07",475700
26650,300,600,"bu","11:17:59",475200
26650,300,400,"bu","11:17:57",474600
26650,300,1100,"bu","11:17:57",474200
26650,300,1700,"bu","11:17:55",473100
26650,300,3300,"bu","11:17:55",471400
26650,300,500,"bu","11:17:54",468100
26650,300,1000,"bu","11:17:50",467600
26650,300,200,"bu","11:17:49",466600
26600,250,300,"bu","11:17:41",466400
26600,250,500,"bu","11:17:41",466100
26600,250,2000,"bu","11:17:41",465600
26600,250,4000,"bu","11:17:41",463600
26600,250,4000,"bu","11:17:41",459600
26600,250,4000,"bu","11:17:41",455600
26600,250,4300,"bu","11:17:41",451600
26600,250,700,"bu","11:17:36",447300
26550,200,1400,"bu","11:17:26",446600
26550,200,2600,"bu","11:17:25",445200
26550,200,4400,"bu","11:17:25",442600
26550,200,500,"bu","11:17:24",438200
26550,200,100,"bu","11:17:18",437700
26550,200,100,"bu","11:17:18",437600
26500,150,500,"bu","11:17:10",437500
26500,150,1000,"bu","11:17:10",437000
26500,150,100,"bu","11:17:10",436000
26500,150,1000,"bu","11:17:10",435900
26500,150,500,"bu","11:17:10",434900
26500,150,1000,"bu","11:17:10",434400
26500,150,2000,"bu","11:17:10",433400
26500,150,1100,"bu","11:17:10",431400
26500,150,800,"bu","11:17:09",430300
26500,150,1100,"bu","11:17:05",429500
26500,150,1000,"bu","11:17:05",428400
26500,150,1300,"bu","11:17:05",427400
26500,150,1700,"bu","11:16:59",426100
26500,150,5000,"bu","11:16:59",424400
26450,100,3300,"bu","11:16:59",419400
26450,100,2700,"bu","11:16:57",416100
26450,100,200,"bu","11:16:57",413400
26450,100,1000,"bu","11:16:57",413200
26450,100,2300,"bu","11:16:57",412200
26450,100,500,"bu","11:16:57",409900
26450,100,3000,"bu","11:16:57",409400
26450,100,300,"bu","11:16:57",406400
26450,100,3000,"bu","11:16:54",406100
26450,100,200,"bu","11:16:51",403100
26450,100,200,"bu","11:16:31",402900
26450,100,500,"bu","11:16:29",402700
26450,100,800,"bu","11:16:20",402200
26400,50,3000,"bu","11:16:10",401400
26400,50,300,"bu","11:16:10",398400
26400,50,500,"bu","11:16:10",398100
26400,50,200,"bu","11:16:10",397600
26400,50,1000,"bu","11:16:10",397400
26400,50,200,"bu","11:16:10",396400
26400,50,500,"bu","11:16:10",396200
26400,50,200,"bu","11:16:10",395700
26400,50,3500,"bu","11:16:10",395500
26400,50,500,"bu","11:16:10",392000
26400,50,1000,"bu","11:16:10",391500
26400,50,100,"bu","11:16:10",390500
26400,50,100,"bu","11:16:10",390400
26400,50,600,"bu","11:16:10",390300
26400,50,100,"bu","11:16:10",389700
26400,50,1500,"bu","11:16:10",389600
26400,50,1000,"bu","11:16:10",388100
26400,50,600,"bu","11:15:24",387100
26400,50,800,"bu","11:15:10",386500
26400,50,200,"bu","11:15:10",385700
26400,50,3000,"bu","11:14:54",385500
26400,50,4600,"bu","11:14:17",382500
26400,50,400,"bu","11:14:17",377900
26400,50,100,"bu","11:14:03",377500
26400,50,100,"bu","11:14:03",377400
26350,0,2000,"bu","11:13:31",377300
26350,0,1000,"bu","11:13:31",375300
26350,0,1400,"bu","11:13:31",374300
26350,0,1000,"bu","11:13:17",372900
26350,0,2600,"bu","11:13:14",371900
26350,0,2100,"bu","11:13:14",369300
26350,0,20000,"bu","11:13:14",367200
26350,0,500,"bu","11:13:14",347200
26350,0,3000,"bu","11:13:14",346700
26350,0,1800,"bu","11:13:14",343700
26350,0,200,"bu","11:13:01",341900
26350,0,500,"bu","11:13:01",341700
26350,0,1500,"bu","11:12:55",341200
26350,0,200,"bu","11:12:55",339700
26350,0,500,"bu","11:12:55",339500
26350,0,800,"bu","11:12:55",339000
26350,0,100,"bu","11:12:33",338200
26300,-50,100,"sd","11:11:45",338100
26300,-50,500,"sd","11:10:42",338000
26300,-50,2000,"sd","11:09:39",337500
26350,0,600,"bu","11:08:11",335500
26350,0,400,"bu","11:08:11",334900
26350,0,100,"bu","11:07:34",334500
26350,0,200,"bu","11:07:34",334400
26300,-50,500,"sd","11:07:27",334200
26300,-50,2500,"sd","11:07:09",333700
26350,0,700,"bu","11:06:23",331200
26300,-50,2600,"sd","11:06:19",330500
26300,-50,100,"sd","11:06:19",327900
26300,-50,600,"sd","11:06:19",327800
26300,-50,1000,"sd","11:06:16",327200
26300,-50,500,"sd","11:05:55",326200
26350,0,100,"bu","11:05:50",325700
26350,0,200,"bu","11:05:50",325600
26350,0,200,"bu","11:04:16",325400
26350,0,200,"bu","11:04:16",325200
26300,-50,500,"sd","11:02:17",325000
26300,-50,2000,"sd","10:58:56",324500
26300,-50,2000,"sd","10:57:28",322500
26300,-50,700,"bu","10:57:19",320500
26300,-50,9300,"bu","10:56:59",319800
26300,-50,200,"bu","10:56:59",310500
26300,-50,3000,"bu","10:56:59",310300
26300,-50,500,"bu","10:56:59",307300
26250,-100,500,"sd","10:55:17",306800
26250,-100,900,"bu","10:53:41",306300
26250,-100,700,"bu","10:53:39",305400
26250,-100,300,"bu","10:53:39",304700
26250,-100,200,"bu","10:53:23",304400
26250,-100,300,"bu","10:53:23",304200
26250,-100,4700,"bu","10:53:13",303900
26250,-100,500,"bu","10:53:13",299200
26250,-100,800,"bu","10:53:13",298700
26200,-150,500,"sd","10:52:54",297900
26250,-100,500,"bu","10:52:44",297400
26250,-100,500,"bu","10:52:35",296900
26250,-100,2100,"bu","10:52:17",296400
26250,-100,500,"bu","10:52:02",294300
26250,-100,1000,"bu","10:51:36",293800
26250,-100,500,"sd","10:50:37",292800
26250,-100,100,"sd","10:50:37",292300
26250,-100,1000,"sd","10:50:37",292200
26250,-100,100,"sd","10:50:37",291200
26250,-100,100,"sd","10:50:37",291100
26250,-100,500,"sd","10:50:37",291000
26250,-100,300,"sd","10:50:37",290500
26250,-100,2000,"sd","10:50:31",290200
26300,-50,300,"bu","10:47:54",288200
26300,-50,200,"bu","10:47:54",287900
26250,-100,700,"sd","10:46:57",287700
26250,-100,100,"sd","10:46:57",287000
26250,-100,100,"sd","10:46:57",286900
26250,-100,100,"sd","10:43:23",286800
26250,-100,100,"sd","10:43:23",286700
26250,-100,300,"sd","10:43:23",286600
26250,-100,500,"sd","10:43:23",286300
26250,-100,500,"sd","10:43:18",285800
26250,-100,100,"sd","10:43:18",285300
26250,-100,500,"sd","10:43:18",285200
26250,-100,100,"sd","10:43:18",284700
26250,-100,2000,"sd","10:43:06",284600
26250,-100,900,"sd","10:42:00",282600
26300,-50,400,"bu","10:41:47",281700
26300,-50,300,"bu","10:41:35",281300
26300,-50,2400,"bu","10:41:35",281000
26300,-50,300,"bu","10:41:35",278600
26300,-50,200,"bu","10:38:58",278300
26300,-50,200,"sd","10:38:20",278100
26300,-50,800,"sd","10:38:20",277900
26300,-50,300,"sd","10:38:20",277100
26300,-50,200,"sd","10:38:20",276800
26300,-50,700,"sd","10:37:34",276600
26300,-50,100,"sd","10:37:34",275900
26300,-50,200,"sd","10:37:34",275800
26300,-50,100,"sd","10:37:27",275600
26300,-50,1000,"sd","10:37:27",275500
26300,-50,100,"sd","10:37:27",274500
26300,-50,600,"sd","10:37:27",274400
26300,-50,1900,"sd","10:37:27",273800
26300,-50,100,"sd","10:36:55",271900
26300,-50,1400,"sd","10:36:55",271800
26300,-50,1000,"sd","10:36:55",270400
26300,-50,5000,"sd","10:36:55",269400
26300,-50,100,"sd","10:36:55",264400
26300,-50,1400,"sd","10:36:55",264300
26300,-50,400,"sd","10:36:55",262900
26300,-50,600,"sd","10:36:55",262500
26300,-50,300,"sd","10:36:25",261900
26300,-50,100,"sd","10:35:38",261600
26300,-50,100,"sd","10:35:38",261500
26300,-50,200,"sd","10:33:21",261400
26300,-50,2000,"sd","10:33:21",261200
26300,-50,500,"sd","10:33:21",259200
26300,-50,1300,"sd","10:33:21",258700
26300,-50,700,"sd","10:32:39",257400
26300,-50,300,"sd","10:32:39",256700
26300,-50,700,"sd","10:32:39",256400
26300,-50,5000,"sd","10:28:23",255700
26300,-50,100,"sd","10:28:07",250700
26300,-50,1500,"sd","10:26:40",250600
26300,-50,1000,"sd","10:25:32",249100
26300,-50,500,"sd","10:24:35",248100
26300,-50,200,"sd","10:22:43",247600
26350,0,1000,"sd","10:20:55",247400
26350,0,800,"sd","10:20:55",246400
26350,0,200,"sd","10:20:51",245600
26350,0,1000,"sd","10:20:51",245400
26350,0,2400,"sd","10:20:51",244400
26350,0,400,"sd","10:20:09",242000
26350,0,2000,"sd","10:18:36",241600
26350,0,600,"sd","10:18:26",239600
26350,0,1000,"sd","10:17:49",239000
26350,0,1700,"sd","10:17:38",238000
26350,0,500,"sd","10:17:14",236300
26350,0,1300,"sd","10:17:03",235800
26350,0,100,"bu","10:16:56",234500
26350,0,400,"sd","10:16:54",234400
26350,0,200,"sd","10:15:38",234000
26350,0,400,"bu","10:14:28",233800
26350,0,100,"sd","10:14:08",233400
26350,0,200,"sd","10:13:28",233300
26300,-50,3800,"sd","10:13:02",233100
26300,-50,1000,"sd","10:13:02",229300
26300,-50,200,"sd","10:13:02",228300
26300,-50,800,"sd","10:12:19",228100
26300,-50,200,"sd","10:12:19",227300
26300,-50,4000,"sd","10:12:19",227100
26400,50,100,"bu","10:11:48",223100
26350,0,200,"sd","10:11:27",223000
26350,0,800,"sd","10:11:27",222800
26350,0,1100,"sd","10:10:05",222000
26350,0,900,"sd","10:10:05",220900
26350,0,600,"sd","10:08:32",220000
26350,0,500,"sd","10:08:10",219400
26350,0,2400,"sd","10:06:02",218900
26350,0,100,"sd","10:06:02",216500
26350,0,500,"sd","10:06:02",216400
26350,0,400,"sd","10:05:53",215900
26350,0,1700,"sd","10:05:53",215500
26350,0,1000,"bu","10:04:20",213800
26350,0,1000,"bu","10:04:20",212800
26350,0,500,"bu","10:04:20",211800
26350,0,1000,"bu","10:04:20",211300
26350,0,100,"bu","10:04:20",210300
26350,0,100,"bu","10:04:20",210200
26350,0,100,"bu","10:04:20",210100
26350,0,500,"bu","10:04:20",210000
26350,0,4000,"bu","10:04:20",209500
26350,0,500,"bu","10:03:57",205500
26300,-50,5000,"sd","10:03:49",205000
26350,0,100,"bu","10:02:53",200000
26300,-50,500,"sd","10:02:30",199900
26300,-50,1000,"sd","10:00:32",199400
26300,-50,2000,"sd","10:00:32",198400
26300,-50,1000,"sd","10:00:32",196400
26300,-50,100,"sd","10:00:32",195400
26300,-50,100,"sd","10:00:32",195300
26300,-50,500,"sd","10:00:32",195200
26300,-50,300,"sd","09:59:17",194700
26350,0,100,"bu","09:57:22",194400
26350,0,300,"bu","09:55:56",194300
26350,0,700,"bu","09:55:56",194000
26350,0,1000,"bu","09:55:30",193300
26350,0,1500,"bu","09:55:30",192300
26350,0,400,"bu","09:54:55",190800
26350,0,100,"bu","09:54:51",190400
26300,-50,200,"sd","09:54:23",190300
26300,-50,700,"sd","09:54:23",190100
26300,-50,100,"sd","09:54:23",189400
26300,-50,300,"sd","09:52:56",189300
26300,-50,300,"sd","09:52:56",189000
26300,-50,100,"sd","09:52:56",188700
26300,-50,100,"sd","09:52:24",188600
26300,-50,900,"sd","09:51:14",188500
26300,-50,100,"sd","09:51:14",187600
26300,-50,200,"sd","09:51:06",187500
26300,-50,100,"sd","09:51:06",187300
26300,-50,1700,"sd","09:51:06",187200
26300,-50,300,"sd","09:49:40",185500
26300,-50,200,"sd","09:49:40",185200
26300,-50,100,"sd","09:49:40",185000
26350,0,1000,"bu","09:47:56",184900
26350,0,200,"bu","09:47:56",183900
26350,0,1400,"bu","09:47:56",183700
26350,0,100,"bu","09:47:29",182300
26350,0,100,"sd","09:46:25",182200
26350,0,100,"sd","09:46:25",182100
26350,0,100,"sd","09:46:25",182000
26350,0,100,"sd","09:46:25",181900
26350,0,3100,"sd","09:46:25",181800
26400,50,100,"bu","09:45:51",178700
26400,50,200,"bu","09:45:35",178600
26400,50,1000,"sd","09:42:51",178400
26400,50,1500,"bu","09:42:46",177400
26400,50,1000,"bu","09:42:46",175900
26400,50,1800,"bu","09:42:46",174900
26400,50,600,"bu","09:42:46",173100
26400,50,1000,"bu","09:42:46",172500
26400,50,300,"bu","09:42:46",171500
26400,50,2800,"bu","09:42:46",171200
26350,0,100,"sd","09:42:05",168400
26350,0,1900,"sd","09:42:04",168300
26350,0,100,"bu","09:40:43",166400
26350,0,500,"sd","09:40:28",166300
26350,0,1000,"sd","09:40:28",165800
26350,0,200,"sd","09:40:28",164800
26350,0,200,"sd","09:40:28",164600
26400,50,3200,"bu","09:40:27",164400
26400,50,1500,"bu","09:40:27",161200
26400,50,300,"bu","09:40:27",159700
26400,50,700,"bu","09:39:47",159400
26400,50,300,"bu","09:39:47",158700
26400,50,600,"bu","09:39:41",158400
26400,50,1100,"bu","09:39:40",157800
26400,50,2000,"bu","09:39:40",156700
26400,50,1200,"bu","09:39:40",154700
26400,50,700,"bu","09:39:36",153500
26400,50,500,"bu","09:39:29",152800
26400,50,600,"bu","09:39:24",152300
26400,50,100,"bu","09:39:24",151700
26400,50,1000,"bu","09:39:24",151600
26400,50,300,"bu","09:39:24",150600
26400,50,500,"bu","09:39:17",150300
26400,50,1200,"bu","09:38:29",149800
26400,50,2000,"bu","09:38:28",148600
26350,0,3000,"sd","09:38:28",146600
26400,50,100,"bu","09:38:05",143600
26400,50,1000,"bu","09:37:47",143500
26400,50,900,"bu","09:37:36",142500
26400,50,5000,"bu","09:37:20",141600
26350,0,200,"sd","09:36:24",136600
26350,0,300,"sd","09:36:18",136400
26350,0,100,"sd","09:35:56",136100
26350,0,900,"sd","09:35:41",136000
26350,0,1200,"bu","09:35:27",135100
26350,0,500,"bu","09:35:04",133900
26350,0,100,"sd","09:35:00",133400
26350,0,200,"sd","09:35:00",133300
26400,50,20000,"bu","09:34:56",133100
26350,0,500,"bu","09:34:26",113100
26350,0,100,"bu","09:34:26",112600
26350,0,200,"bu","09:34:26",112500
26350,0,1000,"bu","09:33:42",112300
26350,0,100,"bu","09:33:41",111300
26350,0,100,"bu","09:33:40",111200
26350,0,100,"bu","09:33:17",111100
26350,0,300,"bu","09:33:14",111000
26350,0,100,"bu","09:33:14",110700
26350,0,100,"bu","09:32:41",110600
26300,-50,1000,"sd","09:31:39",110500
26300,-50,200,"bu","09:30:46",109500
26300,-50,2500,"bu","09:30:46",109300
26300,-50,100,"bu","09:30:17",106800
26250,-100,1600,"sd","09:29:52",106700
26300,-50,5000,"bu","09:29:44",105100
26250,-100,1000,"sd","09:29:32",100100
26300,-50,1000,"bu","09:29:26",99100
26300,-50,200,"bu","09:29:13",98100
26300,-50,100,"sd","09:29:06",97900
26300,-50,1100,"sd","09:29:06",97800
26300,-50,3900,"bu","09:28:05",96700
26250,-100,1000,"sd","09:27:25",92800
26300,-50,100,"bu","09:26:50",91800
26300,-50,1000,"bu","09:26:50",91700
26300,-50,500,"bu","09:26:50",90700
26300,-50,400,"bu","09:26:50",90200
26250,-100,900,"sd","09:26:48",89800
26300,-50,100,"bu","09:25:44",88900
26300,-50,500,"bu","09:25:44",88800
26250,-100,2300,"sd","09:25:42",88300
26300,-50,1000,"bu","09:24:41",86000
26300,-50,100,"bu","09:24:35",85000
26300,-50,100,"bu","09:24:23",84900
26250,-100,200,"sd","09:24:22",84800
26300,-50,100,"bu","09:24:03",84600
26300,-50,200,"bu","09:23:29",84500
26300,-50,400,"sd","09:22:25",84300
26300,-50,5000,"sd","09:22:25",83900
26300,-50,800,"sd","09:22:25",78900
26300,-50,5000,"sd","09:22:25",78100
26300,-50,100,"sd","09:22:25",73100
26300,-50,1000,"sd","09:22:25",73000
26300,-50,400,"sd","09:21:45",72000
26300,-50,500,"sd","09:21:13",71600
26300,-50,1400,"sd","09:20:42",71100
26300,-50,5000,"sd","09:20:39",69700
26300,-50,1200,"sd","09:20:34",64700
26300,-50,1500,"sd","09:20:04",63500
26300,-50,1000,"sd","09:20:04",62000
26300,-50,100,"sd","09:20:04",61000
26300,-50,100,"sd","09:19:58",60900
26300,-50,100,"sd","09:19:45",60800
26300,-50,200,"sd","09:19:20",60700
26300,-50,500,"sd","09:19:20",60500
26300,-50,1300,"sd","09:19:20",60000
26300,-50,3700,"sd","09:19:12",58700
26300,-50,700,"sd","09:19:12",55000
26300,-50,5000,"sd","09:19:12",54300
26300,-50,900,"sd","09:19:12",49300
26300,-50,100,"sd","09:19:12",48400
26300,-50,500,"sd","09:19:12",48300
26300,-50,500,"sd","09:19:12",47800
26300,-50,1000,"sd","09:19:12",47300
26300,-50,7600,"sd","09:19:12",46300
26350,0,500,"bu","09:19:12",38700
26350,0,100,"bu","09:18:40",38200
26350,0,100,"unknown","09:18:40",38100
26350,0,10000,"sd","09:18:40",38000
26350,0,6800,"sd","09:18:40",28000
26350,0,1000,"sd","09:18:01",21200
26350,0,2200,"sd","09:17:55",20200
26300,-50,2400,"sd","09:16:09",18000
26300,-50,100,"sd","09:16:09",15600
26300,-50,100,"sd","09:16:09",15500
26300,-50,100,"sd","09:16:09",15400
26300,-50,1000,"sd","09:16:09",15300
26350,0,100,"sd","09:15:59",14300
26350,0,400,"sd","09:15:59",14200
26350,0,1000,"sd","09:15:59",13800
26350,0,400,"sd","09:15:59",12800
26400,50,200,"sd","09:15:28",12400
26400,50,3000,"sd","09:15:28",12200
26400,50,500,"sd","09:15:28",9200
26400,50,100,"sd","09:15:28",8700
26400,50,600,"sd","09:15:28",8600
26400,50,8000,"sd","09:15:01",8000
