"price","change","match_qtty","side","time","total_vol"
20750,-500,2192900,"unknown","14:45:00",49284900
20900,-350,200,"bu","14:29:59",47092000
20900,-350,300,"bu","14:29:59",47091800
20850,-400,100,"sd","14:29:58",47091500
20800,-450,5000,"sd","14:29:55",47091400
20800,-450,300,"sd","14:29:55",47086400
20800,-450,100,"sd","14:29:55",47086100
20800,-450,600,"sd","14:29:55",47086000
20800,-450,300,"sd","14:29:55",47085400
20800,-450,300,"sd","14:29:55",47085100
20800,-450,300,"sd","14:29:55",47084800
20800,-450,100,"sd","14:29:55",47084500
20800,-450,400,"sd","14:29:55",47084400
20800,-450,100,"sd","14:29:55",47084000
20800,-450,1000,"sd","14:29:55",47083900
20800,-450,4000,"sd","14:29:55",47082900
20800,-450,700,"sd","14:29:55",47078900
20800,-450,1000,"sd","14:29:55",47078200
20800,-450,300,"sd","14:29:55",47077200
20800,-450,100,"sd","14:29:55",47076900
20800,-450,2000,"sd","14:29:55",47076800
20800,-450,200,"sd","14:29:55",47074800
20800,-450,100,"sd","14:29:55",47074600
20800,-450,100,"sd","14:29:55",47074500
20800,-450,500,"sd","14:29:55",47074400
20800,-450,100,"sd","14:29:55",47073900
20800,-450,100,"sd","14:29:55",47073800
20800,-450,10000,"sd","14:29:55",47073700
20800,-450,100,"sd","14:29:55",47063700
20800,-450,100,"sd","14:29:55",47063600
20800,-450,100,"sd","14:29:55",47063500
20800,-450,200,"sd","14:29:55",47063400
20800,-450,100,"sd","14:29:55",47063200
20800,-450,1000,"sd","14:29:55",47063100
20800,-450,1000,"sd","14:29:55",47062100
20800,-450,100,"sd","14:29:55",47061100
20800,-450,2000,"sd","14:29:55",47061000
20800,-450,500,"sd","14:29:55",47059000
20800,-450,100,"sd","14:29:55",47058500
20800,-450,300,"sd","14:29:55",47058400
20800,-450,5000,"sd","14:29:55",47058100
20800,-450,100,"sd","14:29:55",47053100
20800,-450,100,"sd","14:29:55",47053000
20800,-450,2000,"sd","14:29:55",47052900
20800,-450,2000,"sd","14:29:55",47050900
20800,-450,100,"sd","14:29:55",47048900
20800,-450,100,"sd","14:29:55",47048800
20800,-450,2800,"sd","14:29:55",47048700
20800,-450,200,"sd","14:29:55",47045900
20800,-450,1000,"sd","14:29:55",47045700
20800,-450,100,"sd","14:29:55",47044700
20800,-450,100,"sd","14:29:55",47044600
20800,-450,100,"sd","14:29:55",47044500
20800,-450,100,"sd","14:29:55",47044400
20800,-450,300,"sd","14:29:55",47044300
20800,-450,200,"sd","14:29:55",47044000
20800,-450,5000,"sd","14:29:55",47043800
20800,-450,500,"sd","14:29:55",47038800
20800,-450,100,"sd","14:29:55",47038300
20800,-450,100,"sd","14:29:55",47038200
20800,-450,500,"sd","14:29:55",47038100
20800,-450,100,"sd","14:29:55",47037600
20800,-450,1000,"sd","14:29:55",47037500
20800,-450,500,"sd","14:29:55",47036500
20800,-450,500,"sd","14:29:55",47036000
20800,-450,200,"sd","14:29:55",47035500
20850,-400,100,"sd","14:29:55",47035300
20800,-450,100,"sd","14:29:55",47035200
20850,-400,100,"sd","14:29:55",47035100
20800,-450,9900,"sd","14:29:55",47035000
20850,-400,100,"sd","14:29:55",47025100
20850,-400,5000,"sd","14:29:55",47025000
20850,-400,7000,"sd","14:29:55",47020000
20850,-400,1000,"sd","14:29:55",47013000
20850,-400,100,"sd","14:29:55",47012000
20850,-400,200,"sd","14:29:55",47011900
20850,-400,10000,"sd","14:29:55",47011700
20850,-400,500,"sd","14:29:55",47001700
20850,-400,2700,"sd","14:29:55",47001200
20850,-400,400,"sd","14:29:55",46998500
20850,-400,700,"sd","14:29:55",46998100
20850,-400,3000,"sd","14:29:55",46997400
20850,-400,2000,"sd","14:29:55",46994400
20850,-400,1000,"sd","14:29:55",46992400
20850,-400,400,"sd","14:29:53",46991400
20850,-400,400,"sd","14:29:53",46991000
20850,-400,100,"sd","14:29:50",46990600
20850,-400,700,"sd","14:29:50",46990500
20850,-400,300,"sd","14:29:49",46989800
20850,-400,100,"sd","14:29:49",46989500
20850,-400,100,"sd","14:29:49",46989400
20850,-400,100,"sd","14:29:49",46989300
20850,-400,500,"sd","14:29:49",46989200
20850,-400,7400,"sd","14:29:49",46988700
20900,-350,500,"bu","14:29:49",46981300
20900,-350,200,"bu","14:29:43",46980800
20850,-400,700,"bu","14:29:43",46980600
20850,-400,1900,"bu","14:29:43",46979900
20850,-400,100,"bu","14:29:43",46978000
20850,-400,100,"bu","14:29:42",46977900
20850,-400,1600,"bu","14:29:41",46977800
20800,-450,500,"sd","14:29:40",46976200
20850,-400,1300,"bu","14:29:39",46975700
20850,-400,700,"bu","14:29:39",46974400
20850,-400,300,"bu","14:29:39",46973700
20850,-400,100,"bu","14:29:39",46973400
20850,-400,700,"bu","14:29:39",46973300
20850,-400,4000,"bu","14:29:39",46972600
20850,-400,2000,"bu","14:29:39",46968600
20850,-400,100,"bu","14:29:39",46966600
20850,-400,1000,"bu","14:29:39",46966500
20850,-400,400,"bu","14:29:39",46965500
20850,-400,100,"bu","14:29:39",46965100
20850,-400,100,"bu","14:29:39",46965000
20850,-400,1500,"bu","14:29:39",46964900
20850,-400,100,"bu","14:29:39",46963400
20850,-400,100,"bu","14:29:39",46963300
20850,-400,1000,"bu","14:29:38",46963200
20850,-400,200,"bu","14:29:38",46962200
20800,-450,2000,"sd","14:29:37",46962000
20850,-400,100,"bu","14:29:36",46960000
20800,-450,1200,"sd","14:29:35",46959900
20850,-400,100,"bu","14:29:35",46958700
20850,-400,4900,"bu","14:29:35",46958600
20850,-400,5000,"bu","14:29:34",46953700
20850,-400,1000,"bu","14:29:34",46948700
20850,-400,1100,"bu","14:29:34",46947700
20850,-400,200,"bu","14:29:34",46946600
20850,-400,3700,"bu","14:29:34",46946400
20850,-400,800,"bu","14:29:33",46942700
20850,-400,300,"bu","14:29:33",46941900
20850,-400,100,"bu","14:29:32",46941600
20850,-400,100,"bu","14:29:31",46941500
20850,-400,300,"bu","14:29:31",46941400
20850,-400,800,"bu","14:29:31",46941100
20850,-400,800,"bu","14:29:31",46940300
20850,-400,3000,"bu","14:29:31",46939500
20800,-450,100,"sd","14:29:30",46936500
20850,-400,2000,"bu","14:29:30",46936400
20850,-400,2000,"bu","14:29:30",46934400
20850,-400,5000,"bu","14:29:30",46932400
20850,-400,1400,"bu","14:29:30",46927400
20850,-400,600,"bu","14:29:30",46926000
20850,-400,200,"bu","14:29:28",46925400
20850,-400,300,"bu","14:29:28",46925200
20850,-400,1000,"bu","14:29:28",46924900
20850,-400,3700,"bu","14:29:28",46923900
20850,-400,900,"bu","14:29:27",46920200
20850,-400,7300,"bu","14:29:26",46919300
20850,-400,15000,"bu","14:29:26",46912000
20850,-400,100,"bu","14:29:26",46897000
20850,-400,600,"bu","14:29:26",46896900
20850,-400,2300,"bu","14:29:26",46896300
20850,-400,1000,"bu","14:29:26",46894000
20850,-400,1000,"bu","14:29:26",46893000
20850,-400,500,"bu","14:29:26",46892000
20850,-400,2200,"bu","14:29:26",46891500
20850,-400,5000,"bu","14:29:25",46889300
20800,-450,16300,"sd","14:29:23",46884300
20800,-450,100,"sd","14:29:23",46868000
20800,-450,1000,"sd","14:29:23",46867900
20800,-450,200,"sd","14:29:23",46866900
20800,-450,2300,"sd","14:29:23",46866700
20800,-450,100,"sd","14:29:23",46864400
20850,-400,500,"bu","14:29:22",46864300
20850,-400,1000,"bu","14:29:22",46863800
20800,-450,300,"sd","14:29:21",46862800
20800,-450,900,"sd","14:29:21",46862500
20800,-450,100,"sd","14:29:21",46861600
20800,-450,200,"sd","14:29:21",46861500
20800,-450,500,"sd","14:29:21",46861300
20800,-450,1000,"sd","14:29:21",46860800
20800,-450,100,"sd","14:29:21",46859800
20800,-450,500,"sd","14:29:21",46859700
20800,-450,2000,"sd","14:29:21",46859200
20800,-450,5000,"sd","14:29:21",46857200
20800,-450,2900,"sd","14:29:21",46852200
20800,-450,1000,"sd","14:29:21",46849300
20800,-450,100,"sd","14:29:21",46848300
20800,-450,3000,"sd","14:29:21",46848200
20800,-450,400,"sd","14:29:21",46845200
20800,-450,1100,"sd","14:29:21",46844800
20800,-450,500,"sd","14:29:21",46843700
20800,-450,5000,"sd","14:29:21",46843200
20800,-450,2300,"sd","14:29:21",46838200
20800,-450,200,"sd","14:29:21",46835900
20800,-450,4200,"sd","14:29:21",46835700
20800,-450,100,"sd","14:29:21",46831500
20800,-450,1100,"sd","14:29:21",46831400
20800,-450,5000,"sd","14:29:21",46830300
20800,-450,5000,"sd","14:29:21",46825300
20800,-450,1200,"sd","14:29:21",46820300
20800,-450,100,"sd","14:29:21",46819100
20800,-450,200,"sd","14:29:21",46819000
20800,-450,500,"sd","14:29:21",46818800
20800,-450,100,"sd","14:29:21",46818300
20800,-450,200,"sd","14:29:21",46818200
20800,-450,200,"sd","14:29:21",46818000
20800,-450,200,"sd","14:29:21",46817800
20800,-450,100,"sd","14:29:21",46817600
20800,-450,1000,"sd","14:29:21",46817500
20800,-450,10000,"sd","14:29:21",46816500
20800,-450,100,"sd","14:29:21",46806500
20800,-450,200,"sd","14:29:21",46806400
20800,-450,10000,"sd","14:29:21",46806200
20800,-450,3900,"sd","14:29:21",46796200
20800,-450,1800,"sd","14:29:21",46792300
20800,-450,400,"sd","14:29:21",46790500
20800,-450,15000,"sd","14:29:21",46790100
20800,-450,100,"sd","14:29:21",46775100
20800,-450,100,"sd","14:29:21",46775000
20800,-450,3000,"sd","14:29:21",46774900
20800,-450,500,"sd","14:29:21",46771900
20800,-450,1000,"sd","14:29:21",46771400
20800,-450,10000,"sd","14:29:21",46770400
20800,-450,400,"sd","14:29:21",46760400
20800,-450,100,"sd","14:29:21",46760000
20800,-450,200,"sd","14:29:21",46759900
20850,-400,1300,"bu","14:29:21",46759700
20850,-400,300,"bu","14:29:21",46758400
20850,-400,100,"bu","14:29:21",46758100
20850,-400,400,"bu","14:29:21",46758000
20850,-400,1500,"bu","14:29:21",46757600
20850,-400,100,"bu","14:29:21",46756100
20850,-400,1300,"bu","14:29:21",46756000
20850,-400,100,"bu","14:29:21",46754700
20850,-400,1000,"bu","14:29:20",46754600
20850,-400,2000,"bu","14:29:20",46753600
20850,-400,300,"bu","14:29:20",46751600
20850,-400,100,"bu","14:29:19",46751300
20850,-400,100,"bu","14:29:18",46751200
20850,-400,1500,"bu","14:29:18",46751100
20850,-400,100,"bu","14:29:18",46749600
20850,-400,500,"bu","14:29:17",46749500
20850,-400,500,"bu","14:29:17",46749000
20850,-400,1000,"bu","14:29:17",46748500
20850,-400,1000,"bu","14:29:17",46747500
20850,-400,500,"bu","14:29:17",46746500
20850,-400,1500,"bu","14:29:17",46746000
20850,-400,500,"bu","14:29:17",46744500
20850,-400,500,"bu","14:29:17",46744000
20850,-400,1500,"bu","14:29:17",46743500
20850,-400,500,"bu","14:29:16",46742000
20850,-400,500,"bu","14:29:16",46741500
20850,-400,1500,"bu","14:29:15",46741000
20850,-400,900,"bu","14:29:15",46739500
20850,-400,600,"bu","14:29:15",46738600
20850,-400,900,"bu","14:29:15",46738000
20850,-400,200,"bu","14:29:15",46737100
20850,-400,3000,"bu","14:29:15",46736900
20850,-400,200,"bu","14:29:13",46733900
20850,-400,200,"bu","14:29:13",46733700
20850,-400,2100,"bu","14:29:12",46733500
20850,-400,400,"bu","14:29:11",46731400
20850,-400,300,"bu","14:29:11",46731000
20850,-400,500,"bu","14:29:11",46730700
20850,-400,100,"bu","14:29:10",46730200
20850,-400,100,"bu","14:29:09",46730100
20850,-400,900,"bu","14:29:09",46730000
20850,-400,200,"bu","14:29:08",46729100
20850,-400,2000,"bu","14:29:07",46728900
20850,-400,1900,"bu","14:29:07",46726900
20850,-400,500,"bu","14:29:07",46725000
20850,-400,100,"bu","14:29:07",46724500
20850,-400,1700,"bu","14:29:07",46724400
20850,-400,1000,"bu","14:29:06",46722700
20850,-400,1000,"bu","14:29:06",46721700
20850,-400,200,"bu","14:29:06",46720700
20850,-400,1000,"bu","14:29:05",46720500
20850,-400,500,"bu","14:29:04",46719500
20850,-400,4600,"bu","14:29:02",46719000
20850,-400,400,"bu","14:29:02",46714400
20850,-400,300,"bu","14:29:02",46714000
20800,-450,4800,"sd","14:29:02",46713700
20800,-450,100,"sd","14:29:02",46708900
20800,-450,100,"sd","14:29:02",46708800
20800,-450,100,"sd","14:29:02",46708700
20800,-450,500,"sd","14:29:02",46708600
20800,-450,400,"sd","14:29:02",46708100
20850,-400,300,"bu","14:29:02",46707700
20850,-400,2000,"bu","14:29:02",46707400
20850,-400,2000,"bu","14:29:02",46705400
20850,-400,1000,"bu","14:29:02",46703400
20850,-400,5000,"bu","14:29:00",46702400
20850,-400,300,"bu","14:29:00",46697400
20800,-450,100,"sd","14:28:59",46697100
20800,-450,400,"sd","14:28:59",46697000
20800,-450,200,"sd","14:28:59",46696600
20850,-400,100,"bu","14:28:59",46696400
20850,-400,500,"bu","14:28:58",46696300
20800,-450,100,"sd","14:28:56",46695800
20800,-450,300,"sd","14:28:55",46695700
20800,-450,4700,"sd","14:28:55",46695400
20800,-450,100,"sd","14:28:54",46690700
20850,-400,100,"bu","14:28:54",46690600
20850,-400,100,"bu","14:28:54",46690500
20850,-400,1700,"bu","14:28:52",46690400
20850,-400,300,"bu","14:28:52",46688700
20850,-400,500,"bu","14:28:52",46688400
20800,-450,100,"sd","14:28:51",46687900
20800,-450,100,"sd","14:28:49",46687800
20800,-450,500,"sd","14:28:46",46687700
20800,-450,200,"sd","14:28:46",46687200
20850,-400,500,"bu","14:28:46",46687000
20850,-400,500,"bu","14:28:43",46686500
20800,-450,100,"sd","14:28:43",46686000
20850,-400,100,"bu","14:28:43",46685900
20800,-450,3400,"sd","14:28:43",46685800
20800,-450,200,"sd","14:28:41",46682400
20850,-400,1400,"bu","14:28:41",46682200
20800,-450,10000,"sd","14:28:39",46680800
20850,-400,3000,"bu","14:28:39",46670800
20850,-400,1000,"bu","14:28:39",46667800
20850,-400,500,"bu","14:28:38",46666800
20800,-450,100,"sd","14:28:38",46666300
20850,-400,200,"bu","14:28:38",46666200
20850,-400,300,"bu","14:28:37",46666000
20800,-450,200,"sd","14:28:36",46665700
20850,-400,100,"bu","14:28:35",46665500
20850,-400,200,"bu","14:28:35",46665400
20850,-400,100,"bu","14:28:35",46665200
20850,-400,1400,"bu","14:28:35",46665100
20850,-400,200,"bu","14:28:35",46663700
20850,-400,500,"bu","14:28:35",46663500
20850,-400,300,"bu","14:28:35",46663000
20850,-400,400,"bu","14:28:35",46662700
20850,-400,100,"bu","14:28:35",46662300
20800,-450,2000,"sd","14:28:35",46662200
20800,-450,100,"sd","14:28:33",46660200
20850,-400,400,"bu","14:28:33",46660100
20850,-400,100,"bu","14:28:33",46659700
20850,-400,300,"bu","14:28:33",46659600
20850,-400,100,"bu","14:28:31",46659300
20800,-450,2000,"sd","14:28:30",46659200
20800,-450,100,"sd","14:28:30",46657200
20800,-450,200,"sd","14:28:29",46657100
20850,-400,2700,"bu","14:28:28",46656900
20850,-400,200,"bu","14:28:26",46654200
20850,-400,100,"bu","14:28:26",46654000
20800,-450,100,"sd","14:28:25",46653900
20850,-400,1000,"bu","14:28:24",46653800
20800,-450,200,"sd","14:28:23",46652800
20800,-450,1000,"sd","14:28:22",46652600
20850,-400,300,"bu","14:28:21",46651600
20800,-450,100,"sd","14:28:20",46651300
20800,-450,200,"sd","14:28:20",46651200
20800,-450,100,"sd","14:28:20",46651000
20850,-400,500,"bu","14:28:20",46650900
20800,-450,100,"sd","14:28:20",46650400
20850,-400,1000,"bu","14:28:19",46650300
20800,-450,2500,"sd","14:28:19",46649300
20850,-400,800,"bu","14:28:18",46646800
20850,-400,700,"bu","14:28:18",46646000
20850,-400,100,"bu","14:28:16",46645300
20800,-450,200,"sd","14:28:13",46645200
20850,-400,1100,"bu","14:28:13",46645000
20850,-400,5500,"bu","14:28:12",46643900
20850,-400,1500,"bu","14:28:12",46638400
20850,-400,1000,"bu","14:28:11",46636900
20800,-450,200,"sd","14:28:10",46635900
20800,-450,1200,"sd","14:28:10",46635700
20800,-450,3000,"sd","14:28:10",46634500
20800,-450,800,"sd","14:28:10",46631500
20800,-450,100,"sd","14:28:07",46630700
20800,-450,200,"sd","14:28:05",46630600
20850,-400,800,"bu","14:28:04",46630400
20850,-400,3000,"bu","14:28:03",46629600
20850,-400,100,"bu","14:28:03",46626600
20800,-450,100,"sd","14:28:02",46626500
20800,-450,500,"sd","14:28:00",46626400
20800,-450,200,"sd","14:28:00",46625900
20800,-450,100,"sd","14:27:57",46625700
20800,-450,600,"sd","14:27:56",46625600
20850,-400,100,"bu","14:27:55",46625000
20800,-450,100,"sd","14:27:54",46624900
20800,-450,200,"sd","14:27:52",46624800
20850,-400,100,"bu","14:27:52",46624600
20850,-400,600,"bu","14:27:52",46624500
20850,-400,800,"bu","14:27:52",46623900
20850,-400,3300,"bu","14:27:52",46623100
20850,-400,900,"bu","14:27:52",46619800
20800,-450,100,"sd","14:27:49",46618900
20850,-400,2000,"bu","14:27:49",46618800
20800,-450,100,"sd","14:27:48",46616800
20800,-450,100,"sd","14:27:48",46616700
20800,-450,300,"sd","14:27:48",46616600
20800,-450,200,"sd","14:27:46",46616300
20800,-450,100,"sd","14:27:44",46616100
20850,-400,1000,"bu","14:27:43",46616000
20850,-400,500,"bu","14:27:42",46615000
20800,-450,200,"sd","14:27:41",46614500
20800,-450,100,"sd","14:27:40",46614300
20800,-450,1000,"sd","14:27:40",46614200
20800,-450,100,"sd","14:27:39",46613200
20800,-450,300,"sd","14:27:38",46613100
20800,-450,500,"sd","14:27:38",46612800
20800,-450,100,"sd","14:27:38",46612300
20800,-450,2000,"sd","14:27:38",46612200
20800,-450,500,"sd","14:27:38",46610200
20800,-450,5000,"sd","14:27:38",46609700
20800,-450,100,"sd","14:27:38",46604700
20800,-450,1000,"sd","14:27:38",46604600
20800,-450,100,"sd","14:27:38",46603600
20800,-450,100,"sd","14:27:38",46603500
20800,-450,5900,"sd","14:27:38",46603400
20800,-450,1000,"sd","14:27:38",46597500
20800,-450,300,"sd","14:27:38",46596500
20800,-450,2000,"sd","14:27:38",46596200
20800,-450,2000,"sd","14:27:38",46594200
20800,-450,100,"sd","14:27:38",46592200
20800,-450,100,"sd","14:27:38",46592100
20800,-450,3900,"sd","14:27:38",46592000
20850,-400,200,"bu","14:27:36",46588100
20800,-450,100,"sd","14:27:36",46587900
20850,-400,5000,"bu","14:27:34",46587800
20800,-450,200,"sd","14:27:33",46582800
20800,-450,100,"sd","14:27:32",46582600
20800,-450,200,"sd","14:27:28",46582500
20800,-450,700,"sd","14:27:27",46582300
20800,-450,100,"sd","14:27:26",46581600
20800,-450,200,"sd","14:27:26",46581500
20850,-400,400,"bu","14:27:24",46581300
20850,-400,9600,"bu","14:27:24",46580900
20800,-450,200,"sd","14:27:23",46571300
20800,-450,200,"sd","14:27:22",46571100
20850,-400,300,"bu","14:27:21",46570900
20800,-450,100,"sd","14:27:20",46570600
20800,-450,7000,"sd","14:27:20",46570500
20800,-450,2000,"sd","14:27:19",46563500
20800,-450,100,"sd","14:27:18",46561500
20850,-400,100,"bu","14:27:17",46561400
20850,-400,300,"bu","14:27:17",46561300
20850,-400,200,"bu","14:27:15",46561000
20800,-450,200,"sd","14:27:15",46560800
20800,-450,2000,"sd","14:27:15",46560600
20850,-400,3500,"bu","14:27:15",46558600
20800,-450,100,"sd","14:27:13",46555100
20800,-450,2600,"sd","14:27:13",46555000
20800,-450,100,"sd","14:27:13",46552400
20800,-450,1000,"sd","14:27:13",46552300
20800,-450,400,"sd","14:27:13",46551300
20800,-450,500,"sd","14:27:13",46550900
20800,-450,1800,"sd","14:27:13",46550400
20800,-450,200,"sd","14:27:11",46548600
20800,-450,300,"sd","14:27:10",46548400
20850,-400,100,"bu","14:27:09",46548100
20800,-450,100,"sd","14:27:07",46548000
20850,-400,100,"bu","14:27:07",46547900
20800,-450,200,"sd","14:27:05",46547800
20850,-400,100,"bu","14:27:03",46547600
20800,-450,100,"sd","14:27:03",46547500
20800,-450,100,"sd","14:27:00",46547400
20850,-400,2000,"bu","14:26:59",46547300
20850,-400,800,"bu","14:26:58",46545300
20800,-450,200,"sd","14:26:57",46544500
20800,-450,7700,"sd","14:26:55",46544300
20800,-450,1000,"sd","14:26:55",46536600
20800,-450,500,"sd","14:26:55",46535600
20800,-450,100,"sd","14:26:55",46535100
20800,-450,200,"sd","14:26:55",46535000
20800,-450,5000,"sd","14:26:55",46534800
20800,-450,2000,"sd","14:26:55",46529800
20800,-450,100,"sd","14:26:55",46527800
20800,-450,500,"sd","14:26:55",46527700
20800,-450,500,"sd","14:26:55",46527200
20800,-450,500,"sd","14:26:55",46526700
20800,-450,300,"sd","14:26:55",46526200
20800,-450,500,"sd","14:26:55",46525900
20800,-450,100,"sd","14:26:55",46525400
20800,-450,100,"sd","14:26:55",46525300
20800,-450,500,"sd","14:26:55",46525200
20800,-450,2900,"sd","14:26:55",46524700
20800,-450,200,"sd","14:26:55",46521800
20800,-450,2500,"sd","14:26:55",46521600
20800,-450,1000,"sd","14:26:55",46519100
20800,-450,300,"sd","14:26:55",46518100
20800,-450,15000,"sd","14:26:55",46517800
20800,-450,100,"sd","14:26:55",46502800
20800,-450,1000,"sd","14:26:55",46502700
20800,-450,200,"sd","14:26:55",46501700
20800,-450,700,"sd","14:26:55",46501500
20800,-450,300,"sd","14:26:55",46500800
20800,-450,500,"sd","14:26:55",46500500
20800,-450,3400,"sd","14:26:55",46500000
20800,-450,1000,"sd","14:26:55",46496600
20800,-450,1300,"sd","14:26:55",46495600
20800,-450,100,"sd","14:26:54",46494300
20800,-450,200,"sd","14:26:52",46494200
20800,-450,100,"sd","14:26:49",46494000
20850,-400,300,"bu","14:26:48",46493900
20800,-450,1700,"sd","14:26:48",46493600
20800,-450,100,"sd","14:26:48",46491900
20800,-450,200,"sd","14:26:47",46491800
20800,-450,1000,"sd","14:26:47",46491600
20850,-400,1700,"bu","14:26:45",46490600
20850,-400,900,"bu","14:26:44",46488900
20850,-400,200,"bu","14:26:44",46488000
20850,-400,700,"bu","14:26:44",46487800
20800,-450,100,"sd","14:26:44",46487100
20850,-400,500,"bu","14:26:41",46487000
20800,-450,100,"sd","14:26:41",46486500
20850,-400,700,"bu","14:26:40",46486400
20800,-450,200,"sd","14:26:39",46485700
20800,-450,100,"sd","14:26:36",46485500
20800,-450,200,"sd","14:26:35",46485400
20800,-450,200,"sd","14:26:34",46485200
20850,-400,1000,"bu","14:26:34",46485000
20800,-450,100,"sd","14:26:31",46484000
20800,-450,2400,"sd","14:26:31",46483900
20800,-450,200,"sd","14:26:28",46481500
20800,-450,100,"sd","14:26:26",46481300
20850,-400,100,"bu","14:26:24",46481200
20800,-450,100,"sd","14:26:24",46481100
20800,-450,200,"sd","14:26:21",46481000
20800,-450,100,"sd","14:26:18",46480800
20800,-450,200,"sd","14:26:16",46480700
20800,-450,5000,"sd","14:26:15",46480500
20800,-450,500,"sd","14:26:13",46475500
20800,-450,100,"sd","14:26:13",46475000
20800,-450,2000,"sd","14:26:12",46474900
20800,-450,2000,"sd","14:26:11",46472900
20800,-450,1100,"sd","14:26:11",46470900
20800,-450,200,"sd","14:26:10",46469800
20800,-450,100,"sd","14:26:08",46469600
20800,-450,2000,"bu","14:26:08",46469500
20800,-450,5000,"bu","14:26:08",46467500
20800,-450,600,"bu","14:26:08",46462500
20800,-450,1000,"bu","14:26:08",46461900
20800,-450,5000,"bu","14:26:08",46460900
20800,-450,1000,"bu","14:26:08",46455900
20800,-450,1000,"bu","14:26:08",46454900
20800,-450,5000,"bu","14:26:08",46453900
20800,-450,12800,"bu","14:26:08",46448900
20800,-450,100,"bu","14:26:06",46436100
20800,-450,300,"bu","14:26:06",46436000
20800,-450,1000,"bu","14:26:06",46435700
20800,-450,200,"bu","14:26:06",46434700
20800,-450,100,"bu","14:26:06",46434500
20800,-450,6000,"bu","14:26:06",46434400
20750,-500,100,"sd","14:26:05",46428400
20800,-450,1000,"bu","14:26:05",46428300
20800,-450,2000,"bu","14:26:05",46427300
20800,-450,2000,"bu","14:26:05",46425300
20800,-450,900,"bu","14:26:04",46423300
20800,-450,5000,"bu","14:26:04",46422400
20800,-450,100,"bu","14:26:04",46417400
20800,-450,2000,"bu","14:26:04",46417300
20800,-450,1000,"bu","14:26:04",46415300
20750,-500,200,"sd","14:26:03",46414300
20800,-450,300,"bu","14:26:03",46414100
20800,-450,2000,"bu","14:26:02",46413800
20800,-450,1000,"bu","14:26:01",46411800
20800,-450,100,"bu","14:26:01",46410800
20750,-500,100,"sd","14:26:00",46410700
20800,-450,10000,"bu","14:26:00",46410600
20800,-450,2100,"bu","14:26:00",46400600
20800,-450,2900,"bu","14:26:00",46398500
20800,-450,100,"bu","14:25:59",46395600
20750,-500,200,"sd","14:25:57",46395500
20800,-450,700,"bu","14:25:57",46395300
20750,-500,100,"sd","14:25:55",46394600
20800,-450,1300,"bu","14:25:55",46394500
20800,-450,1600,"bu","14:25:55",46393200
20800,-450,700,"bu","14:25:55",46391600
20800,-450,1000,"bu","14:25:55",46390900
20800,-450,7800,"bu","14:25:55",46389900
20800,-450,100,"bu","14:25:55",46382100
20800,-450,7500,"bu","14:25:55",46382000
20800,-450,500,"bu","14:25:55",46374500
20800,-450,100,"bu","14:25:55",46374000
20800,-450,100,"bu","14:25:53",46373900
20800,-450,500,"bu","14:25:53",46373800
20750,-500,200,"sd","14:25:52",46373300
20750,-500,100,"sd","14:25:50",46373100
20800,-450,10000,"bu","14:25:50",46373000
20800,-450,400,"bu","14:25:49",46363000
20800,-450,2000,"bu","14:25:49",46362600
20750,-500,100,"sd","14:25:47",46360600
20800,-450,200,"bu","14:25:46",46360500
20750,-500,200,"sd","14:25:44",46360300
20800,-450,2000,"bu","14:25:44",46360100
20750,-500,100,"sd","14:25:42",46358100
20800,-450,500,"bu","14:25:40",46358000
20800,-450,1000,"bu","14:25:40",46357500
20800,-450,7000,"bu","14:25:40",46356500
20750,-500,200,"sd","14:25:39",46349500
20800,-450,100,"bu","14:25:38",46349300
20750,-500,300,"sd","14:25:38",46349200
20750,-500,100,"sd","14:25:37",46348900
20800,-450,4800,"bu","14:25:37",46348800
20800,-450,400,"bu","14:25:37",46344000
20800,-450,700,"bu","14:25:36",46343600
20750,-500,200,"sd","14:25:34",46342900
20800,-450,100,"bu","14:25:33",46342700
20800,-450,1000,"bu","14:25:33",46342600
20750,-500,100,"sd","14:25:32",46341600
20800,-450,100,"bu","14:25:31",46341500
20750,-500,100,"sd","14:25:29",46341400
20800,-450,500,"bu","14:25:29",46341300
20800,-450,400,"bu","14:25:29",46340800
20800,-450,200,"bu","14:25:27",46340400
20750,-500,200,"sd","14:25:26",46340200
20750,-500,5000,"sd","14:25:25",46340000
20800,-450,100,"bu","14:25:25",46335000
20750,-500,100,"sd","14:25:24",46334900
20800,-450,5000,"bu","14:25:23",46334800
20800,-450,100,"bu","14:25:22",46329800
20800,-450,4000,"bu","14:25:22",46329700
20800,-450,300,"bu","14:25:21",46325700
20750,-500,200,"sd","14:25:21",46325400
20750,-500,5000,"sd","14:25:20",46325200
20800,-450,5000,"bu","14:25:20",46320200
20800,-450,200,"bu","14:25:20",46315200
20800,-450,1000,"bu","14:25:19",46315000
20750,-500,100,"sd","14:25:18",46314000
20800,-450,1000,"bu","14:25:18",46313900
20800,-450,5000,"bu","14:25:17",46312900
20800,-450,2000,"bu","14:25:17",46307900
20800,-450,2000,"bu","14:25:17",46305900
20800,-450,1000,"bu","14:25:17",46303900
20800,-450,500,"bu","14:25:17",46302900
20750,-500,200,"sd","14:25:16",46302400
20800,-450,1100,"bu","14:25:15",46302200
20800,-450,10000,"bu","14:25:14",46301100
20750,-500,100,"sd","14:25:13",46291100
20800,-450,100,"bu","14:25:13",46291000
20800,-450,500,"bu","14:25:13",46290900
20750,-500,200,"sd","14:25:13",46290400
20750,-500,9600,"sd","14:25:13",46290200
20750,-500,18500,"sd","14:25:13",46280600
20750,-500,700,"sd","14:25:13",46262100
20750,-500,1000,"sd","14:25:13",46261400
20800,-450,900,"bu","14:25:12",46260400
20750,-500,100,"sd","14:25:11",46259500
20750,-500,200,"sd","14:25:09",46259400
20800,-450,700,"bu","14:25:08",46259200
20800,-450,300,"bu","14:25:07",46258500
20800,-450,100,"bu","14:25:07",46258200
20800,-450,1000,"bu","14:25:06",46258100
20800,-450,1500,"bu","14:25:06",46257100
20750,-500,100,"sd","14:25:05",46255600
20800,-450,2700,"bu","14:25:05",46255500
20800,-450,1000,"bu","14:25:05",46252800
20800,-450,200,"bu","14:25:03",46251800
20750,-500,200,"sd","14:25:03",46251600
20800,-450,200,"bu","14:25:02",46251400
20750,-500,100,"sd","14:25:00",46251200
20800,-450,100,"bu","14:25:00",46251100
20800,-450,700,"sd","14:25:00",46251000
20800,-450,100,"sd","14:25:00",46250300
20800,-450,3000,"sd","14:25:00",46250200
20800,-450,500,"sd","14:25:00",46247200
20800,-450,4000,"sd","14:25:00",46246700
20800,-450,200,"sd","14:25:00",46242700
20800,-450,2000,"sd","14:25:00",46242500
20800,-450,900,"sd","14:25:00",46240500
20800,-450,100,"sd","14:25:00",46239600
20800,-450,100,"sd","14:25:00",46239500
20800,-450,1000,"sd","14:25:00",46239400
20800,-450,200,"sd","14:25:00",46238400
20800,-450,1400,"sd","14:25:00",46238200
20800,-450,2500,"sd","14:25:00",46236800
20800,-450,400,"sd","14:25:00",46234300
20800,-450,10000,"sd","14:25:00",46233900
20800,-450,400,"sd","14:25:00",46223900
20800,-450,500,"sd","14:25:00",46223500
20800,-450,500,"sd","14:25:00",46223000
20800,-450,1000,"sd","14:25:00",46222500
20800,-450,1000,"sd","14:25:00",46221500
20800,-450,1000,"sd","14:25:00",46220500
20800,-450,100,"sd","14:25:00",46219500
20800,-450,1000,"sd","14:25:00",46219400
20800,-450,100,"sd","14:25:00",46218400
20800,-450,100,"sd","14:25:00",46218300
20800,-450,1000,"sd","14:25:00",46218200
20800,-450,100,"sd","14:25:00",46217200
20800,-450,100,"sd","14:25:00",46217100
20800,-450,2000,"sd","14:25:00",46217000
20800,-450,100,"sd","14:25:00",46215000
20800,-450,2000,"sd","14:25:00",46214900
20800,-450,5000,"sd","14:25:00",46212900
20800,-450,600,"sd","14:25:00",46207900
20800,-450,1000,"sd","14:25:00",46207300
20800,-450,1000,"sd","14:25:00",46206300
20800,-450,2000,"sd","14:25:00",46205300
20800,-450,1000,"sd","14:25:00",46203300
20800,-450,1000,"sd","14:25:00",46202300
20800,-450,100,"sd","14:25:00",46201300
20800,-450,300,"sd","14:25:00",46201200
20800,-450,400,"sd","14:25:00",46200900
20800,-450,2500,"sd","14:25:00",46200500
20800,-450,1900,"sd","14:25:00",46198000
20800,-450,1000,"sd","14:25:00",46196100
20800,-450,800,"sd","14:25:00",46195100
20800,-450,3000,"sd","14:25:00",46194300
20800,-450,500,"sd","14:25:00",46191300
20800,-450,5300,"sd","14:25:00",46190800
20800,-450,1000,"sd","14:25:00",46185500
20800,-450,2400,"sd","14:25:00",46184500
20800,-450,200,"sd","14:25:00",46182100
20800,-450,100,"sd","14:25:00",46181900
20800,-450,1000,"sd","14:25:00",46181800
20800,-450,1500,"sd","14:25:00",46180800
20800,-450,1000,"sd","14:25:00",46179300
20800,-450,6000,"sd","14:25:00",46178300
20800,-450,10000,"sd","14:25:00",46172300
20800,-450,10000,"sd","14:25:00",46162300
20800,-450,200,"sd","14:25:00",46152300
20800,-450,5000,"sd","14:25:00",46152100
20800,-450,500,"sd","14:25:00",46147100
20800,-450,400,"sd","14:25:00",46146600
20800,-450,100,"sd","14:25:00",46146200
20800,-450,1000,"sd","14:25:00",46146100
20800,-450,3000,"sd","14:25:00",46145100
20800,-450,4000,"sd","14:25:00",46142100
20800,-450,200,"sd","14:25:00",46138100
20800,-450,100,"sd","14:25:00",46137900
20800,-450,1000,"sd","14:25:00",46137800
20800,-450,5000,"sd","14:25:00",46136800
20800,-450,2000,"sd","14:25:00",46131800
20800,-450,500,"sd","14:25:00",46129800
20800,-450,300,"sd","14:25:00",46129300
20800,-450,1000,"sd","14:25:00",46129000
20800,-450,4500,"sd","14:25:00",46128000
20800,-450,1100,"sd","14:25:00",46123500
20800,-450,100,"sd","14:25:00",46122400
20800,-450,200,"sd","14:25:00",46122300
20800,-450,2000,"sd","14:25:00",46122100
20800,-450,500,"sd","14:25:00",46120100
20800,-450,10000,"sd","14:25:00",46119600
20800,-450,2600,"sd","14:25:00",46109600
20800,-450,15000,"sd","14:25:00",46107000
20800,-450,100,"sd","14:25:00",46092000
20800,-450,500,"sd","14:25:00",46091900
20800,-450,100,"sd","14:25:00",46091400
20800,-450,300,"sd","14:25:00",46091300
20800,-450,100,"sd","14:25:00",46091000
20800,-450,500,"sd","14:25:00",46090900
20800,-450,400,"sd","14:25:00",46090400
20800,-450,5000,"sd","14:25:00",46090000
20800,-450,400,"sd","14:25:00",46085000
20800,-450,700,"sd","14:25:00",46084600
20800,-450,600,"sd","14:25:00",46083900
20800,-450,1000,"sd","14:25:00",46083300
20800,-450,600,"sd","14:25:00",46082300
20800,-450,100,"sd","14:25:00",46081700
20800,-450,1000,"sd","14:25:00",46081600
20800,-450,6100,"sd","14:25:00",46080600
20800,-450,1000,"sd","14:25:00",46074500
20800,-450,100,"sd","14:25:00",46073500
20800,-450,100,"sd","14:25:00",46073400
20800,-450,600,"sd","14:25:00",46073300
20800,-450,1000,"sd","14:25:00",46072700
20800,-450,1200,"sd","14:25:00",46071700
20800,-450,5000,"sd","14:25:00",46070500
20800,-450,2000,"sd","14:25:00",46065500
20800,-450,100,"sd","14:25:00",46063500
20800,-450,600,"sd","14:25:00",46063400
20800,-450,300,"sd","14:25:00",46062800
20800,-450,100,"sd","14:25:00",46062500
20800,-450,1400,"sd","14:25:00",46062400
20800,-450,1000,"sd","14:25:00",46061000
20800,-450,10000,"sd","14:25:00",46060000
20800,-450,400,"sd","14:25:00",46050000
20800,-450,30000,"sd","14:25:00",46049600
20800,-450,28000,"sd","14:25:00",46019600
20800,-450,500,"sd","14:25:00",45991600
20800,-450,300,"sd","14:25:00",45991100
20800,-450,1000,"sd","14:25:00",45990800
20800,-450,600,"sd","14:25:00",45989800
20800,-450,5000,"sd","14:25:00",45989200
20800,-450,200,"sd","14:25:00",45984200
20800,-450,200,"sd","14:25:00",45984000
20800,-450,1000,"sd","14:25:00",45983800
20800,-450,500,"sd","14:25:00",45982800
20800,-450,3000,"sd","14:25:00",45982300
20800,-450,500,"sd","14:25:00",45979300
20800,-450,100,"sd","14:25:00",45978800
20800,-450,2700,"sd","14:25:00",45978700
20800,-450,3100,"sd","14:25:00",45976000
20800,-450,200,"sd","14:25:00",45972900
20800,-450,400,"sd","14:25:00",45972700
20800,-450,500,"sd","14:25:00",45972300
20800,-450,100,"sd","14:25:00",45971800
20800,-450,5000,"sd","14:25:00",45971700
20800,-450,1500,"sd","14:25:00",45966700
20800,-450,500,"sd","14:25:00",45965200
20800,-450,10000,"sd","14:25:00",45964700
20800,-450,100,"sd","14:25:00",45954700
20800,-450,100,"sd","14:25:00",45954600
20800,-450,500,"sd","14:25:00",45954500
20800,-450,24000,"sd","14:25:00",45954000
20800,-450,2000,"sd","14:25:00",45930000
20800,-450,2200,"sd","14:25:00",45928000
20800,-450,100,"sd","14:25:00",45925800
20800,-450,1000,"sd","14:25:00",45925700
20800,-450,100,"sd","14:25:00",45924700
20800,-450,5000,"sd","14:25:00",45924600
20800,-450,3000,"sd","14:25:00",45919600
20800,-450,100,"sd","14:25:00",45916600
20800,-450,100,"sd","14:25:00",45916500
20800,-450,500,"sd","14:25:00",45916400
20800,-450,5300,"sd","14:25:00",45915900
20800,-450,100,"sd","14:25:00",45910600
20800,-450,100,"sd","14:25:00",45910500
20800,-450,10000,"sd","14:25:00",45910400
20800,-450,100,"sd","14:25:00",45900400
20800,-450,100,"sd","14:25:00",45900300
20800,-450,200,"sd","14:25:00",45900200
20800,-450,100,"sd","14:25:00",45900000
20800,-450,8000,"sd","14:25:00",45899900
20800,-450,4700,"sd","14:25:00",45891900
20800,-450,500,"sd","14:25:00",45887200
20850,-400,300,"sd","14:25:00",45886700
20800,-450,300,"sd","14:25:00",45886400
20850,-400,300,"sd","14:25:00",45886100
20800,-450,700,"sd","14:25:00",45885800
20850,-400,300,"sd","14:25:00",45885100
20800,-450,1000,"sd","14:25:00",45884800
20850,-400,100,"sd","14:25:00",45883800
20800,-450,5000,"sd","14:25:00",45883700
20850,-400,2000,"sd","14:25:00",45878700
20800,-450,1000,"sd","14:25:00",45876700
20850,-400,10000,"sd","14:25:00",45875700
20800,-450,200,"sd","14:25:00",45865700
20850,-400,300,"sd","14:25:00",45865500
20850,-400,10000,"sd","14:25:00",45865200
20850,-400,1000,"sd","14:25:00",45855200
20850,-400,500,"sd","14:25:00",45854200
20850,-400,5000,"sd","14:25:00",45853700
20850,-400,1000,"sd","14:25:00",45848700
20850,-400,10000,"sd","14:25:00",45847700
20850,-400,100,"sd","14:25:00",45837700
20850,-400,100,"sd","14:25:00",45837600
20850,-400,500,"sd","14:25:00",45837500
20850,-400,200,"sd","14:25:00",45837000
20850,-400,100,"sd","14:25:00",45836800
20850,-400,1000,"sd","14:25:00",45836700
20850,-400,5000,"sd","14:25:00",45835700
20850,-400,100,"sd","14:24:59",45830700
20850,-400,200,"sd","14:24:59",45830600
20850,-400,500,"sd","14:24:59",45830400
20850,-400,100,"sd","14:24:59",45829900
20850,-400,1000,"sd","14:24:59",45829800
20850,-400,100,"sd","14:24:59",45828800
20850,-400,200,"sd","14:24:58",45828700
20850,-400,200,"sd","14:24:58",45828500
20850,-400,5000,"sd","14:24:58",45828300
20850,-400,500,"sd","14:24:58",45823300
20850,-400,500,"sd","14:24:58",45822800
20850,-400,3000,"sd","14:24:58",45822300
20850,-400,100,"sd","14:24:58",45819300
20850,-400,700,"sd","14:24:58",45819200
20850,-400,1700,"sd","14:24:58",45818500
20850,-400,7600,"sd","14:24:56",45816800
20850,-400,6500,"sd","14:24:56",45809200
20850,-400,2000,"sd","14:24:56",45802700
20850,-400,400,"sd","14:24:56",45800700
20850,-400,1100,"sd","14:24:56",45800300
20850,-400,500,"sd","14:24:56",45799200
20850,-400,2000,"sd","14:24:56",45798700
20850,-400,25900,"sd","14:24:56",45796700
20850,-400,1000,"sd","14:24:56",45770800
20850,-400,100,"sd","14:24:56",45769800
20850,-400,200,"sd","14:24:56",45769700
20850,-400,400,"sd","14:24:56",45769500
20850,-400,100,"sd","14:24:56",45769100
20850,-400,1000,"sd","14:24:56",45769000
20850,-400,1000,"sd","14:24:56",45768000
20850,-400,600,"sd","14:24:56",45767000
20850,-400,200,"sd","14:24:56",45766400
20850,-400,1300,"sd","14:24:56",45766200
20850,-400,1000,"sd","14:24:56",45764900
20850,-400,1400,"sd","14:24:56",45763900
20850,-400,400,"sd","14:24:56",45762500
20850,-400,500,"sd","14:24:56",45762100
20850,-400,900,"sd","14:24:56",45761600
20850,-400,3000,"sd","14:24:56",45760700
20850,-400,1000,"sd","14:24:56",45757700
20850,-400,100,"sd","14:24:56",45756700
20850,-400,1000,"sd","14:24:56",45756600
20850,-400,24000,"sd","14:24:56",45755600
20850,-400,1000,"sd","14:24:56",45731600
20850,-400,100,"sd","14:24:56",45730600
20850,-400,4600,"sd","14:24:56",45730500
20850,-400,1000,"sd","14:24:56",45725900
20850,-400,200,"sd","14:24:56",45724900
20850,-400,2000,"sd","14:24:56",45724700
20850,-400,500,"sd","14:24:56",45722700
20850,-400,5400,"sd","14:24:56",45722200
20850,-400,100,"sd","14:24:56",45716800
20850,-400,3400,"sd","14:24:54",45716700
20850,-400,100,"sd","14:24:52",45713300
20850,-400,200,"sd","14:24:50",45713200
20850,-400,100,"sd","14:24:50",45713000
20850,-400,100,"sd","14:24:50",45712900
20850,-400,5000,"sd","14:24:50",45712800
20850,-400,100,"sd","14:24:50",45707800
20850,-400,2500,"sd","14:24:50",45707700
20850,-400,4000,"sd","14:24:50",45705200
20850,-400,16800,"sd","14:24:50",45701200
20850,-400,10800,"sd","14:24:50",45684400
20850,-400,7400,"sd","14:24:50",45673600
20850,-400,1000,"sd","14:24:50",45666200
20850,-400,600,"sd","14:24:50",45665200
20850,-400,500,"sd","14:24:50",45664600
20850,-400,500,"sd","14:24:50",45664100
20850,-400,600,"sd","14:24:50",45663600
20850,-400,1000,"sd","14:24:49",45663000
20850,-400,12200,"sd","14:24:48",45662000
20850,-400,2000,"sd","14:24:48",45649800
20850,-400,500,"sd","14:24:48",45647800
20850,-400,100,"sd","14:24:48",45647300
20850,-400,100,"sd","14:24:48",45647200
20850,-400,5100,"sd","14:24:48",45647100
20850,-400,100,"sd","14:24:47",45642000
20850,-400,200,"sd","14:24:45",45641900
20850,-400,100,"sd","14:24:42",45641700
20900,-350,100,"bu","14:24:41",45641600
20900,-350,100,"bu","14:24:41",45641500
20900,-350,14500,"bu","14:24:39",45641400
20900,-350,5000,"bu","14:24:39",45626900
20900,-350,20000,"bu","14:24:39",45621900
20900,-350,1500,"bu","14:24:39",45601900
20850,-400,200,"sd","14:24:39",45600400
20850,-400,100,"sd","14:24:37",45600200
20850,-400,200,"sd","14:24:36",45600100
20850,-400,100,"sd","14:24:34",45599900
20900,-350,100,"bu","14:24:33",45599800
20850,-400,200,"sd","14:24:32",45599700
20900,-350,600,"bu","14:24:30",45599500
20850,-400,100,"sd","14:24:30",45598900
20850,-400,200,"sd","14:24:27",45598800
20850,-400,600,"sd","14:24:25",45598600
20850,-400,100,"sd","14:24:24",45598000
20850,-400,200,"sd","14:24:21",45597900
20850,-400,100,"sd","14:24:19",45597700
20900,-350,1000,"bu","14:24:19",45597600
20850,-400,100,"sd","14:24:16",45596600
20850,-400,200,"sd","14:24:14",45596500
20850,-400,100,"sd","14:24:11",45596300
20850,-400,200,"sd","14:24:08",45596200
20850,-400,100,"sd","14:24:06",45596000
20850,-400,200,"sd","14:24:03",45595900
20850,-400,100,"sd","14:24:02",45595700
20850,-400,100,"sd","14:24:01",45595600
20850,-400,1000,"sd","14:24:00",45595500
20900,-350,1000,"bu","14:23:59",45594500
20850,-400,100,"sd","14:23:58",45593500
20900,-350,500,"bu","14:23:58",45593400
20900,-350,1000,"bu","14:23:57",45592900
20850,-400,200,"sd","14:23:55",45591900
20850,-400,100,"sd","14:23:53",45591700
20900,-350,3000,"bu","14:23:51",45591600
20850,-400,200,"sd","14:23:50",45588600
20850,-400,200,"sd","14:23:49",45588400
20850,-400,900,"sd","14:23:48",45588200
20850,-400,100,"sd","14:23:45",45587300
20850,-400,500,"sd","14:23:43",45587200
20850,-400,4500,"sd","14:23:43",45586700
20850,-400,100,"sd","14:23:42",45582200
20850,-400,100,"sd","14:23:40",45582100
20850,-400,300,"sd","14:23:39",45582000
20850,-400,500,"sd","14:23:39",45581700
20850,-400,200,"sd","14:23:39",45581200
20900,-350,300,"bu","14:23:39",45581000
20900,-350,100,"bu","14:23:39",45580700
20900,-350,900,"bu","14:23:39",45580600
20900,-350,800,"bu","14:23:39",45579700
20850,-400,100,"sd","14:23:37",45578900
20850,-400,1500,"sd","14:23:37",45578800
20850,-400,500,"sd","14:23:37",45577300
20850,-400,100,"sd","14:23:36",45576800
20900,-350,300,"bu","14:23:34",45576700
20850,-400,100,"sd","14:23:32",45576400
20850,-400,2100,"sd","14:23:32",45576300
20850,-400,1000,"bu","14:23:30",45574200
20850,-400,900,"bu","14:23:28",45573200
20850,-400,300,"bu","14:23:28",45572300
20850,-400,500,"bu","14:23:28",45572000
20850,-400,700,"bu","14:23:28",45571500
20800,-450,2000,"sd","14:23:27",45570800
20850,-400,100,"bu","14:23:26",45568800
20850,-400,1000,"bu","14:23:26",45568700
20850,-400,1500,"bu","14:23:26",45567700
20850,-400,500,"bu","14:23:26",45566200
20850,-400,1000,"bu","14:23:26",45565700
20850,-400,5000,"bu","14:23:26",45564700
20850,-400,1900,"bu","14:23:26",45559700
20850,-400,2600,"bu","14:23:26",45557800
20850,-400,2000,"bu","14:23:26",45555200
20850,-400,2000,"bu","14:23:26",45553200
20850,-400,1000,"bu","14:23:26",45551200
20850,-400,2500,"bu","14:23:26",45550200
20850,-400,900,"bu","14:23:25",45547700
20800,-450,1000,"sd","14:23:25",45546800
20850,-400,600,"bu","14:23:25",45545800
20850,-400,400,"bu","14:23:25",45545200
20850,-400,2200,"bu","14:23:25",45544800
20850,-400,800,"bu","14:23:25",45542600
20850,-400,100,"bu","14:23:24",45541800
20850,-400,400,"bu","14:23:23",45541700
20850,-400,100,"bu","14:23:23",45541300
20850,-400,1000,"bu","14:23:23",45541200
20850,-400,500,"bu","14:23:23",45540200
20850,-400,100,"bu","14:23:22",45539700
20850,-400,300,"bu","14:23:22",45539600
20850,-400,1700,"bu","14:23:22",45539300
20850,-400,400,"bu","14:23:22",45537600
20850,-400,2900,"bu","14:23:22",45537200
20850,-400,100,"bu","14:23:21",45534300
20850,-400,500,"bu","14:23:21",45534200
20850,-400,400,"bu","14:23:21",45533700
20850,-400,300,"bu","14:23:21",45533300
20850,-400,100,"bu","14:23:21",45533000
20850,-400,600,"bu","14:23:21",45532900
20850,-400,100,"bu","14:23:21",45532300
20850,-400,900,"bu","14:23:21",45532200
20850,-400,2000,"bu","14:23:20",45531300
20850,-400,100,"bu","14:23:20",45529300
20850,-400,10000,"bu","14:23:20",45529200
20850,-400,3100,"bu","14:23:20",45519200
20850,-400,100,"bu","14:23:20",45516100
20850,-400,800,"bu","14:23:17",45516000
20850,-400,1000,"bu","14:23:17",45515200
20850,-400,3000,"bu","14:23:17",45514200
20850,-400,1000,"bu","14:23:15",45511200
20800,-450,200,"sd","14:23:14",45510200
20850,-400,100,"bu","14:23:12",45510000
20850,-400,100,"bu","14:23:12",45509900
20850,-400,1800,"bu","14:23:10",45509800
20850,-400,200,"bu","14:23:10",45508000
20850,-400,800,"bu","14:23:09",45507800
20850,-400,100,"bu","14:23:09",45507000
20850,-400,100,"bu","14:23:09",45506900
20850,-400,1000,"bu","14:23:09",45506800
20850,-400,100,"bu","14:23:09",45505800
20850,-400,2600,"bu","14:23:09",45505700
20850,-400,2000,"bu","14:23:09",45503100
20850,-400,1200,"bu","14:23:09",45501100
20850,-400,2200,"bu","14:23:09",45499900
20850,-400,2500,"bu","14:23:09",45497700
20850,-400,300,"bu","14:23:09",45495200
20850,-400,200,"bu","14:23:09",45494900
20850,-400,4500,"bu","14:23:09",45494700
20850,-400,600,"bu","14:23:08",45490200
20800,-450,700,"sd","14:23:08",45489600
20850,-400,5000,"bu","14:23:06",45488900
20850,-400,100,"bu","14:23:05",45483900
20850,-400,200,"bu","14:23:03",45483800
20850,-400,1000,"bu","14:22:59",45483600
20850,-400,500,"bu","14:22:59",45482600
20800,-450,1400,"sd","14:22:58",45482100
20800,-450,1000,"sd","14:22:58",45480700
20800,-450,2000,"sd","14:22:58",45479700
20800,-450,600,"sd","14:22:58",45477700
20850,-400,2000,"bu","14:22:58",45477100
20850,-400,500,"bu","14:22:57",45475100
20850,-400,1100,"bu","14:22:55",45474600
20850,-400,900,"bu","14:22:55",45473500
20850,-400,3000,"bu","14:22:52",45472600
20850,-400,500,"bu","14:22:51",45469600
20850,-400,100,"bu","14:22:51",45469100
20850,-400,200,"bu","14:22:50",45469000
20850,-400,100,"bu","14:22:50",45468800
20800,-450,200,"sd","14:22:49",45468700
20800,-450,500,"sd","14:22:49",45468500
20800,-450,1000,"sd","14:22:49",45468000
20850,-400,100,"bu","14:22:47",45467000
20850,-400,400,"bu","14:22:45",45466900
20850,-400,3000,"bu","14:22:45",45466500
20850,-400,200,"bu","14:22:45",45463500
20850,-400,300,"bu","14:22:45",45463300
20850,-400,600,"bu","14:22:45",45463000
20850,-400,200,"bu","14:22:42",45462400
20850,-400,2000,"bu","14:22:39",45462200
20850,-400,5000,"bu","14:22:38",45460200
20850,-400,2000,"bu","14:22:38",45455200
20850,-400,200,"bu","14:22:38",45453200
20850,-400,100,"bu","14:22:38",45453000
20850,-400,200,"bu","14:22:32",45452900
20850,-400,1000,"bu","14:22:32",45452700
20850,-400,3300,"bu","14:22:32",45451700
20850,-400,400,"bu","14:22:31",45448400
20850,-400,20000,"bu","14:22:28",45448000
20800,-450,1800,"sd","14:22:20",45428000
20800,-450,2000,"sd","14:22:20",45426200
20800,-450,200,"sd","14:22:20",45424200
20800,-450,200,"sd","14:22:20",45424000
20800,-450,100,"sd","14:22:20",45423800
20800,-450,1000,"sd","14:22:20",45423700
20800,-450,4700,"sd","14:22:20",45422700
20850,-400,1000,"bu","14:22:14",45418000
20850,-400,1000,"bu","14:22:11",45417000
20800,-450,2400,"sd","14:22:09",45416000
20850,-400,200,"bu","14:22:08",45413600
20800,-450,100,"sd","14:22:08",45413400
20850,-400,500,"bu","14:22:04",45413300
20850,-400,100,"bu","14:22:03",45412800
20850,-400,10000,"bu","14:22:01",45412700
20800,-450,1000,"sd","14:21:58",45402700
20800,-450,1000,"sd","14:21:58",45401700
20800,-450,1000,"sd","14:21:58",45400700
20800,-450,2000,"sd","14:21:58",45399700
20850,-400,3600,"bu","14:21:58",45397700
20800,-450,5000,"sd","14:21:55",45394100
20800,-450,7500,"sd","14:21:51",45389100
20800,-450,500,"sd","14:21:51",45381600
20800,-450,500,"sd","14:21:51",45381100
20800,-450,100,"sd","14:21:51",45380600
20800,-450,13400,"sd","14:21:51",45380500
20800,-450,5000,"sd","14:21:51",45367100
20800,-450,500,"sd","14:21:51",45362100
20800,-450,200,"sd","14:21:50",45361600
20800,-450,100,"sd","14:21:50",45361400
20800,-450,400,"sd","14:21:50",45361300
20800,-450,10000,"sd","14:21:50",45360900
20800,-450,2000,"sd","14:21:50",45350900
20800,-450,100,"sd","14:21:50",45348900
20800,-450,6000,"sd","14:21:50",45348800
20800,-450,500,"sd","14:21:50",45342800
20800,-450,2000,"sd","14:21:50",45342300
20800,-450,100,"sd","14:21:50",45340300
20800,-450,1500,"sd","14:21:50",45340200
20800,-450,1000,"sd","14:21:50",45338700
20800,-450,100,"sd","14:21:50",45337700
20800,-450,500,"sd","14:21:50",45337600
20800,-450,1000,"sd","14:21:50",45337100
20800,-450,100,"sd","14:21:50",45336100
20800,-450,200,"sd","14:21:50",45336000
20800,-450,2000,"sd","14:21:50",45335800
20800,-450,1000,"sd","14:21:50",45333800
20800,-450,43700,"sd","14:21:50",45332800
20850,-400,100,"bu","14:21:50",45289100
20800,-450,1000,"sd","14:21:46",45289000
20800,-450,5300,"sd","14:21:40",45288000
20800,-450,10000,"sd","14:21:40",45282700
20800,-450,1000,"sd","14:21:40",45272700
20800,-450,100,"sd","14:21:40",45271700
20800,-450,500,"sd","14:21:40",45271600
20800,-450,400,"sd","14:21:40",45271100
20800,-450,2700,"sd","14:21:40",45270700
20800,-450,200,"sd","14:21:36",45268000
20850,-400,200,"bu","14:21:29",45267800
20800,-450,100,"sd","14:21:27",45267600
20800,-450,1000,"sd","14:21:26",45267500
20800,-450,600,"bu","14:21:20",45266500
20800,-450,2000,"bu","14:21:20",45265900
20800,-450,3000,"bu","14:21:20",45263900
20800,-450,4100,"bu","14:21:20",45260900
20800,-450,200,"bu","14:21:20",45256800
20800,-450,1000,"bu","14:21:20",45256600
20800,-450,100,"bu","14:21:19",45255600
20800,-450,800,"bu","14:21:19",45255500
20800,-450,300,"bu","14:21:19",45254700
20800,-450,2000,"bu","14:21:18",45254400
20800,-450,300,"bu","14:21:17",45252400
20800,-450,100,"bu","14:21:16",45252100
20800,-450,1100,"bu","14:21:15",45252000
20800,-450,1000,"sd","14:21:15",45250900
20800,-450,3000,"sd","14:21:13",45249900
20800,-450,700,"sd","14:21:12",45246900
20800,-450,2000,"sd","14:21:12",45246200
20800,-450,700,"sd","14:21:12",45244200
20800,-450,100,"sd","14:21:12",45243500
20800,-450,100,"sd","14:21:12",45243400
20800,-450,12400,"sd","14:21:12",45243300
20850,-400,3800,"bu","14:21:10",45230900
20850,-400,2200,"bu","14:21:10",45227100
20800,-450,300,"bu","14:21:09",45224900
20800,-450,2500,"bu","14:21:09",45224600
20800,-450,2000,"bu","14:21:09",45222100
20800,-450,12800,"bu","14:21:09",45220100
20800,-450,1300,"bu","14:21:09",45207300
20800,-450,5000,"bu","14:21:09",45206000
20800,-450,2000,"bu","14:21:09",45201000
20800,-450,1000,"bu","14:21:08",45199000
20800,-450,3000,"bu","14:21:06",45198000
20800,-450,200,"bu","14:21:05",45195000
20800,-450,1000,"bu","14:21:04",45194800
20800,-450,100,"bu","14:21:04",45193800
20800,-450,1000,"bu","14:21:04",45193700
20800,-450,1000,"bu","14:21:04",45192700
20800,-450,100,"bu","14:21:02",45191700
20800,-450,1000,"bu","14:21:02",45191600
20800,-450,100,"bu","14:21:02",45190600
20800,-450,300,"bu","14:21:02",45190500
20800,-450,2000,"bu","14:21:02",45190200
20800,-450,1300,"bu","14:21:01",45188200
20800,-450,100,"bu","14:21:01",45186900
20800,-450,5000,"sd","14:21:00",45186800
20800,-450,10000,"sd","14:21:00",45181800
20800,-450,1000,"sd","14:21:00",45171800
20800,-450,500,"sd","14:21:00",45170800
20800,-450,3000,"sd","14:21:00",45170300
20800,-450,5000,"sd","14:21:00",45167300
20800,-450,11900,"sd","14:21:00",45162300
20800,-450,6500,"sd","14:21:00",45150400
20800,-450,1000,"sd","14:21:00",45143900
20800,-450,500,"sd","14:21:00",45142900
20800,-450,200,"sd","14:21:00",45142400
20800,-450,500,"sd","14:21:00",45142200
20800,-450,100,"sd","14:21:00",45141700
20800,-450,1000,"sd","14:21:00",45141600
20800,-450,300,"sd","14:21:00",45140600
20800,-450,100,"sd","14:21:00",45140300
20800,-450,100,"sd","14:21:00",45140200
20800,-450,500,"sd","14:21:00",45140100
20800,-450,100,"sd","14:21:00",45139600
20800,-450,100,"sd","14:21:00",45139500
20800,-450,200,"sd","14:21:00",45139400
20800,-450,1200,"sd","14:21:00",45139200
20800,-450,200,"sd","14:21:00",45138000
20800,-450,2500,"sd","14:21:00",45137800
20800,-450,500,"sd","14:21:00",45135300
20800,-450,100,"sd","14:21:00",45134800
20800,-450,700,"sd","14:21:00",45134700
20800,-450,2000,"sd","14:21:00",45134000
20800,-450,400,"sd","14:21:00",45132000
20800,-450,500,"sd","14:21:00",45131600
20800,-450,1000,"sd","14:21:00",45131100
20800,-450,100,"sd","14:21:00",45130100
20800,-450,1200,"sd","14:21:00",45130000
20800,-450,4000,"sd","14:21:00",45128800
20800,-450,100,"sd","14:21:00",45124800
20800,-450,500,"sd","14:21:00",45124700
20800,-450,700,"sd","14:21:00",45124200
20800,-450,200,"sd","14:21:00",45123500
20800,-450,100,"sd","14:21:00",45123300
20800,-450,3100,"sd","14:21:00",45123200
20850,-400,300,"bu","14:20:58",45120100
20850,-400,500,"bu","14:20:55",45119800
20800,-450,1900,"sd","14:20:51",45119300
20800,-450,300,"sd","14:20:51",45117400
20800,-450,100,"sd","14:20:51",45117100
20800,-450,2000,"sd","14:20:51",45117000
20800,-450,1000,"sd","14:20:51",45115000
20800,-450,5000,"sd","14:20:51",45114000
20800,-450,100,"sd","14:20:51",45109000
20800,-450,2000,"sd","14:20:51",45108900
20800,-450,500,"sd","14:20:51",45106900
20800,-450,200,"sd","14:20:51",45106400
20800,-450,1000,"sd","14:20:51",45106200
20800,-450,2000,"sd","14:20:51",45105200
20800,-450,300,"sd","14:20:51",45103200
20800,-450,1000,"sd","14:20:50",45102900
20800,-450,1000,"sd","14:20:50",45101900
20800,-450,200,"sd","14:20:50",45100900
20800,-450,1700,"sd","14:20:50",45100700
20800,-450,18300,"sd","14:20:50",45099000
20800,-450,500,"sd","14:20:50",45080700
20800,-450,200,"sd","14:20:50",45080200
20800,-450,1000,"sd","14:20:50",45080000
20850,-400,5400,"bu","14:20:50",45079000
20850,-400,1000,"bu","14:20:50",45073600
20850,-400,3600,"bu","14:20:50",45072600
20800,-450,300,"sd","14:20:49",45069000
20850,-400,5000,"bu","14:20:46",45068700
20800,-450,700,"sd","14:20:44",45063700
20850,-400,100,"bu","14:20:39",45063000
20800,-450,3000,"sd","14:20:38",45062900
20850,-400,5000,"bu","14:20:38",45059900
20850,-400,800,"bu","14:20:37",45054900
20850,-400,500,"bu","14:20:37",45054100
20850,-400,2500,"bu","14:20:37",45053600
20800,-450,2000,"sd","14:20:35",45051100
20800,-450,300,"sd","14:20:35",45049100
20800,-450,1000,"sd","14:20:35",45048800
20800,-450,100,"sd","14:20:35",45047800
20800,-450,2500,"sd","14:20:35",45047700
20800,-450,1000,"sd","14:20:35",45045200
20800,-450,500,"sd","14:20:35",45044200
20800,-450,700,"sd","14:20:35",45043700
20800,-450,1400,"sd","14:20:35",45043000
20800,-450,1700,"sd","14:20:35",45041600
20800,-450,500,"sd","14:20:35",45039900
20800,-450,3000,"sd","14:20:35",45039400
20800,-450,200,"sd","14:20:35",45036400
20800,-450,200,"sd","14:20:35",45036200
20800,-450,400,"sd","14:20:35",45036000
20800,-450,100,"sd","14:20:35",45035600
20800,-450,6000,"sd","14:20:35",45035500
20800,-450,5000,"sd","14:20:35",45029500
20800,-450,2000,"sd","14:20:35",45024500
20800,-450,200,"sd","14:20:35",45022500
20800,-450,2000,"sd","14:20:35",45022300
20800,-450,200,"sd","14:20:35",45020300
20800,-450,100,"sd","14:20:35",45020100
20800,-450,200,"sd","14:20:35",45020000
20800,-450,2000,"sd","14:20:35",45019800
20800,-450,30000,"sd","14:20:35",45017800
20800,-450,100,"sd","14:20:35",44987800
20800,-450,5000,"sd","14:20:35",44987700
20800,-450,100,"sd","14:20:35",44982700
20800,-450,1000,"sd","14:20:35",44982600
20800,-450,400,"sd","14:20:35",44981600
20800,-450,500,"sd","14:20:35",44981200
20800,-450,1000,"sd","14:20:35",44980700
20800,-450,100,"sd","14:20:35",44979700
20800,-450,300,"sd","14:20:35",44979600
20800,-450,10000,"sd","14:20:35",44979300
20800,-450,100,"sd","14:20:35",44969300
20800,-450,500,"sd","14:20:35",44969200
20800,-450,1600,"sd","14:20:35",44968700
20800,-450,100,"sd","14:20:35",44967100
20800,-450,1000,"sd","14:20:35",44967000
20800,-450,100,"sd","14:20:35",44966000
20800,-450,5000,"sd","14:20:35",44965900
20800,-450,1000,"sd","14:20:35",44960900
20800,-450,3000,"sd","14:20:35",44959900
20800,-450,200,"sd","14:20:35",44956900
20800,-450,500,"sd","14:20:35",44956700
20800,-450,100,"sd","14:20:35",44956200
20800,-450,300,"sd","14:20:35",44956100
20800,-450,1000,"sd","14:20:35",44955800
20800,-450,100,"sd","14:20:35",44954800
20800,-450,200,"sd","14:20:35",44954700
20800,-450,3400,"sd","14:20:35",44954500
20850,-400,2000,"bu","14:20:33",44951100
20800,-450,16600,"sd","14:20:29",44949100
20800,-450,500,"sd","14:20:29",44932500
20800,-450,200,"sd","14:20:29",44932000
20800,-450,200,"sd","14:20:29",44931800
20800,-450,1500,"sd","14:20:29",44931600
20800,-450,8000,"sd","14:20:29",44930100
20800,-450,100,"sd","14:20:29",44922100
20800,-450,22900,"sd","14:20:29",44922000
20850,-400,2800,"bu","14:20:28",44899100
20800,-450,1000,"sd","14:20:27",44896300
20850,-400,500,"bu","14:20:27",44895300
20850,-400,5000,"bu","14:20:25",44894800
20850,-400,100,"bu","14:20:25",44889800
20850,-400,2000,"bu","14:20:24",44889700
20850,-400,100,"bu","14:20:22",44887700
20850,-400,500,"bu","14:20:18",44887600
20850,-400,15000,"bu","14:20:15",44887100
20850,-400,100,"bu","14:20:13",44872100
20850,-400,1000,"bu","14:20:10",44872000
20850,-400,500,"bu","14:20:08",44871000
20850,-400,200,"bu","14:20:06",44870500
20850,-400,200,"bu","14:20:05",44870300
20850,-400,17000,"bu","14:20:04",44870100
20850,-400,100,"bu","14:20:03",44853100
20850,-400,100,"bu","14:19:59",44853000
20850,-400,200,"bu","14:19:55",44852900
20800,-450,12000,"sd","14:19:54",44852700
20850,-400,100,"bu","14:19:49",44840700
20850,-400,500,"bu","14:19:49",44840600
20850,-400,1000,"bu","14:19:49",44840100
20850,-400,400,"bu","14:19:49",44839100
20850,-400,100,"bu","14:19:42",44838700
20850,-400,200,"bu","14:19:42",44838600
20800,-450,60000,"sd","14:19:29",44838400
20800,-450,1000,"sd","14:19:28",44778400
20800,-450,200,"bu","14:19:20",44777400
20800,-450,500,"bu","14:19:20",44777200
20800,-450,1000,"bu","14:19:20",44776700
20800,-450,1400,"bu","14:19:20",44775700
20800,-450,100,"bu","14:19:20",44774300
20800,-450,900,"bu","14:19:20",44774200
20800,-450,500,"bu","14:19:20",44773300
20800,-450,500,"bu","14:19:19",44772800
20800,-450,1500,"bu","14:19:19",44772300
20800,-450,2000,"bu","14:19:19",44770800
20800,-450,500,"bu","14:19:19",44768800
20800,-450,400,"bu","14:19:19",44768300
20800,-450,100,"bu","14:19:18",44767900
20800,-450,200,"bu","14:19:18",44767800
20800,-450,1000,"bu","14:19:18",44767600
20800,-450,2200,"bu","14:19:18",44766600
20800,-450,2600,"bu","14:19:18",44764400
20800,-450,700,"bu","14:19:18",44761800
20800,-450,1000,"bu","14:19:18",44761100
20800,-450,1200,"bu","14:19:18",44760100
20800,-450,3000,"bu","14:19:18",44758900
20800,-450,800,"bu","14:19:18",44755900
20800,-450,200,"bu","14:19:18",44755100
20800,-450,800,"bu","14:19:17",44754900
20800,-450,200,"bu","14:19:17",44754100
20800,-450,200,"bu","14:19:17",44753900
20800,-450,4800,"bu","14:19:17",44753700
20800,-450,800,"bu","14:19:16",44748900
20800,-450,600,"bu","14:19:16",44748100
20800,-450,100,"bu","14:19:16",44747500
20800,-450,3200,"bu","14:19:15",44747400
20800,-450,300,"bu","14:19:15",44744200
20800,-450,3000,"bu","14:19:15",44743900
20800,-450,2500,"bu","14:19:15",44740900
20800,-450,1200,"bu","14:19:15",44738400
20800,-450,69800,"bu","14:19:15",44737200
20800,-450,300,"bu","14:19:15",44667400
20750,-500,500,"sd","14:19:15",44667100
20750,-500,1000,"sd","14:19:15",44666600
20750,-500,8700,"sd","14:19:15",44665600
20750,-500,1000,"sd","14:19:15",44656900
20750,-500,100,"sd","14:19:15",44655900
20750,-500,2500,"sd","14:19:15",44655800
20750,-500,5000,"sd","14:19:15",44653300
20750,-500,2000,"sd","14:19:15",44648300
20750,-500,100,"sd","14:19:15",44646300
20750,-500,1400,"sd","14:19:15",44646200
20750,-500,1000,"sd","14:19:15",44644800
20750,-500,500,"sd","14:19:15",44643800
20750,-500,4300,"sd","14:19:15",44643300
20750,-500,2500,"sd","14:19:15",44639000
20750,-500,500,"sd","14:19:15",44636500
20750,-500,500,"sd","14:19:15",44636000
20750,-500,100,"sd","14:19:15",44635500
20750,-500,200,"sd","14:19:15",44635400
20750,-500,1000,"sd","14:19:15",44635200
20750,-500,500,"sd","14:19:15",44634200
20750,-500,500,"sd","14:19:15",44633700
20750,-500,3000,"sd","14:19:15",44633200
20750,-500,1000,"sd","14:19:15",44630200
20750,-500,100,"sd","14:19:15",44629200
20750,-500,300,"sd","14:19:15",44629100
20750,-500,2000,"sd","14:19:15",44628800
20750,-500,100,"sd","14:19:15",44626800
20750,-500,200,"sd","14:19:15",44626700
20750,-500,200,"sd","14:19:15",44626500
20750,-500,1000,"sd","14:19:15",44626300
20750,-500,1000,"sd","14:19:15",44625300
20750,-500,1000,"sd","14:19:15",44624300
20750,-500,500,"sd","14:19:15",44623300
20750,-500,3700,"sd","14:19:15",44622800
20750,-500,4000,"sd","14:19:15",44619100
20750,-500,5000,"sd","14:19:15",44615100
20750,-500,5000,"sd","14:19:15",44610100
20750,-500,2700,"sd","14:19:15",44605100
20750,-500,500,"sd","14:19:15",44602400
20750,-500,100,"sd","14:19:15",44601900
20750,-500,3500,"sd","14:19:15",44601800
20800,-450,300,"bu","14:19:14",44598300
20800,-450,10000,"bu","14:19:13",44598000
20800,-450,100,"bu","14:19:13",44588000
20800,-450,500,"bu","14:19:12",44587900
20800,-450,100,"bu","14:19:12",44587400
20800,-450,20000,"bu","14:19:11",44587300
20800,-450,800,"bu","14:19:08",44567300
20800,-450,100,"bu","14:19:07",44566500
20800,-450,500,"bu","14:19:06",44566400
20800,-450,400,"bu","14:19:05",44565900
20800,-450,500,"bu","14:19:03",44565500
20800,-450,100,"bu","14:19:02",44565000
20800,-450,4000,"bu","14:19:02",44564900
20800,-450,2500,"bu","14:19:01",44560900
20800,-450,2100,"bu","14:19:01",44558400
20800,-450,1000,"bu","14:19:01",44556300
20800,-450,2000,"bu","14:19:01",44555300
20800,-450,100,"bu","14:19:00",44553300
20800,-450,200,"bu","14:18:59",44553200
20800,-450,2000,"bu","14:18:56",44553000
20800,-450,5000,"bu","14:18:56",44551000
20800,-450,100,"bu","14:18:55",44546000
20800,-450,200,"bu","14:18:55",44545900
20800,-450,400,"bu","14:18:54",44545700
20800,-450,100,"bu","14:18:53",44545300
20800,-450,1000,"bu","14:18:53",44545200
20800,-450,200,"bu","14:18:51",44544200
20800,-450,500,"bu","14:18:48",44544000
20800,-450,600,"bu","14:18:46",44543500
20800,-450,100,"bu","14:18:46",44542900
20800,-450,200,"bu","14:18:45",44542800
20800,-450,200,"bu","14:18:42",44542600
20750,-500,200,"sd","14:18:39",44542400
20800,-450,800,"bu","14:18:38",44542200
20800,-450,1000,"bu","14:18:37",44541400
20800,-450,100,"bu","14:18:36",44540400
20800,-450,100,"bu","14:18:34",44540300
20800,-450,1700,"bu","14:18:34",44540200
20800,-450,1000,"bu","14:18:31",44538500
20800,-450,300,"bu","14:18:29",44537500
20800,-450,2400,"bu","14:18:27",44537200
20800,-450,1100,"bu","14:18:21",44534800
20800,-450,1700,"bu","14:18:17",44533700
20750,-500,1300,"sd","14:18:15",44532000
20750,-500,2000,"sd","14:18:15",44530700
20750,-500,300,"sd","14:18:15",44528700
20750,-500,1400,"sd","14:18:15",44528400
20800,-450,5000,"bu","14:18:14",44527000
20800,-450,500,"bu","14:18:14",44522000
20800,-450,100,"bu","14:18:12",44521500
20750,-500,200,"sd","14:18:09",44521400
20750,-500,100,"sd","14:18:09",44521200
20750,-500,2000,"sd","14:18:09",44521100
20750,-500,200,"sd","14:18:09",44519100
20750,-500,600,"sd","14:18:09",44518900
20750,-500,5000,"sd","14:18:09",44518300
20750,-500,500,"sd","14:18:09",44513300
20750,-500,3100,"sd","14:18:09",44512800
20750,-500,500,"sd","14:18:09",44509700
20750,-500,500,"sd","14:18:09",44509200
20750,-500,1000,"sd","14:18:09",44508700
20750,-500,1000,"sd","14:18:09",44507700
20750,-500,100,"sd","14:18:09",44506700
20750,-500,10000,"sd","14:18:09",44506600
20750,-500,100,"sd","14:18:09",44496600
20750,-500,5000,"sd","14:18:09",44496500
20750,-500,2000,"sd","14:18:09",44491500
20750,-500,1000,"sd","14:18:09",44489500
20750,-500,100,"sd","14:18:09",44488500
20750,-500,600,"sd","14:18:09",44488400
20750,-500,200,"sd","14:18:09",44487800
20750,-500,500,"sd","14:18:09",44487600
20750,-500,100,"sd","14:18:09",44487100
20750,-500,100,"sd","14:18:09",44487000
20750,-500,5000,"sd","14:18:09",44486900
20750,-500,2500,"sd","14:18:09",44481900
20750,-500,1000,"sd","14:18:09",44479400
20750,-500,2000,"sd","14:18:09",44478400
20750,-500,1000,"sd","14:18:09",44476400
20750,-500,100,"sd","14:18:09",44475400
20750,-500,100,"sd","14:18:09",44475300
20750,-500,3800,"sd","14:18:09",44475200
20800,-450,100,"bu","14:18:08",44471400
20800,-450,7200,"bu","14:18:06",44471300
20800,-450,400,"bu","14:18:05",44464100
20800,-450,100,"bu","14:18:03",44463700
20800,-450,200,"bu","14:18:02",44463600
20800,-450,300,"bu","14:18:02",44463400
20800,-450,1000,"bu","14:18:01",44463100
20800,-450,100,"bu","14:17:59",44462100
20800,-450,100,"bu","14:17:56",44462000
20800,-450,1000,"bu","14:17:55",44461900
20800,-450,100,"bu","14:17:55",44460900
20800,-450,100,"bu","14:17:54",44460800
20800,-450,1000,"bu","14:17:51",44460700
20800,-450,100,"bu","14:17:51",44459700
20800,-450,100,"bu","14:17:50",44459600
20800,-450,100,"bu","14:17:49",44459500
20800,-450,5000,"bu","14:17:47",44459400
20800,-450,100,"bu","14:17:47",44454400
20750,-500,10000,"sd","14:17:45",44454300
20750,-500,100,"sd","14:17:45",44444300
20750,-500,500,"sd","14:17:45",44444200
20750,-500,1000,"sd","14:17:45",44443700
20750,-500,500,"sd","14:17:45",44442700
20750,-500,200,"sd","14:17:45",44442200
20750,-500,400,"sd","14:17:45",44442000
20750,-500,100,"sd","14:17:45",44441600
20750,-500,1000,"sd","14:17:45",44441500
20750,-500,1200,"sd","14:17:45",44440500
20750,-500,100,"sd","14:17:45",44439300
20750,-500,200,"sd","14:17:45",44439200
20750,-500,4400,"sd","14:17:45",44439000
20750,-500,600,"sd","14:17:45",44434600
20750,-500,3000,"sd","14:17:45",44434000
20750,-500,1900,"sd","14:17:45",44431000
20750,-500,400,"sd","14:17:45",44429100
20750,-500,1500,"sd","14:17:45",44428700
20750,-500,100,"sd","14:17:45",44427200
20750,-500,200,"sd","14:17:45",44427100
20750,-500,100,"sd","14:17:45",44426900
20750,-500,1200,"sd","14:17:45",44426800
20750,-500,300,"sd","14:17:45",44425600
20750,-500,3000,"sd","14:17:45",44425300
20750,-500,100,"sd","14:17:45",44422300
20750,-500,2000,"sd","14:17:45",44422200
20750,-500,500,"sd","14:17:45",44420200
20750,-500,200,"sd","14:17:45",44419700
20750,-500,3400,"sd","14:17:45",44419500
20750,-500,700,"sd","14:17:45",44416100
20750,-500,3600,"sd","14:17:45",44415400
20750,-500,2000,"sd","14:17:45",44411800
20750,-500,400,"sd","14:17:45",44409800
20750,-500,200,"sd","14:17:45",44409400
20750,-500,100,"sd","14:17:45",44409200
20750,-500,200,"sd","14:17:45",44409100
20750,-500,1000,"sd","14:17:45",44408900
20750,-500,500,"sd","14:17:45",44407900
20750,-500,200,"sd","14:17:45",44407400
20750,-500,1000,"sd","14:17:45",44407200
20750,-500,500,"sd","14:17:45",44406200
20750,-500,300,"sd","14:17:45",44405700
20750,-500,1000,"sd","14:17:45",44405400
20750,-500,200,"sd","14:17:45",44404400
20750,-500,500,"sd","14:17:45",44404200
20750,-500,10000,"sd","14:17:45",44403700
20750,-500,1000,"sd","14:17:45",44393700
20750,-500,100,"sd","14:17:45",44392700
20750,-500,1000,"sd","14:17:45",44392600
20750,-500,1000,"sd","14:17:45",44391600
20750,-500,5000,"sd","14:17:45",44390600
20750,-500,2000,"sd","14:17:45",44385600
20750,-500,100,"sd","14:17:45",44383600
20750,-500,200,"sd","14:17:45",44383500
20750,-500,1400,"sd","14:17:45",44383300
20750,-500,500,"sd","14:17:45",44381900
20750,-500,100,"sd","14:17:45",44381400
20750,-500,500,"sd","14:17:45",44381300
20750,-500,100,"sd","14:17:45",44380800
20750,-500,11000,"sd","14:17:45",44380700
20750,-500,300,"sd","14:17:45",44369700
20750,-500,2500,"sd","14:17:45",44369400
20750,-500,100,"sd","14:17:45",44366900
20750,-500,100,"sd","14:17:45",44366800
20750,-500,1000,"sd","14:17:45",44366700
20750,-500,100,"sd","14:17:45",44365700
20750,-500,200,"sd","14:17:45",44365600
20750,-500,500,"sd","14:17:45",44365400
20750,-500,600,"sd","14:17:45",44364900
20750,-500,6700,"sd","14:17:45",44364300
20750,-500,400,"sd","14:17:45",44357600
20750,-500,200,"sd","14:17:45",44357200
20750,-500,2100,"sd","14:17:45",44357000
20750,-500,100,"sd","14:17:45",44354900
20750,-500,200,"sd","14:17:45",44354800
20750,-500,200,"sd","14:17:45",44354600
20750,-500,100,"sd","14:17:45",44354400
20800,-450,100,"bu","14:17:41",44354300
20800,-450,2000,"bu","14:17:40",44354200
20800,-450,500,"bu","14:17:39",44352200
20750,-500,200,"sd","14:17:39",44351700
20750,-500,100,"sd","14:17:39",44351500
20750,-500,500,"sd","14:17:39",44351400
20750,-500,1600,"sd","14:17:39",44350900
20800,-450,7000,"bu","14:17:39",44349300
20800,-450,200,"bu","14:17:38",44342300
20800,-450,900,"bu","14:17:34",44342100
20800,-450,5000,"bu","14:17:34",44341200
20800,-450,300,"bu","14:17:32",44336200
20800,-450,100,"bu","14:17:29",44335900
20800,-450,20000,"sd","14:17:27",44335800
20800,-450,200,"sd","14:17:27",44315800
20800,-450,500,"sd","14:17:27",44315600
20800,-450,1000,"sd","14:17:27",44315100
20800,-450,100,"sd","14:17:27",44314100
20800,-450,3000,"sd","14:17:27",44314000
20800,-450,3000,"sd","14:17:22",44311000
20750,-500,400,"sd","14:17:19",44308000
20750,-500,1000,"sd","14:17:19",44307600
20750,-500,100,"sd","14:17:19",44306600
20750,-500,100,"sd","14:17:19",44306500
20750,-500,1300,"sd","14:17:19",44306400
20750,-500,800,"sd","14:17:19",44305100
20750,-500,2300,"sd","14:17:19",44304300
20800,-450,100,"sd","14:17:19",44302000
20800,-450,700,"sd","14:17:19",44301900
20800,-450,100,"sd","14:17:19",44301200
20800,-450,13100,"sd","14:17:19",44301100
20800,-450,100,"bu","14:17:15",44288000
20800,-450,200,"bu","14:17:15",44287900
20800,-450,200,"bu","14:17:15",44287700
20800,-450,1000,"bu","14:17:15",44287500
20800,-450,5000,"bu","14:17:15",44286500
20800,-450,400,"bu","14:17:15",44281500
20800,-450,100,"bu","14:17:14",44281100
20800,-450,100,"bu","14:17:13",44281000
20800,-450,200,"bu","14:17:13",44280900
20800,-450,200,"bu","14:17:12",44280700
20800,-450,400,"bu","14:17:12",44280500
20800,-450,100,"bu","14:17:12",44280100
20800,-450,300,"bu","14:17:12",44280000
20750,-500,500,"sd","14:17:12",44279700
20800,-450,200,"bu","14:17:11",44279200
20800,-450,1500,"bu","14:17:06",44279000
20800,-450,2000,"bu","14:17:06",44277500
20800,-450,1500,"bu","14:17:06",44275500
20800,-450,400,"bu","14:17:05",44274000
20800,-450,1000,"bu","14:17:05",44273600
20800,-450,500,"bu","14:17:05",44272600
20750,-500,1000,"sd","14:17:04",44272100
20800,-450,1200,"bu","14:17:03",44271100
20800,-450,1000,"bu","14:17:02",44269900
20800,-450,500,"bu","14:17:01",44268900
20800,-450,100,"bu","14:16:59",44268400
20800,-450,100,"bu","14:16:58",44268300
20800,-450,100,"bu","14:16:57",44268200
20800,-450,300,"bu","14:16:55",44268100
20800,-450,800,"sd","14:16:52",44267800
20800,-450,2500,"sd","14:16:52",44267000
20750,-500,1000,"sd","14:16:50",44264500
20750,-500,1000,"sd","14:16:50",44263500
20750,-500,200,"sd","14:16:50",44262500
20750,-500,500,"sd","14:16:50",44262300
20750,-500,2000,"sd","14:16:50",44261800
20750,-500,300,"sd","14:16:50",44259800
20750,-500,100,"sd","14:16:50",44259500
20750,-500,1000,"sd","14:16:50",44259400
20750,-500,100,"sd","14:16:50",44258400
20750,-500,300,"sd","14:16:50",44258300
20750,-500,600,"sd","14:16:50",44258000
20750,-500,500,"sd","14:16:50",44257400
20750,-500,2000,"sd","14:16:50",44256900
20750,-500,2300,"sd","14:16:50",44254900
20750,-500,900,"sd","14:16:50",44252600
20750,-500,100,"sd","14:16:50",44251700
20750,-500,100,"sd","14:16:50",44251600
20750,-500,134000,"sd","14:16:50",44251500
20750,-500,5000,"sd","14:16:50",44117500
20750,-500,100,"sd","14:16:50",44112500
20750,-500,1400,"sd","14:16:50",44112400
20750,-500,12700,"sd","14:16:50",44111000
20750,-500,300,"sd","14:16:50",44098300
20750,-500,3000,"sd","14:16:50",44098000
20750,-500,5200,"sd","14:16:50",44095000
20750,-500,200,"sd","14:16:50",44089800
20750,-500,1000,"sd","14:16:50",44089600
20750,-500,1000,"sd","14:16:50",44088600
20750,-500,2100,"sd","14:16:50",44087600
20750,-500,100,"sd","14:16:50",44085500
20750,-500,100,"sd","14:16:50",44085400
20750,-500,1000,"sd","14:16:50",44085300
20750,-500,3500,"sd","14:16:50",44084300
20750,-500,100,"sd","14:16:50",44080800
20750,-500,300,"sd","14:16:50",44080700
20750,-500,2100,"sd","14:16:50",44080400
20750,-500,200,"sd","14:16:50",44078300
20750,-500,1000,"sd","14:16:50",44078100
20750,-500,6000,"sd","14:16:50",44077100
20750,-500,100,"sd","14:16:50",44071100
20750,-500,1000,"sd","14:16:50",44071000
20750,-500,1300,"sd","14:16:50",44070000
20750,-500,4000,"sd","14:16:50",44068700
20750,-500,3900,"sd","14:16:50",44064700
20750,-500,100,"sd","14:16:50",44060800
20750,-500,2000,"sd","14:16:50",44060700
20750,-500,5200,"sd","14:16:50",44058700
20750,-500,11500,"sd","14:16:50",44053500
20750,-500,2100,"sd","14:16:50",44042000
20750,-500,2000,"sd","14:16:50",44039900
20750,-500,11600,"sd","14:16:50",44037900
20750,-500,100,"sd","14:16:50",44026300
20750,-500,100,"sd","14:16:50",44026200
20750,-500,500,"sd","14:16:50",44026100
20750,-500,5200,"sd","14:16:50",44025600
20750,-500,400,"sd","14:16:50",44020400
20750,-500,800,"sd","14:16:50",44020000
20750,-500,1000,"sd","14:16:50",44019200
20750,-500,21000,"sd","14:16:50",44018200
20750,-500,400,"sd","14:16:50",43997200
20750,-500,6400,"sd","14:16:50",43996800
20750,-500,100,"sd","14:16:50",43990400
20750,-500,400,"sd","14:16:50",43990300
20750,-500,800,"sd","14:16:50",43989900
20750,-500,500,"sd","14:16:50",43989100
20750,-500,2100,"sd","14:16:50",43988600
20750,-500,200,"sd","14:16:50",43986500
20750,-500,6700,"sd","14:16:50",43986300
20750,-500,100,"sd","14:16:50",43979600
20750,-500,10000,"sd","14:16:50",43979500
20750,-500,1100,"sd","14:16:50",43969500
20750,-500,500,"sd","14:16:50",43968400
20750,-500,500,"sd","14:16:50",43967900
20750,-500,100,"sd","14:16:50",43967400
20750,-500,6200,"sd","14:16:50",43967300
20750,-500,100,"sd","14:16:50",43961100
20750,-500,100,"sd","14:16:50",43961000
20750,-500,700,"sd","14:16:50",43960900
20750,-500,20600,"sd","14:16:50",43960200
20750,-500,4300,"sd","14:16:50",43939600
20750,-500,10000,"sd","14:16:50",43935300
20750,-500,3000,"sd","14:16:50",43925300
20750,-500,100,"sd","14:16:50",43922300
20750,-500,2200,"sd","14:16:50",43922200
20750,-500,5000,"sd","14:16:50",43920000
20750,-500,1400,"sd","14:16:50",43915000
20750,-500,700,"sd","14:16:50",43913600
20750,-500,1000,"sd","14:16:50",43912900
20750,-500,5500,"sd","14:16:50",43911900
20750,-500,700,"sd","14:16:50",43906400
20750,-500,1200,"sd","14:16:50",43905700
20750,-500,1000,"sd","14:16:50",43904500
20750,-500,1000,"sd","14:16:50",43903500
20750,-500,500,"sd","14:16:50",43902500
20750,-500,1700,"sd","14:16:50",43902000
20750,-500,200,"sd","14:16:50",43900300
20750,-500,2000,"sd","14:16:50",43900100
20750,-500,1400,"sd","14:16:50",43898100
20750,-500,1000,"sd","14:16:50",43896700
20750,-500,400,"sd","14:16:50",43895700
20750,-500,5000,"sd","14:16:50",43895300
20750,-500,500,"sd","14:16:50",43890300
20750,-500,3000,"sd","14:16:50",43889800
20750,-500,700,"sd","14:16:50",43886800
20750,-500,2000,"sd","14:16:50",43886100
20750,-500,500,"sd","14:16:50",43884100
20750,-500,600,"sd","14:16:50",43883600
20750,-500,300,"sd","14:16:50",43883000
20750,-500,1000,"sd","14:16:50",43882700
20750,-500,300,"sd","14:16:50",43881700
20750,-500,100,"sd","14:16:50",43881400
20750,-500,1800,"sd","14:16:50",43881300
20750,-500,1000,"sd","14:16:50",43879500
20750,-500,100,"sd","14:16:50",43878500
20750,-500,300,"sd","14:16:50",43878400
20750,-500,2000,"sd","14:16:50",43878100
20750,-500,900,"sd","14:16:50",43876100
20750,-500,1100,"sd","14:16:50",43875200
20750,-500,1000,"sd","14:16:50",43874100
20750,-500,200,"sd","14:16:50",43873100
20750,-500,500,"sd","14:16:50",43872900
20750,-500,25000,"sd","14:16:50",43872400
20750,-500,1500,"sd","14:16:50",43847400
20750,-500,200,"sd","14:16:50",43845900
20750,-500,200,"sd","14:16:50",43845700
20750,-500,300,"sd","14:16:50",43845500
20750,-500,700,"sd","14:16:50",43845200
20750,-500,7600,"sd","14:16:50",43844500
20800,-450,200,"sd","14:16:50",43836900
20800,-450,200,"sd","14:16:50",43836700
20800,-450,200,"sd","14:16:50",43836500
20750,-500,500,"sd","14:16:50",43836300
20800,-450,6000,"sd","14:16:50",43835800
20750,-500,100,"sd","14:16:50",43829800
20800,-450,100,"sd","14:16:50",43829700
20750,-500,500,"sd","14:16:50",43829600
20800,-450,500,"sd","14:16:50",43829100
20750,-500,500,"sd","14:16:50",43828600
20800,-450,500,"sd","14:16:50",43828100
20750,-500,500,"sd","14:16:50",43827600
20800,-450,100,"sd","14:16:50",43827100
20750,-500,200,"sd","14:16:50",43827000
20800,-450,200,"sd","14:16:50",43826800
20750,-500,200,"sd","14:16:50",43826600
20800,-450,10000,"sd","14:16:50",43826400
20750,-500,100,"sd","14:16:50",43816400
20800,-450,1000,"sd","14:16:50",43816300
20750,-500,500,"sd","14:16:50",43815300
20800,-450,2500,"sd","14:16:50",43814800
20800,-450,10000,"sd","14:16:50",43812300
20800,-450,200,"sd","14:16:50",43802300
20800,-450,3000,"sd","14:16:50",43802100
20800,-450,1000,"sd","14:16:50",43799100
20800,-450,10000,"sd","14:16:50",43798100
20800,-450,1000,"sd","14:16:50",43788100
20800,-450,100,"sd","14:16:50",43787100
20800,-450,500,"sd","14:16:50",43787000
20800,-450,400,"sd","14:16:50",43786500
20800,-450,100,"sd","14:16:50",43786100
20800,-450,200,"sd","14:16:50",43786000
20800,-450,200,"sd","14:16:50",43785800
20800,-450,100,"sd","14:16:50",43785600
20800,-450,3900,"sd","14:16:50",43785500
20800,-450,100,"sd","14:16:50",43781600
20800,-450,4000,"sd","14:16:50",43781500
20800,-450,200,"sd","14:16:50",43777500
20800,-450,3000,"sd","14:16:50",43777300
20800,-450,2000,"sd","14:16:50",43774300
20800,-450,4000,"sd","14:16:50",43772300
20800,-450,100,"sd","14:16:50",43768300
20800,-450,2000,"sd","14:16:50",43768200
20800,-450,1700,"sd","14:16:50",43766200
20800,-450,800,"sd","14:16:48",43764500
20800,-450,300,"sd","14:16:42",43763700
20800,-450,100,"sd","14:16:38",43763400
20800,-450,2100,"sd","14:16:37",43763300
20800,-450,200,"sd","14:16:37",43761200
20800,-450,300,"sd","14:16:37",43761000
20800,-450,700,"sd","14:16:36",43760700
20800,-450,200,"sd","14:16:36",43760000
20800,-450,500,"sd","14:16:35",43759800
20800,-450,300,"sd","14:16:35",43759300
20800,-450,100,"sd","14:16:35",43759000
20800,-450,1000,"sd","14:16:35",43758900
20800,-450,4000,"sd","14:16:35",43757900
20800,-450,2000,"sd","14:16:35",43753900
20800,-450,1000,"sd","14:16:35",43751900
20800,-450,500,"sd","14:16:35",43750900
20800,-450,400,"sd","14:16:35",43750400
20800,-450,5000,"sd","14:16:35",43750000
20800,-450,500,"sd","14:16:35",43745000
20800,-450,100,"sd","14:16:35",43744500
20800,-450,500,"sd","14:16:35",43744400
20800,-450,500,"sd","14:16:35",43743900
20800,-450,10000,"sd","14:16:35",43743400
20800,-450,100,"sd","14:16:35",43733400
20800,-450,500,"sd","14:16:35",43733300
20800,-450,10000,"sd","14:16:35",43732800
20800,-450,100,"sd","14:16:35",43722800
20800,-450,100,"sd","14:16:35",43722700
20800,-450,1000,"sd","14:16:35",43722600
20800,-450,100,"sd","14:16:35",43721600
20800,-450,2300,"sd","14:16:35",43721500
20800,-450,2100,"sd","14:16:35",43719200
20800,-450,2300,"sd","14:16:35",43717100
20800,-450,200,"sd","14:16:35",43714800
20800,-450,2100,"sd","14:16:35",43714600
20800,-450,1000,"sd","14:16:35",43712500
20800,-450,200,"sd","14:16:35",43711500
20800,-450,1700,"sd","14:16:35",43711300
20800,-450,500,"sd","14:16:35",43709600
20800,-450,2000,"sd","14:16:35",43709100
20800,-450,200,"sd","14:16:35",43707100
20800,-450,500,"sd","14:16:35",43706900
20800,-450,600,"sd","14:16:35",43706400
20800,-450,100,"sd","14:16:35",43705800
20800,-450,2000,"sd","14:16:35",43705700
20800,-450,5000,"sd","14:16:35",43703700
20800,-450,1000,"sd","14:16:35",43698700
20800,-450,4000,"sd","14:16:35",43697700
20800,-450,1000,"sd","14:16:35",43693700
20800,-450,100,"sd","14:16:35",43692700
20800,-450,20000,"sd","14:16:35",43692600
20800,-450,200,"sd","14:16:35",43672600
20800,-450,100,"sd","14:16:35",43672400
20800,-450,3000,"sd","14:16:35",43672300
20800,-450,5500,"sd","14:16:35",43669300
20800,-450,100,"sd","14:16:35",43663800
20800,-450,400,"sd","14:16:35",43663700
20800,-450,1000,"sd","14:16:35",43663300
20800,-450,100,"sd","14:16:35",43662300
20800,-450,500,"sd","14:16:35",43662200
20800,-450,200,"sd","14:16:35",43661700
20800,-450,500,"sd","14:16:35",43661500
20800,-450,1200,"sd","14:16:35",43661000
20800,-450,300,"sd","14:16:31",43659800
20850,-400,500,"bu","14:16:30",43659500
20800,-450,100,"sd","14:16:26",43659000
20800,-450,100,"sd","14:16:26",43658900
20800,-450,300,"sd","14:16:26",43658800
20800,-450,1700,"sd","14:16:25",43658500
20800,-450,1000,"sd","14:16:25",43656800
20800,-450,1300,"sd","14:16:25",43655800
20800,-450,1500,"sd","14:16:25",43654500
20800,-450,1000,"sd","14:16:25",43653000
20800,-450,3500,"sd","14:16:25",43652000
20850,-400,300,"bu","14:16:20",43648500
20800,-450,2800,"sd","14:16:17",43648200
20800,-450,300,"sd","14:16:17",43645400
20800,-450,1500,"sd","14:16:16",43645100
20800,-450,300,"sd","14:16:07",43643600
20800,-450,50000,"sd","14:16:07",43643300
20800,-450,2000,"sd","14:16:05",43593300
20850,-400,100,"bu","14:16:02",43591300
20800,-450,10000,"sd","14:16:02",43591200
20800,-450,1000,"sd","14:16:01",43581200
20800,-450,100,"sd","14:15:57",43580200
20850,-400,400,"bu","14:15:56",43580100
20850,-400,1200,"bu","14:15:56",43579700
20850,-400,600,"bu","14:15:56",43578500
20850,-400,3000,"bu","14:15:56",43577900
20850,-400,1000,"bu","14:15:56",43574900
20850,-400,3800,"bu","14:15:56",43573900
20850,-400,100,"bu","14:15:53",43570100
20800,-450,400,"sd","14:15:48",43570000
20800,-450,2000,"sd","14:15:47",43569600
20850,-400,1100,"bu","14:15:43",43567600
20850,-400,2500,"bu","14:15:43",43566500
20850,-400,1000,"bu","14:15:43",43564000
20850,-400,100,"bu","14:15:43",43563000
20850,-400,300,"bu","14:15:43",43562900
20800,-450,500,"bu","14:15:36",43562600
20800,-450,1700,"bu","14:15:36",43562100
20800,-450,2600,"bu","14:15:36",43560400
20800,-450,100,"bu","14:15:36",43557800
20800,-450,1000,"bu","14:15:36",43557700
20800,-450,500,"bu","14:15:36",43556700
20800,-450,1000,"bu","14:15:36",43556200
20800,-450,2000,"bu","14:15:36",43555200
20800,-450,300,"bu","14:15:36",43553200
20800,-450,10000,"bu","14:15:36",43552900
20800,-450,1000,"bu","14:15:36",43542900
20800,-450,5400,"bu","14:15:36",43541900
20800,-450,100,"bu","14:15:33",43536500
20800,-450,1000,"bu","14:15:33",43536400
20800,-450,400,"bu","14:15:33",43535400
20800,-450,100,"bu","14:15:33",43535000
20800,-450,100,"bu","14:15:32",43534900
20800,-450,1200,"bu","14:15:32",43534800
20800,-450,3000,"bu","14:15:32",43533600
20800,-450,500,"bu","14:15:31",43530600
20800,-450,300,"bu","14:15:30",43530100
20800,-450,2600,"bu","14:15:29",43529800
20800,-450,300,"bu","14:15:27",43527200
20800,-450,800,"bu","14:15:27",43526900
20800,-450,600,"bu","14:15:25",43526100
20800,-450,300,"bu","14:15:24",43525500
20800,-450,1000,"bu","14:15:23",43525200
20800,-450,100,"bu","14:15:22",43524200
20800,-450,200,"bu","14:15:20",43524100
20750,-500,100,"sd","14:15:19",43523900
20800,-450,200,"bu","14:15:19",43523800
20800,-450,1000,"bu","14:15:19",43523600
20800,-450,800,"bu","14:15:18",43522600
20800,-450,2200,"bu","14:15:18",43521800
20800,-450,1400,"bu","14:15:17",43519600
20800,-450,100,"bu","14:15:17",43518200
20800,-450,300,"bu","14:15:17",43518100
20800,-450,1000,"bu","14:15:14",43517800
20800,-450,100,"bu","14:15:13",43516800
20800,-450,4900,"bu","14:15:13",43516700
20800,-450,100,"bu","14:15:13",43511800
20800,-450,400,"bu","14:15:09",43511700
20800,-450,700,"bu","14:15:09",43511300
20800,-450,100,"bu","14:15:07",43510600
20800,-450,100,"bu","14:15:07",43510500
20800,-450,100,"sd","14:15:06",43510400
20800,-450,200,"sd","14:15:06",43510300
20800,-450,500,"sd","14:15:06",43510100
20800,-450,5000,"sd","14:15:06",43509600
20800,-450,200,"sd","14:15:06",43504600
20800,-450,100,"sd","14:15:06",43504400
20800,-450,300,"sd","14:15:06",43504300
20800,-450,10300,"sd","14:15:06",43504000
20800,-450,500,"sd","14:15:06",43493700
20800,-450,300,"sd","14:15:06",43493200
20800,-450,300,"sd","14:15:06",43492900
20800,-450,48000,"sd","14:15:06",43492600
20800,-450,1100,"sd","14:15:06",43444600
20800,-450,100,"sd","14:15:06",43443500
20800,-450,200,"sd","14:15:06",43443400
20800,-450,2000,"sd","14:15:06",43443200
20800,-450,500,"sd","14:15:06",43441200
20800,-450,200,"sd","14:15:06",43440700
20800,-450,100,"sd","14:15:06",43440500
20800,-450,2000,"sd","14:15:06",43440400
20800,-450,2000,"sd","14:15:06",43438400
20800,-450,100,"sd","14:15:06",43436400
20800,-450,2500,"sd","14:15:06",43436300
20800,-450,200,"sd","14:15:06",43433800
20800,-450,100,"sd","14:15:06",43433600
20800,-450,600,"sd","14:15:06",43433500
20800,-450,800,"sd","14:15:06",43432900
20800,-450,100,"sd","14:15:06",43432100
20800,-450,1000,"sd","14:15:06",43432000
20800,-450,500,"sd","14:15:06",43431000
20800,-450,18100,"sd","14:15:06",43430500
20800,-450,100,"sd","14:15:06",43412400
20800,-450,500,"sd","14:15:06",43412300
20800,-450,2200,"sd","14:15:01",43411800
20800,-450,1000,"sd","14:15:01",43409600
20800,-450,500,"sd","14:15:01",43408600
20800,-450,1500,"sd","14:15:01",43408100
20800,-450,900,"sd","14:15:01",43406600
20800,-450,1000,"sd","14:14:59",43405700
20800,-450,300,"sd","14:14:59",43404700
20800,-450,2000,"sd","14:14:59",43404400
20800,-450,2200,"sd","14:14:59",43402400
20800,-450,300,"sd","14:14:59",43400200
20800,-450,1000,"sd","14:14:59",43399900
20800,-450,1000,"sd","14:14:59",43398900
20800,-450,1000,"sd","14:14:59",43397900
20800,-450,3000,"sd","14:14:59",43396900
20800,-450,700,"sd","14:14:59",43393900
20800,-450,6000,"sd","14:14:59",43393200
20800,-450,1600,"sd","14:14:59",43387200
20800,-450,500,"sd","14:14:59",43385600
20800,-450,5000,"sd","14:14:59",43385100
20800,-450,500,"sd","14:14:59",43380100
20800,-450,200,"sd","14:14:59",43379600
20800,-450,5000,"sd","14:14:59",43379400
20800,-450,2000,"sd","14:14:59",43374400
20800,-450,700,"sd","14:14:59",43372400
20800,-450,100,"sd","14:14:59",43371700
20800,-450,500,"sd","14:14:59",43371600
20800,-450,800,"sd","14:14:59",43371100
20800,-450,2000,"sd","14:14:59",43370300
20800,-450,3000,"sd","14:14:59",43368300
20800,-450,2200,"sd","14:14:59",43365300
20800,-450,5700,"sd","14:14:59",43363100
20800,-450,1600,"sd","14:14:59",43357400
20800,-450,500,"sd","14:14:59",43355800
20800,-450,3000,"sd","14:14:59",43355300
20800,-450,5000,"sd","14:14:59",43352300
20800,-450,2200,"sd","14:14:59",43347300
20800,-450,1100,"sd","14:14:59",43345100
20800,-450,2300,"sd","14:14:59",43344000
20800,-450,600,"sd","14:14:59",43341700
20800,-450,100,"sd","14:14:59",43341100
20800,-450,300,"sd","14:14:59",43341000
20800,-450,1400,"sd","14:14:59",43340700
20800,-450,100,"sd","14:14:59",43339300
20800,-450,300,"sd","14:14:59",43339200
20800,-450,100,"sd","14:14:59",43338900
20800,-450,200,"sd","14:14:59",43338800
20800,-450,1400,"sd","14:14:59",43338600
20800,-450,1000,"sd","14:14:59",43337200
20800,-450,2000,"sd","14:14:59",43336200
20800,-450,1300,"sd","14:14:59",43334200
20800,-450,1000,"sd","14:14:59",43332900
20800,-450,200,"sd","14:14:59",43331900
20800,-450,1100,"sd","14:14:59",43331700
20800,-450,500,"sd","14:14:59",43330600
20800,-450,100,"sd","14:14:59",43330100
20800,-450,1000,"sd","14:14:59",43330000
20800,-450,200,"sd","14:14:59",43329000
20800,-450,1000,"sd","14:14:59",43328800
20800,-450,5000,"sd","14:14:59",43327800
20800,-450,100,"sd","14:14:59",43322800
20800,-450,1000,"sd","14:14:59",43322700
20800,-450,1000,"sd","14:14:59",43321700
20800,-450,1000,"sd","14:14:59",43320700
20800,-450,400,"sd","14:14:59",43319700
20800,-450,500,"sd","14:14:59",43319300
20800,-450,500,"sd","14:14:59",43318800
20800,-450,700,"sd","14:14:59",43318300
20800,-450,100,"sd","14:14:59",43317600
20800,-450,500,"sd","14:14:59",43317500
20800,-450,1000,"sd","14:14:59",43317000
20800,-450,10000,"sd","14:14:59",43316000
20800,-450,300,"sd","14:14:59",43306000
20800,-450,200,"sd","14:14:56",43305700
20800,-450,500,"sd","14:14:56",43305500
20800,-450,500,"sd","14:14:56",43305000
20800,-450,300,"sd","14:14:56",43304500
20800,-450,500,"sd","14:14:56",43304200
20800,-450,500,"sd","14:14:56",43303700
20800,-450,100,"sd","14:14:56",43303200
20800,-450,20000,"sd","14:14:56",43303100
20800,-450,5000,"sd","14:14:56",43283100
20800,-450,1000,"sd","14:14:56",43278100
20800,-450,2000,"sd","14:14:56",43277100
20800,-450,200,"sd","14:14:56",43275100
20800,-450,300,"sd","14:14:56",43274900
20800,-450,5000,"sd","14:14:56",43274600
20800,-450,2000,"sd","14:14:56",43269600
20800,-450,500,"sd","14:14:56",43267600
20800,-450,200,"sd","14:14:56",43267100
20800,-450,200,"sd","14:14:56",43266900
20800,-450,1000,"sd","14:14:56",43266700
20800,-450,10000,"sd","14:14:56",43265700
20850,-400,500,"bu","14:14:55",43255700
20800,-450,10000,"sd","14:14:53",43255200
20800,-450,200,"sd","14:14:53",43245200
20800,-450,500,"sd","14:14:53",43245000
20800,-450,300,"sd","14:14:53",43244500
20800,-450,5000,"sd","14:14:53",43244200
20800,-450,100,"sd","14:14:53",43239200
20800,-450,400,"sd","14:14:53",43239100
20800,-450,1200,"sd","14:14:53",43238700
20800,-450,5100,"sd","14:14:53",43237500
20800,-450,5000,"sd","14:14:53",43232400
20800,-450,400,"sd","14:14:53",43227400
20800,-450,100,"sd","14:14:53",43227000
20800,-450,500,"sd","14:14:53",43226900
20800,-450,100,"sd","14:14:53",43226400
20800,-450,500,"sd","14:14:53",43226300
20800,-450,100,"sd","14:14:53",43225800
20800,-450,1000,"sd","14:14:53",43225700
20800,-450,100,"sd","14:14:53",43224700
20800,-450,100,"sd","14:14:53",43224600
20800,-450,600,"sd","14:14:53",43224500
20800,-450,800,"sd","14:14:53",43223900
20800,-450,1200,"sd","14:14:53",43223100
20800,-450,40000,"sd","14:14:53",43221900
20800,-450,22000,"sd","14:14:53",43181900
20800,-450,100,"sd","14:14:53",43159900
20800,-450,1000,"sd","14:14:53",43159800
20800,-450,1000,"sd","14:14:53",43158800
20800,-450,700,"sd","14:14:53",43157800
20800,-450,100,"sd","14:14:53",43157100
20800,-450,100,"sd","14:14:53",43157000
20800,-450,500,"sd","14:14:53",43156900
20800,-450,1000,"sd","14:14:53",43156400
20800,-450,200,"sd","14:14:53",43155400
20850,-400,1000,"bu","14:14:50",43155200
20850,-400,700,"bu","14:14:50",43154200
20850,-400,1500,"bu","14:14:48",43153500
20850,-400,1000,"bu","14:14:47",43152000
20850,-400,1000,"bu","14:14:45",43151000
20850,-400,2000,"bu","14:14:43",43150000
20850,-400,100,"bu","14:14:41",43148000
20850,-400,100,"bu","14:14:41",43147900
20850,-400,600,"bu","14:14:38",43147800
20850,-400,1000,"bu","14:14:38",43147200
20850,-400,1000,"bu","14:14:36",43146200
20850,-400,200,"bu","14:14:32",43145200
20850,-400,500,"bu","14:14:30",43145000
20850,-400,200,"bu","14:14:26",43144500
20850,-400,500,"bu","14:14:24",43144300
20850,-400,200,"bu","14:14:22",43143800
20850,-400,100,"sd","14:14:21",43143600
20850,-400,300,"sd","14:14:21",43143500
20850,-400,500,"sd","14:14:21",43143200
20850,-400,200,"sd","14:14:21",43142700
20850,-400,2400,"sd","14:14:21",43142500
20850,-400,200,"sd","14:14:21",43140100
20850,-400,300,"sd","14:14:20",43139900
20850,-400,100,"sd","14:14:20",43139600
20850,-400,5500,"sd","14:14:20",43139500
20850,-400,2800,"sd","14:14:20",43134000
20850,-400,100,"sd","14:14:20",43131200
20850,-400,300,"sd","14:14:20",43131100
20850,-400,1000,"sd","14:14:20",43130800
20850,-400,200,"sd","14:14:20",43129800
20850,-400,4800,"sd","14:14:19",43129600
20850,-400,200,"sd","14:14:19",43124800
20850,-400,300,"sd","14:14:19",43124600
20850,-400,2400,"sd","14:14:19",43124300
20850,-400,2000,"sd","14:14:19",43121900
20850,-400,1500,"sd","14:14:19",43119900
20850,-400,4200,"sd","14:14:19",43118400
20850,-400,500,"sd","14:14:19",43114200
20850,-400,4100,"sd","14:14:19",43113700
20850,-400,5900,"sd","14:14:17",43109600
20850,-400,4100,"sd","14:14:17",43103700
20850,-400,100,"sd","14:14:12",43099600
20850,-400,400,"sd","14:14:12",43099500
20850,-400,600,"sd","14:14:12",43099100
20850,-400,200,"sd","14:14:12",43098500
20850,-400,1500,"sd","14:14:12",43098300
20850,-400,3400,"sd","14:14:12",43096800
20850,-400,6600,"sd","14:14:12",43093400
20850,-400,100,"sd","14:14:12",43086800
20850,-400,100,"sd","14:14:12",43086700
20850,-400,2000,"sd","14:14:12",43086600
20850,-400,100,"sd","14:14:12",43084600
20850,-400,1100,"sd","14:14:12",43084500
20850,-400,3000,"sd","14:14:11",43083400
20850,-400,5900,"sd","14:14:10",43080400
20850,-400,900,"sd","14:14:10",43074500
20850,-400,200,"sd","14:14:10",43073600
20850,-400,400,"sd","14:14:10",43073400
20850,-400,1000,"sd","14:14:10",43073000
20850,-400,200,"sd","14:14:10",43072000
20850,-400,400,"sd","14:14:10",43071800
20850,-400,500,"sd","14:14:10",43071400
20850,-400,500,"sd","14:14:10",43070900
20850,-400,3000,"sd","14:14:10",43070400
20850,-400,1000,"sd","14:14:10",43067400
20850,-400,1000,"sd","14:14:10",43066400
20850,-400,300,"sd","14:14:08",43065400
20850,-400,2700,"sd","14:14:08",43065100
20850,-400,100,"sd","14:14:08",43062400
20850,-400,100,"sd","14:14:08",43062300
20850,-400,200,"sd","14:14:08",43062200
20850,-400,1000,"sd","14:14:08",43062000
20850,-400,100,"sd","14:14:08",43061000
20850,-400,400,"sd","14:14:08",43060900
20850,-400,500,"sd","14:14:08",43060500
20850,-400,200,"sd","14:14:08",43060000
20850,-400,500,"sd","14:14:08",43059800
20850,-400,3400,"sd","14:14:08",43059300
20850,-400,500,"sd","14:14:07",43055900
20850,-400,100,"sd","14:14:06",43055400
20850,-400,1000,"sd","14:14:04",43055300
20850,-400,500,"sd","14:14:03",43054300
20850,-400,100,"sd","14:14:02",43053800
20850,-400,2000,"sd","14:14:02",43053700
20850,-400,2400,"sd","14:14:00",43051700
20850,-400,1500,"sd","14:14:00",43049300
20900,-350,1100,"bu","14:14:00",43047800
20850,-400,200,"sd","14:13:57",43046700
20850,-400,200,"sd","14:13:57",43046500
20850,-400,300,"sd","14:13:57",43046300
20850,-400,600,"sd","14:13:57",43046000
20850,-400,200,"sd","14:13:57",43045400
20850,-400,500,"sd","14:13:57",43045200
20850,-400,1000,"sd","14:13:50",43044700
20850,-400,100,"sd","14:13:50",43043700
20850,-400,100,"sd","14:13:50",43043600
20850,-400,900,"sd","14:13:50",43043500
20850,-400,500,"sd","14:13:50",43042600
20850,-400,500,"sd","14:13:50",43042100
20850,-400,3000,"sd","14:13:50",43041600
20850,-400,100,"sd","14:13:50",43038600
20850,-400,5000,"sd","14:13:50",43038500
20850,-400,1000,"sd","14:13:50",43033500
20850,-400,10200,"sd","14:13:50",43032500
20850,-400,3000,"sd","14:13:50",43022300
20850,-400,5000,"sd","14:13:50",43019300
20850,-400,100,"sd","14:13:50",43014300
20850,-400,9500,"sd","14:13:50",43014200
20850,-400,1000,"sd","14:13:49",43004700
20850,-400,4000,"sd","14:13:43",43003700
20850,-400,500,"sd","14:13:43",42999700
20900,-350,2100,"bu","14:13:42",42999200
20900,-350,1200,"bu","14:13:41",42997100
20900,-350,6700,"bu","14:13:40",42995900
20900,-350,600,"bu","14:13:38",42989200
20850,-400,300,"sd","14:13:36",42988600
20850,-400,200,"sd","14:13:36",42988300
20850,-400,300,"sd","14:13:36",42988100
20850,-400,300,"sd","14:13:36",42987800
20850,-400,14000,"sd","14:13:36",42987500
20850,-400,3700,"sd","14:13:36",42973500
20850,-400,10000,"sd","14:13:36",42969800
20900,-350,1000,"bu","14:13:36",42959800
20900,-350,1300,"bu","14:13:35",42958800
20900,-350,3100,"bu","14:13:32",42957500
20900,-350,1800,"bu","14:13:31",42954400
20900,-350,400,"bu","14:13:31",42952600
20850,-400,5000,"sd","14:13:31",42952200
20900,-350,100,"bu","14:13:28",42947200
20900,-350,300,"bu","14:13:27",42947100
20900,-350,2700,"bu","14:13:24",42946800
20900,-350,200,"bu","14:13:19",42944100
20850,-400,100,"sd","14:13:17",42943900
20850,-400,2600,"sd","14:13:15",42943800
20850,-400,2200,"sd","14:13:14",42941200
20900,-350,4000,"bu","14:13:13",42939000
20850,-400,7000,"sd","14:13:11",42935000
20900,-350,300,"bu","14:13:11",42928000
20850,-400,2000,"sd","14:13:09",42927700
20850,-400,300,"sd","14:13:08",42925700
20900,-350,1700,"bu","14:13:03",42925400
20850,-400,1000,"sd","14:13:01",42923700
20850,-400,500,"sd","14:13:01",42922700
20900,-350,700,"bu","14:12:55",42922200
20900,-350,5000,"bu","14:12:55",42921500
20900,-350,500,"bu","14:12:55",42916500
20900,-350,200,"bu","14:12:55",42916000
20900,-350,600,"bu","14:12:55",42915800
20900,-350,5800,"bu","14:12:55",42915200
20900,-350,100,"bu","14:12:54",42909400
20900,-350,200,"bu","14:12:54",42909300
20900,-350,100,"bu","14:12:54",42909100
20900,-350,1600,"bu","14:12:48",42909000
20900,-350,2000,"bu","14:12:48",42907400
20900,-350,600,"bu","14:12:48",42905400
20900,-350,2600,"bu","14:12:48",42904800
20900,-350,300,"bu","14:12:48",42902200
20900,-350,2000,"bu","14:12:48",42901900
20900,-350,2000,"bu","14:12:48",42899900
20900,-350,100,"bu","14:12:48",42897900
20900,-350,3000,"bu","14:12:48",42897800
20900,-350,9700,"bu","14:12:48",42894800
20900,-350,10000,"bu","14:12:48",42885100
20900,-350,1000,"bu","14:12:48",42875100
20900,-350,3000,"bu","14:12:48",42874100
20900,-350,500,"bu","14:12:48",42871100
20900,-350,1000,"bu","14:12:48",42870600
20900,-350,300,"bu","14:12:48",42869600
20900,-350,100,"bu","14:12:48",42869300
20900,-350,2000,"bu","14:12:48",42869200
20900,-350,10000,"bu","14:12:48",42867200
20900,-350,5400,"bu","14:12:48",42857200
20900,-350,1400,"bu","14:12:48",42851800
20900,-350,2800,"bu","14:12:48",42850400
20900,-350,100,"bu","14:12:48",42847600
20900,-350,8200,"bu","14:12:48",42847500
20900,-350,4100,"bu","14:12:48",42839300
20900,-350,2500,"bu","14:12:48",42835200
20900,-350,700,"bu","14:12:48",42832700
20900,-350,5000,"bu","14:12:48",42832000
20900,-350,2000,"bu","14:12:48",42827000
20900,-350,900,"bu","14:12:42",42825000
20900,-350,1100,"bu","14:12:42",42824100
20900,-350,1000,"bu","14:12:40",42823000
20900,-350,700,"bu","14:12:38",42822000
20900,-350,200,"bu","14:12:37",42821300
20900,-350,400,"bu","14:12:37",42821100
20900,-350,100,"bu","14:12:33",42820700
20900,-350,2500,"bu","14:12:33",42820600
20900,-350,1500,"bu","14:12:33",42818100
20850,-400,1000,"sd","14:12:32",42816600
20850,-400,400,"sd","14:12:32",42815600
20900,-350,200,"bu","14:12:25",42815200
20900,-350,300,"bu","14:12:16",42815000
20850,-400,700,"sd","14:12:15",42814700
20850,-400,700,"sd","14:12:12",42814000
20850,-400,100,"sd","14:12:08",42813300
20850,-400,2500,"sd","14:12:07",42813200
20850,-400,4000,"sd","14:12:07",42810700
20850,-400,11100,"sd","14:12:05",42806700
20850,-400,500,"sd","14:12:05",42795600
20850,-400,34000,"sd","14:12:05",42795100
20850,-400,5900,"sd","14:12:05",42761100
20850,-400,1000,"sd","14:12:05",42755200
20850,-400,7500,"sd","14:12:05",42754200
20900,-350,1000,"bu","14:12:02",42746700
20850,-400,1000,"sd","14:12:01",42745700
20850,-400,1500,"bu","14:11:51",42744700
20850,-400,500,"bu","14:11:51",42743200
20850,-400,1000,"bu","14:11:51",42742700
20850,-400,200,"bu","14:11:51",42741700
20850,-400,100,"bu","14:11:51",42741500
20850,-400,2000,"bu","14:11:51",42741400
20850,-400,3000,"bu","14:11:51",42739400
20850,-400,2600,"bu","14:11:51",42736400
20850,-400,2000,"bu","14:11:51",42733800
20850,-400,1000,"bu","14:11:51",42731800
20850,-400,100,"bu","14:11:51",42730800
20850,-400,90300,"bu","14:11:51",42730700
20850,-400,2000,"bu","14:11:51",42640400
20850,-400,10000,"bu","14:11:51",42638400
20850,-400,200,"bu","14:11:51",42628400
20850,-400,100,"bu","14:11:51",42628200
20850,-400,300,"bu","14:11:51",42628100
20850,-400,100,"bu","14:11:51",42627800
20850,-400,900,"bu","14:11:51",42627700
20850,-400,200,"bu","14:11:51",42626800
20850,-400,500,"bu","14:11:51",42626600
20850,-400,400,"bu","14:11:51",42626100
20850,-400,400,"bu","14:11:51",42625700
20850,-400,100,"bu","14:11:51",42625300
20850,-400,200,"bu","14:11:51",42625200
20850,-400,500,"bu","14:11:51",42625000
20850,-400,61300,"bu","14:11:51",42624500
20850,-400,2000,"bu","14:11:48",42563200
20850,-400,200,"bu","14:11:48",42561200
20800,-450,2000,"sd","14:11:47",42561000
20850,-400,700,"bu","14:11:47",42559000
20850,-400,2000,"bu","14:11:46",42558300
20850,-400,1000,"bu","14:11:46",42556300
20850,-400,100,"bu","14:11:45",42555300
20850,-400,100,"bu","14:11:44",42555200
20850,-400,100,"bu","14:11:43",42555100
20850,-400,12000,"bu","14:11:43",42555000
20850,-400,1300,"bu","14:11:41",42543000
20850,-400,12900,"bu","14:11:41",42541700
20850,-400,700,"bu","14:11:41",42528800
20850,-400,10000,"bu","14:11:40",42528100
20850,-400,100,"bu","14:11:39",42518100
20850,-400,27700,"bu","14:11:34",42518000
20850,-400,3400,"bu","14:11:34",42490300
20850,-400,3500,"bu","14:11:34",42486900
20850,-400,5000,"bu","14:11:33",42483400
20850,-400,22600,"bu","14:11:30",42478400
20850,-400,500,"bu","14:11:30",42455800
20850,-400,1000,"bu","14:11:27",42455300
20800,-450,1000,"sd","14:11:26",42454300
20850,-400,400,"bu","14:11:26",42453300
20850,-400,100,"bu","14:11:25",42452900
20850,-400,2000,"bu","14:11:24",42452800
20800,-450,3000,"sd","14:11:22",42450800
20850,-400,1000,"bu","14:11:20",42447800
20800,-450,600,"sd","14:11:18",42446800
20850,-400,600,"bu","14:11:10",42446200
20850,-400,200,"bu","14:11:07",42445600
20800,-450,1400,"sd","14:11:04",42445400
20800,-450,1000,"sd","14:11:04",42444000
20800,-450,100,"sd","14:11:04",42443000
20800,-450,200,"sd","14:11:04",42442900
20800,-450,200,"sd","14:11:02",42442700
20850,-400,200,"bu","14:10:56",42442500
20800,-450,500,"sd","14:10:55",42442300
20800,-450,500,"sd","14:10:55",42441800
20800,-450,4000,"sd","14:10:52",42441300
20800,-450,15500,"sd","14:10:47",42437300
20800,-450,100,"sd","14:10:47",42421800
20800,-450,2000,"sd","14:10:47",42421700
20800,-450,30000,"sd","14:10:47",42419700
20800,-450,200,"sd","14:10:47",42389700
20800,-450,400,"sd","14:10:47",42389500
20800,-450,1000,"sd","14:10:47",42389100
20800,-450,800,"sd","14:10:47",42388100
20800,-450,100,"sd","14:10:46",42387300
20800,-450,100,"sd","14:10:46",42387200
20800,-450,100,"sd","14:10:46",42387100
20800,-450,100,"sd","14:10:46",42387000
20800,-450,700,"sd","14:10:46",42386900
20800,-450,400,"sd","14:10:46",42386200
20800,-450,10400,"sd","14:10:46",42385800
20800,-450,9600,"sd","14:10:40",42375400
20800,-450,200,"sd","14:10:40",42365800
20800,-450,100,"sd","14:10:40",42365600
20800,-450,10100,"sd","14:10:40",42365500
20850,-400,300,"bu","14:10:40",42355400
20800,-450,5000,"sd","14:10:35",42355100
20800,-450,2500,"sd","14:10:34",42350100
20850,-400,100,"bu","14:10:32",42347600
20800,-450,500,"sd","14:10:30",42347500
20850,-400,1000,"bu","14:10:26",42347000
20800,-450,500,"sd","14:10:23",42346000
20800,-450,500,"sd","14:10:20",42345500
20800,-450,1000,"sd","14:10:19",42345000
20800,-450,7000,"sd","14:10:19",42344000
20800,-450,600,"sd","14:10:12",42337000
20800,-450,200,"sd","14:10:12",42336400
20800,-450,100,"sd","14:10:12",42336200
20800,-450,2000,"bu","14:10:09",42336100
20800,-450,500,"bu","14:10:09",42334100
20800,-450,900,"bu","14:10:09",42333600
20800,-450,1000,"bu","14:10:09",42332700
20800,-450,900,"bu","14:10:09",42331700
20800,-450,2600,"bu","14:10:09",42330800
20800,-450,500,"bu","14:10:09",42328200
20800,-450,100,"bu","14:10:09",42327700
20800,-450,2000,"bu","14:10:09",42327600
20800,-450,100,"bu","14:10:09",42325600
20800,-450,3400,"bu","14:10:09",42325500
20800,-450,1300,"bu","14:10:09",42322100
20800,-450,200,"bu","14:10:08",42320800
20800,-450,300,"bu","14:10:08",42320600
20800,-450,500,"bu","14:10:08",42320300
20750,-500,200,"sd","14:10:07",42319800
20750,-500,500,"sd","14:10:07",42319600
