"price","change","match_qtty","side","time","total_vol"
11900,0,5000,"unknown","14:45:01",973500
11900,0,200,"sd","14:29:57",968500
11900,0,300,"sd","14:29:10",968300
11900,0,400,"bu","14:29:05",968000
11900,0,1900,"bu","14:29:05",967600
11900,0,600,"bu","14:28:53",965700
11900,0,500,"bu","14:28:53",965100
11900,0,1500,"bu","14:28:53",964600
11900,0,1700,"bu","14:28:53",963100
11850,-50,100,"sd","14:28:08",961400
11800,-100,700,"sd","14:27:01",961300
11850,-50,500,"sd","14:27:01",960600
11850,-50,1000,"sd","14:27:01",960100
11850,-50,300,"sd","14:27:01",959100
11850,-50,100,"sd","14:25:54",958800
11850,-50,700,"sd","14:25:54",958700
11850,-50,100,"sd","14:25:11",958000
11900,0,3300,"bu","14:25:09",957900
11900,0,600,"bu","14:25:09",954600
11900,0,100,"bu","14:25:09",954000
11900,0,300,"bu","14:25:09",953900
11900,0,2000,"bu","14:25:01",953600
11900,0,200,"bu","14:24:48",951600
11900,0,500,"bu","14:24:10",951400
11900,0,2500,"bu","14:24:10",950900
11900,0,500,"bu","14:24:00",948400
11900,0,500,"bu","14:24:00",947900
11850,-50,200,"sd","14:23:58",947400
11850,-50,1800,"bu","14:22:43",947200
11850,-50,2700,"bu","14:22:20",945400
11850,-50,600,"bu","14:22:18",942700
11850,-50,2400,"bu","14:22:18",942100
11850,-50,200,"bu","14:22:05",939700
11850,-50,100,"bu","14:22:04",939500
11800,-100,200,"sd","14:21:35",939400
11800,-100,2000,"sd","14:21:15",939200
11800,-100,1700,"bu","14:20:53",937200
11800,-100,2500,"bu","14:20:49",935500
11800,-100,500,"sd","14:20:36",933000
11800,-100,300,"sd","14:20:36",932500
11800,-100,1000,"sd","14:20:36",932200
11800,-100,300,"sd","14:20:36",931200
11800,-100,300,"sd","14:20:36",930900
11800,-100,100,"sd","14:20:36",930600
11800,-100,1000,"sd","14:20:36",930500
11800,-100,6300,"sd","14:20:36",929500
11800,-100,200,"sd","14:20:32",923200
11800,-100,800,"sd","14:20:32",923000
11800,-100,500,"sd","14:20:25",922200
11800,-100,700,"sd","14:19:45",921700
11800,-100,200,"sd","14:19:45",921000
11800,-100,300,"sd","14:19:45",920800
11800,-100,3000,"sd","14:19:45",920500
11800,-100,100,"sd","14:19:45",917500
11800,-100,500,"sd","14:19:45",917400
11800,-100,500,"sd","14:19:45",916900
11800,-100,8500,"sd","14:19:45",916400
11800,-100,100,"sd","14:19:45",907900
11800,-100,2000,"sd","14:19:45",907800
11800,-100,100,"sd","14:19:45",905800
11800,-100,3800,"sd","14:19:45",905700
11800,-100,1900,"sd","14:19:45",901900
11850,-50,300,"sd","14:19:45",900000
11850,-50,500,"sd","14:19:45",899700
11850,-50,4400,"sd","14:19:45",899200
11850,-50,3000,"sd","14:19:45",894800
11850,-50,100,"sd","14:19:45",891800
11850,-50,500,"sd","14:19:37",891700
11850,-50,500,"sd","14:18:21",891200
11850,-50,700,"bu","14:17:28",890700
11850,-50,200,"bu","14:17:28",890000
11850,-50,1000,"bu","14:17:16",889800
11850,-50,800,"bu","14:17:08",888800
11800,-100,600,"sd","14:16:22",888000
11800,-100,200,"sd","14:16:22",887400
11800,-100,200,"sd","14:16:22",887200
11800,-100,100,"sd","14:15:37",887000
11850,-50,400,"bu","14:15:20",886900
11850,-50,800,"sd","14:15:16",886500
11850,-50,1200,"sd","14:15:01",885700
11850,-50,800,"sd","14:15:01",884500
11850,-50,100,"sd","14:14:48",883700
11850,-50,100,"sd","14:14:39",883600
11850,-50,400,"sd","14:14:35",883500
11850,-50,200,"sd","14:14:35",883100
11850,-50,400,"sd","14:14:35",882900
11850,-50,100,"sd","14:13:19",882500
11850,-50,200,"sd","14:13:19",882400
11850,-50,500,"sd","14:12:40",882200
11850,-50,100,"sd","14:12:24",881700
11850,-50,100,"sd","14:12:13",881600
11850,-50,1100,"sd","14:12:02",881500
11850,-50,1000,"sd","14:12:02",880400
11850,-50,500,"sd","14:12:02",879400
11850,-50,500,"sd","14:12:02",878900
11850,-50,600,"bu","14:10:55",878400
11850,-50,400,"sd","14:10:51",877800
11850,-50,100,"bu","14:10:32",877400
11850,-50,300,"bu","14:10:32",877300
11850,-50,200,"bu","14:10:06",877000
11850,-50,100,"bu","14:10:01",876800
11850,-50,100,"bu","14:10:00",876700
11850,-50,100,"bu","14:09:58",876600
11850,-50,100,"bu","14:09:56",876500
11850,-50,100,"bu","14:09:54",876400
11850,-50,600,"bu","14:09:25",876300
11800,-100,700,"sd","14:09:09",875700
11800,-100,1200,"sd","14:09:09",875000
11850,-50,200,"sd","14:08:47",873800
11850,-50,100,"sd","14:08:30",873600
11850,-50,1000,"sd","14:08:30",873500
11850,-50,900,"sd","14:08:30",872500
11850,-50,100,"sd","14:08:30",871600
11850,-50,200,"sd","14:08:26",871500
11850,-50,400,"sd","14:07:46",871300
11850,-50,200,"sd","14:07:46",870900
11850,-50,300,"sd","14:07:46",870700
11850,-50,100,"sd","14:07:46",870400
11850,-50,700,"sd","14:07:12",870300
11850,-50,200,"sd","14:07:12",869600
11850,-50,200,"sd","14:07:12",869400
11850,-50,700,"sd","14:07:02",869200
11850,-50,500,"sd","14:07:02",868500
11850,-50,1000,"sd","14:07:02",868000
11850,-50,200,"sd","14:07:02",867000
11850,-50,300,"sd","14:07:02",866800
11850,-50,100,"sd","14:07:02",866500
11850,-50,800,"sd","14:07:02",866400
11900,0,200,"bu","14:06:53",865600
11900,0,200,"bu","14:06:53",865400
11900,0,200,"bu","14:06:41",865200
11900,0,100,"bu","14:06:28",865000
11900,0,5200,"sd","14:06:23",864900
11900,0,500,"sd","14:06:20",859700
11900,0,800,"sd","14:06:08",859200
11900,0,1700,"sd","14:05:57",858400
11950,50,300,"bu","14:05:54",856700
11900,0,1800,"sd","14:05:29",856400
11900,0,200,"sd","14:05:29",854600
11950,50,100,"sd","14:04:01",854400
11950,50,1300,"bu","14:03:57",854300
11950,50,1500,"sd","14:02:50",853000
11950,50,1000,"sd","14:02:48",851500
11950,50,4000,"bu","14:02:17",850500
12000,100,1500,"bu","14:00:32",846500
12000,100,800,"bu","13:59:20",845000
11900,0,1500,"bu","13:57:06",844200
11900,0,5000,"bu","13:57:06",842700
11900,0,1500,"bu","13:57:06",837700
12000,100,8000,"bu","13:57:06",836200
12000,100,100,"bu","13:57:06",828200
12000,100,300,"bu","13:57:06",828100
12000,100,500,"bu","13:57:06",827800
12000,100,100,"bu","13:57:06",827300
12000,100,5000,"bu","13:57:06",827200
12000,100,5000,"bu","13:57:06",822200
11900,0,500,"bu","13:56:59",817200
11900,0,1000,"bu","13:54:05",816700
11850,-50,100,"sd","13:54:02",815700
11850,-50,100,"sd","13:53:36",815600
11850,-50,200,"sd","13:53:36",815500
11850,-50,200,"sd","13:53:36",815300
11850,-50,1000,"sd","13:53:04",815100
11850,-50,300,"sd","13:52:35",814100
11900,0,300,"bu","13:51:10",813800
11900,0,100,"bu","13:49:59",813500
11900,0,100,"bu","13:49:26",813400
11900,0,400,"bu","13:49:26",813300
11900,0,1800,"bu","13:48:50",812900
11900,0,2800,"bu","13:48:30",811100
11900,0,500,"bu","13:48:30",808300
11900,0,100,"bu","13:48:30",807800
11900,0,2900,"bu","13:47:17",807700
11850,-50,400,"sd","13:46:43",804800
11850,-50,1000,"sd","13:46:33",804400
11900,0,100,"sd","13:45:41",803400
11900,0,900,"sd","13:45:41",803300
11900,0,100,"sd","13:45:30",802400
11900,0,100,"sd","13:45:16",802300
11900,0,800,"sd","13:44:53",802200
11900,0,100,"bu","13:43:19",801400
11850,-50,100,"sd","13:43:06",801300
11850,-50,100,"sd","13:43:06",801200
11850,-50,2800,"sd","13:43:06",801100
11900,0,400,"sd","13:41:23",798300
11900,0,100,"bu","13:39:21",797900
11900,0,900,"bu","13:39:02",797800
11900,0,100,"bu","13:39:02",796900
11850,-50,2000,"sd","13:37:47",796800
11850,-50,1200,"sd","13:36:03",794800
11850,-50,300,"sd","13:36:03",793600
11850,-50,200,"sd","13:35:54",793300
11850,-50,400,"sd","13:35:54",793100
11850,-50,400,"sd","13:35:54",792700
11850,-50,100,"sd","13:35:18",792300
11850,-50,3500,"sd","13:35:00",792200
11850,-50,1100,"sd","13:35:00",788700
11900,0,900,"bu","13:34:22",787600
11900,0,100,"bu","13:34:22",786700
11900,0,100,"bu","13:34:22",786600
11900,0,100,"bu","13:33:49",786500
11850,-50,100,"sd","13:32:06",786400
11850,-50,100,"sd","13:31:59",786300
11850,-50,100,"bu","13:31:51",786200
11850,-50,100,"bu","13:31:51",786100
11850,-50,100,"bu","13:31:47",786000
11850,-50,600,"bu","13:31:46",785900
11850,-50,400,"bu","13:30:25",785300
11850,-50,100,"bu","13:30:25",784900
11850,-50,300,"sd","13:28:25",784800
11850,-50,500,"sd","13:28:25",784500
11850,-50,1000,"sd","13:28:25",784000
11850,-50,5500,"sd","13:28:25",783000
11850,-50,1000,"sd","13:28:25",777500
11850,-50,600,"sd","13:28:25",776500
11850,-50,200,"sd","13:28:07",775900
11850,-50,300,"sd","13:27:04",775700
11850,-50,500,"sd","13:26:17",775400
11850,-50,500,"sd","13:25:56",774900
11900,0,200,"bu","13:25:41",774400
11900,0,300,"bu","13:25:41",774200
11850,-50,2000,"sd","13:25:18",773900
11850,-50,500,"sd","13:24:16",771900
11850,-50,800,"sd","13:23:48",771400
11900,0,200,"bu","13:23:43",770600
11900,0,100,"bu","13:23:43",770400
11900,0,1000,"bu","13:22:41",770300
11900,0,1000,"bu","13:21:17",769300
11850,-50,4500,"sd","13:21:06",768300
11900,0,300,"bu","13:20:56",763800
11800,-100,100,"sd","13:17:56",763500
11750,-150,100,"sd","13:17:12",763400
11750,-150,100,"sd","13:16:43",763300
11750,-150,1000,"sd","13:16:43",763200
11750,-150,200,"sd","13:16:43",762200
11750,-150,200,"sd","13:16:43",762000
11750,-150,100,"sd","13:16:43",761800
11750,-150,300,"sd","13:13:03",761700
11750,-150,1000,"sd","13:13:03",761400
11750,-150,500,"sd","13:13:03",760400
11750,-150,100,"sd","13:13:03",759900
11750,-150,200,"sd","13:13:03",759800
11750,-150,200,"sd","13:13:03",759600
11750,-150,100,"bu","13:12:03",759400
11750,-150,100,"bu","13:12:03",759300
11750,-150,200,"bu","13:11:59",759200
11750,-150,100,"bu","13:11:49",759000
11750,-150,100,"bu","13:11:49",758900
11750,-150,3000,"sd","13:11:29",758800
11750,-150,200,"sd","13:11:29",755800
11750,-150,500,"sd","13:11:29",755600
11750,-150,1000,"sd","13:11:29",755100
11750,-150,100,"sd","13:11:29",754100
11800,-100,300,"sd","13:11:29",754000
11750,-150,1000,"bu","13:08:25",753700
11750,-150,1000,"bu","13:08:18",752700
11750,-150,100,"bu","13:08:05",751700
11700,-200,100,"sd","13:07:45",751600
11700,-200,300,"sd","13:07:31",751500
11700,-200,100,"sd","13:07:31",751200
11700,-200,5000,"sd","13:07:31",751100
11700,-200,2500,"sd","13:07:31",746100
11750,-150,5000,"sd","13:07:31",743600
11750,-150,200,"sd","13:07:31",738600
11750,-150,200,"sd","13:07:31",738400
11750,-150,500,"sd","13:07:31",738200
11750,-150,3600,"sd","13:07:31",737700
11800,-100,6300,"sd","13:07:31",734100
11800,-100,500,"sd","13:07:31",727800
11850,-50,500,"sd","13:07:31",727300
11850,-50,20000,"sd","13:07:31",726800
11850,-50,500,"sd","13:07:31",706800
11850,-50,2000,"sd","13:07:31",706300
11850,-50,1000,"sd","13:07:31",704300
11850,-50,300,"sd","13:07:31",703300
11850,-50,1500,"sd","13:07:31",703000
11850,-50,2200,"sd","13:06:55",701500
11850,-50,1300,"sd","13:05:39",699300
11850,-50,4800,"sd","13:05:39",698000
11900,0,2900,"sd","13:05:39",693200
11900,0,14600,"sd","13:05:39",690300
11950,50,1400,"sd","13:05:39",675700
11950,50,100,"sd","13:05:36",674300
11950,50,5000,"unknown","13:05:13",674200
11950,50,1000,"unknown","13:05:13",669200
11950,50,2500,"bu","13:05:13",668200
11900,0,400,"sd","13:04:32",665700
11900,0,2300,"bu","13:04:06",665300
11850,-50,2000,"bu","13:03:43",663000
11850,-50,100,"bu","13:03:43",661000
11850,-50,3100,"bu","13:03:43",660900
11800,-100,3900,"sd","13:03:42",657800
11800,-100,1000,"sd","13:03:22",653900
11800,-100,1000,"sd","13:02:57",652900
11800,-100,400,"bu","13:02:51",651900
11800,-100,1100,"sd","13:02:45",651500
11800,-100,500,"sd","13:02:41",650400
11800,-100,1200,"sd","13:02:32",649900
11850,-50,200,"bu","13:02:24",648700
11800,-100,300,"sd","13:02:09",648500
11800,-100,14100,"sd","13:02:09",648200
11800,-100,1000,"sd","13:02:09",634100
11800,-100,3000,"sd","13:02:09",633100
11800,-100,1600,"sd","13:02:09",630100
11850,-50,200,"bu","13:01:40",628500
11800,-100,200,"sd","13:01:32",628300
11800,-100,100,"sd","13:01:32",628100
11800,-100,800,"sd","13:01:11",628000
11800,-100,400,"sd","13:01:11",627200
11850,-50,900,"bu","13:00:49",626800
11850,-50,500,"bu","13:00:24",625900
11800,-100,100,"sd","13:00:15",625400
11850,-50,2500,"bu","13:00:14",625300
11800,-100,20000,"sd","13:00:04",622800
11850,-50,600,"sd","13:00:04",602800
11850,-50,100,"sd","13:00:04",602200
11850,-50,100,"sd","13:00:04",602100
11850,-50,1600,"sd","13:00:04",602000
11900,0,200,"sd","13:00:04",600400
11900,0,200,"sd","13:00:03",600200
11900,0,200,"bu","13:00:01",600000
11850,-50,100,"sd","13:00:00",599800
11850,-50,1300,"sd","13:00:00",599700
11850,-50,500,"sd","13:00:00",598400
11850,-50,3200,"sd","13:00:00",597900
11850,-50,300,"sd","11:27:08",594700
11850,-50,13000,"sd","11:26:41",594400
11850,-50,500,"sd","11:26:41",581400
11850,-50,1000,"sd","11:26:41",580900
11850,-50,3000,"sd","11:26:41",579900
11900,0,1000,"bu","11:26:24",576900
11900,0,1000,"sd","11:25:27",575900
11900,0,200,"sd","11:25:27",574900
11900,0,500,"sd","11:25:27",574700
11900,0,4000,"sd","11:25:27",574200
11900,0,8800,"sd","11:25:27",570200
11950,50,2000,"sd","11:22:37",561400
12000,100,1700,"bu","11:21:46",559400
12000,100,200,"sd","11:21:22",557700
12000,100,1000,"sd","11:21:22",557500
12000,100,900,"sd","11:21:22",556500
12000,100,300,"sd","11:21:22",555600
12000,100,100,"sd","11:21:22",555300
12000,100,9000,"sd","11:21:22",555200
12000,100,2800,"sd","11:19:52",546200
12000,100,4000,"sd","11:18:22",543400
12000,100,2000,"sd","11:17:24",539400
12000,100,3000,"sd","11:10:30",537400
12000,100,4200,"sd","11:10:29",534400
12000,100,2100,"sd","11:10:29",530200
12000,100,1000,"sd","11:10:29",528100
12000,100,1000,"sd","11:10:29",527100
12000,100,1000,"sd","11:00:54",526100
12050,150,5000,"sd","11:00:54",525100
12200,300,6400,"bu","11:00:44",520100
12200,300,100,"bu","10:59:09",513700
12200,300,1000,"bu","10:59:09",513600
12200,300,200,"bu","10:59:09",512600
12200,300,500,"bu","10:59:09",512400
12150,250,200,"bu","10:59:09",511900
12150,250,2600,"bu","10:59:09",511700
12100,200,400,"bu","10:58:37",509100
12100,200,100,"bu","10:55:49",508700
12000,100,400,"bu","10:54:40",508600
12000,100,100,"sd","10:54:35",508200
12050,150,100,"sd","10:54:35",508100
12000,100,1500,"sd","10:50:57",508000
12000,100,200,"bu","10:50:31",506500
12000,100,1200,"bu","10:50:31",506300
11950,50,100,"bu","10:48:25",505100
11950,50,1000,"sd","10:48:09",505000
12000,100,1000,"bu","10:47:56",504000
12000,100,800,"bu","10:47:40",503000
12000,100,400,"bu","10:47:15",502200
12000,100,200,"bu","10:46:49",501800
12000,100,1200,"bu","10:46:13",501600
12000,100,200,"sd","10:45:21",500400
12000,100,300,"bu","10:45:21",500200
11950,50,300,"bu","10:44:47",499900
11900,0,1200,"bu","10:44:15",499600
11900,0,3500,"sd","10:44:11",498400
11900,0,200,"bu","10:43:55",494900
11900,0,1300,"bu","10:43:55",494700
11900,0,500,"bu","10:43:52",493400
11900,0,1500,"bu","10:43:52",492900
11900,0,300,"bu","10:43:47",491400
11900,0,200,"bu","10:43:30",491100
11900,0,1900,"sd","10:42:14",490900
11900,0,1500,"sd","10:41:51",489000
11900,0,300,"sd","10:41:51",487500
11950,50,500,"bu","10:41:48",487200
12000,100,400,"sd","10:39:42",486700
12000,100,900,"sd","10:39:42",486300
12000,100,400,"sd","10:39:42",485400
12000,100,4600,"sd","10:39:26",485000
12000,100,400,"sd","10:39:26",480400
12050,150,7000,"sd","10:39:26",480000
12050,150,800,"sd","10:39:26",473000
12050,150,1000,"sd","10:39:26",472200
12100,200,100,"sd","10:39:17",471200
12100,200,3000,"sd","10:38:51",471100
12150,250,400,"bu","10:37:33",468100
12200,300,200,"bu","10:29:14",467700
12200,300,1000,"sd","10:29:08",467500
12200,300,200,"sd","10:29:08",466500
12300,400,200,"bu","10:28:32",466300
12300,400,100,"sd","10:28:26",466100
12300,400,300,"sd","10:28:24",466000
12300,400,300,"sd","10:28:24",465700
12300,400,200,"sd","10:28:08",465400
12300,400,300,"bu","10:27:48",465200
12300,400,200,"bu","10:27:48",464900
12300,400,2800,"bu","10:27:29",464700
12300,400,5000,"bu","10:26:46",461900
12300,400,1000,"bu","10:26:46",456900
12400,500,14000,"bu","10:24:33",455900
12400,500,1000,"bu","10:24:33",441900
12400,500,9700,"bu","10:24:33",440900
12350,450,5000,"bu","10:24:33",431200
12350,450,1000,"bu","10:24:33",426200
12350,450,3000,"bu","10:24:33",425200
12350,450,300,"bu","10:24:33",422200
12300,400,4600,"bu","10:24:33",421900
12200,300,1000,"bu","10:24:33",417300
12200,300,5000,"bu","10:24:33",416300
12200,300,4400,"bu","10:24:33",411300
12100,200,1000,"bu","10:24:33",406900
12200,300,600,"sd","10:22:27",405900
12200,300,400,"sd","10:22:17",405300
12250,350,29800,"sd","10:21:05",404900
12300,400,1000,"sd","10:21:05",375100
12300,400,4200,"sd","10:21:05",374100
12350,450,1000,"sd","10:21:01",369900
12400,500,300,"bu","10:19:47",368900
12400,500,200,"bu","10:19:47",368600
12400,500,500,"bu","10:19:47",368400
12450,550,500,"bu","10:18:59",367900
12400,500,500,"bu","10:18:51",367400
12400,500,100,"bu","10:18:51",366900
12400,500,300,"bu","10:18:41",366800
12400,500,200,"bu","10:18:41",363500
12400,500,3000,"bu","10:18:41",366500
12350,450,300,"bu","10:18:28",363300
12350,450,18000,"bu","10:18:28",363000
12350,450,900,"bu","10:18:28",345000
12300,400,15000,"bu","10:18:13",344100
12300,400,10000,"bu","10:18:13",329100
12300,400,1700,"bu","10:18:13",319100
12300,400,1000,"bu","10:18:13",317400
12300,400,5000,"bu","10:18:13",316400
12300,400,100,"bu","10:18:13",311400
12300,400,300,"bu","10:18:13",311300
12300,400,2000,"bu","10:18:13",311000
12250,350,200,"bu","10:18:13",309000
12250,350,500,"bu","10:18:13",308800
12200,300,700,"bu","10:17:40",308300
12200,300,4300,"bu","10:17:14",307600
12200,300,4400,"bu","10:17:14",303300
12200,300,100,"bu","10:16:31",298900
12200,300,500,"sd","10:16:30",298800
12200,300,400,"sd","10:16:15",298300
12200,300,1000,"sd","10:16:03",297900
12200,300,5000,"sd","10:15:57",296900
12300,400,1000,"bu","10:15:23",291900
12200,300,500,"sd","10:15:19",290900
12300,400,5000,"bu","10:15:09",290400
12200,300,3300,"bu","10:15:04",285400
12200,300,1000,"bu","10:15:04",282100
12200,300,1900,"bu","10:15:04",281100
12200,300,300,"bu","10:15:04",279200
12200,300,200,"bu","10:15:04",278900
12200,300,500,"bu","10:15:04",278700
12200,300,700,"bu","10:15:04",278200
12100,200,5000,"bu","10:15:04",277500
12100,200,500,"bu","10:15:04",272500
12100,200,100,"bu","10:15:04",272000
12100,200,1000,"bu","10:15:04",271900
12100,200,1100,"bu","10:15:04",270900
12000,100,500,"bu","10:15:04",269800
12000,100,3000,"bu","10:15:04",269300
12000,100,500,"bu","10:15:04",266300
12000,100,3500,"bu","10:15:04",265800
12000,100,400,"bu","10:13:04",262300
12000,100,1000,"sd","10:12:16",261900
12000,100,5100,"sd","10:12:16",260900
12000,100,3000,"sd","10:12:06",255800
12000,100,2000,"sd","10:11:59",252800
12000,100,5000,"sd","10:11:29",250800
12000,100,10000,"sd","10:11:18",245800
12000,100,100,"bu","10:10:56",235800
12000,100,2000,"bu","10:10:56",235700
12000,100,2000,"bu","10:10:56",233700
12000,100,1000,"bu","10:10:56",231700
12000,100,2000,"bu","10:10:56",230700
12000,100,1000,"bu","10:10:56",228700
12000,100,1700,"bu","10:10:56",227700
12000,100,800,"bu","10:10:56",226000
12000,100,5000,"bu","10:10:56",225200
12000,100,700,"bu","10:10:56",220200
11900,0,2900,"bu","10:10:56",219500
11900,0,800,"bu","10:10:56",216600
11900,0,1000,"bu","10:10:56",215800
11900,0,400,"bu","10:10:56",214800
11900,0,100,"bu","10:10:56",214400
12000,100,2000,"bu","10:10:56",214300
11900,0,400,"bu","10:10:56",212300
11850,-50,1000,"bu","10:10:56",211900
11850,-50,400,"bu","10:09:42",210900
11850,-50,100,"bu","10:07:51",210500
11800,-100,4000,"bu","10:04:47",210400
11800,-100,5000,"bu","10:04:47",206400
11800,-100,1000,"bu","10:04:47",201400
11750,-150,500,"bu","10:04:27",200400
11750,-150,900,"bu","10:04:27",199900
11750,-150,1400,"bu","10:04:21",199000
11750,-150,300,"bu","10:04:03",197600
11750,-150,100,"bu","10:03:59",197300
11750,-150,100,"bu","10:03:29",197200
11750,-150,200,"bu","10:02:40",197100
11750,-150,300,"bu","10:02:31",196900
11750,-150,1000,"sd","10:01:38",196600
11750,-150,400,"sd","10:01:38",195600
11750,-150,1400,"sd","10:01:38",195200
11750,-150,3600,"sd","10:01:27",193800
11750,-150,2000,"sd","10:01:27",190200
11750,-150,4400,"sd","10:01:27",188200
11750,-150,600,"sd","10:01:08",183800
11800,-100,200,"bu","10:01:00",183200
11800,-100,500,"bu","09:59:44",183000
11800,-100,1500,"bu","09:59:18",182500
11800,-100,100,"bu","09:59:15",181000
11800,-100,200,"bu","09:58:55",180900
11750,-150,2000,"sd","09:57:23",180700
11700,-200,800,"sd","09:56:54",178700
11700,-200,4200,"sd","09:56:54",177900
11700,-200,600,"sd","09:56:06",173700
11850,-50,1000,"bu","09:56:02",173100
11700,-200,200,"sd","09:55:19",172100
11700,-200,700,"bu","09:54:26",171900
11700,-200,300,"bu","09:54:04",171200
11850,-50,2100,"bu","09:53:40",170900
11800,-100,500,"bu","09:53:40",168800
11800,-100,2400,"bu","09:53:40",168300
11700,-200,3000,"bu","09:53:04",165900
11700,-200,100,"sd","09:52:46",162900
11700,-200,1000,"sd","09:52:45",162800
11700,-200,900,"sd","09:52:45",161800
11700,-200,4100,"sd","09:52:32",160900
11700,-200,100,"sd","09:52:32",156800
11700,-200,500,"sd","09:52:32",156700
11700,-200,2000,"sd","09:52:32",156200
11700,-200,500,"sd","09:52:32",154200
11700,-200,300,"sd","09:52:32",153700
11700,-200,1000,"sd","09:52:32",153400
11700,-200,200,"sd","09:52:32",152400
11750,-150,100,"sd","09:52:32",152200
11750,-150,200,"sd","09:52:32",152100
11750,-150,1000,"sd","09:51:57",151900
11750,-150,1800,"sd","09:51:10",150900
11750,-150,1000,"sd","09:51:10",149100
11800,-100,1200,"bu","09:50:43",148100
11800,-100,1400,"sd","09:50:41",146900
11800,-100,600,"bu","09:50:29",145500
11800,-100,500,"bu","09:50:15",144900
11800,-100,2000,"bu","09:50:15",144400
11800,-100,500,"bu","09:49:21",142400
11800,-100,1000,"sd","09:49:13",141900
11800,-100,200,"sd","09:49:13",140900
11800,-100,300,"sd","09:49:13",140700
11800,-100,1900,"sd","09:49:13",140400
11800,-100,3000,"sd","09:49:13",138500
11850,-50,1400,"bu","09:49:10",135500
11850,-50,100,"bu","09:49:10",134100
11850,-50,500,"bu","09:49:10",134000
11800,-100,500,"sd","09:48:29",133500
11800,-100,100,"sd","09:48:29",133000
11800,-100,400,"sd","09:48:29",132900
11850,-50,500,"bu","09:48:09",132500
11850,-50,5000,"bu","09:46:45",132000
11850,-50,4000,"bu","09:46:27",127000
11850,-50,400,"bu","09:46:27",123000
11850,-50,600,"bu","09:46:27",122600
11800,-100,200,"sd","09:45:49",122000
11800,-100,200,"sd","09:45:49",121800
11800,-100,5000,"sd","09:45:49",121600
11800,-100,1300,"sd","09:45:48",116600
11800,-100,200,"sd","09:45:23",115300
11800,-100,2000,"sd","09:44:34",115100
11850,-50,100,"bu","09:43:55",113100
11850,-50,300,"sd","09:42:39",113000
11900,0,600,"bu","09:42:01",112700
11900,0,500,"bu","09:41:43",112100
11900,0,200,"bu","09:41:02",111600
11900,0,300,"bu","09:40:58",111400
11850,-50,200,"bu","09:40:58",111100
11850,-50,200,"bu","09:40:57",110900
11850,-50,300,"bu","09:40:57",110700
11850,-50,300,"bu","09:40:57",110400
11900,0,200,"bu","09:40:38",110100
11900,0,1000,"bu","09:40:22",109900
11900,0,100,"bu","09:38:25",108900
11900,0,500,"bu","09:38:24",108800
11900,0,300,"bu","09:38:05",108300
11900,0,300,"sd","09:38:00",108000
11900,0,100,"sd","09:38:00",107700
11900,0,2900,"sd","09:38:00",107600
11900,0,700,"sd","09:37:15",104700
11900,0,500,"bu","09:37:07",104000
11900,0,900,"bu","09:37:07",103500
11900,0,100,"bu","09:36:55",102600
11900,0,1000,"bu","09:36:47",102500
11900,0,100,"bu","09:36:06",101500
11900,0,400,"bu","09:36:06",101400
11900,0,500,"bu","09:36:06",101000
11850,-50,200,"bu","09:35:27",100500
11850,-50,2000,"bu","09:35:06",100300
11850,-50,700,"sd","09:34:46",98300
11850,-50,500,"sd","09:34:35",97600
11850,-50,800,"sd","09:34:15",97100
11850,-50,200,"sd","09:34:15",96300
11850,-50,100,"sd","09:33:43",96100
11850,-50,200,"sd","09:33:20",96000
11850,-50,200,"bu","09:32:52",95800
11850,-50,400,"bu","09:32:52",95600
11850,-50,100,"sd","09:32:20",95200
11850,-50,500,"bu","09:32:04",95100
11850,-50,400,"bu","09:31:49",94600
11850,-50,100,"bu","09:31:30",94200
11850,-50,1000,"bu","09:31:19",94100
11850,-50,700,"bu","09:30:55",93100
11850,-50,700,"bu","09:30:46",92400
11850,-50,1600,"sd","09:30:44",91700
11850,-50,1000,"sd","09:30:00",90100
11850,-50,1700,"bu","09:29:29",89100
11850,-50,5000,"bu","09:29:27",87400
11800,-100,2200,"sd","09:29:18",82400
11800,-100,4300,"bu","09:29:06",80200
11800,-100,500,"bu","09:28:50",75900
11800,-100,100,"bu","09:28:42",75400
11800,-100,1000,"bu","09:28:42",75300
11800,-100,100,"bu","09:28:31",74300
11700,-200,100,"sd","09:27:52",74200
11750,-150,3600,"bu","09:27:37",74100
11750,-150,100,"bu","09:27:22",70500
11750,-150,300,"bu","09:27:18",70400
11750,-150,700,"bu","09:27:14",70100
11750,-150,300,"bu","09:26:16",69400
11550,-350,3000,"bu","09:25:07",69100
11550,-350,400,"bu","09:25:02",66100
11500,-400,1000,"sd","09:24:59",65700
11550,-350,2000,"bu","09:24:54",64700
11550,-350,3000,"bu","09:24:54",62700
11550,-350,500,"bu","09:24:54",59700
11550,-350,500,"bu","09:24:53",59200
11550,-350,300,"sd","09:24:45",58700
11550,-350,500,"sd","09:24:45",58400
11550,-350,100,"sd","09:24:45",57900
11550,-350,100,"sd","09:24:45",57800
11600,-300,300,"bu","09:24:35",57700
11600,-300,1000,"bu","09:24:34",57400
11600,-300,2000,"bu","09:24:31",56400
11600,-300,1000,"bu","09:24:27",54400
11600,-300,5000,"bu","09:24:19",53400
11600,-300,100,"bu","09:24:05",48400
11600,-300,500,"bu","09:24:04",48300
11600,-300,400,"bu","09:23:52",47800
11600,-300,300,"bu","09:23:52",47400
11600,-300,100,"sd","09:23:28",47100
11600,-300,500,"sd","09:23:28",47000
11600,-300,100,"sd","09:23:28",46500
11600,-300,100,"sd","09:23:01",46400
11600,-300,800,"sd","09:23:01",46300
11600,-300,3000,"sd","09:22:37",45500
11600,-300,100,"sd","09:22:37",42500
11600,-300,2000,"sd","09:22:37",42400
11600,-300,1000,"sd","09:22:37",40400
11600,-300,1000,"sd","09:22:37",39400
11600,-300,1000,"sd","09:22:37",38400
11600,-300,1000,"sd","09:22:12",37400
11700,-200,100,"bu","09:22:09",36400
11600,-300,10000,"sd","09:22:00",36300
11700,-200,300,"bu","09:21:57",26300
11700,-200,500,"bu","09:21:41",26000
11700,-200,1000,"sd","09:21:25",25500
11800,-100,200,"sd","09:20:32",24500
11800,-100,100,"sd","09:20:32",24300
11900,0,1000,"bu","09:19:05",24200
11900,0,100,"sd","09:18:55",23200
11900,0,500,"sd","09:18:55",23100
11900,0,200,"sd","09:18:55",22600
11900,0,200,"sd","09:18:55",22400
11900,0,100,"sd","09:18:55",22000
11900,0,200,"sd","09:18:55",22200
11950,50,100,"sd","09:18:55",21900
12000,100,1000,"bu","09:18:10",21800
12000,100,100,"bu","09:18:07",20800
12000,100,1500,"sd","09:18:01",20700
12100,200,1000,"bu","09:18:01",19200
12100,200,900,"bu","09:17:49",18200
12200,300,1000,"bu","09:16:38",17300
12200,300,4000,"bu","09:16:38",16300
12200,300,200,"bu","09:16:04",12300
12200,300,200,"bu","09:16:02",12100
12200,300,4600,"bu","09:15:44",11900
12150,250,400,"bu","09:15:44",7300
12200,300,6900,"bu","09:15:01",6900
