"price","change","match_qtty","side","time","total_vol"
29800,-1050,5300,"bu","14:45:01",45400
30000,-850,100,"bu","14:27:09",40100
29900,-950,4000,"bu","14:26:59",40000
29900,-950,100,"sd","14:21:43",36000
30000,-850,100,"bu","14:19:26",35900
30000,-850,100,"bu","14:16:28",35800
30000,-850,100,"bu","14:16:12",35700
29800,-1050,100,"sd","14:15:55",35600
30000,-850,200,"bu","14:14:01",35500
30000,-850,100,"bu","14:12:55",35300
30000,-850,100,"bu","14:12:55",35200
29700,-1150,800,"sd","14:09:35",35100
29700,-1150,100,"sd","14:09:35",34300
29700,-1150,100,"sd","14:09:35",34200
29750,-1100,100,"bu","14:07:57",34100
29750,-1100,100,"sd","14:02:37",34000
29700,-1150,100,"sd","13:59:30",33900
29700,-1150,100,"sd","13:58:51",33800
30000,-850,100,"bu","13:58:32",33700
29700,-1150,100,"sd","13:56:14",33600
29700,-1150,100,"sd","13:55:59",33500
29600,-1250,100,"unknown","13:52:59",33400
29600,-1250,100,"sd","13:52:24",33300
29600,-1250,1800,"sd","13:51:52",33200
29600,-1250,100,"sd","13:51:52",31400
29600,-1250,100,"sd","13:51:52",31300
29600,-1250,100,"sd","13:51:52",31200
29700,-1150,300,"sd","13:51:52",31100
29750,-1100,100,"sd","13:46:07",30800
30100,-750,100,"bu","13:40:19",30700
29700,-1150,1000,"bu","13:38:58",30600
29700,-1150,100,"sd","13:37:30",29600
29700,-1150,100,"sd","13:35:56",29500
29650,-1200,100,"sd","13:32:51",29400
29600,-1250,1900,"sd","13:31:30",29300
29700,-1150,200,"sd","13:31:18",27400
29700,-1150,100,"sd","13:31:18",27200
29700,-1150,500,"sd","13:31:18",27100
29700,-1150,1000,"sd","13:31:18",26600
29750,-1100,500,"sd","13:31:14",25600
29750,-1100,300,"sd","13:31:14",25100
29750,-1100,100,"sd","13:30:56",24800
29800,-1050,100,"bu","13:30:55",24700
29750,-1100,100,"sd","13:30:46",24600
29800,-1050,100,"sd","13:26:53",24500
29800,-1050,500,"sd","13:26:53",24400
29900,-950,800,"sd","13:24:19",23900
29900,-950,100,"sd","13:24:19",23100
29900,-950,200,"sd","13:24:19",23000
29900,-950,100,"sd","13:24:19",22800
29900,-950,500,"sd","13:24:19",22700
29950,-900,100,"sd","13:23:41",22200
29950,-900,200,"sd","13:21:52",22100
29950,-900,300,"sd","13:21:52",21900
30000,-850,300,"sd","13:20:25",21600
30000,-850,200,"sd","13:20:25",21300
30000,-850,600,"sd","13:18:04",21100
30000,-850,400,"sd","13:17:15",20500
30000,-850,400,"sd","13:17:15",20100
30000,-850,300,"sd","13:17:15",19700
30000,-850,200,"sd","13:16:40",19400
30000,-850,500,"bu","13:09:44",19200
30000,-850,500,"sd","13:09:28",18700
30100,-750,100,"bu","13:00:02",18200
30100,-750,100,"bu","11:18:54",18100
30100,-750,100,"bu","11:13:38",18000
30100,-750,1000,"bu","11:12:35",17900
29950,-900,100,"sd","11:09:54",16900
29900,-950,1000,"sd","10:52:14",16800
29900,-950,1000,"sd","10:52:14",15600
29900,-950,200,"sd","10:52:14",15800
29950,-900,1000,"sd","10:52:14",14600
29950,-900,200,"sd","10:52:14",13600
30000,-850,100,"sd","10:52:14",13400
30000,-850,100,"sd","10:52:14",13300
30000,-850,300,"sd","10:52:14",13200
30000,-850,100,"sd","10:49:41",12900
30000,-850,300,"sd","10:46:52",12800
30100,-750,100,"bu","10:43:30",12500
30100,-750,100,"bu","10:41:04",12400
30000,-850,300,"sd","10:40:53",12300
30100,-750,1000,"sd","10:40:21",12000
30100,-750,100,"sd","10:40:21",11000
30100,-750,800,"sd","10:40:21",10900
30150,-700,500,"sd","10:40:21",10100
30150,-700,100,"sd","10:39:40",9600
30150,-700,100,"sd","10:39:40",9500
30150,-700,200,"sd","10:38:24",9400
30200,-650,1000,"sd","10:37:22",9200
30200,-650,1200,"sd","10:37:22",8200
30200,-650,200,"sd","10:37:22",7000
30350,-500,100,"sd","10:37:22",6700
30200,-650,100,"sd","10:37:22",6800
30400,-450,100,"sd","10:37:22",6600
30400,-450,300,"sd","10:37:22",6500
30400,-450,200,"bu","10:33:05",6200
30400,-450,100,"sd","10:31:46",6000
30400,-450,100,"sd","10:31:31",5900
30200,-650,100,"sd","10:20:58",5800
30200,-650,500,"sd","10:18:16",5700
30200,-650,300,"sd","10:18:03",5200
30150,-700,100,"sd","09:50:23",4900
30150,-700,100,"sd","09:49:58",4800
30200,-650,100,"sd","09:49:05",4700
30150,-700,200,"sd","09:47:55",4600
30100,-750,100,"sd","09:40:42",4400
30150,-700,1700,"bu","09:40:34",4300
30150,-700,200,"sd","09:40:29",2600
30100,-750,100,"sd","09:36:59",2400
30500,-350,500,"bu","09:36:47",2300
31400,550,1800,"bu","09:15:01",1800
