"price","change","match_qtty","side","time","total_vol"
29800,-400,23100,"unknown","14:45:01",1178700
29800,-400,600,"bu","14:29:57",1155600
29800,-400,500,"bu","14:29:49",1155000
29800,-400,2200,"bu","14:29:41",1154500
30000,-200,100,"bu","14:29:19",1152300
29900,-300,1500,"sd","14:29:18",1152200
30000,-200,100,"bu","14:28:30",1150700
30000,-200,1000,"bu","14:28:04",1150600
30000,-200,200,"bu","14:27:35",1149600
30000,-200,1200,"bu","14:26:28",1149400
29600,-600,6700,"sd","14:24:41",1148200
29900,-300,1000,"unknown","14:24:14",1141500
30000,-200,5100,"bu","14:23:42",1140500
30000,-200,700,"sd","14:22:33",1135400
30100,-100,300,"unknown","14:22:05",1134700
30100,-100,500,"sd","14:20:32",1134400
30200,0,200,"bu","14:19:19",1133900
30200,0,100,"bu","14:19:09",1133700
30200,0,2900,"bu","14:18:05",1133600
30200,0,800,"bu","14:17:43",1130700
30200,0,5100,"bu","14:17:09",1129900
29900,-300,100,"bu","14:16:23",1124800
29900,-300,500,"bu","14:16:07",1124700
29900,-300,100,"bu","14:16:00",1124200
29900,-300,1000,"bu","14:15:54",1124100
29900,-300,900,"sd","14:15:20",1123100
29900,-300,100,"sd","14:15:07",1122200
29900,-300,1500,"sd","14:14:58",1122100
29900,-300,200,"sd","14:14:16",1120600
30000,-200,100,"bu","14:13:40",1120400
30000,-200,100,"bu","14:13:33",1120300
30000,-200,400,"bu","14:13:22",1120200
30000,-200,100,"bu","14:13:16",1119800
30000,-200,300,"bu","14:12:54",1119700
30000,-200,100,"bu","14:12:08",1119400
30000,-200,1000,"bu","14:12:04",1119300
30000,-200,2100,"sd","14:11:28",1118300
30000,-200,1600,"sd","14:11:17",1116200
30100,-100,200,"bu","14:10:21",1114600
30100,-100,500,"sd","14:10:08",1114400
30100,-100,1500,"sd","14:09:51",1113900
30200,0,100,"bu","14:07:40",1112400
30200,0,500,"sd","14:06:54",1112300
30300,100,600,"bu","14:06:48",1111800
30300,100,500,"bu","14:06:26",1111200
30300,100,1300,"sd","14:05:57",1110700
30500,300,5000,"bu","14:05:47",1109400
30400,200,100,"sd","14:05:45",1104400
30400,200,400,"unknown","14:04:38",1104300
30500,300,100,"bu","14:03:28",1103900
30500,300,300,"sd","14:03:13",1103800
30500,300,1000,"sd","14:02:58",1103500
30600,400,500,"bu","14:02:21",1102500
30700,500,100,"sd","14:01:43",1102000
30700,500,2000,"unknown","14:01:32",1101900
30800,600,700,"bu","14:00:46",1099900
30800,600,200,"sd","14:00:36",1099200
30800,600,300,"bu","14:00:13",1099000
30800,600,400,"bu","14:00:12",1098700
30800,600,4000,"bu","13:59:49",1098300
30800,600,100,"bu","13:59:48",1094300
30800,600,200,"bu","13:59:19",1094200
30700,500,700,"bu","13:57:59",1094000
30700,500,200,"bu","13:57:51",1093300
30700,500,100,"bu","13:57:30",1093100
30600,400,300,"sd","13:57:02",1093000
30600,400,500,"bu","13:56:26",1092700
30600,400,300,"bu","13:56:04",1092200
30400,200,700,"sd","13:54:51",1091900
30400,200,100,"sd","13:53:57",1091200
30400,200,2000,"sd","13:52:39",1091100
30400,200,1000,"sd","13:51:28",1089100
30400,200,2400,"sd","13:51:17",1088100
30600,400,100,"bu","13:51:04",1085700
30600,400,400,"bu","13:50:57",1085600
30600,400,100,"bu","13:50:47",1085200
30800,600,500,"bu","13:50:34",1085100
30600,400,100,"unknown","13:50:31",1084600
30600,400,1000,"unknown","13:49:37",1084500
30900,700,500,"bu","13:48:45",1083500
31000,800,1200,"bu","13:48:01",1083000
30900,700,4600,"sd","13:47:30",1081800
31000,800,700,"bu","13:47:22",1077200
31000,800,200,"bu","13:47:16",1076500
31000,800,1000,"bu","13:46:42",1076300
30900,700,200,"bu","13:46:38",1075300
30900,700,200,"unknown","13:46:16",1075100
30900,700,1000,"unknown","13:46:09",1074900
30900,700,100,"sd","13:45:57",1073900
31000,800,2000,"bu","13:45:55",1073800
31000,800,5000,"bu","13:45:43",1071800
31000,800,1000,"bu","13:45:26",1066800
31000,800,3000,"bu","13:45:23",1065800
31000,800,2500,"bu","13:45:10",1062800
30900,700,100,"bu","13:45:06",1060300
30900,700,1100,"bu","13:45:02",1060200
31000,800,700,"bu","13:44:59",1059100
31000,800,2300,"bu","13:44:53",1058400
31000,800,200,"bu","13:44:48",1056100
31000,800,100,"bu","13:44:44",1055900
31000,800,500,"bu","13:44:36",1055800
30900,700,100,"sd","13:44:28",1055300
30900,700,1600,"sd","13:44:27",1055200
30900,700,3400,"bu","13:44:18",1053600
30900,700,200,"sd","13:44:17",1050200
30900,700,1900,"sd","13:44:01",1050000
30900,700,100,"bu","13:43:52",1048100
30900,700,500,"bu","13:43:30",1048000
30800,600,2000,"sd","13:43:21",1047500
30800,600,100,"bu","13:43:08",1045500
30800,600,200,"bu","13:42:46",1045400
30500,300,100,"unknown","13:42:23",1045200
30800,600,5000,"bu","13:42:05",1045100
30300,100,1000,"sd","13:41:07",1040100
30500,300,700,"sd","13:41:05",1039100
30500,300,100,"bu","13:40:57",1038400
30400,200,100,"bu","13:40:42",1038300
30300,100,900,"sd","13:39:39",1038200
30200,0,700,"unknown","13:39:19",1037300
30200,0,500,"bu","13:38:49",1036600
30200,0,100,"bu","13:38:25",1036100
30200,0,200,"bu","13:38:09",1036000
30200,0,2000,"bu","13:38:02",1035800
30200,0,100,"bu","13:37:59",1033800
30200,0,600,"bu","13:37:56",1033700
30200,0,3000,"bu","13:37:43",1033100
30200,0,2800,"bu","13:37:22",1030100
30000,-200,2000,"bu","13:36:59",1027300
29900,-300,200,"bu","13:36:46",1025300
29800,-400,400,"bu","13:36:28",1025100
29800,-400,100,"bu","13:36:06",1024700
29800,-400,1000,"bu","13:35:55",1024600
29800,-400,500,"bu","13:35:46",1023600
29700,-500,300,"bu","13:35:39",1023100
29700,-500,100,"bu","13:35:35",1022800
29700,-500,5000,"bu","13:35:13",1022700
29700,-500,500,"bu","13:35:06",1017700
29600,-600,4100,"bu","13:34:54",1017200
29600,-600,5000,"bu","13:34:44",1013100
29600,-600,2900,"bu","13:34:38",1008100
29600,-600,500,"bu","13:34:32",1005200
29500,-700,100,"sd","13:34:17",1004700
29500,-700,100,"sd","13:33:29",1004600
29500,-700,4300,"bu","13:33:23",1004500
29500,-700,500,"bu","13:33:09",1000200
29400,-800,100,"sd","13:33:07",999700
29400,-800,500,"sd","13:33:05",999600
29400,-800,1900,"bu","13:32:34",999100
29400,-800,2000,"bu","13:32:30",997200
29400,-800,100,"bu","13:32:28",995200
29400,-800,700,"bu","13:32:26",995100
29400,-800,300,"bu","13:32:19",994400
29300,-900,200,"sd","13:31:12",994100
29200,-1000,100,"sd","13:28:58",993900
29200,-1000,300,"sd","13:27:42",993800
29200,-1000,100,"sd","13:27:04",993500
29200,-1000,1000,"sd","13:26:36",993400
29200,-1000,100,"sd","13:26:04",992400
29200,-1000,100,"sd","13:25:36",992300
29200,-1000,2300,"sd","13:25:27",992200
29200,-1000,800,"bu","13:25:01",989900
29200,-1000,200,"bu","13:25:00",989100
29200,-1000,100,"unknown","13:24:24",988900
29000,-1200,100,"sd","13:21:08",988800
29000,-1200,1000,"sd","13:20:20",988700
29000,-1200,100,"sd","13:19:14",987700
28900,-1300,22600,"sd","13:18:35",987600
29400,-800,12000,"sd","13:18:09",965000
29400,-800,1000,"sd","13:18:00",953000
29400,-800,10000,"sd","13:17:45",952000
29400,-800,900,"sd","13:17:12",942000
29400,-800,1600,"sd","13:17:06",941100
29400,-800,1000,"sd","13:16:51",939500
29400,-800,12500,"sd","13:16:43",938500
29400,-800,1000,"sd","13:16:20",926000
29400,-800,100,"sd","13:16:01",925000
29500,-700,800,"bu","13:15:25",924900
29500,-700,700,"bu","13:14:52",924100
29500,-700,500,"bu","13:14:42",923400
29400,-800,5000,"sd","13:14:36",922900
29400,-800,200,"sd","13:14:35",917900
29500,-700,2600,"bu","13:14:34",917700
28900,-1300,100,"bu","13:12:54",915100
28900,-1300,100,"bu","13:12:46",915000
28900,-1300,72600,"bu","13:12:40",914900
29500,-700,1000,"bu","13:12:16",842300
29500,-700,300,"bu","13:11:55",841300
29500,-700,1500,"bu","13:11:52",841000
29600,-600,2300,"sd","13:11:50",839500
29600,-600,300,"bu","13:11:39",837200
29500,-700,500,"sd","13:11:30",836900
29500,-700,2500,"bu","13:11:27",836400
29500,-700,200,"bu","13:11:20",833900
29500,-700,100,"bu","13:11:15",833700
29400,-800,500,"sd","13:11:11",833600
29500,-700,800,"bu","13:11:08",833100
29400,-800,100,"sd","13:10:59",832300
29400,-800,3000,"sd","13:10:57",832200
29100,-1100,20000,"unknown","13:10:55",829200
29100,-1100,20000,"bu","13:10:47",809200
29000,-1200,1700,"sd","13:10:01",789200
29000,-1200,1200,"sd","13:09:41",787500
29000,-1200,300,"sd","13:09:28",786300
29000,-1200,100,"sd","13:09:25",786000
29000,-1200,3000,"sd","13:09:04",785900
29000,-1200,400,"bu","13:08:08",782900
29000,-1200,3000,"bu","13:08:06",782500
29000,-1200,1800,"bu","13:07:57",779500
29000,-1200,100,"bu","13:07:44",777700
29000,-1200,2000,"bu","13:07:38",777600
29000,-1200,500,"bu","13:07:37",775600
29100,-1100,15000,"bu","13:06:24",775100
28900,-1300,200,"sd","13:06:18",760100
28900,-1300,50000,"sd","13:05:30",759900
29000,-1200,10000,"sd","13:05:26",709900
29400,-800,40000,"bu","13:04:59",699900
29000,-1200,6500,"sd","13:04:55",659900
29000,-1200,2000,"sd","13:04:53",653400
29000,-1200,2000,"sd","13:04:51",651400
29000,-1200,7300,"sd","13:04:46",649400
29000,-1200,4200,"sd","13:04:45",642100
29000,-1200,2900,"sd","13:04:43",637900
29000,-1200,1000,"sd","13:04:35",635000
29000,-1200,200,"sd","13:04:34",634000
29000,-1200,10000,"sd","13:04:33",633800
29000,-1200,12000,"sd","13:04:23",623800
29000,-1200,200,"sd","13:03:49",611800
29000,-1200,100,"sd","13:03:41",611600
29100,-1100,100,"bu","13:03:30",611500
29000,-1200,1000,"sd","13:03:23",611400
29000,-1200,100,"sd","13:03:05",610400
29000,-1200,1000,"sd","13:02:57",610300
29000,-1200,1000,"sd","13:02:44",609300
29000,-1200,500,"sd","13:02:43",608300
29000,-1200,8400,"sd","13:02:30",607800
29100,-1100,1900,"sd","13:02:04",599400
29100,-1100,300,"sd","13:02:00",597500
29100,-1100,3000,"sd","13:01:46",597200
29100,-1100,1200,"sd","13:01:33",594200
29100,-1100,100,"sd","13:01:28",593000
29100,-1100,400,"sd","13:01:23",592900
29100,-1100,500,"sd","13:01:17",592500
29100,-1100,1000,"sd","13:01:06",592000
29100,-1100,1000,"sd","13:01:00",591000
29300,-900,100,"sd","13:00:43",590000
29300,-900,100,"sd","13:00:08",589900
29400,-800,100,"bu","13:00:07",589800
29200,-1000,200,"sd","13:00:06",589700
29400,-800,200,"bu","13:00:02",589500
29400,-800,2900,"sd","11:29:45",589300
29200,-1000,600,"sd","11:27:48",586400
29200,-1000,100,"bu","11:26:19",585800
29200,-1000,1000,"bu","11:24:57",585700
29100,-1100,5400,"sd","11:22:57",584700
29200,-1000,1300,"sd","11:21:21",579300
29300,-900,800,"sd","11:20:03",578000
29400,-800,100,"bu","11:15:50",577200
29400,-800,200,"bu","11:13:06",577100
29400,-800,800,"sd","11:12:21",576900
29200,-1000,2300,"sd","11:11:19",576100
29300,-900,500,"unknown","11:10:54",573800
29300,-900,4000,"sd","11:10:12",573300
29400,-800,200,"unknown","11:09:16",569300
29400,-800,300,"sd","11:08:44",569100
29400,-800,200,"sd","11:07:20",568800
29400,-800,100,"bu","11:07:07",568600
29500,-700,1000,"bu","11:06:31",568500
29500,-700,100,"bu","11:06:02",567500
29500,-700,500,"bu","11:06:01",567400
29400,-800,1000,"bu","11:04:18",566900
29400,-800,100,"bu","11:04:16",565900
29400,-800,1300,"bu","11:03:29",565800
29400,-800,1000,"bu","11:01:17",564500
29200,-1000,100,"sd","10:59:48",563500
29400,-800,200,"bu","10:59:06",563400
29400,-800,100,"bu","10:58:49",563200
29200,-1000,300,"sd","10:57:51",563100
29200,-1000,200,"bu","10:56:24",562800
29100,-1100,3000,"sd","10:54:35",562600
29300,-900,400,"unknown","10:54:26",559600
29200,-1000,200,"sd","10:52:48",559200
29300,-900,600,"bu","10:52:47",559000
29200,-1000,100,"bu","10:50:49",558400
29200,-1000,1200,"bu","10:50:46",558300
29200,-1000,100,"bu","10:50:32",557100
29200,-1000,1000,"bu","10:50:22",557000
29200,-1000,100,"bu","10:49:57",556000
29200,-1000,1000,"bu","10:49:10",555900
29200,-1000,500,"sd","10:49:09",554900
29200,-1000,5100,"sd","10:48:10",554400
29200,-1000,1000,"sd","10:47:52",549300
29300,-900,500,"bu","10:45:17",548300
29300,-900,100,"bu","10:45:07",547800
29300,-900,100,"bu","10:44:06",547700
29300,-900,100,"sd","10:43:26",547600
29300,-900,5000,"sd","10:43:20",547500
29300,-900,1000,"sd","10:41:42",542500
29300,-900,1000,"sd","10:41:20",541500
29300,-900,1000,"sd","10:40:38",540500
29300,-900,200,"sd","10:40:30",539500
29300,-900,500,"sd","10:39:31",539300
29300,-900,1000,"unknown","10:38:23",538800
29300,-900,2700,"sd","10:38:15",537800
29300,-900,1300,"sd","10:37:26",535100
29300,-900,1000,"sd","10:37:10",533800
29400,-800,1000,"unknown","10:37:04",532800
29400,-800,3800,"bu","10:36:31",531800
29400,-800,1000,"sd","10:36:29",528000
29400,-800,100,"sd","10:33:29",527000
29500,-700,1000,"unknown","10:29:05",526900
29600,-600,100,"bu","10:28:10",525900
29600,-600,1000,"bu","10:26:10",525800
29600,-600,100,"bu","10:24:56",524800
29600,-600,100,"bu","10:23:01",524700
29600,-600,100,"bu","10:22:14",524600
29600,-600,500,"sd","10:21:08",524500
29700,-500,900,"bu","10:20:12",524000
29700,-500,100,"bu","10:19:29",523100
29600,-600,300,"sd","10:19:20",523000
29600,-600,100,"sd","10:18:47",522700
29600,-600,2100,"bu","10:17:59",522600
29500,-700,3000,"bu","10:17:44",520500
29500,-700,100,"bu","10:16:38",517500
29400,-800,1000,"sd","10:16:34",517400
29500,-700,100,"bu","10:16:13",516400
29400,-800,400,"sd","10:16:02",516300
29400,-800,400,"sd","10:15:40",515900
29400,-800,800,"sd","10:13:56",515500
29400,-800,100,"sd","10:13:45",514700
29400,-800,1000,"sd","10:12:18",514600
29400,-800,300,"sd","10:11:34",513600
29400,-800,1500,"sd","10:10:59",513300
29400,-800,1600,"sd","10:10:29",511800
29400,-800,1400,"sd","10:10:07",510200
29400,-800,1000,"bu","10:09:41",508800
29400,-800,200,"bu","10:09:36",507800
29400,-800,1000,"bu","10:08:31",507600
29400,-800,1000,"bu","10:07:04",506600
29400,-800,500,"bu","10:06:35",505600
29400,-800,1000,"bu","10:06:17",505100
29400,-800,100,"bu","10:05:54",504100
29200,-1000,5000,"sd","10:04:19",504000
29300,-900,1000,"sd","10:03:43",499000
29400,-800,300,"unknown","10:02:32",498000
29400,-800,900,"bu","10:01:32",497700
29400,-800,1800,"bu","10:00:28",496800
29400,-800,200,"unknown","09:59:31",495000
29400,-800,200,"bu","09:59:04",494800
29400,-800,300,"bu","09:58:30",494600
29400,-800,300,"bu","09:57:52",494300
29400,-800,500,"bu","09:57:51",494000
29400,-800,1000,"bu","09:57:47",493500
29400,-800,500,"bu","09:56:48",492500
29400,-800,200,"bu","09:56:24",492000
29400,-800,100,"bu","09:56:13",491800
29300,-900,500,"bu","09:55:51",491700
29300,-900,400,"bu","09:55:40",491200
29300,-900,900,"bu","09:55:31",490800
29300,-900,700,"bu","09:55:24",489900
29400,-800,500,"bu","09:55:18",489200
29300,-900,100,"sd","09:55:13",488700
29300,-900,100,"sd","09:54:54",488600
29400,-800,500,"bu","09:54:52",488500
29400,-800,500,"bu","09:54:32",488000
29400,-800,1000,"bu","09:53:43",487500
29300,-900,5000,"sd","09:53:26",486500
29300,-900,100,"sd","09:53:07",481500
29300,-900,300,"sd","09:52:48",481400
29300,-900,100,"sd","09:52:47",481100
29300,-900,3000,"sd","09:52:23",481000
29300,-900,100,"sd","09:50:41",478000
29300,-900,1700,"sd","09:49:41",477900
29300,-900,2500,"sd","09:49:35",476200
29300,-900,2000,"sd","09:48:07",473700
29300,-900,500,"sd","09:47:52",471700
29300,-900,1800,"sd","09:47:43",471200
29200,-1000,200,"sd","09:47:35",469400
29200,-1000,700,"bu","09:46:42",469200
29200,-1000,100,"bu","09:46:10",468500
29200,-1000,200,"bu","09:44:52",468400
29200,-1000,100,"sd","09:43:43",468200
29200,-1000,800,"bu","09:43:19",468100
29200,-1000,100,"bu","09:43:04",467300
29200,-1000,900,"bu","09:42:54",467200
29100,-1100,100,"sd","09:41:51",466300
29200,-1000,700,"sd","09:41:37",466200
29200,-1000,100,"sd","09:41:12",465500
29500,-700,900,"bu","09:39:55",465400
29200,-1000,300,"sd","09:39:17",464500
29400,-800,100,"unknown","09:39:04",464200
29800,-400,200,"bu","09:38:04",464100
29000,-1200,31400,"sd","09:37:56",463900
29000,-1200,100,"bu","09:37:48",432500
29000,-1200,16900,"sd","09:37:47",432400
29500,-700,100,"sd","09:37:43",415500
29500,-700,200,"bu","09:37:11",415400
29400,-800,100,"bu","09:36:35",415200
29100,-1100,400,"sd","09:35:09",415100
29000,-1200,3400,"bu","09:34:28",414700
29000,-1200,1000,"bu","09:34:24",411300
29000,-1200,1500,"bu","09:34:18",410300
29000,-1200,1300,"bu","09:34:07",408800
29000,-1200,100,"bu","09:33:59",407500
29000,-1200,200,"bu","09:33:56",407400
29000,-1200,1000,"bu","09:33:51",407200
29000,-1200,1600,"bu","09:33:45",406200
29000,-1200,900,"bu","09:33:43",404600
28900,-1300,31600,"sd","09:33:25",403700
28800,-1400,400,"bu","09:33:06",372100
28800,-1400,100,"bu","09:32:54",371700
28800,-1400,100,"bu","09:32:35",371600
28800,-1400,100,"bu","09:32:33",371500
28800,-1400,300,"bu","09:32:31",371400
28800,-1400,300,"unknown","09:30:51",371100
28700,-1500,100,"sd","09:30:04",370800
28800,-1400,400,"unknown","09:29:32",370700
28800,-1400,100,"sd","09:29:20",370300
28800,-1400,100,"unknown","09:29:12",370200
28800,-1400,900,"sd","09:28:59",370100
28800,-1400,100,"sd","09:28:57",369200
28800,-1400,500,"sd","09:28:56",369100
28800,-1400,100,"bu","09:28:46",368600
28700,-1500,100,"sd","09:28:18",368500
28500,-1700,1000,"sd","09:28:13",368400
28700,-1500,5000,"sd","09:27:27",367400
28800,-1400,100,"sd","09:27:21",362400
28800,-1400,200,"sd","09:27:11",362300
28800,-1400,100,"sd","09:26:55",362100
28800,-1400,500,"sd","09:26:50",362000
28800,-1400,1000,"sd","09:26:39",361500
28800,-1400,4100,"bu","09:25:16",360500
28700,-1500,1900,"sd","09:25:12",356400
28800,-1400,100,"bu","09:25:05",354500
28800,-1400,100,"bu","09:24:49",354400
28800,-1400,1200,"bu","09:24:48",354300
28800,-1400,700,"sd","09:24:43",353100
28900,-1300,1200,"bu","09:24:39",352400
28800,-1400,100,"bu","09:24:34",351200
28800,-1400,5900,"bu","09:24:32",351100
28900,-1300,400,"bu","09:24:20",345200
28900,-1300,1000,"bu","09:24:14",344800
29000,-1200,5000,"bu","09:24:09",343800
28800,-1400,5100,"sd","09:24:07",338800
28900,-1300,100,"bu","09:23:48",333700
28800,-1400,400,"sd","09:23:42",333600
28800,-1400,200,"sd","09:23:27",333200
28800,-1400,1100,"sd","09:23:25",333000
28900,-1300,300,"sd","09:22:55",331900
29000,-1200,1400,"bu","09:22:54",331600
29000,-1200,1700,"bu","09:22:16",330200
29000,-1200,1700,"bu","09:22:05",328500
29000,-1200,13300,"sd","09:21:45",326800
29000,-1200,200,"sd","09:21:42",313500
29000,-1200,500,"sd","09:21:40",313300
29000,-1200,100,"sd","09:21:39",312800
29000,-1200,2800,"sd","09:21:30",312700
29100,-1100,400,"bu","09:21:26",309900
29200,-1000,100,"bu","09:21:13",309500
29200,-1000,200,"bu","09:21:10",309400
29100,-1100,1000,"sd","09:20:58",309200
29200,-1000,100,"bu","09:20:48",308200
29200,-1000,1400,"sd","09:20:45",308100
29500,-700,1800,"sd","09:20:24",306700
29600,-600,1100,"bu","09:20:18",304900
29700,-500,100,"bu","09:20:00",303800
29700,-500,100,"bu","09:19:55",303700
29600,-600,400,"sd","09:19:19",303600
30100,-100,600,"bu","09:16:39",303200
30200,0,200,"bu","09:16:34",302600
30100,-100,2900,"bu","09:16:19",302400
30100,-100,600,"bu","09:15:07",299500
30100,-100,15000,"sd","09:13:46",298900
29500,-700,100,"bu","09:13:25",283900
29500,-700,1000,"bu","09:13:06",283800
29700,-500,900,"bu","09:12:56",282800
29000,-1200,300,"sd","09:12:52",281900
29000,-1200,1300,"sd","09:12:38",281600
29500,-700,1300,"bu","09:12:29",280300
29500,-700,300,"bu","09:12:08",279000
28800,-1400,6000,"sd","09:12:02",278700
29400,-800,100,"sd","09:11:53",272700
29000,-1200,4100,"sd","09:11:42",272600
29300,-900,600,"bu","09:11:41",268500
29300,-900,100,"bu","09:11:36",267900
29000,-1200,4100,"sd","09:11:21",267800
28800,-1400,200,"sd","09:11:20",263700
28900,-1300,600,"bu","09:11:16",263500
28800,-1400,700,"sd","09:11:08",262900
28700,-1500,100,"sd","09:10:52",262200
28500,-1700,100,"sd","09:10:30",262100
28500,-1700,200,"sd","09:10:11",262000
28400,-1800,100,"sd","09:10:05",261800
28300,-1900,200,"sd","09:09:11",261700
28100,-2100,3300,"sd","09:08:57",261500
28100,-2100,5000,"sd","09:07:51",258200
28000,-2200,100,"sd","09:07:38",253200
28000,-2200,200,"sd","09:07:37",253100
28000,-2200,200,"sd","09:07:23",252900
28000,-2200,5000,"sd","09:07:19",252700
28000,-2200,2500,"sd","09:07:16",247700
28000,-2200,2500,"sd","09:07:14",245200
28000,-2200,100000,"sd","09:06:54",242700
29300,-900,200,"sd","09:06:35",142700
29300,-900,200,"sd","09:06:28",142500
29300,-900,100,"sd","09:06:23",142300
29300,-900,500,"sd","09:06:21",142200
29300,-900,1900,"sd","09:06:15",141700
29200,-1000,200,"unknown","09:05:58",139800
29200,-1000,300,"bu","09:05:51",139600
29200,-1000,4900,"sd","09:05:50",139300
29200,-1000,100,"bu","09:05:42",134400
29000,-1200,100,"sd","09:05:40",134300
29300,-900,5000,"bu","09:05:20",134200
29500,-700,3000,"bu","09:04:58",129200
29400,-800,500,"bu","09:04:56",126200
29300,-900,100100,"unknown","09:04:43",125700
29300,-900,200,"unknown","09:04:36",25600
29500,-700,10000,"bu","09:04:17",25400
29400,-800,100,"bu","09:04:08",15400
29400,-800,700,"bu","09:04:07",15300
29500,-700,100,"bu","09:04:05",14600
29500,-700,100,"bu","09:04:03",14500
29400,-800,500,"sd","09:03:59",14400
29400,-800,100,"sd","09:03:52",13900
29400,-800,100,"sd","09:03:43",13800
29400,-800,200,"sd","09:03:31",13700
29400,-800,4100,"sd","09:03:29",13500
29400,-800,400,"bu","09:03:16",9400
29100,-1100,600,"sd","09:03:10",9000
29100,-1100,600,"sd","09:02:56",8400
29100,-1100,600,"sd","09:02:55",7800
29100,-1100,1100,"bu","09:02:39",7200
29000,-1200,200,"sd","09:02:35",6100
29000,-1200,700,"sd","09:02:29",5900
29000,-1200,3000,"sd","09:02:26",5200
29100,-1100,100,"bu","09:02:10",2200
29500,-700,100,"bu","09:01:40",2100
29500,-700,100,"bu","09:01:27",2000
30100,-100,100,"bu","09:00:06",1900
29000,-1200,1800,"sd","09:00:04",1800
