"price","change","match_qtty","side","time","total_vol"
4.18,-0.06,74000,"unknown","14:45:01",1659700
4.21,-0.03,200,"bu","14:29:55",1585700
4.21,-0.03,100,"bu","14:29:35",1585500
4.2,-0.04,1000,"sd","14:29:34",1585400
4.2,-0.04,1000,"sd","14:29:34",1584400
4.21,-0.03,300,"bu","14:29:16",1583400
4.2,-0.04,7400,"sd","14:29:02",1583100
4.2,-0.04,200,"bu","14:29:01",1575700
4.2,-0.04,900,"bu","14:29:01",1575500
4.2,-0.04,1100,"bu","14:29:01",1574600
4.2,-0.04,900,"bu","14:28:40",1573500
4.2,-0.04,7500,"bu","14:28:40",1572600
4.2,-0.04,8800,"bu","14:28:40",1565100
4.2,-0.04,600,"bu","14:28:40",1556300
4.2,-0.04,2200,"bu","14:28:40",1555700
4.2,-0.04,100,"bu","14:28:37",1553500
4.2,-0.04,300,"bu","14:28:27",1553400
4.19,-0.05,100,"sd","14:28:19",1553100
4.19,-0.05,500,"sd","14:28:19",1553000
4.19,-0.05,500,"sd","14:28:19",1552500
4.19,-0.05,400,"sd","14:28:19",1552000
4.2,-0.04,5000,"bu","14:28:13",1551600
4.2,-0.04,100,"bu","14:27:39",1546600
4.2,-0.04,100,"bu","14:27:31",1546500
4.2,-0.04,3200,"bu","14:27:31",1546400
4.2,-0.04,500,"sd","14:27:31",1543200
4.2,-0.04,200,"sd","14:27:30",1542700
4.2,-0.04,1000,"sd","14:27:27",1542500
4.2,-0.04,500,"sd","14:27:21",1541500
4.2,-0.04,4500,"sd","14:27:11",1541000
4.2,-0.04,100,"sd","14:27:11",1536500
4.2,-0.04,3000,"sd","14:27:11",1536400
4.21,-0.03,7400,"sd","14:27:11",1533400
4.21,-0.03,2000,"sd","14:27:03",1526000
4.22,-0.02,4800,"sd","14:26:37",1524000
4.22,-0.02,500,"sd","14:26:37",1519200
4.22,-0.02,2200,"sd","14:26:37",1518700
4.22,-0.02,100,"sd","14:26:28",1516500
4.22,-0.02,200,"sd","14:26:25",1516400
4.22,-0.02,600,"sd","14:26:18",1516200
4.22,-0.02,100,"sd","14:26:14",1515600
4.23,-0.01,500,"bu","14:26:14",1515500
4.22,-0.02,3100,"sd","14:26:13",1515000
4.22,-0.02,500,"sd","14:26:12",1511900
4.22,-0.02,4000,"sd","14:26:05",1511400
4.22,-0.02,500,"sd","14:25:54",1507400
4.23,-0.01,4900,"sd","14:25:51",1506900
4.23,-0.01,100,"bu","14:25:49",1502000
4.23,-0.01,900,"sd","14:25:35",1501900
4.24,0,4500,"bu","14:24:53",1501000
4.23,-0.01,100,"bu","14:24:46",1496500
4.22,-0.02,500,"sd","14:24:30",1496400
4.22,-0.02,100,"sd","14:24:30",1495900
4.22,-0.02,1400,"sd","14:24:30",1495800
4.22,-0.02,1600,"bu","14:23:55",1494400
4.21,-0.03,500,"sd","14:23:50",1492800
4.21,-0.03,100,"bu","14:23:34",1492300
4.22,-0.02,100,"bu","14:23:32",1492200
4.21,-0.03,1000,"sd","14:23:29",1492100
4.21,-0.03,100,"sd","14:23:23",1491100
4.21,-0.03,200,"sd","14:23:19",1491000
4.21,-0.03,200,"sd","14:23:03",1490800
4.21,-0.03,400,"sd","14:22:33",1490600
4.23,-0.01,200,"bu","14:22:29",1490200
4.23,-0.01,500,"bu","14:22:29",1490000
4.23,-0.01,4100,"bu","14:22:29",1489500
4.23,-0.01,2000,"bu","14:22:29",1485400
4.23,-0.01,200,"bu","14:22:29",1483400
4.24,0,16300,"bu","14:22:29",1483200
4.24,0,500,"bu","14:22:29",1466900
4.22,-0.02,800,"bu","14:22:29",1466400
4.24,0,100,"bu","14:22:29",1465600
4.22,-0.02,1900,"bu","14:22:29",1465500
4.24,0,9500,"bu","14:22:29",1463600
4.22,-0.02,100,"bu","14:22:29",1454100
4.24,0,500,"bu","14:22:29",1454000
4.22,-0.02,1000,"bu","14:22:29",1453500
4.24,0,500,"bu","14:22:29",1452500
4.24,0,100,"bu","14:22:29",1452000
4.22,-0.02,10700,"bu","14:22:29",1451900
4.23,-0.01,1000,"bu","14:22:29",1441200
4.22,-0.02,900,"bu","14:22:28",1440200
4.22,-0.02,500,"bu","14:22:26",1439300
4.21,-0.03,1000,"sd","14:22:25",1438800
4.22,-0.02,300,"bu","14:22:22",1437800
4.22,-0.02,5000,"bu","14:22:02",1437500
4.21,-0.03,1000,"bu","14:21:59",1432500
4.21,-0.03,2000,"bu","14:21:59",1431500
4.21,-0.03,18100,"bu","14:21:21",1429500
4.21,-0.03,1000,"bu","14:21:21",1411400
4.21,-0.03,1200,"bu","14:21:21",1410400
4.21,-0.03,1000,"bu","14:21:21",1409200
4.21,-0.03,1700,"bu","14:21:21",1408200
4.21,-0.03,500,"bu","14:21:21",1406500
4.21,-0.03,100,"bu","14:21:21",1406000
4.21,-0.03,200,"bu","14:21:21",1405900
4.2,-0.04,300,"bu","14:21:21",1405700
4.2,-0.04,200,"bu","14:21:21",1405400
4.2,-0.04,300,"bu","14:21:21",1405200
4.2,-0.04,1000,"bu","14:21:21",1404900
4.2,-0.04,1500,"bu","14:21:21",1403900
4.2,-0.04,1000,"bu","14:21:21",1402400
4.2,-0.04,500,"bu","14:21:21",1401400
4.2,-0.04,1400,"bu","14:21:21",1400900
4.19,-0.05,100,"sd","14:20:25",1399500
4.19,-0.05,200,"sd","14:20:25",1399400
4.19,-0.05,200,"sd","14:20:25",1399200
4.19,-0.05,100,"sd","14:19:36",1399000
4.2,-0.04,2000,"bu","14:19:27",1398900
4.2,-0.04,6600,"bu","14:18:25",1396900
4.2,-0.04,500,"bu","14:18:25",1390300
4.2,-0.04,1400,"bu","14:18:25",1389800
4.2,-0.04,500,"bu","14:18:25",1388400
4.2,-0.04,500,"bu","14:18:25",1387900
4.2,-0.04,500,"bu","14:18:25",1387400
4.19,-0.05,100,"sd","14:17:53",1386900
4.19,-0.05,400,"sd","14:17:21",1386800
4.19,-0.05,300,"sd","14:17:16",1386400
4.19,-0.05,7800,"bu","14:17:11",1386100
4.19,-0.05,200,"bu","14:17:11",1378300
4.19,-0.05,500,"bu","14:17:11",1378100
4.19,-0.05,100,"bu","14:17:11",1377600
4.19,-0.05,300,"bu","14:17:11",1377500
4.18,-0.06,600,"sd","14:17:04",1377200
4.18,-0.06,1400,"sd","14:17:04",1376600
4.19,-0.05,500,"bu","14:16:41",1375200
4.19,-0.05,100,"bu","14:15:33",1374700
4.18,-0.06,600,"sd","14:15:29",1374600
4.18,-0.06,500,"sd","14:15:29",1374000
4.18,-0.06,8900,"sd","14:15:29",1373500
4.18,-0.06,5000,"sd","14:15:26",1364600
4.19,-0.05,100,"sd","14:15:09",1359600
4.19,-0.05,1000,"sd","14:15:06",1359500
4.19,-0.05,1900,"sd","14:14:47",1358500
4.19,-0.05,5000,"bu","14:14:46",1356600
4.19,-0.05,1100,"bu","14:14:46",1351600
4.19,-0.05,200,"sd","14:14:31",1350500
4.19,-0.05,800,"bu","14:14:22",1350300
4.19,-0.05,9200,"sd","14:14:10",1349500
4.19,-0.05,500,"sd","14:13:56",1340300
4.19,-0.05,300,"sd","14:13:52",1339800
4.19,-0.05,200,"sd","14:13:52",1339500
4.19,-0.05,500,"sd","14:13:38",1339300
4.2,-0.04,1000,"sd","14:13:21",1338800
4.2,-0.04,900,"sd","14:13:21",1337800
4.2,-0.04,1000,"sd","14:13:02",1336900
4.21,-0.03,2000,"bu","14:13:01",1335900
4.2,-0.04,100,"sd","14:12:58",1333900
4.21,-0.03,5000,"bu","14:12:49",1333800
4.2,-0.04,100,"sd","14:12:47",1328800
4.2,-0.04,100,"sd","14:12:39",1328700
4.21,-0.03,300,"bu","14:12:31",1328600
4.21,-0.03,2500,"bu","14:12:29",1328300
4.21,-0.03,1000,"sd","14:12:16",1325800
4.21,-0.03,1000,"sd","14:12:14",1324800
4.22,-0.02,600,"bu","14:12:12",1323800
4.22,-0.02,100,"bu","14:12:12",1323200
4.22,-0.02,300,"bu","14:12:12",1323100
4.22,-0.02,6400,"bu","14:11:55",1322800
4.22,-0.02,1300,"bu","14:11:40",1316400
4.22,-0.02,100,"bu","14:11:40",1315100
4.22,-0.02,500,"bu","14:11:40",1315000
4.22,-0.02,100,"bu","14:11:40",1314500
4.21,-0.03,9600,"sd","14:11:18",1314400
4.22,-0.02,500,"bu","14:11:08",1304800
4.22,-0.02,100,"bu","14:11:08",1304300
4.21,-0.03,900,"bu","14:11:02",1304200
4.21,-0.03,100,"sd","14:10:54",1303300
4.21,-0.03,100,"bu","14:10:41",1303200
4.21,-0.03,500,"bu","14:10:40",1303100
4.21,-0.03,300,"bu","14:10:40",1302600
4.21,-0.03,200,"bu","14:10:27",1302300
4.21,-0.03,200,"bu","14:10:27",1302100
4.21,-0.03,500,"bu","14:10:27",1301900
4.21,-0.03,100,"bu","14:10:27",1301400
4.2,-0.04,800,"bu","14:10:05",1301300
4.2,-0.04,2000,"bu","14:10:05",1300500
4.2,-0.04,400,"bu","14:10:05",1298500
4.2,-0.04,200,"bu","14:10:05",1298100
4.2,-0.04,200,"bu","14:10:05",1297900
4.2,-0.04,500,"bu","14:10:05",1297700
4.2,-0.04,500,"bu","14:10:05",1297200
4.2,-0.04,100,"bu","14:10:05",1296700
4.2,-0.04,100,"bu","14:09:57",1296600
4.2,-0.04,100,"bu","14:09:57",1296500
4.2,-0.04,400,"bu","14:09:51",1296400
4.2,-0.04,600,"bu","14:09:50",1296000
4.19,-0.05,1000,"bu","14:09:37",1295400
4.19,-0.05,300,"bu","14:09:37",1294400
4.19,-0.05,200,"bu","14:09:16",1294100
4.18,-0.06,300,"bu","14:08:42",1293900
4.18,-0.06,700,"bu","14:08:42",1293600
4.18,-0.06,2100,"bu","14:08:42",1292900
4.18,-0.06,100,"bu","14:08:37",1290800
4.18,-0.06,400,"bu","14:08:25",1290700
4.18,-0.06,400,"bu","14:08:18",1290300
4.17,-0.07,500,"bu","14:08:03",1289900
4.17,-0.07,3900,"bu","14:08:03",1289400
4.17,-0.07,100,"bu","14:08:01",1285500
4.17,-0.07,100,"bu","14:07:59",1285400
4.17,-0.07,600,"bu","14:07:53",1285300
4.17,-0.07,100,"bu","14:07:52",1284700
4.17,-0.07,100,"bu","14:07:43",1284600
4.17,-0.07,600,"bu","14:07:39",1284500
4.17,-0.07,300,"bu","14:07:22",1283900
4.16,-0.08,100,"bu","14:06:52",1283600
4.16,-0.08,500,"bu","14:06:27",1283500
4.16,-0.08,10000,"sd","14:06:26",1283000
4.16,-0.08,1700,"sd","14:06:26",1273000
4.17,-0.07,40000,"bu","14:06:25",1271300
4.16,-0.08,3400,"sd","14:06:12",1231300
4.16,-0.08,100,"bu","14:05:53",1227900
4.16,-0.08,2000,"bu","14:05:53",1227800
4.16,-0.08,800,"bu","14:05:53",1225800
4.16,-0.08,2200,"bu","14:05:49",1225000
4.16,-0.08,4000,"bu","14:05:49",1222800
4.16,-0.08,400,"bu","14:05:49",1218800
4.16,-0.08,100,"bu","14:05:46",1218400
4.16,-0.08,100,"bu","14:05:46",1218300
4.16,-0.08,5000,"bu","14:05:45",1218200
4.16,-0.08,1100,"bu","14:05:40",1213200
4.16,-0.08,100,"bu","14:02:29",1212100
4.15,-0.09,1300,"sd","14:02:09",1212000
4.15,-0.09,300,"sd","14:02:09",1210700
4.15,-0.09,4700,"bu","14:01:10",1210400
4.14,-0.1,600,"sd","14:00:35",1205700
4.14,-0.1,1400,"sd","14:00:35",1205100
4.15,-0.09,2300,"bu","14:00:25",1203700
4.15,-0.09,500,"bu","14:00:25",1201400
4.15,-0.09,200,"bu","14:00:25",1200900
4.14,-0.1,100,"sd","14:00:10",1200700
4.15,-0.09,1800,"bu","13:59:19",1200600
4.15,-0.09,3800,"bu","13:59:19",1198800
4.14,-0.1,10600,"sd","13:58:35",1195000
4.14,-0.1,1000,"sd","13:58:35",1184400
4.14,-0.1,2400,"sd","13:58:35",1183400
4.15,-0.09,300,"bu","13:58:18",1181000
4.14,-0.1,600,"sd","13:57:20",1180700
4.14,-0.1,2000,"sd","13:56:05",1180100
4.15,-0.09,300,"bu","13:55:53",1178100
4.15,-0.09,300,"bu","13:55:04",1177800
4.15,-0.09,400,"bu","13:54:33",1177500
4.15,-0.09,300,"sd","13:53:29",1177100
4.15,-0.09,1000,"sd","13:53:00",1176800
4.15,-0.09,400,"sd","13:53:00",1175800
4.15,-0.09,200,"sd","13:53:00",1175400
4.15,-0.09,300,"sd","13:53:00",1175200
4.15,-0.09,600,"sd","13:53:00",1174900
4.15,-0.09,500,"sd","13:53:00",1174300
4.15,-0.09,400,"sd","13:52:53",1173800
4.15,-0.09,1600,"sd","13:52:28",1173400
4.15,-0.09,5000,"sd","13:52:04",1171800
4.15,-0.09,11300,"sd","13:51:58",1166800
4.15,-0.09,6600,"sd","13:51:58",1155500
4.15,-0.09,2100,"sd","13:51:58",1148900
4.15,-0.09,500,"sd","13:51:51",1146800
4.15,-0.09,600,"sd","13:51:38",1146300
4.15,-0.09,300,"sd","13:51:37",1145700
4.15,-0.09,200,"sd","13:51:06",1145400
4.15,-0.09,100,"sd","13:51:06",1145200
4.16,-0.08,100,"bu","13:50:52",1145100
4.16,-0.08,3600,"sd","13:50:19",1145000
4.16,-0.08,1400,"sd","13:50:13",1141400
4.16,-0.08,300,"sd","13:50:13",1140000
4.16,-0.08,2900,"sd","13:50:13",1139700
4.16,-0.08,100,"sd","13:50:13",1136800
4.16,-0.08,300,"sd","13:50:13",1136700
4.16,-0.08,500,"sd","13:50:10",1136400
4.17,-0.07,4200,"bu","13:50:09",1135900
4.17,-0.07,1900,"bu","13:50:09",1131700
4.16,-0.08,200,"sd","13:49:46",1129800
4.17,-0.07,100,"sd","13:49:38",1129600
4.17,-0.07,4900,"sd","13:49:38",1129500
4.17,-0.07,100,"sd","13:49:09",1124600
4.17,-0.07,400,"sd","13:49:09",1124500
4.17,-0.07,1000,"sd","13:48:55",1124100
4.18,-0.06,100,"bu","13:48:52",1123100
4.17,-0.07,100,"sd","13:48:37",1123000
4.18,-0.06,100,"bu","13:48:13",1122900
4.18,-0.06,200,"sd","13:47:53",1122800
4.18,-0.06,7900,"sd","13:47:53",1122600
4.19,-0.05,100,"bu","13:47:49",1114700
4.18,-0.06,100,"sd","13:47:32",1114600
4.18,-0.06,1000,"bu","13:47:29",1114500
4.18,-0.06,1000,"bu","13:47:29",1113500
4.18,-0.06,600,"sd","13:47:05",1112500
4.18,-0.06,100,"sd","13:47:05",1111900
4.18,-0.06,400,"sd","13:47:05",1111800
4.18,-0.06,2500,"sd","13:47:05",1111400
4.19,-0.05,2100,"sd","13:46:53",1108900
4.19,-0.05,300,"sd","13:46:50",1106800
4.19,-0.05,1700,"sd","13:46:50",1106500
4.2,-0.04,1500,"bu","13:46:46",1104800
4.2,-0.04,400,"bu","13:46:46",1103300
4.19,-0.05,1000,"sd","13:46:43",1102900
4.19,-0.05,1000,"sd","13:46:39",1101900
4.2,-0.04,300,"bu","13:46:35",1100900
4.19,-0.05,200,"sd","13:46:35",1100600
4.19,-0.05,1300,"sd","13:46:26",1100400
4.2,-0.04,100,"bu","13:46:11",1099100
4.2,-0.04,1100,"bu","13:45:31",1099000
4.2,-0.04,200,"bu","13:45:31",1097900
4.2,-0.04,100,"bu","13:45:31",1097700
4.2,-0.04,1000,"bu","13:45:31",1097600
4.2,-0.04,1000,"bu","13:45:31",1096600
4.2,-0.04,500,"bu","13:45:31",1095600
4.2,-0.04,1100,"bu","13:45:31",1095100
4.2,-0.04,900,"bu","13:45:09",1094000
4.19,-0.05,200,"sd","13:44:51",1093100
4.19,-0.05,500,"sd","13:44:51",1092900
4.18,-0.06,800,"bu","13:43:51",1092400
4.18,-0.06,2200,"bu","13:43:47",1091600
4.18,-0.06,500,"bu","13:43:47",1089400
4.18,-0.06,200,"bu","13:43:47",1088900
4.18,-0.06,5000,"bu","13:43:47",1088700
4.18,-0.06,300,"bu","13:43:47",1083700
4.18,-0.06,1800,"bu","13:43:47",1083400
4.17,-0.07,1500,"sd","13:43:41",1081600
4.17,-0.07,500,"sd","13:43:41",1080100
4.18,-0.06,100,"bu","13:43:27",1079600
4.18,-0.06,100,"bu","13:42:54",1079500
4.17,-0.07,1000,"bu","13:40:59",1079400
4.17,-0.07,1000,"bu","13:40:59",1078400
4.17,-0.07,200,"bu","13:40:59",1077400
4.17,-0.07,900,"bu","13:40:59",1077200
4.17,-0.07,3000,"bu","13:40:59",1076300
4.17,-0.07,500,"bu","13:40:49",1073300
4.17,-0.07,1500,"bu","13:40:37",1072800
4.17,-0.07,500,"bu","13:40:37",1071300
4.17,-0.07,400,"bu","13:40:37",1070800
4.17,-0.07,100,"bu","13:40:30",1070400
4.17,-0.07,100,"bu","13:40:20",1070300
4.16,-0.08,800,"bu","13:39:10",1070200
4.16,-0.08,700,"bu","13:39:10",1069400
4.15,-0.09,100,"sd","13:38:30",1068700
4.16,-0.08,1300,"bu","13:38:17",1068600
4.16,-0.08,200,"bu","13:37:16",1067300
4.15,-0.09,200,"bu","13:37:01",1067100
4.15,-0.09,1100,"bu","13:37:01",1066900
4.14,-0.1,100,"sd","13:36:54",1065800
4.14,-0.1,100,"sd","13:35:49",1065700
4.14,-0.1,700,"bu","13:34:58",1065600
4.14,-0.1,1000,"bu","13:34:58",1064900
4.14,-0.1,700,"bu","13:34:58",1063900
4.13,-0.11,1000,"bu","13:33:11",1063200
4.13,-0.11,100,"bu","13:33:07",1062200
4.13,-0.11,200,"bu","13:33:05",1062100
4.13,-0.11,200,"bu","13:32:50",1061900
4.13,-0.11,100,"sd","13:32:34",1061700
4.12,-0.12,1000,"sd","13:32:23",1061600
4.12,-0.12,4100,"bu","13:32:04",1060600
4.12,-0.12,1200,"bu","13:32:04",1056500
4.12,-0.12,10000,"bu","13:32:04",1055300
4.12,-0.12,100,"bu","13:32:04",1045300
4.12,-0.12,15000,"bu","13:32:04",1045200
4.12,-0.12,2600,"bu","13:32:04",1030200
4.12,-0.12,200,"bu","13:31:59",1027600
4.12,-0.12,100,"bu","13:31:54",1027400
4.11,-0.13,1600,"sd","13:31:54",1027300
4.11,-0.13,400,"sd","13:31:44",1025700
4.11,-0.13,1000,"sd","13:31:39",1025300
4.11,-0.13,100,"sd","13:31:39",1024300
4.11,-0.13,1000,"sd","13:31:38",1024200
4.11,-0.13,300,"sd","13:31:23",1023200
4.11,-0.13,1100,"sd","13:31:23",1022900
4.11,-0.13,1000,"sd","13:31:13",1021800
4.11,-0.13,1500,"sd","13:30:51",1020800
4.11,-0.13,1700,"sd","13:30:10",1019300
4.11,-0.13,1300,"sd","13:30:10",1017600
4.11,-0.13,7500,"bu","13:28:43",1016300
4.11,-0.13,3700,"bu","13:28:43",1008800
4.11,-0.13,300,"bu","13:28:27",1005100
4.11,-0.13,100,"bu","13:28:11",1004800
4.11,-0.13,1000,"bu","13:27:53",1004700
4.11,-0.13,300,"bu","13:26:55",1003700
4.11,-0.13,1000,"bu","13:26:53",1003400
4.11,-0.13,100,"bu","13:26:38",1002400
4.11,-0.13,100,"bu","13:26:31",1002300
4.11,-0.13,500,"bu","13:26:27",1002200
4.11,-0.13,1000,"sd","13:26:12",1001700
4.11,-0.13,1900,"sd","13:26:12",1000700
4.11,-0.13,500,"bu","13:25:45",998800
4.11,-0.13,7600,"bu","13:25:45",998300
4.11,-0.13,100,"bu","13:25:36",990700
4.11,-0.13,100,"sd","13:25:29",990600
4.11,-0.13,100,"sd","13:25:29",990500
4.11,-0.13,200,"sd","13:25:28",990400
4.11,-0.13,1900,"sd","13:25:28",990200
4.12,-0.12,200,"bu","13:24:46",988300
4.11,-0.13,100,"sd","13:24:34",988100
4.11,-0.13,1000,"sd","13:23:28",988000
4.11,-0.13,2000,"sd","13:23:01",987000
4.11,-0.13,5000,"sd","13:22:57",985000
4.11,-0.13,2000,"sd","13:22:46",980000
4.1,-0.14,2000,"sd","13:22:27",978000
4.1,-0.14,18000,"sd","13:22:27",976000
4.1,-0.14,2000,"sd","13:21:58",958000
4.1,-0.14,300,"sd","13:21:35",956000
4.1,-0.14,100,"sd","13:21:35",955700
4.1,-0.14,1000,"sd","13:21:35",955600
4.1,-0.14,100,"sd","13:21:35",954600
4.1,-0.14,100,"sd","13:21:35",954500
4.11,-0.13,1000,"sd","13:21:35",954400
4.11,-0.13,300,"sd","13:21:35",953400
4.11,-0.13,100,"sd","13:21:35",953100
4.11,-0.13,1600,"sd","13:21:14",953000
4.11,-0.13,200,"sd","13:21:14",951400
4.11,-0.13,2200,"sd","13:21:14",951200
4.11,-0.13,2000,"sd","13:20:56",949000
4.11,-0.13,1000,"sd","13:20:23",947000
4.11,-0.13,4000,"sd","13:19:55",946000
4.11,-0.13,800,"sd","13:19:03",942000
4.11,-0.13,400,"sd","13:19:03",941200
4.11,-0.13,100,"sd","13:19:03",940800
4.12,-0.12,5000,"bu","13:18:48",940700
4.12,-0.12,5000,"bu","13:18:33",935700
4.12,-0.12,4100,"sd","13:18:22",930700
4.12,-0.12,200,"sd","13:18:22",926600
4.12,-0.12,5000,"sd","13:18:04",926400
4.12,-0.12,2000,"sd","13:17:53",921400
4.12,-0.12,100,"sd","13:17:09",919400
4.12,-0.12,1700,"sd","13:16:08",919300
4.13,-0.11,100,"sd","13:16:08",917600
4.13,-0.11,200,"sd","13:16:08",917500
4.14,-0.1,100,"bu","13:14:32",917300
4.13,-0.11,300,"sd","13:14:06",917200
4.14,-0.1,100,"bu","13:13:08",916900
4.13,-0.11,200,"sd","13:12:35",916800
4.13,-0.11,100,"sd","13:12:07",916600
4.13,-0.11,700,"sd","13:12:01",916500
4.13,-0.11,500,"sd","13:12:01",915800
4.14,-0.1,100,"bu","13:11:59",915300
4.13,-0.11,100,"sd","13:11:37",915200
4.15,-0.09,100,"bu","13:10:56",915100
4.14,-0.1,100,"bu","13:10:56",915000
4.13,-0.11,200,"sd","13:10:47",914900
4.13,-0.11,200,"bu","13:10:30",914700
4.12,-0.12,2800,"sd","13:10:08",914500
4.13,-0.11,300,"bu","13:09:59",911700
4.13,-0.11,100,"bu","13:09:59",911400
4.13,-0.11,900,"sd","13:09:25",911300
4.13,-0.11,100,"sd","13:09:24",910400
4.13,-0.11,100,"sd","13:09:24",910300
4.14,-0.1,100,"sd","13:09:17",910200
4.14,-0.1,500,"bu","13:09:08",910100
4.14,-0.1,100,"bu","13:08:54",909600
4.14,-0.1,1000,"bu","13:08:26",909500
4.14,-0.1,400,"bu","13:08:24",908500
4.14,-0.1,500,"sd","13:07:59",908100
4.12,-0.12,200,"sd","13:07:37",907600
4.12,-0.12,100,"sd","13:07:37",907400
4.13,-0.11,100,"sd","13:07:37",907300
4.14,-0.1,1200,"sd","13:07:37",907200
4.14,-0.1,1000,"sd","13:07:28",906000
4.15,-0.09,100,"bu","13:07:14",905000
4.15,-0.09,3800,"bu","13:07:14",904900
4.14,-0.1,500,"bu","13:07:09",901100
4.14,-0.1,300,"bu","13:07:09",900600
4.14,-0.1,200,"bu","13:07:08",900300
4.14,-0.1,1300,"bu","13:06:46",900100
4.13,-0.11,1000,"bu","13:06:46",898800
4.13,-0.11,700,"bu","13:06:46",897800
4.12,-0.12,100,"bu","13:06:41",897100
4.11,-0.13,100,"sd","13:06:12",897000
4.11,-0.13,100,"bu","13:06:08",896900
4.1,-0.14,500,"sd","13:06:03",896800
4.1,-0.14,1900,"sd","13:05:59",896300
4.1,-0.14,400,"sd","13:05:51",894400
4.1,-0.14,600,"sd","13:05:21",894000
4.1,-0.14,1000,"bu","13:04:51",893400
4.1,-0.14,500,"bu","13:04:51",892400
4.1,-0.14,100,"bu","13:04:39",891900
4.1,-0.14,1000,"bu","13:04:31",891800
4.1,-0.14,200,"bu","13:04:29",890800
4.1,-0.14,2800,"bu","13:04:29",890600
4.1,-0.14,1300,"sd","13:04:11",887800
4.1,-0.14,100,"sd","13:04:11",886500
4.1,-0.14,200,"sd","13:04:11",886400
4.1,-0.14,300,"sd","13:04:11",886200
4.1,-0.14,300,"sd","13:04:11",885900
4.1,-0.14,500,"sd","13:04:11",885600
4.1,-0.14,100,"sd","13:04:11",885100
4.1,-0.14,200,"sd","13:04:11",885000
4.1,-0.14,300,"sd","13:04:11",884800
4.1,-0.14,1000,"sd","13:04:11",884500
4.1,-0.14,200,"sd","13:04:11",883500
4.1,-0.14,100,"sd","13:04:11",883300
4.1,-0.14,2600,"sd","13:04:10",883200
4.1,-0.14,2000,"sd","13:03:41",880600
4.1,-0.14,200,"sd","13:03:41",878600
4.1,-0.14,100,"sd","13:03:19",878400
4.1,-0.14,100,"sd","13:01:24",878300
4.1,-0.14,300,"sd","13:01:24",878200
4.1,-0.14,100,"sd","13:00:39",877900
4.14,-0.1,200,"bu","13:00:29",877800
4.1,-0.14,100,"sd","13:00:22",877600
4.1,-0.14,100,"sd","13:00:22",877500
4.1,-0.14,100,"sd","13:00:17",877400
4.1,-0.14,1000,"sd","13:00:14",877300
4.1,-0.14,100,"sd","13:00:14",876300
4.1,-0.14,300,"sd","13:00:14",876200
4.1,-0.14,1000,"sd","13:00:14",875900
4.1,-0.14,300,"sd","13:00:14",874900
4.1,-0.14,100,"sd","13:00:14",874600
4.1,-0.14,300,"sd","13:00:14",874500
4.11,-0.13,1000,"sd","13:00:14",874200
4.1,-0.14,300,"sd","13:00:14",873200
4.1,-0.14,2000,"sd","13:00:14",872900
4.1,-0.14,100,"sd","13:00:14",870900
4.1,-0.14,500,"sd","13:00:14",870800
4.11,-0.13,9000,"sd","13:00:12",870300
4.11,-0.13,1000,"sd","13:00:12",861300
4.1,-0.14,600,"sd","13:00:05",860300
4.1,-0.14,1000,"sd","13:00:05",859700
4.1,-0.14,1600,"sd","13:00:04",858700
4.1,-0.14,900,"sd","13:00:03",857100
4.1,-0.14,1000,"sd","13:00:03",856200
4.1,-0.14,500,"sd","13:00:02",855200
4.1,-0.14,1000,"sd","13:00:02",854700
4.1,-0.14,100,"sd","13:00:01",853700
4.1,-0.14,200,"sd","13:00:01",853600
4.1,-0.14,1300,"sd","13:00:01",853400
4.1,-0.14,200,"sd","13:00:01",852100
4.1,-0.14,100,"sd","13:00:01",851900
4.1,-0.14,400,"sd","13:00:01",851800
4.1,-0.14,1200,"sd","13:00:01",851400
4.1,-0.14,7800,"sd","11:29:00",850200
4.11,-0.13,500,"unknown","11:29:00",842400
4.11,-0.13,600,"unknown","11:29:00",841900
4.11,-0.13,100,"unknown","11:29:00",841300
4.11,-0.13,2000,"unknown","11:29:00",841200
4.11,-0.13,200,"unknown","11:29:00",839200
4.11,-0.13,100,"unknown","11:29:00",839000
4.11,-0.13,900,"sd","11:28:59",838900
4.11,-0.13,100,"sd","11:28:59",838000
4.11,-0.13,100,"sd","11:27:30",837900
4.11,-0.13,100,"sd","11:25:46",837800
4.11,-0.13,200,"sd","11:25:04",837700
4.1,-0.14,3400,"sd","11:23:21",837500
4.11,-0.13,100,"bu","11:23:04",834100
4.11,-0.13,300,"sd","11:23:00",834000
4.11,-0.13,200,"sd","11:23:00",833700
4.11,-0.13,100,"sd","11:22:35",833500
4.11,-0.13,3000,"sd","11:22:35",833400
4.11,-0.13,200,"sd","11:22:35",830400
4.11,-0.13,1000,"sd","11:22:19",830200
4.11,-0.13,3000,"sd","11:22:19",829200
4.11,-0.13,200,"sd","11:22:19",826200
4.11,-0.13,1000,"sd","11:22:19",826000
4.11,-0.13,500,"sd","11:22:19",825000
4.11,-0.13,500,"sd","11:22:19",824500
4.11,-0.13,100,"sd","11:22:19",824000
4.11,-0.13,100,"sd","11:22:19",823900
4.11,-0.13,200,"sd","11:22:19",823800
4.11,-0.13,1000,"sd","11:22:19",823600
4.11,-0.13,200,"sd","11:22:19",822600
4.11,-0.13,400,"sd","11:22:19",822400
4.11,-0.13,5000,"sd","11:22:19",822000
4.11,-0.13,1000,"sd","11:22:19",817000
4.11,-0.13,200,"sd","11:22:19",816000
4.11,-0.13,3000,"sd","11:22:19",815800
4.11,-0.13,200,"sd","11:22:19",812800
4.11,-0.13,200,"bu","11:19:24",812600
4.11,-0.13,200,"sd","11:18:54",812400
4.11,-0.13,300,"sd","11:18:54",812200
4.1,-0.14,100,"sd","11:18:25",811900
4.1,-0.14,1700,"sd","11:18:17",811800
4.12,-0.12,100,"sd","11:17:42",810100
4.12,-0.12,600,"sd","11:17:42",810000
4.12,-0.12,100,"sd","11:17:42",809400
4.12,-0.12,300,"sd","11:17:42",809300
4.12,-0.12,400,"sd","11:17:42",809000
4.12,-0.12,200,"sd","11:17:42",808600
4.12,-0.12,500,"sd","11:17:42",808400
4.12,-0.12,200,"sd","11:17:42",807900
4.1,-0.14,5800,"sd","11:17:42",807700
4.12,-0.12,100,"sd","11:17:42",801900
4.1,-0.14,1000,"sd","11:17:42",801800
4.12,-0.12,500,"sd","11:17:42",800800
4.11,-0.13,300,"sd","11:17:42",800300
4.13,-0.11,100,"sd","11:17:42",800000
4.11,-0.13,500,"sd","11:17:42",799900
4.13,-0.11,5000,"sd","11:17:42",799400
4.11,-0.13,1100,"sd","11:17:42",794400
4.13,-0.11,200,"sd","11:17:42",793300
4.11,-0.13,100,"sd","11:17:42",793100
4.11,-0.13,200,"sd","11:17:42",793000
4.11,-0.13,2200,"sd","11:17:42",792800
4.12,-0.12,500,"sd","11:17:42",790600
4.14,-0.1,100,"bu","11:17:27",790100
4.13,-0.11,300,"bu","11:16:09",790000
4.13,-0.11,100,"bu","11:15:48",789700
4.13,-0.11,500,"bu","11:14:13",789600
4.13,-0.11,100,"bu","11:14:10",789100
4.13,-0.11,1800,"bu","11:13:51",789000
4.13,-0.11,5500,"sd","11:12:33",787200
4.13,-0.11,500,"sd","11:12:33",781700
4.13,-0.11,2000,"sd","11:12:33",781200
4.13,-0.11,8000,"sd","11:12:33",779200
4.13,-0.11,100,"sd","11:12:33",771200
4.13,-0.11,1100,"sd","11:12:33",771100
4.14,-0.1,400,"bu","11:11:16",770000
4.14,-0.1,500,"bu","11:11:11",769600
4.14,-0.1,1500,"bu","11:11:11",769100
4.14,-0.1,100,"bu","11:10:48",767600
4.14,-0.1,500,"bu","11:10:29",767500
4.14,-0.1,100,"bu","11:10:26",767000
4.14,-0.1,100,"bu","11:10:21",766900
4.14,-0.1,100,"bu","11:10:18",766800
4.14,-0.1,200,"bu","11:10:12",766700
4.13,-0.11,1000,"bu","11:09:32",766500
4.13,-0.11,1000,"bu","11:09:32",765500
4.13,-0.11,1900,"bu","11:09:32",764500
4.13,-0.11,1000,"bu","11:09:29",762600
4.13,-0.11,1000,"bu","11:09:02",761600
4.13,-0.11,1100,"sd","11:08:35",760600
4.13,-0.11,900,"sd","11:08:29",759500
4.13,-0.11,100,"sd","11:08:29",758600
4.13,-0.11,5000,"sd","11:08:02",758500
4.14,-0.1,500,"sd","11:07:49",753500
4.14,-0.1,100,"sd","11:07:49",753000
4.14,-0.1,100,"sd","11:07:49",752900
4.14,-0.1,3700,"sd","11:07:49",752800
4.14,-0.1,4100,"sd","11:07:46",749100
4.14,-0.1,200,"sd","11:07:46",745000
4.14,-0.1,700,"sd","11:07:46",744800
4.14,-0.1,2400,"sd","11:07:11",744100
4.14,-0.1,1800,"sd","11:07:05",741700
4.14,-0.1,1000,"sd","11:07:05",739900
4.14,-0.1,400,"sd","11:07:05",738900
4.14,-0.1,100,"sd","11:06:35",738500
4.14,-0.1,200,"sd","11:06:10",738400
4.14,-0.1,800,"sd","11:06:09",738200
4.14,-0.1,200,"sd","11:05:50",737400
4.14,-0.1,1000,"sd","11:05:16",737200
4.14,-0.1,100,"sd","11:04:30",736200
4.14,-0.1,100,"sd","11:04:21",736100
4.14,-0.1,4700,"sd","11:04:14",736000
4.14,-0.1,100,"sd","11:03:47",731300
4.15,-0.09,300,"bu","11:02:30",731200
4.16,-0.08,7700,"sd","11:00:36",730900
4.16,-0.08,6300,"sd","11:00:18",723200
4.16,-0.08,1000,"sd","11:00:16",716900
4.17,-0.07,100,"bu","10:59:42",715900
4.17,-0.07,300,"bu","10:59:32",715800
4.17,-0.07,200,"bu","10:59:32",715500
4.16,-0.08,500,"sd","10:59:28",715300
4.16,-0.08,300,"bu","10:58:50",714800
4.15,-0.09,4200,"bu","10:58:50",714500
4.14,-0.1,2300,"sd","10:58:48",710300
4.14,-0.1,2000,"sd","10:58:48",708000
4.14,-0.1,1700,"sd","10:58:48",706000
4.15,-0.09,800,"bu","10:58:46",704300
4.15,-0.09,5100,"sd","10:58:07",703500
4.15,-0.09,4100,"sd","10:57:53",698400
4.15,-0.09,200,"sd","10:57:53",694300
4.15,-0.09,500,"sd","10:57:51",694100
4.15,-0.09,100,"sd","10:57:22",693600
4.15,-0.09,200,"bu","10:57:11",693500
4.14,-0.1,100,"sd","10:56:19",693300
4.15,-0.09,400,"sd","10:55:49",693200
4.15,-0.09,400,"sd","10:55:49",692800
4.15,-0.09,1100,"sd","10:55:49",692400
4.15,-0.09,2000,"sd","10:55:37",691300
4.15,-0.09,200,"sd","10:54:41",689300
4.15,-0.09,4900,"sd","10:53:47",689100
4.16,-0.08,100,"sd","10:53:47",684200
4.15,-0.09,1800,"sd","10:53:28",684100
4.15,-0.09,500,"sd","10:53:28",682300
4.15,-0.09,500,"sd","10:53:28",681800
4.15,-0.09,100,"sd","10:53:28",681300
4.15,-0.09,100,"sd","10:53:28",681200
4.16,-0.08,5400,"sd","10:52:04",681100
4.16,-0.08,4600,"sd","10:52:01",675700
4.16,-0.08,200,"sd","10:52:01",671100
4.16,-0.08,200,"sd","10:52:01",670900
4.17,-0.07,1000,"bu","10:51:02",670700
4.16,-0.08,600,"sd","10:50:24",669700
4.16,-0.08,14600,"bu","10:49:23",669100
4.16,-0.08,6500,"bu","10:49:23",654500
4.16,-0.08,1300,"bu","10:49:23",648000
4.16,-0.08,100,"bu","10:49:23",646700
4.16,-0.08,200,"bu","10:48:19",646600
4.15,-0.09,900,"sd","10:47:27",646400
4.15,-0.09,10000,"sd","10:47:27",645500
4.15,-0.09,300,"sd","10:47:27",635500
4.15,-0.09,100,"sd","10:47:27",635200
4.15,-0.09,100,"sd","10:47:27",635100
4.15,-0.09,200,"sd","10:47:27",635000
4.15,-0.09,200,"sd","10:47:27",634800
4.15,-0.09,300,"sd","10:47:27",634600
4.15,-0.09,1000,"sd","10:47:27",634300
4.15,-0.09,2000,"sd","10:47:27",633300
4.15,-0.09,900,"sd","10:47:27",631300
4.15,-0.09,100,"sd","10:45:23",630400
4.15,-0.09,100,"sd","10:45:23",630300
4.15,-0.09,100,"sd","10:45:23",630200
4.15,-0.09,200,"sd","10:45:23",630100
4.15,-0.09,800,"sd","10:45:05",629900
4.15,-0.09,2200,"sd","10:45:05",629100
4.15,-0.09,2800,"sd","10:44:07",626900
4.15,-0.09,100,"sd","10:44:07",624100
4.15,-0.09,2000,"sd","10:43:44",624000
4.16,-0.08,100,"bu","10:42:54",622000
4.16,-0.08,100,"bu","10:42:33",621900
4.16,-0.08,1500,"sd","10:40:52",621800
4.16,-0.08,300,"sd","10:40:29",620300
4.16,-0.08,100,"sd","10:40:29",620000
4.16,-0.08,400,"sd","10:40:29",619900
4.16,-0.08,500,"sd","10:40:29",619500
4.16,-0.08,100,"sd","10:40:29",619000
4.16,-0.08,1600,"sd","10:40:29",618900
4.17,-0.07,600,"bu","10:39:30",617300
4.17,-0.07,100,"bu","10:39:30",616700
4.16,-0.08,10400,"sd","10:39:01",616600
4.16,-0.08,200,"sd","10:39:01",606200
4.16,-0.08,1000,"sd","10:39:01",606000
4.16,-0.08,100,"sd","10:39:01",605000
4.16,-0.08,100,"sd","10:39:01",604900
4.16,-0.08,200,"sd","10:39:01",604800
4.16,-0.08,1800,"sd","10:38:45",604600
4.16,-0.08,100,"sd","10:38:45",602800
4.16,-0.08,300,"sd","10:38:45",602700
4.16,-0.08,1300,"sd","10:38:45",602400
4.16,-0.08,8000,"sd","10:38:22",601100
4.16,-0.08,5000,"sd","10:38:20",593100
4.16,-0.08,1000,"sd","10:38:00",588100
4.17,-0.07,200,"bu","10:36:04",587100
4.17,-0.07,200,"bu","10:35:33",586900
4.16,-0.08,4700,"sd","10:35:00",586700
4.16,-0.08,300,"sd","10:35:00",582000
4.17,-0.07,5000,"bu","10:34:54",581700
4.17,-0.07,400,"bu","10:34:18",576700
4.17,-0.07,100,"bu","10:33:32",576300
4.17,-0.07,4000,"bu","10:33:18",576200
4.16,-0.08,100,"sd","10:33:16",572200
4.16,-0.08,100,"sd","10:32:57",572100
4.16,-0.08,400,"sd","10:32:57",572000
4.16,-0.08,600,"sd","10:32:12",571600
4.17,-0.07,3500,"bu","10:30:36",571000
4.17,-0.07,500,"bu","10:30:36",567500
4.17,-0.07,1000,"sd","10:27:55",567000
4.17,-0.07,100,"sd","10:27:55",566000
4.17,-0.07,400,"sd","10:27:55",565900
4.17,-0.07,100,"sd","10:27:55",565500
4.17,-0.07,200,"sd","10:27:55",565400
4.17,-0.07,100,"sd","10:27:55",565200
4.17,-0.07,200,"sd","10:27:55",565100
4.17,-0.07,8900,"sd","10:27:55",564900
4.17,-0.07,100,"sd","10:26:39",556000
4.18,-0.06,9600,"bu","10:26:02",555900
4.17,-0.07,1000,"sd","10:26:00",546300
4.18,-0.06,1000,"sd","10:25:14",545300
4.18,-0.06,200,"sd","10:25:14",544300
4.18,-0.06,100,"sd","10:25:14",544100
4.18,-0.06,400,"sd","10:25:14",544000
4.18,-0.06,100,"sd","10:24:46",543600
4.18,-0.06,1500,"sd","10:23:57",543500
4.18,-0.06,1000,"sd","10:23:57",542000
4.18,-0.06,100,"sd","10:23:57",541000
4.18,-0.06,1000,"sd","10:23:57",540900
4.18,-0.06,400,"sd","10:23:57",539900
4.19,-0.05,100,"bu","10:21:25",539500
4.18,-0.06,200,"sd","10:21:11",539400
4.19,-0.05,100,"bu","10:20:42",539200
4.19,-0.05,500,"bu","10:20:14",539100
4.19,-0.05,100,"bu","10:19:33",538600
4.18,-0.06,2500,"bu","10:19:11",538500
4.18,-0.06,1000,"bu","10:19:11",536000
4.18,-0.06,100,"bu","10:19:11",535000
4.18,-0.06,800,"bu","10:19:11",534900
4.18,-0.06,100,"bu","10:19:02",534100
4.18,-0.06,1000,"bu","10:17:22",534000
4.18,-0.06,500,"sd","10:17:20",533000
4.18,-0.06,100,"sd","10:17:20",532500
4.18,-0.06,900,"bu","10:15:29",532400
4.18,-0.06,100,"bu","10:14:02",531500
4.18,-0.06,1000,"sd","10:13:56",531400
4.2,-0.04,500,"bu","10:13:25",530400
4.19,-0.05,200,"sd","10:13:21",529900
4.19,-0.05,500,"sd","10:13:21",529700
4.19,-0.05,4000,"sd","10:13:20",529200
4.2,-0.04,3000,"bu","10:12:41",525200
4.2,-0.04,3100,"bu","10:12:18",522200
4.2,-0.04,500,"bu","10:11:08",519100
4.2,-0.04,2300,"bu","10:10:52",518600
4.2,-0.04,500,"bu","10:10:46",516300
4.2,-0.04,5000,"bu","10:10:39",515800
4.2,-0.04,1000,"bu","10:10:37",510800
4.19,-0.05,3000,"sd","10:10:36",509800
4.2,-0.04,300,"bu","10:10:23",506800
4.2,-0.04,10000,"bu","10:09:47",506500
4.19,-0.05,6400,"sd","10:09:16",496500
4.19,-0.05,2500,"bu","10:08:37",490100
4.19,-0.05,500,"sd","10:08:34",487600
4.2,-0.04,200,"bu","10:08:13",487100
4.2,-0.04,5000,"sd","10:07:08",486900
4.2,-0.04,6100,"sd","10:07:08",481900
4.2,-0.04,100,"sd","10:07:00",475800
4.2,-0.04,1000,"sd","10:06:44",475700
4.2,-0.04,8000,"bu","10:06:35",474700
4.2,-0.04,300,"bu","10:06:35",466700
4.2,-0.04,400,"bu","10:06:35",466400
4.2,-0.04,600,"bu","10:06:35",466000
4.2,-0.04,500,"bu","10:06:02",465400
4.19,-0.05,100,"sd","10:05:57",464900
4.2,-0.04,300,"bu","10:05:44",464800
4.2,-0.04,200,"sd","10:05:29",464500
4.2,-0.04,200,"sd","10:05:29",464300
4.2,-0.04,100,"sd","10:05:29",464100
4.2,-0.04,1000,"sd","10:05:29",464000
4.2,-0.04,7100,"sd","10:05:29",463000
4.2,-0.04,2400,"sd","10:05:17",455900
4.2,-0.04,500,"sd","10:05:17",453500
4.2,-0.04,100,"sd","10:05:17",453000
4.2,-0.04,200,"sd","10:05:01",452900
4.21,-0.03,100,"bu","10:04:56",452700
4.21,-0.03,6000,"bu","10:04:48",452600
4.21,-0.03,1100,"sd","10:04:43",446600
4.21,-0.03,1000,"sd","10:04:43",445500
4.21,-0.03,20000,"unknown","10:03:50",444500
4.2,-0.04,100,"sd","10:03:38",424500
4.2,-0.04,2900,"sd","10:03:38",424400
4.2,-0.04,200,"sd","10:02:19",421500
4.2,-0.04,1000,"sd","10:02:11",421300
4.2,-0.04,1000,"sd","10:02:08",420300
4.21,-0.03,2000,"bu","10:01:34",419300
4.2,-0.04,200,"bu","10:01:04",417300
4.2,-0.04,500,"bu","10:01:04",417100
4.2,-0.04,100,"bu","10:01:04",416600
4.2,-0.04,13300,"bu","10:01:04",416500
4.2,-0.04,100,"bu","10:01:04",403200
4.2,-0.04,200,"bu","10:01:04",403100
4.2,-0.04,2000,"bu","09:59:28",402900
4.2,-0.04,2200,"bu","09:58:38",400900
4.19,-0.05,100,"bu","09:58:12",398700
4.16,-0.08,100,"sd","09:57:42",398600
4.18,-0.06,500,"sd","09:57:42",398500
4.18,-0.06,100,"bu","09:57:41",398000
4.18,-0.06,400,"bu","09:57:41",397900
4.18,-0.06,1000,"bu","09:57:35",397500
4.18,-0.06,100,"bu","09:57:27",396500
4.16,-0.08,4000,"sd","09:57:09",396400
4.16,-0.08,500,"sd","09:57:08",392400
4.16,-0.08,500,"sd","09:57:08",391900
4.18,-0.06,400,"bu","09:57:08",391400
4.18,-0.06,100,"bu","09:57:08",391000
4.18,-0.06,600,"bu","09:57:02",390900
4.18,-0.06,4800,"bu","09:57:02",390300
4.18,-0.06,100,"bu","09:56:46",385500
4.18,-0.06,100,"bu","09:56:19",385400
4.16,-0.08,400,"bu","09:56:06",385300
4.15,-0.09,2100,"bu","09:55:32",384900
4.15,-0.09,300,"bu","09:55:32",382800
4.15,-0.09,18400,"bu","09:55:31",382500
4.15,-0.09,500,"bu","09:55:28",364100
4.14,-0.1,1000,"bu","09:54:58",363600
4.14,-0.1,1000,"bu","09:54:58",362600
4.13,-0.11,5000,"sd","09:53:22",361600
4.13,-0.11,500,"sd","09:53:22",356600
4.13,-0.11,500,"sd","09:53:22",356100
4.15,-0.09,1100,"bu","09:52:24",355600
4.15,-0.09,4900,"bu","09:52:24",354500
4.12,-0.12,300,"sd","09:52:10",349600
4.12,-0.12,1000,"sd","09:52:10",349300
4.12,-0.12,1000,"sd","09:52:10",348300
4.12,-0.12,100,"sd","09:52:10",347300
4.12,-0.12,500,"sd","09:52:10",347200
4.12,-0.12,100,"sd","09:52:10",346700
4.12,-0.12,500,"sd","09:52:10",346600
4.13,-0.11,100,"sd","09:52:10",346100
4.13,-0.11,500,"sd","09:52:10",346000
4.13,-0.11,200,"sd","09:52:10",345500
4.13,-0.11,600,"sd","09:52:09",345300
4.14,-0.1,100,"sd","09:52:09",344700
4.14,-0.1,400,"sd","09:51:44",344600
4.14,-0.1,500,"sd","09:51:44",344200
4.14,-0.1,100,"sd","09:51:44",343700
4.15,-0.09,100,"bu","09:51:19",343600
4.14,-0.1,400,"sd","09:51:09",343500
4.14,-0.1,200,"sd","09:51:09",343100
4.15,-0.09,700,"bu","09:50:17",342900
4.15,-0.09,900,"bu","09:50:10",342200
4.15,-0.09,200,"bu","09:50:10",341300
4.15,-0.09,200,"bu","09:49:37",341100
4.15,-0.09,800,"bu","09:49:37",340900
4.15,-0.09,1600,"bu","09:48:57",340100
4.15,-0.09,400,"bu","09:48:57",338500
4.15,-0.09,500,"bu","09:48:52",338100
4.15,-0.09,100,"bu","09:48:23",337600
4.15,-0.09,100,"bu","09:48:23",337500
4.15,-0.09,100,"bu","09:47:43",337400
4.15,-0.09,100,"bu","09:47:20",337300
4.15,-0.09,500,"bu","09:46:53",337200
4.15,-0.09,100,"bu","09:46:36",336700
4.15,-0.09,1000,"sd","09:46:03",336600
4.15,-0.09,500,"sd","09:46:03",335600
4.15,-0.09,500,"sd","09:46:03",335100
4.15,-0.09,100,"sd","09:46:03",334600
4.15,-0.09,1200,"sd","09:46:03",334500
4.16,-0.08,100,"bu","09:45:48",333300
4.16,-0.08,2500,"bu","09:45:09",333200
4.15,-0.09,8600,"sd","09:44:35",330700
4.15,-0.09,800,"sd","09:44:35",322100
4.15,-0.09,500,"sd","09:44:35",321300
4.15,-0.09,100,"sd","09:44:35",320800
4.16,-0.08,500,"bu","09:44:23",320700
4.16,-0.08,4400,"bu","09:44:12",320200
4.16,-0.08,600,"bu","09:44:12",315800
4.15,-0.09,1400,"sd","09:44:11",315200
4.15,-0.09,100,"sd","09:44:11",313800
4.15,-0.09,500,"sd","09:44:11",313700
4.15,-0.09,200,"sd","09:43:46",313200
4.16,-0.08,9400,"sd","09:43:38",313000
4.16,-0.08,600,"sd","09:43:23",303600
4.16,-0.08,500,"sd","09:43:23",303000
4.16,-0.08,700,"sd","09:43:23",302500
4.17,-0.07,100,"unknown","09:43:23",301800
4.18,-0.06,1100,"sd","09:43:23",301700
4.18,-0.06,1900,"sd","09:43:20",300600
4.18,-0.06,3100,"sd","09:43:20",298700
4.18,-0.06,2500,"sd","09:43:00",295600
4.18,-0.06,100,"sd","09:43:00",293100
4.18,-0.06,500,"sd","09:43:00",293000
4.18,-0.06,100,"sd","09:43:00",292500
4.18,-0.06,200,"sd","09:43:00",292400
4.18,-0.06,100,"sd","09:43:00",292200
4.18,-0.06,1500,"sd","09:43:00",292100
4.18,-0.06,1500,"sd","09:42:12",290600
4.18,-0.06,200,"sd","09:42:12",289100
4.18,-0.06,300,"sd","09:42:12",288900
4.19,-0.05,5000,"bu","09:41:29",288600
4.18,-0.06,300,"sd","09:40:59",283600
4.18,-0.06,1300,"sd","09:39:48",283300
4.18,-0.06,3700,"sd","09:39:48",282000
4.19,-0.05,600,"bu","09:39:21",278300
4.19,-0.05,1300,"bu","09:39:14",277700
4.19,-0.05,500,"bu","09:39:08",276400
4.19,-0.05,400,"bu","09:38:28",275900
4.19,-0.05,100,"bu","09:38:28",275500
4.18,-0.06,1300,"bu","09:38:17",275400
4.18,-0.06,200,"bu","09:38:11",274100
4.18,-0.06,100,"bu","09:38:03",273900
4.18,-0.06,100,"bu","09:38:02",273800
4.18,-0.06,1000,"bu","09:37:50",273700
4.18,-0.06,200,"bu","09:37:44",272700
4.18,-0.06,5000,"bu","09:37:42",272500
4.18,-0.06,2100,"bu","09:37:27",267500
4.18,-0.06,100,"bu","09:37:27",265400
4.18,-0.06,800,"bu","09:37:27",265300
4.16,-0.08,300,"sd","09:37:22",264500
4.18,-0.06,1000,"bu","09:36:36",264200
4.18,-0.06,200,"sd","09:36:27",263200
4.18,-0.06,100,"bu","09:36:11",263000
4.18,-0.06,4900,"bu","09:36:07",262900
4.18,-0.06,100,"bu","09:36:07",258000
4.18,-0.06,9900,"bu","09:35:58",257900
4.18,-0.06,100,"bu","09:35:58",248000
4.18,-0.06,1000,"bu","09:35:37",247900
4.17,-0.07,100,"bu","09:35:09",246900
4.17,-0.07,200,"bu","09:35:00",246800
4.17,-0.07,400,"bu","09:35:00",246600
4.17,-0.07,400,"bu","09:35:00",246200
4.17,-0.07,300,"bu","09:34:52",245800
4.17,-0.07,500,"bu","09:34:36",245500
4.17,-0.07,100,"bu","09:34:19",245000
4.15,-0.09,1000,"bu","09:34:18",244900
4.15,-0.09,200,"bu","09:34:18",243900
4.15,-0.09,600,"bu","09:34:18",243700
4.15,-0.09,4600,"bu","09:34:18",243100
4.15,-0.09,400,"bu","09:34:00",238500
4.15,-0.09,9600,"bu","09:34:00",238100
4.15,-0.09,200,"bu","09:33:37",228500
4.13,-0.11,3000,"sd","09:33:29",228300
4.13,-0.11,6400,"sd","09:33:05",225300
4.15,-0.09,200,"bu","09:33:04",218900
4.14,-0.1,100,"bu","09:33:04",218700
4.13,-0.11,500,"sd","09:32:55",218600
4.13,-0.11,200,"sd","09:32:26",218100
4.14,-0.1,100,"bu","09:32:26",217900
4.13,-0.11,300,"sd","09:32:20",217800
4.13,-0.11,500,"sd","09:32:20",217500
4.13,-0.11,500,"sd","09:32:20",217000
4.14,-0.1,700,"sd","09:32:20",216500
4.14,-0.1,100,"sd","09:32:06",215800
4.15,-0.09,100,"bu","09:31:49",215700
4.17,-0.07,700,"bu","09:31:48",215600
4.17,-0.07,1000,"bu","09:31:44",214900
4.17,-0.07,4000,"bu","09:31:44",213900
4.17,-0.07,2000,"bu","09:31:44",209900
4.17,-0.07,3000,"bu","09:31:44",207900
4.17,-0.07,9900,"bu","09:31:26",204900
4.17,-0.07,100,"bu","09:31:26",195000
4.17,-0.07,800,"bu","09:30:34",194900
4.17,-0.07,300,"bu","09:30:34",194100
4.17,-0.07,200,"bu","09:30:15",193800
4.18,-0.06,100,"bu","09:29:47",193600
4.18,-0.06,500,"bu","09:29:27",193500
4.11,-0.13,600,"sd","09:29:20",193000
4.12,-0.12,800,"sd","09:29:20",192400
4.13,-0.11,500,"sd","09:29:20",191600
4.18,-0.06,200,"bu","09:27:59",191100
4.18,-0.06,100,"sd","09:27:55",190900
4.18,-0.06,3300,"bu","09:27:32",190800
4.18,-0.06,300,"sd","09:26:42",187500
4.18,-0.06,14800,"sd","09:26:42",187200
4.19,-0.05,100,"bu","09:26:12",172400
4.18,-0.06,100,"sd","09:25:47",172300
4.18,-0.06,5000,"bu","09:25:35",172200
4.18,-0.06,100,"bu","09:25:35",167200
4.18,-0.06,100,"bu","09:25:21",167100
4.18,-0.06,19900,"bu","09:25:21",167000
4.18,-0.06,3000,"bu","09:25:10",147100
4.1,-0.14,1000,"bu","09:24:53",144100
4.1,-0.14,100,"bu","09:24:53",143100
4.1,-0.14,600,"bu","09:24:52",143000
4.1,-0.14,2300,"bu","09:24:52",142400
4.1,-0.14,500,"bu","09:24:52",140100
4.1,-0.14,2200,"bu","09:24:52",139600
4.1,-0.14,8000,"bu","09:24:44",137400
4.1,-0.14,1000,"bu","09:24:41",129400
4.1,-0.14,200,"bu","09:24:32",128400
4.1,-0.14,200,"bu","09:24:06",128200
4.05,-0.19,5000,"sd","09:24:03",128000
4.1,-0.14,2000,"bu","09:23:46",123000
4.1,-0.14,2000,"sd","09:23:36",121000
4.1,-0.14,100,"sd","09:23:36",119000
4.1,-0.14,100,"sd","09:23:36",118900
4.1,-0.14,3000,"sd","09:23:36",118800
4.1,-0.14,1500,"sd","09:23:36",115800
4.1,-0.14,5000,"sd","09:23:36",114300
4.1,-0.14,500,"sd","09:23:36",109300
4.15,-0.09,1000,"sd","09:23:36",108800
4.15,-0.09,100,"sd","09:23:36",107800
4.15,-0.09,100,"sd","09:23:36",107700
4.15,-0.09,10000,"sd","09:23:36",107600
4.15,-0.09,1000,"sd","09:23:36",97600
4.18,-0.06,100,"sd","09:22:31",96600
4.18,-0.06,1100,"sd","09:22:31",96500
4.18,-0.06,600,"sd","09:22:31",95400
4.18,-0.06,200,"sd","09:22:30",94800
4.18,-0.06,3200,"sd","09:22:27",94600
4.18,-0.06,1000,"sd","09:22:19",91400
4.19,-0.05,100,"sd","09:21:59",90400
4.19,-0.05,100,"sd","09:21:09",90300
4.2,-0.04,500,"bu","09:21:04",90200
4.2,-0.04,100,"bu","09:21:04",89700
4.2,-0.04,3000,"sd","09:21:03",89600
4.2,-0.04,1000,"sd","09:21:03",86600
4.2,-0.04,100,"sd","09:21:03",85600
4.2,-0.04,100,"sd","09:21:03",85500
4.2,-0.04,6000,"sd","09:21:03",85400
4.2,-0.04,100,"sd","09:21:03",79400
4.2,-0.04,100,"sd","09:21:03",79300
4.2,-0.04,100,"sd","09:21:03",79200
4.2,-0.04,200,"sd","09:21:03",79100
4.2,-0.04,10000,"sd","09:21:03",78900
4.2,-0.04,500,"sd","09:21:03",68900
4.2,-0.04,3000,"sd","09:21:03",68400
4.2,-0.04,100,"sd","09:21:03",65400
4.2,-0.04,500,"sd","09:21:03",65300
4.2,-0.04,1400,"sd","09:21:03",64800
4.21,-0.03,100,"bu","09:21:02",63400
4.21,-0.03,100,"bu","09:20:42",63300
4.21,-0.03,300,"sd","09:20:31",63200
4.21,-0.03,500,"sd","09:20:14",62900
4.22,-0.02,2000,"sd","09:20:11",62400
4.22,-0.02,100,"sd","09:20:11",60400
4.23,-0.01,200,"bu","09:19:48",60300
4.23,-0.01,100,"bu","09:18:57",60100
4.24,0,1000,"bu","09:17:42",60000
4.21,-0.03,100,"sd","09:17:39",59000
4.21,-0.03,100,"sd","09:17:39",58900
4.21,-0.03,900,"sd","09:17:29",58800
4.21,-0.03,100,"sd","09:17:29",57900
4.24,0,400,"bu","09:17:19",57800
4.24,0,200,"bu","09:17:06",57400
4.2,-0.04,57200,"sd","09:15:02",57200
