"price","change","match_qtty","side","time","total_vol"
13.2,0.3,800,"bu","14:56:23",318600
13.2,0.3,400,"bu","14:54:16",317800
13.2,0.3,2000,"sd","14:53:52",317400
13.2,0.3,100,"sd","14:52:22",315400
13.2,0.3,5000,"sd","14:48:07",315300
13.3,0.4,3000,"bu","14:43:14",310300
13.3,0.4,1000,"bu","14:30:08",307300
13.3,0.4,100,"bu","14:29:32",306300
13.3,0.4,1000,"bu","14:20:55",306200
13.2,0.3,500,"bu","14:18:40",305200
13.2,0.3,19500,"sd","14:18:17",304700
13.3,0.4,3000,"bu","14:17:22",285200
13.3,0.4,100,"bu","14:14:05",282200
13.3,0.4,100,"bu","14:04:22",282100
13.2,0.3,300,"sd","13:49:43",282000
13.2,0.3,5000,"sd","13:48:56",281700
13.2,0.3,800,"sd","13:46:50",276700
13.3,0.4,100,"bu","13:44:04",275900
13.2,0.3,500,"sd","13:42:52",275800
13.2,0.3,8000,"sd","13:40:28",275300
13.2,0.3,2000,"sd","13:38:46",267300
13.2,0.3,200,"sd","13:36:24",265300
13.2,0.3,200,"sd","13:36:00",265100
13.2,0.3,300,"bu","13:30:22",264900
13.2,0.3,200,"sd","13:30:10",264600
13.2,0.3,500,"sd","13:29:33",264400
13.2,0.3,3000,"sd","13:27:42",263900
13.3,0.4,2400,"bu","13:10:42",260900
13.2,0.3,100,"sd","13:06:40",258500
13.2,0.3,1000,"sd","13:06:09",258400
13.2,0.3,500,"sd","13:00:05",257400
13.2,0.3,200,"unknown","11:26:47",256900
13.2,0.3,29800,"sd","11:25:52",256700
13.2,0.3,1000,"sd","11:23:59",226900
13.3,0.4,200,"bu","11:22:37",225900
13.3,0.4,100,"sd","11:22:32",225700
13.3,0.4,1500,"sd","11:21:10",225600
13.3,0.4,600,"bu","11:16:47",224100
13.3,0.4,4400,"bu","11:14:40",223500
13.3,0.4,600,"bu","11:14:27",219100
13.3,0.4,4400,"sd","11:12:17",218500
13.3,0.4,300,"sd","11:11:17",214100
13.3,0.4,100,"sd","11:11:06",213800
13.3,0.4,3000,"sd","11:06:00",213700
13.3,0.4,2000,"sd","11:03:22",210700
13.3,0.4,100,"sd","11:01:25",208700
13.3,0.4,600,"sd","11:01:10",208600
13.3,0.4,300,"sd","11:00:59",208000
13.3,0.4,1000,"sd","10:59:54",207700
13.3,0.4,600,"sd","10:59:47",206700
13.3,0.4,2400,"bu","10:59:19",206100
13.3,0.4,600,"bu","10:58:06",203700
13.3,0.4,1000,"bu","10:57:38",203100
13.3,0.4,200,"bu","10:56:55",202100
13.3,0.4,800,"bu","10:56:32",201900
13.3,0.4,2900,"bu","10:56:10",201100
13.3,0.4,2600,"bu","10:54:47",198200
13.3,0.4,500,"sd","10:53:16",195600
13.4,0.5,500,"bu","10:53:00",195100
13.3,0.4,7000,"sd","10:51:39",194600
13.3,0.4,3000,"sd","10:50:54",187600
13.3,0.4,500,"sd","10:43:01",184600
13.3,0.4,10000,"sd","10:37:57",184100
13.4,0.5,3300,"bu","10:34:49",174100
13.4,0.5,200,"bu","10:34:31",170800
13.4,0.5,3800,"bu","10:28:53",170600
13.4,0.5,7800,"bu","10:28:35",166800
13.4,0.5,100,"bu","10:26:24",159000
13.4,0.5,100,"bu","10:25:58",158900
13.4,0.5,400,"bu","10:22:00",158800
13.4,0.5,1000,"bu","10:21:31",158400
13.4,0.5,1000,"bu","10:15:08",157400
13.4,0.5,500,"bu","10:13:33",156400
13.4,0.5,100,"bu","10:08:06",155900
13.4,0.5,1000,"bu","10:04:53",155800
13.4,0.5,2000,"bu","10:02:12",154800
13.4,0.5,600,"bu","10:00:43",152800
13.4,0.5,1000,"bu","10:00:25",152200
13.4,0.5,2000,"bu","09:59:33",151200
13.4,0.5,900,"bu","09:59:26",149200
13.4,0.5,500,"sd","09:59:21",148300
13.4,0.5,200,"sd","09:59:10",147800
13.4,0.5,5000,"sd","09:58:33",147600
13.4,0.5,4600,"bu","09:58:18",142600
13.4,0.5,500,"bu","09:58:12",138000
13.4,0.5,4000,"bu","09:58:03",137500
13.4,0.5,5900,"sd","09:57:46",133500
13.4,0.5,10000,"sd","09:57:02",127600
13.5,0.6,1000,"bu","09:56:45",117600
13.5,0.6,1000,"bu","09:55:57",116600
13.5,0.6,100,"bu","09:55:54",115600
13.5,0.6,1000,"bu","09:54:25",115500
13.5,0.6,2700,"bu","09:53:55",114500
13.5,0.6,100,"bu","09:53:45",111800
13.5,0.6,5000,"bu","09:53:19",111700
13.5,0.6,100,"bu","09:52:39",106700
13.5,0.6,100,"bu","09:52:08",106600
13.4,0.5,800,"bu","09:51:15",106500
13.4,0.5,5000,"bu","09:50:13",105700
13.4,0.5,100,"bu","09:49:50",100700
13.4,0.5,3000,"bu","09:49:00",100600
13.4,0.5,100,"bu","09:45:43",97600
13.4,0.5,1300,"bu","09:44:59",97500
13.4,0.5,100,"sd","09:44:24",96200
13.4,0.5,600,"bu","09:44:21",96100
13.4,0.5,400,"sd","09:44:08",95500
13.4,0.5,200,"sd","09:43:53",95100
13.4,0.5,400,"bu","09:43:51",94900
13.4,0.5,100,"bu","09:43:35",94500
13.4,0.5,1400,"bu","09:43:33",94400
13.4,0.5,3100,"sd","09:43:29",93000
13.4,0.5,6900,"bu","09:42:59",89900
13.4,0.5,900,"bu","09:42:35",83000
13.4,0.5,500,"bu","09:42:10",82100
13.4,0.5,100,"bu","09:41:48",81600
13.4,0.5,800,"bu","09:41:28",81500
13.4,0.5,500,"bu","09:40:08",80700
13.4,0.5,20000,"bu","09:39:53",80200
13.3,0.4,100,"sd","09:39:48",60200
13.4,0.5,4000,"bu","09:39:46",60100
13.4,0.5,4000,"bu","09:39:23",56100
13.3,0.4,6000,"sd","09:39:08",52100
13.4,0.5,200,"bu","09:38:32",46100
13.3,0.4,100,"sd","09:38:28",45900
13.3,0.4,2000,"sd","09:37:58",45800
13.4,0.5,300,"bu","09:37:57",43800
13.4,0.5,500,"bu","09:37:55",43500
13.4,0.5,500,"bu","09:37:33",43000
13.4,0.5,1000,"bu","09:37:31",42500
13.4,0.5,200,"bu","09:37:15",41500
13.4,0.5,800,"bu","09:36:25",41300
13.3,0.4,100,"sd","09:35:43",40500
13.3,0.4,4700,"bu","09:35:33",40400
13.3,0.4,5500,"bu","09:35:27",35700
13.3,0.4,500,"bu","09:35:26",30200
13.2,0.3,500,"sd","09:34:43",29700
13.2,0.3,400,"sd","09:34:39",29200
13.2,0.3,300,"bu","09:34:36",28800
13.2,0.3,5000,"bu","09:34:32",28500
13.1,0.2,100,"sd","09:33:40",23500
13.1,0.2,2000,"sd","09:33:36",23400
13.1,0.2,300,"bu","09:33:35",21400
13.1,0.2,5000,"bu","09:33:24",21100
13.1,0.2,15000,"bu","09:33:16",16100
13,0.1,400,"bu","09:33:07",1100
12.9,0,200,"sd","09:22:38",700
13,0.1,100,"bu","09:21:43",500
13,0.1,100,"bu","09:21:29",400
12.9,0,300,"sd","09:00:16",300
