"price","change","match_qtty","side","time","total_vol"
12000,600,500,"bu","14:57:30",421100
12000,600,1700,"bu","14:56:53",420600
12000,600,2000,"bu","14:55:21",418900
12000,600,2000,"bu","14:50:58",416900
12000,600,100,"bu","14:49:41",414900
11900,500,1000,"sd","14:49:00",414800
12000,600,1000,"bu","14:45:37",413800
12000,600,1500,"bu","14:44:29",412800
11900,500,4000,"bu","14:42:27",411300
11900,500,200,"bu","14:39:29",407300
11900,500,1400,"bu","14:30:44",407100
11900,500,900,"bu","14:29:04",405700
11900,500,2000,"bu","14:28:48",404800
11900,500,100,"bu","14:28:34",402800
11700,300,20000,"sd","14:25:43",402700
11900,500,5000,"bu","14:23:42",382700
11900,500,700,"bu","14:22:15",377700
11900,500,4300,"sd","14:21:54",377000
11900,500,500,"sd","14:20:52",372700
11900,500,4400,"sd","14:20:15",372200
12000,600,200,"bu","14:14:21",367800
12000,600,5000,"bu","14:13:35",367600
12000,600,5000,"bu","14:13:21",362600
12000,600,100,"bu","14:12:03",357600
12000,600,200,"bu","14:10:32",357500
12000,600,200,"bu","14:05:34",357300
12000,600,500,"bu","14:03:31",357100
12000,600,300,"bu","14:00:55",356600
12000,600,700,"bu","13:59:32",356300
12000,600,3300,"sd","13:58:34",355600
12000,600,6000,"bu","13:58:23",352300
12000,600,5000,"bu","13:57:55",346300
12000,600,100,"bu","13:56:17",341300
11900,500,100,"sd","13:55:31",341200
11900,500,100,"sd","13:55:17",341100
11900,500,400,"sd","13:54:27",341000
11900,500,1000,"sd","13:53:52",340600
11900,500,800,"sd","13:53:30",339600
11900,500,900,"sd","13:52:26",338800
11900,500,1000,"sd","13:51:27",337900
12000,600,9000,"bu","13:51:05",336900
12000,600,10000,"bu","13:50:28",327900
11900,500,200,"sd","13:48:48",317900
11900,500,200,"bu","13:48:19",317700
11900,500,600,"bu","13:45:11",317500
11900,500,300,"bu","13:44:10",316900
11900,500,5000,"sd","13:43:35",316600
11900,500,200,"sd","13:37:20",311600
11900,500,3400,"sd","13:34:56",311400
11900,500,1100,"bu","13:34:49",308000
11900,500,100,"bu","13:34:46",306900
11900,500,100,"bu","13:34:09",306800
11900,500,5300,"bu","13:33:22",306700
12000,600,800,"bu","13:30:50",301400
12000,600,100,"sd","13:30:42",300600
12000,600,800,"bu","13:30:30",300500
12000,600,200,"bu","13:29:58",299700
12000,600,700,"sd","13:28:51",299500
12000,600,300,"bu","13:28:24",298800
12000,600,1000,"sd","13:27:56",298500
11900,500,300,"bu","13:20:22",297500
11900,500,2000,"bu","13:20:14",297200
11900,500,27700,"bu","13:19:58",295200
12100,700,200,"bu","13:17:41",267500
12100,700,1000,"bu","13:17:34",267300
12000,600,100,"sd","13:17:23",266300
12100,700,100,"bu","13:13:18",266200
12100,700,100,"bu","13:12:19",266100
12100,700,2000,"sd","13:12:13",266000
12100,700,8200,"bu","13:11:05",264000
12100,700,4500,"bu","13:09:17",255800
12100,700,7400,"sd","13:08:27",251300
12100,700,4200,"bu","13:07:07",243900
12100,700,4700,"sd","13:06:08",239700
12100,700,1000,"sd","13:05:33",235000
12100,700,500,"sd","13:05:29",234000
12100,700,100,"sd","13:05:06",233500
12100,700,2600,"bu","13:04:13",233400
12100,700,16000,"bu","13:03:49",230800
12100,700,1000,"bu","13:03:24",214800
12100,700,3000,"bu","13:03:14",213800
12000,600,200,"sd","13:02:57",210800
12000,600,500,"sd","13:02:42",210600
12000,600,1000,"sd","13:01:28",210100
12000,600,500,"sd","13:00:17",209100
12000,600,700,"sd","13:00:04",208600
12000,600,300,"sd","13:00:03",207900
12100,700,500,"bu","11:22:32",207600
12100,700,100,"bu","11:22:01",207100
12100,700,200,"unknown","11:21:18",207000
12100,700,500,"sd","11:20:46",206800
12100,700,1800,"sd","11:20:30",206300
12100,700,500,"bu","11:20:00",204500
12100,700,10000,"bu","11:18:55",204000
12000,600,100,"sd","11:18:27",194000
12000,600,500,"sd","11:15:46",193900
12000,600,1000,"sd","11:15:31",193400
12100,700,100,"bu","11:15:02",192400
12100,700,100,"bu","11:14:31",192300
12100,700,100,"sd","11:14:02",192200
12100,700,400,"sd","11:13:59",192100
12100,700,100,"sd","11:13:45",191700
12100,700,100,"sd","11:13:44",191600
12100,700,500,"sd","11:13:42",191500
12100,700,900,"sd","11:13:10",191000
12100,700,2600,"sd","11:12:20",190100
12100,700,1000,"sd","11:08:25",187500
12200,800,4400,"bu","11:08:18",186500
12200,800,1600,"sd","11:07:02",182100
12200,800,5000,"bu","11:07:01",180500
12200,800,3600,"bu","11:06:56",175500
12200,800,2000,"bu","11:06:50",171900
12200,800,200,"bu","11:06:46",169900
12200,800,100,"bu","11:06:45",169700
12200,800,2000,"bu","11:06:20",169600
12100,700,1200,"sd","11:05:51",167600
12100,700,300,"bu","11:05:48",166400
12100,700,5000,"bu","11:04:50",166100
12000,600,2000,"bu","11:04:40",161100
12000,600,5000,"bu","11:04:25",159100
12000,600,900,"bu","11:04:20",154100
12000,600,3000,"bu","11:03:53",153200
12000,600,400,"bu","11:03:20",150200
11900,500,400,"bu","11:02:18",149800
11900,500,1500,"bu","11:02:17",149400
11900,500,2000,"bu","11:02:09",147900
11900,500,500,"bu","11:02:00",145900
11900,500,2000,"bu","11:01:42",145400
11900,500,1000,"bu","11:00:55",143400
11900,500,100,"bu","11:00:21",142400
11800,400,1000,"sd","10:58:10",142300
11900,500,800,"bu","10:57:25",141300
11900,500,100,"bu","10:53:07",140500
11900,500,300,"bu","10:51:10",140400
11900,500,600,"bu","10:49:35",140100
11900,500,1000,"bu","10:48:52",139500
11800,400,100,"sd","10:48:31",138500
11800,400,300,"sd","10:44:17",138400
11800,400,500,"sd","10:42:56",138100
11800,400,2500,"bu","10:40:27",137600
11700,300,3400,"sd","10:40:21",135100
11800,400,1000,"bu","10:39:50",131700
11800,400,1500,"bu","10:34:53",130700
11800,400,700,"bu","10:34:42",129200
11800,400,600,"bu","10:31:54",128500
11800,400,400,"bu","10:31:39",127900
11800,400,300,"bu","10:30:07",127500
11800,400,100,"bu","10:30:06",127200
11800,400,200,"sd","10:26:58",127100
11800,400,1000,"bu","10:26:25",126900
11800,400,900,"bu","10:25:16",125900
11800,400,100,"bu","10:22:09",125000
11700,300,500,"sd","10:20:44",124900
11800,400,300,"bu","10:19:58",124400
11800,400,100,"bu","10:18:50",124100
11800,400,1400,"bu","10:18:40",124000
11800,400,200,"bu","10:14:19",122600
11800,400,300,"unknown","10:12:06",122400
11800,400,200,"bu","10:11:33",122100
11800,400,300,"sd","10:10:15",121900
11800,400,500,"sd","10:08:32",121600
11800,400,5000,"bu","10:07:58",121100
11800,400,100,"bu","10:06:01",116100
11800,400,500,"bu","10:03:53",116000
11800,400,500,"bu","10:03:31",115500
11800,400,600,"bu","10:02:38",115000
11800,400,300,"sd","10:01:51",114400
11800,400,100,"bu","10:01:17",114100
11900,500,500,"bu","09:58:42",114000
11700,300,600,"sd","09:58:40",113500
11900,500,5000,"bu","09:56:34",112900
11800,400,1500,"bu","09:56:15",107900
11800,400,400,"sd","09:56:04",106400
11800,400,2000,"sd","09:56:03",106000
11800,400,500,"sd","09:55:56",104000
11800,400,5000,"sd","09:55:45",103500
11800,400,5000,"sd","09:55:04",98500
11900,500,500,"bu","09:53:47",93500
11900,500,1000,"bu","09:50:03",93000
11900,500,400,"bu","09:42:45",92000
11900,500,1600,"bu","09:42:00",91600
11900,500,200,"bu","09:39:37",90000
11900,500,200,"unknown","09:39:12",89800
12000,600,45800,"bu","09:38:36",89600
11900,500,1000,"bu","09:37:44",43800
11900,500,1500,"bu","09:37:23",42800
11900,500,2400,"bu","09:36:24",41300
11900,500,1000,"bu","09:36:07",38900
11900,500,200,"bu","09:33:44",37900
11800,400,6900,"bu","09:32:49",37700
11800,400,5000,"bu","09:27:27",30800
11800,400,20000,"bu","09:27:15",25800
11500,100,3500,"bu","09:23:57",5800
11500,100,1000,"bu","09:17:19",2300
11500,100,500,"sd","09:15:53",1300
11500,100,100,"sd","09:13:15",800
11500,100,400,"bu","09:12:25",700
11500,100,100,"sd","09:08:51",300
11500,100,100,"unknown","09:07:13",200
11400,0,100,"sd","09:00:56",100
