"price","change","match_qtty","side","time","total_vol"
20900,-450,103400,"unknown","14:45:01",1894300
20700,-650,200,"sd","14:29:43",1790900
20700,-650,500,"sd","14:29:43",1790700
20700,-650,300,"sd","14:29:43",1790200
20750,-600,900,"sd","14:29:43",1789900
20750,-600,100,"bu","14:29:39",1789000
20750,-600,200,"bu","14:29:31",1788900
20700,-650,200,"sd","14:29:08",1788700
20700,-650,500,"sd","14:29:02",1788500
20750,-600,300,"sd","14:28:17",1788000
20750,-600,300,"sd","14:28:14",1787700
20750,-600,1500,"sd","14:28:12",1787400
20750,-600,1000,"sd","14:28:12",1785900
20750,-600,500,"sd","14:28:12",1784900
20750,-600,500,"sd","14:28:07",1784400
20750,-600,200,"sd","14:28:07",1783900
20750,-600,100,"sd","14:28:07",1783700
20750,-600,100,"sd","14:28:07",1783600
20750,-600,100,"sd","14:28:07",1783500
20750,-600,700,"sd","14:27:56",1783400
20750,-600,6000,"sd","14:27:29",1782700
20750,-600,500,"sd","14:27:24",1776700
20750,-600,5000,"sd","14:27:24",1776200
20750,-600,100,"sd","14:27:20",1771200
20750,-600,2600,"sd","14:27:15",1771100
20750,-600,300,"sd","14:27:15",1768500
20750,-600,100,"sd","14:27:04",1768200
20800,-550,1000,"bu","14:26:58",1768100
20750,-600,10000,"sd","14:26:44",1767100
20750,-600,200,"sd","14:26:23",1757100
20750,-600,500,"sd","14:26:22",1754600
20750,-600,2300,"sd","14:26:22",1756900
20800,-550,4000,"sd","14:26:22",1754100
20800,-550,100,"sd","14:26:22",1750100
20800,-550,3100,"sd","14:26:22",1750000
20800,-550,1900,"sd","14:26:19",1746900
20800,-550,200,"sd","14:26:19",1745000
20800,-550,2000,"sd","14:26:19",1744800
20800,-550,100,"sd","14:26:19",1742800
20800,-550,2800,"sd","14:26:19",1742700
20800,-550,2000,"sd","14:26:12",1739900
20800,-550,4400,"sd","14:26:09",1737900
20800,-550,800,"sd","14:26:04",1733500
20800,-550,100,"sd","14:26:04",1732700
20800,-550,100,"sd","14:26:04",1732600
20800,-550,300,"sd","14:26:04",1732500
20800,-550,100,"sd","14:26:04",1732200
20800,-550,1500,"sd","14:26:04",1732100
20800,-550,100,"sd","14:26:04",1730600
20800,-550,4900,"sd","14:26:03",1730500
20800,-550,100,"sd","14:26:03",1725600
20800,-550,3000,"sd","14:25:50",1725500
20800,-550,5000,"sd","14:25:33",1722500
20800,-550,3000,"sd","14:25:14",1717500
20800,-550,2000,"sd","14:25:09",1714500
20800,-550,300,"sd","14:25:06",1712500
20800,-550,100,"sd","14:25:06",1712200
20800,-550,200,"sd","14:25:06",1712100
20800,-550,1400,"sd","14:25:06",1711900
20800,-550,600,"sd","14:25:05",1710500
20800,-550,1000,"sd","14:25:05",1709900
20800,-550,500,"sd","14:25:05",1708900
20800,-550,2100,"sd","14:25:05",1708400
20800,-550,7900,"sd","14:24:56",1706300
20800,-550,2100,"sd","14:24:56",1698400
20800,-550,2000,"sd","14:24:56",1696300
20800,-550,900,"sd","14:24:54",1694300
20800,-550,2000,"sd","14:24:54",1693400
20800,-550,500,"sd","14:24:54",1691400
20800,-550,1700,"sd","14:24:54",1690900
20800,-550,100,"sd","14:24:48",1689200
20800,-550,2000,"sd","14:24:47",1689100
20800,-550,14300,"sd","14:24:37",1687100
20800,-550,500,"sd","14:24:19",1672800
20800,-550,3500,"sd","14:23:58",1672300
20850,-500,1500,"bu","14:22:49",1668800
20850,-500,100,"sd","14:22:41",1667300
20850,-500,1300,"sd","14:22:41",1667200
20850,-500,500,"sd","14:22:41",1665900
20850,-500,5000,"sd","14:22:13",1665400
20850,-500,2000,"bu","14:22:08",1660400
20850,-500,300,"bu","14:22:08",1658400
20850,-500,900,"bu","14:22:08",1658100
20850,-500,100,"sd","14:21:41",1657200
20850,-500,2000,"bu","14:21:36",1657100
20850,-500,100,"bu","14:21:36",1655100
20850,-500,1000,"bu","14:21:36",1655000
20850,-500,1800,"bu","14:21:36",1654000
20850,-500,2000,"bu","14:21:25",1652200
20850,-500,4000,"bu","14:21:20",1650200
20850,-500,10000,"bu","14:21:13",1646200
20850,-500,4200,"bu","14:21:08",1636200
20850,-500,800,"bu","14:21:08",1632000
20850,-500,1200,"bu","14:21:03",1631200
20850,-500,100,"bu","14:21:03",1630000
20850,-500,200,"bu","14:21:03",1629900
20800,-550,3000,"sd","14:20:52",1629700
20850,-500,3000,"sd","14:19:41",1626700
20850,-500,1800,"sd","14:19:41",1623700
20850,-500,2200,"sd","14:19:34",1621900
20850,-500,200,"sd","14:19:34",1619700
20850,-500,100,"sd","14:19:09",1619500
20850,-500,2300,"sd","14:19:09",1619400
20850,-500,400,"bu","14:18:56",1617100
20850,-500,900,"bu","14:18:56",1616700
20850,-500,1100,"bu","14:18:50",1615800
20850,-500,3900,"bu","14:18:50",1614700
20850,-500,1000,"bu","14:18:49",1610800
20850,-500,1000,"bu","14:18:43",1609800
20850,-500,3000,"bu","14:18:24",1608800
20850,-500,2000,"bu","14:18:24",1605800
20850,-500,5000,"bu","14:18:23",1603800
20850,-500,5000,"sd","14:18:18",1598800
20850,-500,1000,"sd","14:18:18",1593800
20850,-500,100,"sd","14:18:11",1592800
20850,-500,2000,"bu","14:18:08",1592700
20850,-500,1900,"bu","14:18:08",1590700
20850,-500,5000,"sd","14:18:03",1588800
20850,-500,1700,"sd","14:18:03",1583800
20850,-500,3300,"bu","14:17:57",1582100
20850,-500,3200,"sd","14:17:51",1578800
20850,-500,100,"sd","14:17:51",1575600
20850,-500,300,"sd","14:17:51",1575500
20850,-500,100,"sd","14:17:51",1575200
20850,-500,1700,"sd","14:17:51",1575100
20850,-500,5000,"sd","14:17:51",1573400
20850,-500,300,"sd","14:17:51",1568400
20850,-500,200,"sd","14:17:51",1568100
20850,-500,200,"sd","14:17:51",1567900
20850,-500,100,"sd","14:17:51",1567700
20850,-500,100,"sd","14:17:51",1567600
20850,-500,100,"sd","14:17:51",1567500
20850,-500,1500,"sd","14:17:51",1567400
20850,-500,500,"sd","14:17:51",1565900
20850,-500,100,"sd","14:17:51",1565400
20850,-500,100,"sd","14:17:51",1565300
20850,-500,1000,"sd","14:17:50",1565200
20850,-500,500,"sd","14:17:50",1564200
20850,-500,100,"sd","14:17:50",1563700
20850,-500,100,"sd","14:17:50",1563600
20850,-500,500,"sd","14:17:50",1563500
20850,-500,100,"sd","14:17:50",1563000
20850,-500,9800,"sd","14:17:50",1562900
20850,-500,5600,"sd","14:17:30",1553100
20850,-500,100,"sd","14:17:18",1547500
20900,-450,1200,"bu","14:15:44",1547400
20900,-450,5000,"bu","14:14:14",1546200
20900,-450,100,"bu","14:13:44",1541200
20900,-450,1000,"sd","14:12:47",1541100
20900,-450,800,"sd","14:12:47",1540100
20900,-450,200,"sd","14:12:44",1539300
20900,-450,200,"sd","14:12:42",1539100
20900,-450,300,"sd","14:12:38",1538900
20900,-450,100,"sd","14:12:38",1538600
20900,-450,100,"sd","14:12:38",1538500
20900,-450,1100,"sd","14:12:38",1538400
20900,-450,1400,"sd","14:12:38",1537300
20900,-450,8600,"sd","14:12:22",1535900
20900,-450,1400,"sd","14:12:22",1527300
20900,-450,1000,"sd","14:12:15",1525900
20900,-450,100,"sd","14:11:02",1524900
20900,-450,300,"sd","14:10:31",1524800
20900,-450,1500,"sd","14:09:17",1524500
20900,-450,5700,"bu","14:09:16",1523000
20900,-450,5000,"bu","14:09:11",1517300
20900,-450,1000,"bu","14:09:07",1512300
20900,-450,1000,"sd","14:08:58",1511300
20900,-450,400,"sd","14:08:58",1510300
20900,-450,400,"sd","14:08:58",1509900
20900,-450,2500,"sd","14:08:58",1509500
20900,-450,2000,"sd","14:08:58",1507000
20900,-450,500,"sd","14:08:58",1505000
20900,-450,500,"sd","14:08:58",1504500
20900,-450,100,"sd","14:06:54",1504000
20900,-450,100,"bu","14:06:53",1503900
20900,-450,100,"bu","14:06:49",1503800
20900,-450,500,"bu","14:06:44",1503700
20900,-450,100,"bu","14:06:37",1503200
20900,-450,1000,"bu","14:06:30",1503100
20900,-450,200,"bu","14:06:21",1502100
20900,-450,500,"bu","14:06:21",1501900
20900,-450,4300,"bu","14:06:21",1501400
20900,-450,1000,"bu","14:06:02",1497100
20900,-450,500,"bu","14:05:49",1496100
20900,-450,500,"bu","14:04:49",1495600
20900,-450,200,"bu","14:04:46",1495100
20900,-450,5000,"bu","14:04:42",1494900
20900,-450,700,"bu","14:04:32",1489900
20900,-450,100,"sd","14:04:29",1489200
20900,-450,4000,"sd","14:04:29",1489100
20900,-450,500,"sd","14:04:29",1485100
20900,-450,300,"sd","14:04:29",1484600
20900,-450,100,"sd","14:04:29",1484300
20900,-450,800,"sd","14:04:29",1484200
20900,-450,100,"sd","14:04:09",1483400
20900,-450,500,"sd","14:04:09",1483300
20900,-450,400,"sd","14:04:09",1482800
20900,-450,1000,"sd","14:03:44",1482400
20900,-450,100,"bu","14:03:39",1481400
20900,-450,3000,"bu","14:03:39",1481300
20900,-450,900,"bu","14:03:39",1478300
20900,-450,100,"bu","14:03:34",1477400
20900,-450,100,"bu","14:02:28",1477300
20850,-500,1500,"sd","14:02:27",1477200
20900,-450,1500,"bu","14:02:22",1475700
20900,-450,400,"bu","14:02:17",1474200
20900,-450,1500,"bu","14:02:17",1473800
20900,-450,3100,"bu","14:02:17",1472300
20900,-450,7400,"bu","14:01:57",1469200
20900,-450,800,"bu","14:01:57",1461800
20900,-450,800,"bu","14:01:57",1461000
20900,-450,1000,"bu","14:01:57",1460200
20850,-500,100,"sd","14:01:43",1459200
20850,-500,100,"sd","14:00:38",1459100
20900,-450,500,"bu","13:59:32",1459000
20900,-450,100,"bu","13:58:59",1458500
20900,-450,1000,"bu","13:58:22",1458400
20900,-450,400,"bu","13:56:31",1457400
20850,-500,2800,"bu","13:55:24",1457000
20850,-500,100,"bu","13:55:14",1454200
20850,-500,200,"bu","13:55:04",1454100
20850,-500,400,"sd","13:54:57",1453900
20850,-500,100,"bu","13:54:42",1453500
20850,-500,200,"bu","13:54:22",1453400
20850,-500,100,"bu","13:54:22",1453200
20850,-500,500,"bu","13:54:22",1453100
20850,-500,100,"bu","13:53:48",1452600
20850,-500,100,"bu","13:53:43",1452500
20850,-500,1600,"bu","13:53:28",1452400
20850,-500,400,"bu","13:53:28",1450800
20850,-500,200,"sd","13:53:01",1450400
20850,-500,800,"bu","13:52:59",1450200
20850,-500,400,"bu","13:52:59",1449400
20850,-500,600,"bu","13:52:59",1449000
20800,-550,300,"sd","13:52:58",1448400
20850,-500,500,"bu","13:52:54",1448100
20850,-500,2000,"bu","13:52:47",1447600
20850,-500,1900,"sd","13:52:28",1445600
20850,-500,100,"sd","13:52:26",1443700
20850,-500,900,"sd","13:52:26",1443600
20850,-500,500,"sd","13:52:26",1442700
20850,-500,500,"sd","13:51:54",1442200
20900,-450,100,"bu","13:51:13",1441700
20850,-500,1800,"sd","13:50:57",1441600
20850,-500,1000,"sd","13:50:57",1439800
20850,-500,300,"sd","13:50:57",1438800
20850,-500,100,"sd","13:50:57",1438500
20850,-500,500,"sd","13:50:57",1438400
20850,-500,500,"sd","13:50:57",1437900
20850,-500,100,"sd","13:50:57",1437400
20850,-500,200,"sd","13:50:57",1437300
20850,-500,1300,"sd","13:50:57",1437100
20850,-500,500,"sd","13:50:57",1435800
20850,-500,13600,"sd","13:50:57",1435300
20850,-500,400,"sd","13:50:37",1421700
20900,-450,1400,"bu","13:50:25",1421300
20900,-450,500,"bu","13:50:25",1419900
20900,-450,100,"bu","13:50:25",1419400
20850,-500,2000,"sd","13:50:19",1419300
20850,-500,3000,"sd","13:50:19",1417300
20850,-500,1000,"sd","13:50:16",1414300
20850,-500,1000,"sd","13:50:16",1413300
20850,-500,4200,"sd","13:50:16",1412300
20900,-450,300,"sd","13:49:34",1408100
20900,-450,500,"sd","13:49:34",1407800
20950,-400,100,"bu","13:49:26",1407300
20900,-450,100,"sd","13:49:13",1407200
20900,-450,2300,"sd","13:49:13",1407100
20900,-450,400,"sd","13:49:13",1404800
20900,-450,500,"sd","13:49:13",1404400
20900,-450,1500,"sd","13:49:13",1403900
20900,-450,1000,"sd","13:49:10",1402400
20900,-450,200,"sd","13:48:45",1401400
20950,-400,100,"bu","13:46:22",1401200
20950,-400,300,"bu","13:45:58",1401100
20950,-400,1500,"bu","13:44:49",1400800
20950,-400,500,"bu","13:44:32",1399300
20950,-400,1200,"bu","13:44:02",1398800
20950,-400,1700,"bu","13:44:02",1397600
20900,-450,200,"sd","13:44:01",1395900
20900,-450,100,"sd","13:43:26",1395700
20900,-450,100,"sd","13:43:26",1395600
20900,-450,100,"sd","13:43:26",1395500
20900,-450,500,"sd","13:43:26",1395400
20900,-450,200,"sd","13:43:26",1394900
20900,-450,600,"sd","13:42:28",1394700
20900,-450,200,"sd","13:42:28",1394100
20900,-450,2000,"sd","13:42:28",1393900
20900,-450,1200,"sd","13:42:28",1391900
20950,-400,500,"bu","13:42:11",1390700
20950,-400,200,"bu","13:42:10",1390200
20950,-400,900,"bu","13:41:54",1390000
20950,-400,400,"bu","13:41:54",1389100
20950,-400,800,"bu","13:41:54",1388700
20950,-400,900,"bu","13:41:54",1387900
20950,-400,5000,"bu","13:41:45",1387000
20900,-450,300,"sd","13:41:27",1382000
20900,-450,500,"sd","13:41:06",1381700
20850,-500,4000,"sd","13:40:25",1381200
20850,-500,500,"sd","13:40:19",1377200
20850,-500,1000,"sd","13:38:49",1376700
20850,-500,10300,"sd","13:38:37",1375700
20850,-500,300,"sd","13:38:37",1365400
20850,-500,100,"sd","13:38:37",1365100
20850,-500,500,"sd","13:38:37",1365000
20850,-500,1000,"sd","13:38:37",1364500
20850,-500,1000,"sd","13:38:37",1363500
20850,-500,100,"sd","13:38:37",1362500
20850,-500,800,"sd","13:38:37",1362400
20900,-450,500,"sd","13:38:37",1361600
20900,-450,100,"sd","13:38:37",1361100
20900,-450,300,"sd","13:38:37",1361000
20900,-450,300,"sd","13:38:27",1360700
20900,-450,1000,"sd","13:38:27",1360400
20900,-450,100,"sd","13:38:27",1359400
20900,-450,2600,"sd","13:38:27",1359300
20900,-450,300,"sd","13:37:25",1356700
20950,-400,5000,"bu","13:37:17",1356400
20900,-450,100,"sd","13:37:09",1351400
20900,-450,2000,"bu","13:36:16",1351300
20900,-450,100,"sd","13:35:34",1349300
20900,-450,100,"sd","13:35:34",1349200
20900,-450,1800,"sd","13:35:34",1349100
20900,-450,200,"sd","13:34:32",1347300
20900,-450,100,"sd","13:34:32",1347100
20900,-450,400,"sd","13:34:32",1347000
20900,-450,600,"sd","13:34:21",1346600
20900,-450,400,"sd","13:34:21",1346000
20900,-450,600,"sd","13:34:00",1345600
20900,-450,1000,"sd","13:34:00",1345000
20900,-450,400,"sd","13:34:00",1344000
20900,-450,100,"sd","13:34:00",1343600
20900,-450,400,"sd","13:34:00",1343500
20900,-450,100,"sd","13:32:15",1343100
20900,-450,400,"sd","13:32:15",1343000
20950,-400,500,"bu","13:32:04",1342600
20950,-400,100,"bu","13:31:25",1342100
20950,-400,1700,"bu","13:31:05",1342000
20950,-400,100,"bu","13:30:48",1340300
20950,-400,1500,"bu","13:30:46",1340200
20950,-400,500,"bu","13:30:35",1338700
20950,-400,100,"bu","13:30:24",1338200
20900,-450,100,"sd","13:30:14",1338100
20950,-400,400,"bu","13:30:13",1338000
20900,-450,500,"sd","13:30:10",1337600
20950,-400,4000,"bu","13:29:40",1337100
20900,-450,1000,"bu","13:29:40",1333100
20900,-450,300,"sd","13:29:34",1332100
20950,-400,100,"bu","13:29:07",1331800
20850,-500,200,"sd","13:28:58",1331700
20800,-550,24600,"sd","13:28:37",1331500
20800,-550,2000,"sd","13:28:37",1306900
20800,-550,1500,"sd","13:28:37",1304900
20800,-550,200,"sd","13:28:37",1303400
20800,-550,3500,"sd","13:28:37",1303200
20800,-550,2000,"sd","13:28:37",1299700
20800,-550,400,"sd","13:28:37",1297700
20800,-550,200,"sd","13:28:37",1297300
20800,-550,2000,"sd","13:28:37",1297100
20800,-550,500,"sd","13:28:37",1295100
20850,-500,1100,"sd","13:28:37",1294600
20850,-500,1000,"sd","13:28:37",1293500
20850,-500,19000,"sd","13:28:29",1292500
20850,-500,7500,"sd","13:28:29",1273500
20850,-500,30000,"sd","13:28:29",1266000
20900,-450,400,"sd","13:28:29",1236000
20900,-450,500,"sd","13:28:29",1235600
20900,-450,100,"sd","13:28:29",1235100
20900,-450,500,"sd","13:28:29",1235000
20900,-450,100,"sd","13:28:29",1234500
20900,-450,5000,"sd","13:28:29",1234400
20900,-450,20000,"sd","13:28:29",1229400
20900,-450,300,"sd","13:28:29",1209400
20900,-450,300,"sd","13:28:29",1209100
20900,-450,1000,"sd","13:28:29",1208800
20900,-450,5000,"sd","13:28:29",1207800
20900,-450,300,"sd","13:28:29",1202800
21000,-350,2400,"bu","13:28:26",1202500
20950,-400,600,"bu","13:28:25",1200100
20950,-400,100,"bu","13:28:22",1199500
20950,-400,1000,"sd","13:28:14",1199400
20950,-400,8800,"sd","13:28:14",1198400
20950,-400,3000,"sd","13:28:06",1189600
20950,-400,500,"sd","13:27:54",1186600
20950,-400,2700,"sd","13:27:04",1186100
20950,-400,300,"sd","13:27:04",1183400
20950,-400,200,"sd","13:27:03",1183100
21000,-350,3000,"bu","13:26:46",1182900
21000,-350,5000,"bu","13:26:46",1179900
21000,-350,100,"bu","13:26:34",1174900
21000,-350,500,"bu","13:26:18",1174800
21000,-350,1000,"sd","13:26:06",1174300
21000,-350,400,"sd","13:26:06",1173300
21000,-350,2000,"sd","13:26:06",1172900
21000,-350,2000,"sd","13:26:06",1170900
21000,-350,2000,"sd","13:26:06",1168900
21000,-350,7000,"sd","13:26:06",1166900
21000,-350,1000,"sd","13:25:48",1159900
21000,-350,5000,"sd","13:25:48",1158900
21000,-350,1000,"sd","13:25:48",1153900
21000,-350,300,"sd","13:25:48",1152900
21000,-350,3000,"sd","13:25:48",1152600
21000,-350,2000,"sd","13:25:48",1149600
21000,-350,500,"sd","13:25:48",1147600
21000,-350,500,"sd","13:25:48",1147100
21000,-350,1000,"sd","13:25:48",1146600
21000,-350,1000,"sd","13:25:48",1145600
21000,-350,2000,"sd","13:25:48",1144600
21000,-350,800,"sd","13:25:48",1142600
21000,-350,400,"sd","13:25:48",1141800
21000,-350,1500,"sd","13:25:48",1141400
21050,-300,100,"bu","13:24:37",1139900
21050,-300,500,"sd","13:24:24",1139800
21050,-300,1500,"sd","13:24:24",1139300
21050,-300,1500,"sd","13:24:24",1137800
21050,-300,1000,"sd","13:24:24",1136300
21050,-300,1000,"sd","13:24:24",1135300
21050,-300,4000,"sd","13:24:12",1134300
21100,-250,100,"sd","13:23:16",1130300
21100,-250,10000,"sd","13:23:16",1130200
21100,-250,1000,"sd","13:23:16",1120200
21100,-250,5000,"sd","13:23:16",1119200
21100,-250,5000,"sd","13:23:16",1114200
21150,-200,2000,"bu","13:23:07",1109200
21150,-200,500,"bu","13:22:51",1107200
21150,-200,1500,"sd","13:22:12",1106700
21150,-200,5000,"sd","13:22:12",1105200
21150,-200,600,"sd","13:22:12",1100200
21150,-200,1400,"bu","13:21:58",1099600
21150,-200,1000,"bu","13:20:25",1098200
21150,-200,800,"bu","13:19:58",1097200
21150,-200,100,"sd","13:19:53",1096400
21150,-200,5000,"sd","13:19:53",1096300
21150,-200,4000,"sd","13:19:53",1091300
21150,-200,200,"sd","13:19:53",1087300
21150,-200,800,"sd","13:17:50",1087100
21150,-200,1000,"sd","13:17:40",1086300
21150,-200,1000,"sd","13:17:40",1085300
21200,-150,20000,"sd","13:17:17",1084300
21200,-150,4400,"sd","13:17:17",1064300
21200,-150,300,"sd","13:17:17",1059900
21250,-100,1000,"sd","13:16:56",1059600
21250,-100,300,"sd","13:16:56",1058600
21250,-100,4900,"sd","13:16:56",1058300
21300,-50,200,"bu","13:16:17",1053400
21300,-50,100,"bu","13:16:17",1053200
21300,-50,1000,"sd","13:16:13",1053100
21300,-50,100,"sd","13:16:13",1052100
21300,-50,2300,"sd","13:16:13",1052000
21300,-50,1500,"sd","13:16:13",1049700
21300,-50,3500,"sd","13:16:06",1048200
21300,-50,5000,"sd","13:16:06",1044700
21300,-50,5000,"sd","13:16:06",1039700
21300,-50,6500,"sd","13:16:06",1034700
21350,0,1000,"bu","13:15:41",1028200
21350,0,200,"bu","13:14:48",1027200
21350,0,2000,"bu","13:14:32",1027000
21350,0,2300,"bu","13:14:23",1025000
21300,-50,3500,"bu","13:14:03",1022700
21300,-50,600,"bu","13:14:01",1019200
21250,-100,1000,"sd","13:13:56",1018600
21300,-50,1000,"bu","13:13:53",1017600
21300,-50,600,"bu","13:13:48",1016600
21300,-50,5000,"bu","13:13:45",1016000
21300,-50,2000,"bu","13:13:40",1011000
21300,-50,2000,"sd","13:13:36",1009000
21300,-50,300,"sd","13:13:36",1007000
21300,-50,100,"sd","13:13:31",1006700
21300,-50,1600,"bu","13:13:23",1006600
21300,-50,3400,"bu","13:13:21",1005000
21300,-50,4100,"bu","13:13:21",1001600
21300,-50,300,"bu","13:13:20",997500
21250,-100,200,"bu","13:13:12",997200
21250,-100,1100,"bu","13:13:12",997000
21250,-100,700,"bu","13:13:11",995900
21250,-100,500,"bu","13:13:11",995200
21250,-100,5000,"bu","13:13:11",994700
21250,-100,200,"bu","13:13:11",989700
21250,-100,1100,"bu","13:13:11",989500
21200,-150,5000,"sd","13:13:00",988400
21250,-100,2300,"bu","13:12:58",983400
21200,-150,2000,"bu","13:12:46",981100
21200,-150,1400,"bu","13:12:46",979100
21200,-150,1900,"bu","13:12:46",977700
21150,-200,100,"bu","13:12:41",975800
21150,-200,2000,"bu","13:12:38",975700
21150,-200,2900,"bu","13:12:35",973700
21150,-200,2100,"bu","13:12:35",970800
21150,-200,900,"bu","13:12:29",968700
21150,-200,500,"bu","13:12:20",967800
21150,-200,900,"bu","13:11:37",967300
21150,-200,3000,"bu","13:11:34",966400
21150,-200,2000,"bu","13:11:34",963400
21100,-250,1800,"bu","13:11:25",961400
21100,-250,100,"bu","13:11:25",959600
21100,-250,800,"bu","13:11:25",959500
21100,-250,1800,"bu","13:11:18",958700
21100,-250,200,"bu","13:11:18",956900
21100,-250,300,"bu","13:11:09",956700
21100,-250,200,"bu","13:11:09",956400
21100,-250,300,"bu","13:10:49",956200
21100,-250,100,"bu","13:10:18",955900
21100,-250,2000,"bu","13:09:37",955800
21100,-250,500,"bu","13:09:33",953800
21100,-250,1000,"bu","13:09:24",953300
21100,-250,2000,"bu","13:09:20",952300
21100,-250,900,"bu","13:09:16",950300
21100,-250,1500,"bu","13:09:08",949400
21050,-300,800,"sd","13:09:05",947900
21050,-300,3100,"sd","13:09:05",947100
21100,-250,1000,"bu","13:09:02",944000
21050,-300,6900,"bu","13:08:52",943000
21050,-300,3000,"sd","13:08:46",936100
21050,-300,200,"sd","13:08:46",933100
21050,-300,500,"sd","13:08:46",932900
21050,-300,300,"sd","13:08:46",932400
21050,-300,200,"sd","13:08:46",932100
21050,-300,10000,"sd","13:08:46",931900
21050,-300,2000,"sd","13:08:46",921900
21050,-300,1000,"sd","13:08:46",919900
21050,-300,3900,"sd","13:08:46",918900
21050,-300,500,"bu","13:08:08",915000
21050,-300,20600,"bu","13:08:08",914500
21050,-300,10000,"bu","13:08:04",893900
21050,-300,600,"bu","13:08:01",883900
21050,-300,2000,"bu","13:07:58",883300
21000,-350,300,"sd","13:07:51",881300
21050,-300,16800,"bu","13:07:49",881000
21050,-300,3200,"bu","13:07:49",864200
21000,-350,6000,"sd","13:07:49",861000
21050,-300,7500,"bu","13:07:47",855000
21000,-350,600,"sd","13:07:36",847500
21000,-350,200,"sd","13:07:31",846900
21000,-350,400,"sd","13:07:31",846700
21000,-350,500,"sd","13:07:16",846300
21050,-300,3000,"bu","13:06:58",845800
21050,-300,1000,"bu","13:06:51",842800
21050,-300,100,"sd","13:06:31",841800
21050,-300,500,"sd","13:06:31",841700
21050,-300,3400,"sd","13:06:31",841200
21050,-300,16600,"sd","13:06:16",837800
21050,-300,2000,"sd","13:06:16",821200
21050,-300,300,"sd","13:06:16",819200
21050,-300,100,"sd","13:06:16",818900
21050,-300,4000,"sd","13:06:03",818800
21100,-250,100,"bu","13:05:34",814800
21100,-250,100,"bu","13:05:31",814700
21100,-250,100,"bu","13:05:07",814600
21050,-300,1000,"sd","13:05:02",814500
21100,-250,300,"bu","13:04:55",813500
21100,-250,100,"sd","13:04:44",813200
21100,-250,10000,"sd","13:04:44",813100
21100,-250,100,"sd","13:04:44",803100
21100,-250,100,"sd","13:04:44",803000
21100,-250,100,"sd","13:04:44",802900
21100,-250,100,"sd","13:04:44",802800
21100,-250,1000,"sd","13:04:44",802700
21100,-250,100,"sd","13:04:44",801700
21100,-250,100,"sd","13:04:44",801600
21100,-250,3200,"sd","13:04:44",801500
21150,-200,3000,"sd","13:04:01",798300
21150,-200,300,"bu","13:03:02",795300
21150,-200,6700,"bu","13:03:02",795000
21150,-200,2000,"bu","13:02:50",788300
21100,-250,100,"sd","13:02:18",786300
21100,-250,1300,"sd","13:00:29",786200
21150,-200,1000,"bu","13:00:15",784900
21150,-200,100,"bu","13:00:14",783900
21150,-200,200,"sd","13:00:03",783800
21150,-200,4800,"sd","13:00:02",783600
21150,-200,100,"sd","13:00:02",773700
21150,-200,5000,"sd","13:00:02",778800
21150,-200,100,"sd","13:00:02",773800
21200,-150,100,"sd","13:00:01",773600
21200,-150,1400,"sd","13:00:01",773500
21200,-150,2000,"sd","13:00:01",772100
21200,-150,200,"sd","13:00:01",770100
21200,-150,400,"sd","13:00:01",769900
21200,-150,700,"sd","13:00:01",769500
21250,-100,1000,"sd","11:25:43",768800
21250,-100,100,"sd","11:25:43",767800
21250,-100,700,"sd","11:25:43",767700
21250,-100,100,"sd","11:25:43",767000
21250,-100,6700,"sd","11:25:43",766900
21250,-100,500,"sd","11:25:31",760200
21250,-100,2400,"sd","11:24:55",759700
21250,-100,3000,"sd","11:24:55",757300
21300,-50,2000,"bu","11:22:15",754300
21300,-50,1000,"bu","11:22:03",752300
21250,-100,1500,"sd","11:20:51",751300
21250,-100,500,"sd","11:18:47",749800
21300,-50,100,"bu","11:16:19",749300
21300,-50,100,"bu","11:16:07",749200
21300,-50,5000,"bu","11:15:40",749100
21300,-50,1200,"bu","11:15:34",744100
21300,-50,1000,"bu","11:15:29",742900
21300,-50,5300,"bu","11:12:36",741900
21300,-50,1500,"bu","11:11:51",736600
21300,-50,7200,"bu","11:08:10",735100
21300,-50,5000,"bu","11:08:04",727900
21300,-50,700,"bu","11:07:52",722900
21300,-50,200,"bu","11:06:59",722200
21300,-50,500,"bu","11:04:19",722000
21300,-50,7500,"sd","11:03:35",721500
21300,-50,1500,"sd","11:03:35",714000
21300,-50,1000,"sd","11:03:35",712500
21300,-50,200,"sd","11:03:35",711500
21300,-50,400,"sd","11:03:35",711300
21300,-50,4200,"sd","11:03:35",710900
21300,-50,800,"sd","11:03:27",706700
21300,-50,9200,"sd","11:03:27",705900
21350,0,300,"sd","11:02:44",696700
21350,0,500,"sd","11:02:44",696400
21350,0,400,"sd","11:02:44",695900
21350,0,2000,"sd","11:02:44",695500
21350,0,5500,"sd","11:02:44",693500
21350,0,100,"sd","11:02:44",688000
21350,0,500,"sd","11:02:31",687900
21400,50,200,"bu","10:57:28",687400
21400,50,200,"bu","10:50:38",687200
21350,0,2000,"sd","10:49:40",687000
21350,0,500,"sd","10:48:12",685000
21350,0,200,"sd","10:47:00",684500
21350,0,600,"sd","10:45:56",684300
21350,0,2000,"bu","10:45:21",683700
21350,0,500,"bu","10:45:21",681700
21350,0,1000,"bu","10:45:21",681200
21350,0,100,"bu","10:45:21",680200
21350,0,200,"bu","10:43:03",680100
21350,0,500,"bu","10:43:03",679900
21350,0,6800,"bu","10:43:03",679400
21350,0,200,"bu","10:36:19",672600
21350,0,300,"sd","10:36:15",672400
21350,0,1000,"sd","10:36:15",672100
21350,0,1700,"sd","10:36:15",671100
21350,0,5000,"sd","10:36:15",669400
21400,50,5400,"sd","10:35:52",664400
21400,50,1200,"sd","10:35:24",659000
21400,50,100,"sd","10:35:09",657800
21400,50,500,"sd","10:35:07",657700
21400,50,100,"bu","10:34:54",657200
21400,50,200,"bu","10:34:54",657100
21400,50,200,"bu","10:34:53",656900
21400,50,1000,"bu","10:34:53",656700
21400,50,800,"bu","10:34:53",655700
21400,50,500,"bu","10:34:53",654900
21400,50,300,"bu","10:34:49",654400
21400,50,200,"bu","10:34:49",654100
21400,50,200,"bu","10:34:49",653900
21400,50,1300,"bu","10:34:49",653700
21400,50,700,"bu","10:34:45",652400
21400,50,100,"bu","10:34:45",651700
21400,50,400,"bu","10:34:45",651600
21400,50,300,"bu","10:34:45",651200
21400,50,200,"bu","10:34:45",650900
21400,50,300,"bu","10:34:45",650700
21400,50,700,"bu","10:33:12",650400
21400,50,6000,"bu","10:33:12",649700
21400,50,500,"bu","10:33:12",643700
21400,50,2800,"bu","10:33:12",643200
21400,50,1200,"bu","10:32:48",640400
21400,50,5300,"bu","10:32:48",639200
21400,50,200,"bu","10:32:48",633900
21400,50,2000,"bu","10:32:48",633700
21400,50,1300,"bu","10:32:48",631700
21400,50,1700,"bu","10:32:45",630400
21400,50,100,"bu","10:31:50",628700
21350,0,300,"bu","10:31:50",628600
21300,-50,400,"sd","10:31:34",628300
21350,0,4600,"bu","10:31:08",627900
21350,0,500,"bu","10:31:08",623300
21350,0,2800,"bu","10:31:08",622800
21350,0,1000,"bu","10:31:08",620000
21350,0,200,"bu","10:31:08",619000
21350,0,200,"bu","10:31:08",618800
21350,0,200,"bu","10:31:08",618600
21350,0,500,"bu","10:31:08",618400
21300,-50,200,"sd","10:30:27",617900
21300,-50,100,"sd","10:30:27",617700
21300,-50,400,"bu","10:29:35",617600
21300,-50,100,"bu","10:29:35",617200
21300,-50,500,"bu","10:29:35",617100
21300,-50,200,"bu","10:29:35",616600
21300,-50,200,"bu","10:29:35",616400
21300,-50,100,"bu","10:29:35",616200
21300,-50,200,"bu","10:29:35",616100
21300,-50,6400,"bu","10:29:35",615900
21300,-50,2800,"bu","10:29:35",609500
21250,-100,50000,"bu","10:29:35",606700
21200,-150,200,"bu","10:29:35",556700
21200,-150,8200,"bu","10:29:35",556500
21150,-200,3900,"bu","10:29:35",548300
21150,-200,12200,"bu","10:29:35",544400
21150,-200,4300,"bu","10:29:35",532200
21150,-200,200,"bu","10:29:35",527900
21150,-200,10700,"bu","10:29:34",527700
21150,-200,7500,"bu","10:29:25",517000
21150,-200,100,"bu","10:27:41",509500
21100,-250,500,"sd","10:27:29",509400
21100,-250,700,"bu","10:27:15",508900
21100,-250,4200,"bu","10:27:15",508200
21100,-250,1000,"bu","10:26:24",504000
21100,-250,1000,"bu","10:24:05",503000
21100,-250,700,"bu","10:24:01",502000
21100,-250,100,"bu","10:24:01",501300
21100,-250,100,"bu","10:24:01",501200
21100,-250,1900,"bu","10:23:59",501100
21100,-250,100,"bu","10:23:59",499200
21100,-250,1000,"bu","10:23:55",499100
21050,-300,1500,"sd","10:23:06",498100
21050,-300,300,"bu","10:21:00",496600
21050,-300,5000,"bu","10:20:56",496300
21050,-300,10000,"bu","10:20:55",491300
21050,-300,1000,"bu","10:20:50",481300
21000,-350,100,"sd","10:20:23",480300
21000,-350,5600,"bu","10:20:18",480200
21000,-350,10000,"bu","10:20:13",474600
21000,-350,100,"bu","10:20:09",464600
21000,-350,100,"bu","10:20:09",464500
21000,-350,5000,"bu","10:20:09",464400
21000,-350,700,"bu","10:20:00",459400
21000,-350,20000,"bu","10:19:54",458700
21000,-350,200,"bu","10:18:53",438700
21000,-350,100,"sd","10:18:39",438500
21000,-350,200,"sd","10:18:39",438400
21000,-350,400,"sd","10:18:38",438200
21000,-350,1500,"sd","10:18:38",437800
21000,-350,300,"sd","10:18:38",436300
21000,-350,1000,"sd","10:18:38",436000
21000,-350,100,"sd","10:18:38",435000
21000,-350,100,"sd","10:18:38",434900
21000,-350,200,"sd","10:18:38",434800
21000,-350,700,"sd","10:18:38",434600
21000,-350,100,"sd","10:18:38",433900
21000,-350,300,"sd","10:18:38",433800
21000,-350,1000,"sd","10:18:38",433500
21000,-350,2400,"sd","10:18:38",432500
21000,-350,1500,"sd","10:18:38",430100
21000,-350,1000,"sd","10:18:38",428600
21000,-350,200,"sd","10:18:38",427600
21000,-350,300,"sd","10:18:38",427400
21000,-350,100,"sd","10:18:38",427100
21000,-350,500,"sd","10:18:38",427000
21000,-350,300,"sd","10:18:38",426500
21050,-300,2000,"bu","10:18:26",426200
21000,-350,1700,"sd","10:18:05",424200
21000,-350,800,"sd","10:18:05",422500
21000,-350,500,"sd","10:17:58",421700
21000,-350,4000,"sd","10:17:54",421200
21000,-350,100,"sd","10:17:21",417200
21050,-300,1000,"bu","10:16:49",417100
21050,-300,2000,"bu","10:16:35",416100
21050,-300,500,"bu","10:16:34",414100
21000,-350,2600,"sd","10:16:30",413600
21000,-350,900,"sd","10:16:30",411000
21000,-350,100,"sd","10:16:30",410100
21000,-350,900,"sd","10:16:30",410000
21000,-350,300,"sd","10:16:30",409100
21000,-350,300,"sd","10:16:27",408800
21050,-300,100,"bu","10:16:11",408500
21050,-300,2000,"bu","10:16:09",408400
21050,-300,1000,"sd","10:16:01",406400
21050,-300,1000,"sd","10:16:01",405400
21050,-300,100,"sd","10:16:01",404400
21050,-300,100,"sd","10:16:01",404300
21050,-300,100,"sd","10:16:01",404200
21050,-300,3800,"sd","10:16:01",404100
21050,-300,5000,"sd","10:15:48",400300
21100,-250,1000,"bu","10:15:44",395300
21100,-250,5000,"bu","10:15:39",394300
21050,-300,6200,"sd","10:15:17",389300
21050,-300,300,"sd","10:15:17",383100
21050,-300,3200,"sd","10:15:09",382800
21050,-300,1000,"sd","10:15:09",378800
21050,-300,800,"sd","10:15:09",379600
21100,-250,2000,"bu","10:15:08",377800
21100,-250,100,"bu","10:14:25",375800
21100,-250,400,"bu","10:12:14",375700
21100,-250,100,"bu","10:12:13",375300
21100,-250,100,"bu","10:09:51",375200
21100,-250,100,"bu","10:08:50",375100
21100,-250,600,"bu","10:08:47",375000
21100,-250,1000,"bu","10:07:37",374400
21100,-250,200,"sd","10:06:47",373400
21100,-250,100,"sd","10:06:47",373200
21100,-250,3000,"sd","10:06:47",373100
21100,-250,200,"sd","10:06:47",370100
21100,-250,200,"sd","10:06:47",369900
21100,-250,800,"sd","10:06:47",369700
21100,-250,2000,"sd","10:06:47",368900
21100,-250,1000,"sd","10:06:39",366900
21100,-250,5000,"sd","10:06:39",365900
21100,-250,200,"sd","10:06:39",360900
21100,-250,3000,"sd","10:06:39",360700
21100,-250,500,"sd","10:06:39",357700
21100,-250,100,"sd","10:06:39",357200
21100,-250,100,"sd","10:06:39",357100
21100,-250,100,"sd","10:06:39",357000
21100,-250,400,"sd","10:06:26",356900
21100,-250,1000,"sd","10:06:26",356500
21100,-250,600,"sd","10:06:26",355500
21100,-250,2400,"sd","10:05:46",354900
21100,-250,200,"sd","10:05:46",352500
21100,-250,2000,"sd","10:05:46",352300
21100,-250,5000,"sd","10:05:46",350300
21100,-250,300,"sd","10:05:46",345300
21100,-250,100,"sd","10:05:46",345000
21100,-250,300,"sd","10:05:36",344900
21100,-250,500,"sd","10:05:33",344600
21100,-250,4000,"sd","10:05:33",344100
21100,-250,10000,"sd","10:05:03",340100
21100,-250,100,"sd","10:03:13",330100
21150,-200,1000,"bu","10:01:48",330000
21150,-200,5000,"sd","10:01:03",329000
21150,-200,600,"sd","10:01:03",324000
21150,-200,4500,"sd","10:01:03",323400
21200,-150,5000,"bu","09:59:28",318900
21200,-150,1000,"bu","09:59:24",313900
21150,-200,500,"sd","09:59:22",312900
21150,-200,5000,"sd","09:58:40",312400
21200,-150,3800,"sd","09:58:19",307400
21200,-150,600,"sd","09:58:10",303600
21200,-150,3400,"sd","09:58:10",303000
21200,-150,500,"sd","09:58:10",299600
21200,-150,300,"sd","09:58:10",299100
21200,-150,200,"sd","09:58:10",298800
21200,-150,500,"sd","09:58:10",298600
21200,-150,500,"sd","09:58:10",298100
21200,-150,100,"sd","09:58:10",297600
21200,-150,1900,"sd","09:58:10",297500
21200,-150,1000,"sd","09:57:59",295600
21200,-150,2100,"sd","09:57:54",294600
21200,-150,3500,"sd","09:57:54",292500
21250,-100,500,"bu","09:56:23",289000
21250,-100,100,"bu","09:56:23",288500
21250,-100,100,"bu","09:56:05",288400
21250,-100,300,"bu","09:55:24",288300
21250,-100,200,"bu","09:54:18",288000
21250,-100,100,"sd","09:54:16",287800
21250,-100,700,"sd","09:54:16",287700
21250,-100,5000,"sd","09:54:16",287000
21250,-100,4000,"sd","09:54:16",282000
21250,-100,1000,"sd","09:52:32",278000
21300,-50,1000,"bu","09:51:22",277000
21300,-50,200,"sd","09:50:32",276000
21300,-50,1600,"sd","09:50:32",275800
21350,0,1000,"bu","09:50:19",274200
21300,-50,400,"sd","09:50:15",273200
21300,-50,500,"sd","09:50:15",272800
21300,-50,100,"sd","09:50:15",272300
21300,-50,2000,"sd","09:50:15",272200
21300,-50,1000,"sd","09:50:15",270200
21300,-50,5000,"sd","09:50:04",269200
21300,-50,1600,"sd","09:49:51",264200
21300,-50,1400,"sd","09:49:46",262600
21350,0,2500,"bu","09:48:34",261200
21350,0,500,"bu","09:48:34",258700
21350,0,100,"bu","09:48:07",258200
21350,0,100,"bu","09:46:17",258100
21350,0,1000,"bu","09:46:04",258000
21350,0,800,"bu","09:45:57",257000
21350,0,400,"bu","09:42:04",256200
21350,0,400,"bu","09:41:30",255800
21350,0,1000,"sd","09:36:33",255400
21350,0,900,"sd","09:36:33",254400
21350,0,500,"sd","09:36:33",253500
21350,0,300,"sd","09:36:33",253000
21350,0,200,"sd","09:36:33",252700
21350,0,500,"sd","09:36:33",252500
21350,0,6900,"sd","09:36:33",252000
21350,0,6400,"sd","09:36:33",245100
21350,0,100,"sd","09:36:22",238700
21400,50,400,"bu","09:35:49",238600
21400,50,5000,"bu","09:34:06",238200
21350,0,200,"sd","09:33:56",233200
21350,0,100,"sd","09:33:53",233000
21400,50,2000,"bu","09:31:48",232900
21400,50,800,"bu","09:31:43",230900
21400,50,600,"bu","09:31:39",230100
21400,50,300,"bu","09:30:38",229500
21400,50,100,"bu","09:30:19",229200
21350,0,400,"sd","09:27:37",229100
21400,50,4900,"bu","09:25:11",228700
21350,0,5100,"bu","09:25:11",223800
21350,0,1500,"bu","09:25:07",218700
21350,0,500,"bu","09:24:25",217200
21350,0,200,"bu","09:23:31",216700
21350,0,1000,"bu","09:23:09",216500
21350,0,1000,"sd","09:21:46",215500
21350,0,1500,"sd","09:21:46",214500
21350,0,1000,"sd","09:21:46",213000
21350,0,200,"sd","09:21:46",212000
21350,0,20000,"sd","09:20:51",211800
21400,50,100,"sd","09:20:29",191800
21400,50,700,"sd","09:20:29",191700
21450,100,1000,"bu","09:20:25",191000
21400,50,2300,"sd","09:20:22",190000
21400,50,2100,"sd","09:20:22",187700
21400,50,2000,"sd","09:20:22",185600
21400,50,1100,"sd","09:20:22",183600
21400,50,2000,"sd","09:20:22",182500
21450,100,1000,"bu","09:20:19",180500
21450,100,3100,"sd","09:20:08",179500
21450,100,1000,"bu","09:19:57",176400
21450,100,100,"bu","09:19:57",175400
21450,100,100,"bu","09:19:57",175300
21450,100,1000,"bu","09:19:57",175200
21450,100,700,"bu","09:19:57",174200
21450,100,5000,"bu","09:19:47",173500
21400,50,5000,"sd","09:19:45",168500
21450,100,100,"bu","09:19:43",163500
21450,100,1000,"bu","09:19:41",163400
21450,100,1200,"bu","09:19:34",162400
21450,100,200,"bu","09:19:34",161200
21450,100,300,"bu","09:19:34",161000
21450,100,400,"bu","09:19:34",160700
21450,100,100,"bu","09:18:49",160300
21450,100,500,"bu","09:18:32",160200
21450,100,4000,"bu","09:18:02",159700
21450,100,1000,"bu","09:18:02",155700
21400,50,1000,"bu","09:18:02",154700
21400,50,1000,"bu","09:18:02",153700
21400,50,20000,"bu","09:18:00",152700
21350,0,3700,"bu","09:17:48",132700
21350,0,200,"bu","09:17:45",129000
21350,0,4000,"sd","09:17:36",128800
21350,0,1000,"sd","09:17:36",124800
21350,0,1000,"sd","09:17:36",123800
21350,0,4300,"sd","09:17:36",122800
21350,0,100,"sd","09:17:36",118500
21350,0,700,"sd","09:17:36",118400
21350,0,800,"bu","09:17:14",117700
21350,0,1500,"bu","09:17:12",116900
21350,0,1500,"bu","09:17:10",115400
21350,0,100,"bu","09:17:09",113900
21350,0,5000,"bu","09:17:08",113800
21350,0,2000,"bu","09:17:07",108800
21350,0,100,"bu","09:17:00",106800
21350,0,900,"bu","09:16:50",106700
21350,0,5000,"bu","09:16:46",105800
21350,0,100,"bu","09:16:41",100800
21350,0,1000,"bu","09:16:10",100700
21300,-50,500,"bu","09:16:02",99700
21300,-50,500,"bu","09:16:02",99200
21300,-50,700,"bu","09:15:57",98700
21300,-50,2000,"bu","09:15:45",98000
21200,-150,1500,"bu","09:15:36",96000
21200,-150,4500,"bu","09:15:33",94500
21200,-150,500,"bu","09:15:33",90000
21100,-250,89500,"unknown","09:15:00",89500
