"price","change","match_qtty","side","time","total_vol"
42400,-200,10800,"bu","14:45:00",196700
42500,-100,100,"bu","14:26:51",185900
42400,-200,100,"sd","14:26:19",185800
42500,-100,100,"sd","14:23:42",185700
42500,-100,4100,"sd","14:23:42",185600
42500,-100,900,"sd","14:23:40",181500
42500,-100,400,"sd","14:23:40",180600
42500,-100,300,"sd","14:23:35",180200
42600,0,200,"bu","14:17:24",179900
42600,0,500,"bu","14:15:37",179700
42600,0,500,"bu","14:10:22",179200
42600,0,300,"bu","14:08:44",178700
42600,0,1000,"bu","14:07:36",178400
42600,0,300,"bu","14:04:35",177400
42600,0,100,"bu","14:01:33",177100
42600,0,600,"bu","14:01:33",177000
42600,0,200,"bu","13:59:52",176400
42600,0,200,"bu","13:57:51",176200
42500,-100,900,"bu","13:57:36",176000
42400,-200,200,"bu","13:57:36",175100
42400,-200,800,"bu","13:57:36",174900
42400,-200,500,"bu","13:55:32",174100
42400,-200,500,"bu","13:54:21",173600
42400,-200,1500,"bu","13:54:21",173100
42300,-300,1700,"sd","13:50:53",171600
42300,-300,300,"sd","13:50:52",169900
42400,-200,300,"bu","13:48:40",169600
42300,-300,300,"sd","13:46:05",169300
42350,-250,300,"sd","13:43:34",168500
42300,-300,500,"sd","13:43:34",169000
42400,-200,1500,"sd","13:40:58",168200
42500,-100,400,"bu","13:40:51",166700
42400,-200,100,"bu","13:40:44",166300
42400,-200,300,"bu","13:40:44",166200
42400,-200,600,"bu","13:40:44",165900
42400,-200,500,"bu","13:39:17",165300
42400,-200,300,"bu","13:37:21",164800
42400,-200,300,"bu","13:34:04",164500
42400,-200,100,"bu","13:33:59",164200
42400,-200,500,"sd","13:32:17",164100
42400,-200,2700,"sd","13:32:17",163600
42400,-200,800,"sd","13:30:42",160900
42400,-200,3000,"sd","13:28:43",160100
42400,-200,300,"sd","13:23:33",157100
42400,-200,300,"sd","13:21:08",156800
42500,-100,1600,"sd","13:20:30",156500
42600,0,100,"bu","13:20:25",154900
42500,-100,2000,"sd","13:18:31",154800
42600,0,100,"bu","13:17:02",152800
42600,0,100,"bu","13:14:31",152700
42600,0,100,"bu","13:11:59",152600
42600,0,300,"bu","13:11:32",152500
42500,-100,100,"bu","13:11:28",152200
42500,-100,100,"bu","13:11:28",152100
42500,-100,1400,"bu","13:11:28",152000
42500,-100,2800,"bu","13:11:28",150600
42500,-100,4100,"bu","13:11:23",147800
42500,-100,100,"bu","13:09:32",143700
42400,-200,100,"sd","13:07:30",143600
42400,-200,100,"sd","13:07:30",143500
42400,-200,1300,"sd","13:07:30",143400
42400,-200,1300,"sd","13:07:22",142100
42500,-100,1000,"bu","13:05:23",140800
42500,-100,400,"bu","13:03:38",139800
42500,-100,400,"bu","11:28:33",139400
42500,-100,800,"bu","11:27:55",139000
42500,-100,100,"bu","11:26:41",138200
42500,-100,1600,"bu","11:26:01",138100
42500,-100,100,"bu","11:26:01",136500
42400,-200,1300,"sd","11:24:31",136400
42400,-200,1300,"sd","11:23:31",135100
42500,-100,2900,"bu","11:16:59",133800
42500,-100,100,"bu","11:16:59",130900
42500,-100,200,"bu","11:16:59",130800
42400,-200,500,"sd","11:15:55",130600
42400,-200,200,"sd","11:15:55",130100
42400,-200,400,"sd","11:15:55",129900
42400,-200,400,"sd","11:15:55",129500
42400,-200,100,"sd","11:15:55",129100
42400,-200,300,"sd","11:15:43",129000
42500,-100,100,"bu","11:14:46",128700
42500,-100,100,"sd","11:07:30",128600
42500,-100,1000,"sd","11:07:30",128500
42500,-100,1600,"sd","11:07:30",127500
42500,-100,1000,"sd","11:04:46",125900
42600,0,1200,"bu","11:02:21",124900
42600,0,300,"bu","11:00:55",123700
42600,0,300,"bu","10:57:52",123400
42600,0,500,"bu","10:57:07",123100
42600,0,300,"bu","10:53:52",122600
42600,0,300,"bu","10:53:25",122300
42500,-100,2900,"bu","10:53:20",122000
42500,-100,500,"bu","10:53:10",119100
42500,-100,300,"bu","10:52:35",118600
42500,-100,400,"bu","10:51:42",118300
42500,-100,100,"bu","10:51:42",117900
42500,-100,1000,"bu","10:51:42",117800
42400,-200,1000,"sd","10:49:38",116800
42400,-200,300,"sd","10:45:51",115800
42500,-100,800,"bu","10:35:02",115500
42500,-100,400,"bu","10:33:59",114700
42400,-200,1100,"sd","10:30:40",114300
42400,-200,100,"sd","10:25:14",113200
42400,-200,300,"sd","10:23:13",113100
42500,-100,100,"sd","10:23:06",112800
42500,-100,1800,"sd","10:23:06",112700
42500,-100,4100,"sd","10:22:09",110900
42500,-100,1600,"sd","10:21:31",106800
42500,-100,100,"sd","10:21:31",105200
42600,0,300,"bu","10:18:53",105100
42500,-100,200,"sd","10:16:34",104800
42500,-100,200,"sd","10:16:34",104600
42500,-100,1100,"sd","10:14:12",104400
42600,0,1000,"sd","10:14:06",103300
42600,0,500,"sd","10:14:06",102300
42600,0,200,"sd","10:14:06",101800
42600,0,4500,"sd","10:14:06",101600
42600,0,2100,"sd","10:12:36",97100
42600,0,1400,"sd","10:12:30",95000
42600,0,400,"sd","10:10:52",93600
42700,100,500,"bu","10:10:32",93200
42700,100,500,"bu","10:10:00",92700
42600,0,2100,"sd","10:08:16",92200
42600,0,700,"sd","10:06:20",90100
42600,0,400,"sd","10:06:20",89400
42700,100,400,"bu","10:03:30",89000
42600,0,400,"sd","10:03:06",88600
42700,100,2600,"sd","10:02:54",88200
42800,200,400,"bu","10:01:12",85600
42800,200,1800,"bu","10:01:02",85200
42800,200,300,"bu","09:58:12",83400
42700,100,400,"sd","09:55:18",83100
42800,200,500,"bu","09:54:26",82700
42800,200,500,"bu","09:53:55",82200
42800,200,1000,"bu","09:53:30",81700
42800,200,300,"bu","09:52:43",80700
42800,200,300,"bu","09:51:55",80400
42700,100,2300,"bu","09:51:49",80100
42700,100,400,"bu","09:49:16",77800
42600,0,1000,"sd","09:47:03",77400
42600,0,400,"sd","09:44:52",76400
42600,0,800,"sd","09:44:18",76000
42600,0,1000,"sd","09:41:24",75200
42700,100,1300,"sd","09:40:33",74200
42800,200,400,"bu","09:39:20",72900
42800,200,1100,"bu","09:35:16",72500
42800,200,200,"bu","09:35:16",71400
42800,200,300,"bu","09:34:16",71200
42800,200,1200,"bu","09:34:10",70900
42800,200,400,"bu","09:32:58",69700
42800,200,1200,"bu","09:31:50",69300
42700,100,3700,"bu","09:31:12",68100
42700,100,1200,"bu","09:30:56",64400
42700,100,5000,"bu","09:30:46",63200
42700,100,100,"bu","09:30:12",58200
42700,100,700,"bu","09:30:12",58100
42700,100,200,"bu","09:27:56",57400
42600,0,1000,"bu","09:27:52",57200
42600,0,1000,"bu","09:27:39",56200
42500,-100,1800,"bu","09:27:31",55200
42500,-100,3200,"bu","09:27:21",53400
42500,-100,900,"bu","09:27:21",50200
42500,-100,100,"bu","09:26:34",49300
42500,-100,400,"bu","09:26:12",49200
42400,-200,400,"sd","09:24:00",48800
42400,-200,400,"sd","09:23:42",48400
42400,-200,2300,"sd","09:23:42",48000
42500,-100,100,"sd","09:23:42",45700
42500,-100,1600,"sd","09:23:42",45600
42600,0,2000,"bu","09:22:35",44000
42600,0,1000,"bu","09:22:35",42000
42600,0,400,"bu","09:21:13",41000
42500,-100,100,"sd","09:20:21",40600
42600,0,100,"bu","09:19:13",40500
42600,0,2400,"sd","09:19:02",40400
42600,0,3600,"sd","09:19:02",38000
42700,100,1000,"bu","09:17:41",34400
42700,100,300,"bu","09:17:33",33400
42600,0,600,"bu","09:17:28",33100
42600,0,400,"bu","09:16:52",32500
42600,0,4000,"bu","09:16:48",32100
42600,0,1000,"bu","09:16:48",28100
42600,0,300,"bu","09:16:38",27100
42600,0,1200,"bu","09:16:34",26800
42600,0,300,"bu","09:16:20",25600
42600,0,300,"bu","09:16:00",25300
42500,-100,3400,"bu","09:15:55",25000
42400,-200,2800,"bu","09:15:51",21600
42300,-300,18800,"sd","09:14:59",18800
