"price","change","match_qtty","side","time","total_vol"
6340,-150,14800,"sd","14:45:01",583500
6340,-150,100,"bu","14:29:57",568700
6340,-150,100,"bu","14:29:48",568600
6340,-150,1000,"bu","14:29:41",568500
6340,-150,1000,"bu","14:29:36",567500
6340,-150,100,"sd","14:29:31",566500
6340,-150,100,"sd","14:29:31",566400
6340,-150,100,"sd","14:29:31",566300
6340,-150,100,"sd","14:29:31",566200
6340,-150,100,"sd","14:29:31",566100
6350,-140,1000,"bu","14:29:06",566000
6350,-140,400,"sd","14:29:02",565000
6350,-140,100,"bu","14:28:56",564600
6350,-140,100,"bu","14:28:49",564500
6350,-140,100,"sd","14:28:32",564400
6350,-140,2000,"sd","14:28:32",564300
6350,-140,200,"sd","14:28:32",562300
6350,-140,100,"sd","14:28:32",562100
6350,-140,100,"sd","14:28:32",562000
6350,-140,100,"sd","14:28:32",561900
6350,-140,100,"sd","14:28:32",561800
6350,-140,100,"sd","14:28:32",561700
6350,-140,800,"sd","14:28:08",561600
6360,-130,200,"sd","14:28:08",560800
6360,-130,100,"bu","14:27:21",560600
6350,-140,100,"sd","14:27:07",560500
6350,-140,100,"sd","14:27:07",560400
6350,-140,1000,"sd","14:27:07",560300
6350,-140,500,"sd","14:27:07",559300
6350,-140,2000,"sd","14:27:07",558800
6350,-140,200,"sd","14:27:07",556800
6350,-140,1900,"sd","14:27:07",556600
6350,-140,1000,"sd","14:27:06",554700
6350,-140,7100,"sd","14:26:48",553700
6350,-140,200,"sd","14:26:48",546600
6350,-140,500,"sd","14:26:48",546400
6350,-140,500,"sd","14:26:48",545900
6360,-130,100,"sd","14:26:48",545400
6360,-130,100,"sd","14:26:48",545300
6360,-130,100,"sd","14:26:48",545200
6360,-130,100,"sd","14:26:48",545100
6360,-130,300,"sd","14:26:48",545000
6360,-130,100,"sd","14:26:48",544700
6360,-130,100,"sd","14:26:48",544600
6360,-130,100,"sd","14:26:48",544500
6360,-130,1700,"sd","14:26:48",544400
6360,-130,1000,"sd","14:26:48",542700
6370,-120,2000,"sd","14:26:30",541700
6370,-120,100,"sd","14:26:30",539700
6370,-120,2000,"sd","14:26:30",539600
6370,-120,1100,"sd","14:26:30",537600
6370,-120,500,"sd","14:25:24",536500
6380,-110,4000,"bu","14:25:20",536000
6370,-120,3400,"sd","14:25:09",532000
6370,-120,1600,"sd","14:25:09",528600
6370,-120,1400,"sd","14:25:00",527000
6370,-120,100,"sd","14:24:52",525600
6370,-120,300,"sd","14:24:52",525500
6370,-120,600,"sd","14:24:52",525200
6370,-120,13500,"sd","14:24:52",524600
6370,-120,500,"sd","14:24:34",511100
6370,-120,1000,"sd","14:24:33",510600
6370,-120,5000,"sd","14:24:21",509600
6370,-120,100,"sd","14:24:21",504600
6370,-120,100,"sd","14:24:21",504500
6370,-120,400,"sd","14:24:21",504400
6370,-120,800,"sd","14:24:21",504000
6370,-120,1000,"sd","14:24:21",503200
6370,-120,500,"sd","14:24:21",502200
6370,-120,100,"sd","14:24:21",501700
6370,-120,500,"sd","14:24:09",501600
6380,-110,9200,"bu","14:24:04",501100
6380,-110,200,"bu","14:23:54",491900
6370,-120,1000,"sd","14:23:39",491700
6370,-120,1500,"sd","14:23:18",490700
6380,-110,600,"sd","14:23:11",489200
6380,-110,400,"bu","14:22:44",488600
6380,-110,500,"bu","14:22:42",488200
6380,-110,500,"bu","14:22:42",487700
6380,-110,1000,"bu","14:22:18",487200
6370,-120,1000,"sd","14:20:18",486200
6370,-120,9000,"sd","14:19:42",485200
6380,-110,700,"sd","14:19:42",476200
6380,-110,4300,"bu","14:19:10",475500
6380,-110,200,"bu","14:18:51",471200
6380,-110,4000,"bu","14:18:51",471000
6380,-110,500,"bu","14:18:43",467000
6380,-110,200,"sd","14:18:34",466500
6380,-110,800,"sd","14:18:34",466300
6380,-110,1200,"sd","14:17:41",465500
6380,-110,800,"sd","14:17:41",464300
6380,-110,100,"sd","14:17:30",463500
6380,-110,100,"sd","14:17:14",463400
6380,-110,100,"sd","14:17:14",463300
6380,-110,2700,"sd","14:16:04",463200
6380,-110,100,"sd","14:16:04",460500
6380,-110,100,"sd","14:16:04",460400
6380,-110,100,"sd","14:16:04",460300
6380,-110,200,"sd","14:16:04",460200
6380,-110,100,"sd","14:16:04",460000
6380,-110,500,"sd","14:16:04",459900
6380,-110,600,"sd","14:16:04",459400
6390,-100,100,"sd","14:16:04",458800
6390,-100,700,"sd","14:15:56",458700
6390,-100,100,"sd","14:15:56",458000
6390,-100,2200,"sd","14:15:56",457900
6400,-90,1000,"bu","14:11:25",455700
6400,-90,1000,"bu","14:09:55",454700
6390,-100,1000,"sd","14:06:39",453700
6390,-100,400,"sd","14:06:24",452700
6390,-100,1400,"bu","14:04:05",452300
6390,-100,500,"bu","14:02:51",450900
6390,-100,100,"bu","14:01:41",450400
6380,-110,500,"sd","14:00:57",450300
6390,-100,500,"bu","13:59:57",449800
6380,-110,900,"bu","13:55:16",449300
6370,-120,3000,"sd","13:55:14",448400
6380,-110,100,"sd","13:55:13",445400
6380,-110,2000,"bu","13:55:03",445300
6380,-110,100,"bu","13:55:03",443300
6380,-110,100,"bu","13:55:00",443200
6380,-110,3000,"bu","13:54:51",443100
6370,-120,2000,"sd","13:53:48",440100
6370,-120,800,"sd","13:53:46",438100
6370,-120,1200,"sd","13:53:46",437300
6370,-120,100,"sd","13:53:45",436100
6380,-110,100,"bu","13:53:04",436000
6380,-110,400,"bu","13:53:02",435900
6380,-110,100,"bu","13:52:40",435500
6380,-110,500,"sd","13:52:30",435400
6380,-110,100,"sd","13:52:30",434900
6380,-110,1000,"sd","13:52:30",434800
6380,-110,1000,"sd","13:52:30",433800
6380,-110,100,"sd","13:52:30",432800
6380,-110,500,"sd","13:52:30",432700
6380,-110,5000,"sd","13:52:30",432200
6380,-110,1000,"sd","13:52:30",427200
6380,-110,300,"sd","13:52:30",426200
6380,-110,200,"sd","13:52:03",425900
6380,-110,200,"sd","13:52:03",425700
6380,-110,200,"sd","13:52:03",425500
6380,-110,200,"sd","13:52:03",425300
6380,-110,6200,"sd","13:52:03",425100
6380,-110,6000,"sd","13:51:08",418900
6390,-100,2000,"bu","13:50:58",412900
6400,-90,400,"bu","13:50:30",410900
6400,-90,1400,"bu","13:50:30",410500
6390,-100,200,"sd","13:49:49",409100
6380,-110,500,"sd","13:45:35",408900
6380,-110,400,"sd","13:44:08",408400
6380,-110,7300,"sd","13:41:46",408000
6390,-100,100,"sd","13:41:46",400700
6390,-100,2600,"sd","13:41:46",400600
6390,-100,200,"sd","13:40:42",398000
6390,-100,1000,"sd","13:39:56",397800
6390,-100,1100,"sd","13:39:43",396800
6390,-100,100,"sd","13:39:00",395700
6390,-100,2000,"sd","13:39:00",395600
6390,-100,2000,"sd","13:39:00",393600
6390,-100,900,"sd","13:39:00",391600
6400,-90,100,"bu","13:35:53",390700
6400,-90,100,"bu","13:34:46",390600
6400,-90,400,"bu","13:33:57",390500
6400,-90,100,"bu","13:33:57",390100
6390,-100,100,"sd","13:32:31",390000
6390,-100,500,"sd","13:32:31",389900
6390,-100,1000,"sd","13:32:31",389400
6390,-100,200,"sd","13:32:31",388400
6390,-100,900,"sd","13:32:31",388200
6390,-100,400,"sd","13:28:47",387300
6390,-100,3700,"sd","13:27:10",386900
6390,-100,100,"sd","13:27:10",383200
6390,-100,800,"sd","13:24:11",383100
6390,-100,100,"sd","13:24:11",382300
6390,-100,300,"sd","13:24:11",382200
6400,-90,600,"bu","13:22:43",381900
6400,-90,500,"bu","13:22:11",381300
6390,-100,700,"sd","13:20:04",380800
6390,-100,300,"sd","13:20:04",380100
6390,-100,200,"sd","13:17:57",379800
6390,-100,100,"sd","13:17:57",379600
6390,-100,1600,"sd","13:17:57",379500
6390,-100,100,"sd","13:17:57",377900
6390,-100,100,"sd","13:17:57",377800
6390,-100,900,"sd","13:17:57",377700
6390,-100,100,"sd","13:16:45",376800
6390,-100,100,"sd","13:16:45",376700
6390,-100,100,"sd","13:16:45",376600
6390,-100,200,"sd","13:16:45",376500
6390,-100,800,"sd","13:16:27",376300
6390,-100,1500,"sd","13:16:27",375500
6390,-100,500,"sd","13:16:27",374000
6390,-100,1000,"sd","13:16:27",373500
6390,-100,1200,"sd","13:16:27",372500
6390,-100,800,"sd","13:15:37",371300
6390,-100,1000,"sd","13:15:37",370500
6390,-100,200,"sd","13:15:37",369500
6390,-100,700,"sd","13:15:37",369300
6400,-90,500,"sd","13:15:37",368600
6400,-90,300,"sd","13:15:21",368100
6400,-90,300,"sd","13:15:21",367800
6400,-90,300,"sd","13:15:21",367500
6400,-90,500,"sd","13:15:21",367200
6400,-90,1000,"sd","13:15:17",366700
6400,-90,2000,"sd","13:15:17",365700
6400,-90,1000,"sd","13:15:17",363700
6400,-90,2600,"sd","13:15:17",362700
6410,-80,400,"sd","13:15:02",360100
6410,-80,100,"sd","13:15:02",359700
6410,-80,100,"sd","13:13:01",359600
6410,-80,100,"sd","13:11:36",359500
6410,-80,300,"bu","13:09:47",359400
6400,-90,1300,"sd","13:09:36",359100
6400,-90,2000,"sd","13:09:36",357800
6420,-70,2000,"bu","13:07:52",355800
6420,-70,4000,"bu","13:06:26",353800
6420,-70,200,"bu","13:06:21",349800
6400,-90,800,"bu","13:01:03",349600
6400,-90,7000,"bu","13:00:40",348800
6400,-90,1000,"bu","13:00:17",341800
6400,-90,1000,"bu","13:00:15",340800
6400,-90,100,"bu","13:00:15",339800
6400,-90,100,"sd","13:00:07",339700
6420,-70,1700,"bu","13:00:01",339600
6400,-90,400,"sd","11:28:40",337900
6400,-90,1000,"sd","11:27:30",337500
6400,-90,500,"bu","11:26:37",336500
6390,-100,1300,"sd","11:25:48",336000
6390,-100,200,"sd","11:25:20",334700
6390,-100,2000,"sd","11:25:11",334500
6390,-100,800,"sd","11:24:19",332500
6390,-100,1200,"sd","11:24:19",331700
6400,-90,500,"bu","11:22:55",330500
6400,-90,100,"bu","11:22:55",330000
6390,-100,800,"sd","11:20:14",329900
6390,-100,4200,"sd","11:20:14",329100
6400,-90,300,"bu","11:19:53",324900
6400,-90,700,"sd","11:18:37",324600
6400,-90,900,"sd","11:18:36",323900
6400,-90,1100,"sd","11:18:36",323000
6400,-90,1000,"bu","11:17:55",321900
6400,-90,12900,"bu","11:17:55",320900
6400,-90,500,"bu","11:17:21",308000
6390,-100,800,"sd","11:16:16",307500
6390,-100,200,"sd","11:16:16",306700
6400,-90,2000,"bu","11:11:26",306500
6400,-90,1000,"bu","11:11:18",304500
6400,-90,3600,"sd","11:10:03",303500
6400,-90,400,"bu","11:08:27",299900
6400,-90,100,"bu","11:08:17",299500
6400,-90,4500,"sd","11:06:14",299400
6400,-90,500,"sd","11:05:01",294900
6390,-100,800,"sd","11:03:48",294400
6390,-100,300,"sd","11:03:48",293600
6390,-100,100,"sd","11:03:48",293300
6390,-100,1000,"sd","11:03:48",293200
6400,-90,2100,"sd","11:03:48",292200
6400,-90,2900,"sd","11:02:32",290100
6400,-90,500,"sd","11:02:32",287200
6400,-90,200,"sd","11:02:32",286700
6400,-90,100,"sd","11:02:32",286500
6420,-70,1600,"bu","10:58:23",286400
6420,-70,2000,"bu","10:56:04",284800
6420,-70,8300,"bu","10:55:39",282800
6410,-80,1700,"bu","10:55:39",274500
6410,-80,300,"sd","10:55:11",272800
6410,-80,4700,"sd","10:54:00",272500
6410,-80,300,"sd","10:54:00",267800
6410,-80,2700,"bu","10:53:00",267500
6410,-80,2000,"bu","10:53:00",264800
6410,-80,3000,"sd","10:51:14",262800
6410,-80,2000,"bu","10:49:52",259800
6400,-90,400,"bu","10:45:41",257800
6400,-90,1000,"bu","10:45:30",257400
6390,-100,1000,"sd","10:45:09",256400
6390,-100,900,"sd","10:42:34",255400
6390,-100,100,"sd","10:42:34",254500
6390,-100,400,"bu","10:40:56",254400
6390,-100,100,"sd","10:40:45",254000
6390,-100,2300,"sd","10:40:44",253900
6390,-100,2000,"sd","10:40:44",251600
6390,-100,100,"sd","10:40:44",249600
6390,-100,200,"sd","10:40:44",249500
6390,-100,2000,"sd","10:40:44",249300
6390,-100,500,"sd","10:40:44",247300
6400,-90,500,"bu","10:39:37",246800
6400,-90,500,"bu","10:39:25",246300
6400,-90,300,"bu","10:39:12",245800
6400,-90,700,"sd","10:39:05",245500
6400,-90,2500,"bu","10:38:31",244800
6400,-90,200,"bu","10:38:23",242300
6400,-90,1000,"bu","10:37:41",242100
6400,-90,600,"bu","10:36:56",241100
6400,-90,900,"bu","10:36:05",240500
6400,-90,300,"sd","10:35:48",239600
6400,-90,100,"sd","10:35:48",239300
6400,-90,400,"sd","10:35:48",239200
6400,-90,2000,"sd","10:35:48",238800
6400,-90,100,"sd","10:35:48",236800
6400,-90,500,"sd","10:35:48",236700
6400,-90,1000,"sd","10:35:48",236200
6400,-90,500,"sd","10:35:48",235200
6400,-90,700,"sd","10:35:48",234700
6400,-90,500,"sd","10:35:48",234000
6400,-90,100,"sd","10:35:48",233500
6400,-90,100,"sd","10:35:48",233400
6400,-90,1000,"sd","10:35:48",233300
6400,-90,1000,"sd","10:35:48",232300
6400,-90,2000,"sd","10:35:48",231300
6400,-90,100,"sd","10:35:48",229300
6400,-90,100,"sd","10:35:48",229200
6400,-90,1000,"sd","10:35:48",229100
6400,-90,1000,"sd","10:35:48",228100
6400,-90,800,"sd","10:35:48",227100
6400,-90,100,"sd","10:35:48",226300
6400,-90,1400,"sd","10:35:48",226200
6400,-90,3600,"sd","10:35:46",224800
6400,-90,100,"sd","10:35:46",221200
6400,-90,1500,"sd","10:35:46",221100
6410,-80,500,"sd","10:35:24",219600
6410,-80,500,"sd","10:35:24",219100
6410,-80,500,"bu","10:33:34",218600
6410,-80,4000,"bu","10:33:34",218100
6410,-80,2000,"bu","10:33:21",214100
6410,-80,3500,"bu","10:33:08",212100
6400,-90,500,"sd","10:32:34",208600
6410,-80,500,"sd","10:27:17",208100
6410,-80,400,"bu","10:26:04",207600
6410,-80,5000,"bu","10:25:58",207200
6410,-80,700,"bu","10:25:17",202200
6410,-80,1700,"bu","10:24:35",201500
6400,-90,600,"sd","10:24:00",199800
6400,-90,400,"sd","10:24:00",199200
6400,-90,200,"sd","10:24:00",198800
6400,-90,300,"sd","10:22:46",198600
6400,-90,700,"sd","10:22:46",198300
6410,-80,300,"bu","10:21:57",197600
6410,-80,400,"bu","10:21:43",197300
6410,-80,3000,"sd","10:21:35",196900
6410,-80,400,"sd","10:21:35",193900
6410,-80,1000,"sd","10:21:35",193500
6410,-80,2100,"sd","10:21:35",192500
6410,-80,3100,"sd","10:18:08",190400
6420,-70,200,"bu","10:17:36",187300
6420,-70,100,"bu","10:16:52",187100
6420,-70,5000,"bu","10:16:39",187000
6410,-80,500,"sd","10:16:24",182000
6420,-70,5000,"bu","10:15:25",181500
6410,-80,100,"sd","10:14:43",176500
6410,-80,700,"sd","10:14:06",176400
6410,-80,1000,"sd","10:13:27",175700
6420,-70,200,"bu","10:11:20",174700
6420,-70,100,"bu","10:09:17",174500
6420,-70,200,"bu","10:08:11",174400
6410,-80,1000,"sd","10:08:05",174200
6410,-80,5000,"sd","10:08:05",173200
6410,-80,300,"sd","10:05:29",168200
6410,-80,1000,"sd","10:04:59",167900
6410,-80,2000,"sd","10:04:49",166900
6410,-80,5000,"sd","10:04:27",164900
6420,-70,200,"bu","10:02:15",159900
6420,-70,200,"bu","10:02:06",159700
6420,-70,1000,"bu","10:01:31",159500
6420,-70,100,"bu","10:01:15",158500
6410,-80,1000,"bu","10:00:32",158400
6410,-80,5600,"bu","10:00:32",157400
6410,-80,100,"bu","09:59:16",151800
6410,-80,200,"bu","09:59:05",151700
6410,-80,500,"bu","09:58:33",151500
6410,-80,2000,"bu","09:58:31",151000
6410,-80,1300,"bu","09:57:57",149000
6410,-80,300,"bu","09:57:24",147700
6400,-90,1000,"sd","09:53:36",147400
6410,-80,400,"bu","09:53:13",146400
6410,-80,100,"sd","09:53:11",146000
6410,-80,100,"bu","09:52:59",145900
6410,-80,2400,"bu","09:52:52",145800
6410,-80,2000,"sd","09:52:51",143400
6410,-80,500,"sd","09:52:51",141400
6410,-80,3000,"sd","09:52:48",140900
6410,-80,1700,"bu","09:51:58",137900
6410,-80,500,"sd","09:50:37",136200
6410,-80,1200,"sd","09:50:37",135700
6410,-80,200,"sd","09:50:37",134500
6410,-80,1000,"sd","09:50:37",134300
6410,-80,400,"sd","09:50:37",133300
6410,-80,10000,"sd","09:49:32",132900
6400,-90,800,"sd","09:45:38",122900
6410,-80,1000,"sd","09:45:38",122100
6410,-80,200,"sd","09:45:38",121100
6410,-80,100,"sd","09:45:35",120900
6410,-80,1900,"sd","09:44:29",120800
6410,-80,300,"sd","09:44:29",118900
6410,-80,2700,"bu","09:43:32",118600
6410,-80,5000,"bu","09:43:31",115900
6410,-80,2300,"sd","09:43:27",110900
6410,-80,500,"bu","09:42:39",108600
6410,-80,2200,"bu","09:42:39",108100
6410,-80,2000,"sd","09:42:26",105900
6410,-80,2000,"sd","09:42:26",103900
6410,-80,1500,"sd","09:42:26",101900
6410,-80,500,"sd","09:42:26",100400
6410,-80,1800,"sd","09:42:26",99900
6420,-70,22000,"bu","09:42:21",98100
6410,-80,500,"sd","09:42:11",76100
6410,-80,500,"sd","09:41:28",75600
6410,-80,2200,"sd","09:40:43",75100
6410,-80,600,"sd","09:40:43",72900
6410,-80,3000,"sd","09:40:43",72300
6410,-80,200,"sd","09:40:43",69300
6410,-80,800,"sd","09:40:15",69100
6410,-80,400,"sd","09:39:57",68300
6410,-80,200,"sd","09:39:57",67900
6410,-80,400,"sd","09:39:57",67700
6420,-70,10000,"bu","09:39:54",67300
6420,-70,1100,"bu","09:39:25",57300
6420,-70,2600,"bu","09:38:37",56200
6420,-70,600,"bu","09:37:58",53600
6420,-70,100,"bu","09:37:49",53000
6410,-80,100,"sd","09:35:50",52900
6410,-80,500,"sd","09:35:36",52800
6420,-70,100,"bu","09:34:57",52300
6410,-80,400,"sd","09:34:23",52200
6410,-80,1700,"sd","09:34:23",51800
6410,-80,2000,"sd","09:33:30",50100
6410,-80,100,"sd","09:33:30",48100
6410,-80,1000,"sd","09:33:30",48000
6410,-80,100,"sd","09:33:30",47000
6410,-80,800,"sd","09:33:30",46900
6420,-70,200,"bu","09:33:03",46100
6410,-80,200,"sd","09:32:37",45900
6410,-80,3000,"sd","09:31:59",45700
6410,-80,2000,"sd","09:31:59",42700
6420,-70,100,"sd","09:31:44",40700
6420,-70,100,"sd","09:31:44",40600
6420,-70,100,"sd","09:31:44",40500
6420,-70,100,"sd","09:31:44",40400
6420,-70,500,"sd","09:31:44",40300
6420,-70,2000,"sd","09:31:44",39800
6420,-70,800,"sd","09:31:44",37800
6420,-70,1300,"sd","09:31:44",37000
6420,-70,300,"sd","09:31:44",35700
6430,-60,100,"sd","09:31:37",35400
6430,-60,300,"sd","09:31:37",35300
6430,-60,2000,"sd","09:31:37",35000
6430,-60,500,"sd","09:31:37",33000
6440,-50,300,"sd","09:31:22",32500
6440,-50,7600,"sd","09:31:22",32200
6440,-50,1300,"sd","09:31:22",24600
6440,-50,300,"sd","09:30:09",23300
6440,-50,2500,"sd","09:29:53",23000
6440,-50,200,"sd","09:28:41",20500
6440,-50,700,"sd","09:27:28",20300
6450,-40,5000,"sd","09:27:28",19600
6450,-40,2000,"sd","09:27:28",14600
6450,-40,2000,"sd","09:27:28",12600
6450,-40,500,"sd","09:27:28",10600
6450,-40,600,"sd","09:27:28",10100
6450,-40,100,"sd","09:27:28",9500
6460,-30,100,"sd","09:27:28",9400
6460,-30,1000,"sd","09:27:28",9300
6490,0,100,"bu","09:23:13",8300
6500,10,1500,"sd","09:21:49",8200
6500,10,500,"sd","09:20:18",6700
6500,10,3000,"sd","09:19:55",6200
6550,60,100,"bu","09:17:39",3200
6550,60,100,"bu","09:16:39",3100
6500,10,1800,"bu","09:16:30",3000
6500,10,200,"bu","09:16:30",1200
6500,10,400,"bu","09:16:30",1000
6500,10,600,"bu","09:15:01",600
