"price","change","match_qtty","side","time","total_vol"
9300,-270,24100,"bu","14:45:01",542300
9450,-120,5000,"bu","14:29:54",518200
9440,-130,500,"bu","14:29:10",513200
9400,-170,1800,"sd","14:28:58",512700
9400,-170,1000,"sd","14:28:58",510900
9400,-170,3200,"sd","14:28:58",509900
9400,-170,1100,"sd","14:28:50",506700
9400,-170,700,"sd","14:28:43",505600
9400,-170,100,"sd","14:28:43",504900
9400,-170,2000,"sd","14:28:43",504800
9420,-150,400,"sd","14:27:55",502800
9450,-120,500,"bu","14:25:04",502400
9400,-170,1000,"sd","14:24:54",501900
9410,-160,2000,"sd","14:24:54",500900
9450,-120,200,"bu","14:23:31",498900
9450,-120,100,"bu","14:23:11",498700
9450,-120,500,"bu","14:23:05",498600
9400,-170,100,"bu","14:22:26",498100
9400,-170,400,"bu","14:22:14",498000
9400,-170,500,"sd","14:22:08",497600
9400,-170,1000,"sd","14:22:08",497100
9400,-170,4500,"sd","14:20:32",491400
9400,-170,3000,"sd","14:20:32",496100
9400,-170,100,"sd","14:20:32",493100
9420,-150,500,"sd","14:20:32",492000
9400,-170,1000,"sd","14:20:32",493000
9520,-50,100,"sd","14:20:32",491500
9520,-50,7000,"sd","14:17:04",486900
9570,0,300,"sd","14:16:51",479900
9570,0,500,"sd","14:16:51",479600
9570,0,5400,"sd","14:16:51",479100
9570,0,500,"sd","14:16:26",473700
9570,0,100,"sd","14:16:26",473200
9620,50,200,"bu","14:11:57",473100
9640,70,100,"bu","14:06:07",472900
9600,30,100,"bu","14:06:07",472800
9600,30,100,"bu","14:05:35",472700
9600,30,100,"bu","14:05:32",472600
9600,30,100,"bu","14:05:32",472500
9600,30,300,"bu","14:05:24",472400
9600,30,2000,"sd","14:04:46",472100
9600,30,2400,"sd","14:04:46",470100
9600,30,200,"sd","14:04:30",467700
9600,30,200,"bu","14:04:27",467500
9600,30,100,"bu","14:04:27",467300
9600,30,12100,"bu","14:04:27",467200
9600,30,5000,"bu","14:03:50",455100
9600,30,1000,"bu","14:01:57",450100
9600,30,5900,"bu","14:01:03",449100
9600,30,1000,"bu","13:59:39",443200
9570,0,100,"bu","13:59:11",442200
9570,0,4700,"bu","13:59:11",442100
9570,0,500,"bu","13:57:10",437400
9550,-20,500,"bu","13:56:19",436900
9520,-50,400,"sd","13:56:10",436400
9520,-50,900,"bu","13:55:46",436000
9510,-60,1600,"bu","13:55:46",435100
9510,-60,200,"bu","13:55:40",433500
9510,-60,100,"bu","13:55:32",433300
9460,-110,300,"sd","13:52:40",433200
9460,-110,3000,"sd","13:52:40",432900
9460,-110,3000,"sd","13:52:40",429900
9540,-30,1200,"sd","13:51:29",426900
9500,-70,200,"bu","13:51:19",425700
9500,-70,200,"sd","13:51:17",425500
9500,-70,200,"sd","13:51:17",423900
9500,-70,1000,"sd","13:51:17",425300
9500,-70,400,"sd","13:51:17",424300
9540,-30,1000,"sd","13:51:10",423700
9550,-20,2000,"sd","13:50:42",422700
9550,-20,300,"sd","13:50:42",420700
9560,-10,300,"sd","13:50:38",420400
9570,0,1200,"sd","13:45:53",420100
9580,10,2000,"bu","13:43:18",418900
9570,0,800,"sd","13:42:51",416900
9570,0,200,"sd","13:42:51",416100
9580,10,3000,"sd","13:42:23",415900
9580,10,400,"sd","13:42:06",412900
9580,10,1000,"sd","13:41:56",412500
9580,10,600,"sd","13:40:55",411500
9580,10,500,"sd","13:40:55",410900
9590,20,100,"sd","13:40:55",410400
9590,20,100,"sd","13:40:55",410300
9590,20,500,"sd","13:39:40",410200
9600,30,500,"bu","13:38:09",409700
9600,30,500,"bu","13:38:09",409200
9600,30,100,"bu","13:37:41",408700
9600,30,200,"bu","13:36:50",408600
9600,30,200,"bu","13:36:10",408400
9590,20,200,"sd","13:29:57",408200
9590,20,300,"sd","13:28:27",408000
9590,20,1700,"sd","13:28:27",407700
9600,30,100,"bu","13:25:46",406000
9590,20,300,"sd","13:25:39",405900
9590,20,200,"sd","13:25:39",405600
9600,30,1000,"sd","13:25:08",405400
9600,30,1500,"sd","13:24:52",404400
9600,30,100,"sd","13:24:29",402900
9600,30,1300,"sd","13:24:29",402800
9600,30,100,"sd","13:24:29",401500
9600,30,4000,"sd","13:22:58",401400
9600,30,900,"sd","13:22:58",397400
9600,30,4900,"sd","13:22:58",396500
9600,30,10000,"sd","13:22:58",391600
9600,30,2000,"sd","13:22:58",381600
9600,30,2500,"sd","13:22:58",379600
9600,30,1000,"sd","13:22:58",377100
9600,30,5000,"sd","13:22:58",376100
9600,30,100,"sd","13:22:40",371100
9600,30,2400,"sd","13:22:02",371000
9610,40,300,"sd","13:21:38",368600
9610,40,300,"sd","13:21:38",368300
9610,40,300,"bu","13:19:40",368000
9600,30,100,"sd","13:19:30",367700
9600,30,500,"sd","13:19:30",367600
9600,30,2600,"sd","13:19:30",367100
9600,30,1500,"sd","13:19:30",364500
9610,40,200,"bu","13:19:29",363000
9610,40,500,"sd","13:18:36",362800
9640,70,100,"sd","13:16:18",362300
9640,70,300,"sd","13:15:11",362200
9640,70,100,"bu","13:14:04",361900
9640,70,100,"sd","13:14:00",361800
9640,70,200,"sd","13:12:51",361700
9640,70,100,"sd","13:12:39",361500
9640,70,600,"bu","13:12:36",361400
9640,70,300,"bu","13:12:20",360800
9640,70,100,"bu","13:10:15",360500
9640,70,500,"sd","13:09:45",360400
9600,30,700,"sd","13:03:11",359900
9600,30,500,"sd","13:03:02",359200
9600,30,2400,"sd","13:02:51",358700
9610,40,500,"sd","13:02:51",356300
9610,40,100,"sd","13:02:51",355800
9610,40,1000,"sd","13:02:09",355700
9610,40,8700,"sd","13:00:53",354700
9610,40,1900,"sd","13:00:53",346000
9630,60,1000,"sd","13:00:53",344100
9640,70,1700,"sd","13:00:53",343100
9640,70,100,"sd","13:00:42",341400
9640,70,400,"bu","13:00:20",341300
9640,70,100,"bu","13:00:20",340900
9610,40,100,"sd","13:00:00",340800
9620,50,100,"unknown","13:00:00",340700
9620,50,200,"sd","13:00:00",340600
9620,50,1400,"sd","13:00:00",340400
9620,50,200,"sd","13:00:00",339000
9620,50,1200,"sd","13:00:00",338800
9640,70,900,"bu","11:29:22",337600
9640,70,100,"bu","11:29:22",336700
9620,50,400,"sd","11:26:28",336600
9630,60,100,"sd","11:26:28",336200
9640,70,400,"sd","11:26:14",336100
9640,70,2000,"sd","11:25:40",335700
9660,90,100,"bu","11:22:45",333700
9660,90,2000,"sd","11:22:09",333600
9660,90,1400,"sd","11:22:09",331600
9680,110,2100,"bu","11:21:06",330200
9660,90,600,"sd","11:19:33",328100
9660,90,300,"bu","11:18:42",327500
9660,90,2000,"bu","11:17:52",327200
9650,80,1000,"sd","11:16:51",325200
9650,80,2700,"bu","11:16:10",324200
9650,80,2200,"bu","11:15:51",321500
9640,70,2300,"sd","11:14:34",319300
9640,70,7000,"sd","11:14:21",317000
9650,80,100,"sd","11:13:59",310000
9650,80,5000,"sd","11:13:59",309900
9650,80,1000,"sd","11:12:46",304900
9660,90,9000,"sd","11:12:30",303900
9660,90,400,"sd","11:12:30",294900
9660,90,1000,"sd","11:08:49",294500
9660,90,2600,"sd","11:07:21",293500
9680,110,300,"sd","11:07:21",290900
9680,110,100,"sd","11:07:21",290600
9690,120,300,"bu","11:07:18",290500
9680,110,2000,"sd","11:04:54",290200
9690,120,500,"bu","11:01:51",288200
9690,120,100,"bu","10:59:48",287700
9700,130,1200,"bu","10:58:34",287600
9700,130,100,"bu","10:58:34",286400
9710,140,400,"bu","10:57:53",286300
9700,130,100,"bu","10:57:48",285900
9700,130,100,"bu","10:57:48",285800
9700,130,1000,"bu","10:57:48",285700
9700,130,5000,"bu","10:57:48",284700
9700,130,2600,"bu","10:57:48",279700
9700,130,300,"bu","10:56:39",277100
9700,130,100,"bu","10:53:13",276800
9700,130,7000,"bu","10:49:54",276700
9690,120,1000,"bu","10:49:54",269700
9690,120,2000,"bu","10:49:54",268700
9650,80,400,"bu","10:48:22",266700
9620,50,400,"sd","10:44:03",266300
9620,50,1000,"sd","10:44:03",265900
9650,80,500,"bu","10:43:59",264900
9620,50,1000,"sd","10:39:33",263500
9600,30,900,"sd","10:39:33",264400
9630,60,100,"sd","10:39:33",262500
9630,60,100,"sd","10:39:33",262400
9630,60,100,"sd","10:39:33",262300
9630,60,2300,"sd","10:39:33",262200
9650,80,1500,"sd","10:39:33",259900
9650,80,2000,"sd","10:39:33",258400
9650,80,900,"sd","10:39:33",256400
9660,90,1000,"sd","10:39:33",255500
9670,100,100,"sd","10:39:33",254500
9670,100,1000,"sd","10:37:47",254400
9690,120,1000,"bu","10:30:19",253400
9690,120,100,"bu","10:30:02",252400
9660,90,100,"sd","10:28:48",252300
9650,80,100,"sd","10:27:22",252200
9690,120,900,"bu","10:25:24",252100
9640,70,1000,"sd","10:19:26",251200
9690,120,1000,"bu","10:19:20",250200
9630,60,700,"sd","10:12:34",249200
9630,60,300,"sd","10:12:34",248500
9640,70,2000,"unknown","10:12:34",248200
9640,70,500,"sd","10:12:11",246200
9650,80,5000,"bu","10:11:57",245700
9650,80,1000,"bu","10:11:57",240700
9650,80,100,"bu","10:11:57",239700
9650,80,2000,"unknown","10:11:57",239600
9650,80,300,"sd","10:11:57",237600
9650,80,500,"sd","10:11:57",237300
9650,80,600,"sd","10:11:57",236800
9680,110,500,"bu","10:11:05",236200
9650,80,200,"sd","10:09:15",235700
9660,90,1000,"sd","10:09:15",235500
9700,130,4800,"sd","10:08:42",234500
9700,130,200,"sd","10:07:47",229700
9700,130,200,"sd","10:07:47",229500
9700,130,300,"bu","10:07:13",229300
9650,80,200,"bu","10:05:52",229000
9650,80,200,"bu","10:05:32",228800
9650,80,1900,"bu","10:05:29",228600
9650,80,1100,"bu","10:05:29",226700
9650,80,900,"bu","10:04:40",225600
9650,80,6000,"sd","10:03:59",224700
9660,90,100,"sd","10:03:59",218700
9660,90,300,"sd","10:03:59",218600
9710,140,200,"bu","10:03:02",218300
9700,130,1200,"sd","10:02:40",218100
9700,130,5000,"sd","10:02:40",216900
9700,130,1000,"sd","10:02:40",211900
9700,130,5000,"sd","10:02:40",210900
9710,140,3500,"bu","10:02:29",205900
9710,140,300,"sd","10:02:25",202400
9710,140,400,"sd","10:02:03",201500
9710,140,600,"sd","10:02:03",202100
9720,150,300,"bu","10:01:40",201100
9720,150,200,"sd","10:00:19",200800
9720,150,500,"sd","10:00:19",200600
9760,190,1400,"bu","09:59:28",200100
9760,190,1900,"sd","09:59:25",198700
9760,190,100,"sd","09:59:16",196800
9760,190,1400,"sd","09:58:24",196700
9780,210,1000,"bu","09:57:59",195300
9780,210,100,"sd","09:54:53",194300
9760,190,3000,"bu","09:53:20",194200
9760,190,400,"bu","09:53:20",191200
9750,180,200,"bu","09:53:20",190800
9750,180,1000,"sd","09:53:16",190600
9750,180,10000,"sd","09:53:16",189600
9750,180,700,"sd","09:53:16",179600
9750,180,300,"sd","09:53:16",178900
9750,180,600,"sd","09:53:16",178600
9750,180,200,"sd","09:53:16",178000
9750,180,1000,"sd","09:53:16",177800
9750,180,1000,"sd","09:53:16",176800
9760,190,1000,"bu","09:53:10",175800
9760,190,2000,"sd","09:52:44",174800
9760,190,100,"sd","09:52:44",172800
9760,190,500,"sd","09:52:44",172700
9760,190,1000,"sd","09:52:44",172200
9780,210,1000,"bu","09:52:04",171200
9790,220,1000,"bu","09:50:41",170200
9800,230,1000,"bu","09:50:17",169200
9800,230,100,"bu","09:50:17",168200
9810,240,800,"bu","09:50:06",168100
9810,240,2000,"sd","09:49:18",167300
9810,240,100,"sd","09:49:18",165300
9810,240,1000,"sd","09:49:18",165200
9820,250,2000,"bu","09:47:28",164200
9810,240,800,"bu","09:47:13",162200
9810,240,300,"sd","09:46:57",161400
9810,240,500,"sd","09:46:57",161100
9810,240,100,"sd","09:46:57",160600
9820,250,900,"sd","09:46:17",160500
9820,250,100,"sd","09:46:07",159600
9850,280,1000,"bu","09:45:17",159500
9850,280,1000,"bu","09:45:04",158500
9850,280,500,"bu","09:44:12",157500
9840,270,200,"bu","09:43:37",157000
9830,260,100,"bu","09:43:37",156800
9820,250,200,"bu","09:43:37",156700
9820,250,500,"bu","09:43:10",156500
9820,250,100,"bu","09:42:56",156000
9840,270,3200,"bu","09:42:15",155900
9840,270,100,"bu","09:42:15",152700
9840,270,200,"bu","09:42:15",152600
9840,270,1900,"bu","09:42:15",152400
9840,270,100,"bu","09:42:15",150500
9840,270,4500,"bu","09:42:15",150400
9830,260,100,"unknown","09:41:49",145900
9840,270,100,"bu","09:41:26",145800
9830,260,100,"bu","09:41:26",145700
9840,270,400,"bu","09:40:20",145600
9830,260,1600,"bu","09:40:20",145200
9840,270,1100,"sd","09:39:52",143600
9840,270,300,"sd","09:39:43",142500
9840,270,1200,"sd","09:39:38",142200
9840,270,2400,"bu","09:39:35",141000
9840,270,500,"sd","09:39:22",138600
9840,270,2000,"bu","09:39:16",138100
9840,270,500,"bu","09:39:16",136100
9840,270,2000,"bu","09:39:16",135600
9840,270,2000,"bu","09:39:08",133600
9850,280,500,"bu","09:35:48",131600
9850,280,1600,"sd","09:35:41",131100
9850,280,6000,"sd","09:35:34",129500
9850,280,1400,"sd","09:35:30",123500
9850,280,1100,"sd","09:35:30",122100
9860,290,300,"bu","09:35:13",121000
9850,280,3900,"bu","09:34:46",120700
9850,280,1100,"bu","09:34:45",116800
9890,320,1100,"bu","09:33:47",115700
9890,320,500,"bu","09:33:47",114600
9890,320,2000,"bu","09:33:44",114100
9890,320,11000,"bu","09:33:42",112100
9880,310,5000,"bu","09:33:42",101100
9890,320,3000,"bu","09:33:38",96100
9890,320,5000,"bu","09:33:38",93100
9900,330,1000,"bu","09:33:23",88100
9900,330,100,"bu","09:33:20",87100
9900,330,300,"bu","09:33:16",87000
9890,320,1800,"bu","09:33:16",86700
9890,320,700,"sd","09:33:11",84900
9880,310,2500,"bu","09:33:05",82400
9890,320,1800,"bu","09:33:05",84200
9890,320,300,"bu","09:32:55",76200
9890,320,3200,"bu","09:32:55",79900
9890,320,500,"bu","09:32:55",76700
9870,300,2000,"bu","09:32:55",75900
9850,280,2000,"bu","09:32:55",73900
9830,260,2000,"bu","09:32:55",71900
9800,230,2500,"bu","09:32:42",69900
9790,220,1800,"bu","09:32:42",67400
9790,220,3200,"bu","09:32:28",65600
9790,220,100,"bu","09:32:28",62400
9790,220,100,"bu","09:32:28",62300
9790,220,1800,"bu","09:32:28",61200
9790,220,1000,"bu","09:32:28",62200
9780,210,5000,"bu","09:32:28",59400
9780,210,500,"bu","09:32:28",54400
9750,180,3300,"bu","09:32:28",53900
9750,180,300,"sd","09:32:27",50600
9750,180,4500,"sd","09:32:27",50300
9750,180,500,"sd","09:32:04",45800
9750,180,200,"bu","09:31:32",45300
9750,180,3100,"bu","09:31:32",45100
9750,180,1700,"bu","09:31:18",42000
9750,180,200,"bu","09:31:01",40300
9700,130,2000,"sd","09:30:42",40100
9700,130,400,"bu","09:30:39",38100
9690,120,500,"bu","09:30:39",37700
9700,130,600,"bu","09:30:15",37200
9700,130,100,"bu","09:30:15",36600
9650,80,100,"sd","09:29:56",36500
9630,60,400,"sd","09:29:08",36400
9700,130,2600,"sd","09:29:08",36000
9700,130,600,"bu","09:29:07",33400
9700,130,1800,"bu","09:29:07",32800
9700,130,200,"bu","09:28:26",31000
9700,130,100,"bu","09:28:26",30800
9700,130,200,"bu","09:28:26",30700
9700,130,3700,"bu","09:28:05",30500
9700,130,6100,"bu","09:28:00",26800
9700,130,900,"bu","09:28:00",20700
9700,130,100,"bu","09:27:50",19800
9700,130,100,"bu","09:27:50",19300
9690,120,900,"bu","09:27:50",19200
9700,130,100,"bu","09:27:50",19700
9700,130,300,"bu","09:27:50",19600
9680,110,500,"bu","09:27:50",18300
9600,30,1000,"bu","09:27:24",17800
9600,30,1000,"bu","09:27:24",16800
9600,30,3100,"bu","09:27:24",15800
9600,30,4900,"bu","09:27:07",12700
9600,30,100,"bu","09:27:07",7800
9580,10,500,"bu","09:26:49",7700
9580,10,1000,"bu","09:26:24",7200
9580,10,500,"bu","09:25:06",6200
9600,30,1800,"sd","09:20:00",5700
9600,30,100,"sd","09:20:00",3900
9600,30,500,"bu","09:19:11",3800
9600,30,200,"bu","09:19:11",3300
9600,30,200,"bu","09:19:11",3100
9600,30,1000,"sd","09:15:27",2900
9680,110,1900,"bu","09:15:00",1900
