"price","change","match_qtty","side","time","total_vol"
18900,50,2100,"bu","14:45:02",238100
18850,0,200,"bu","14:30:00",236000
18800,-50,500,"bu","14:29:21",235800
18800,-50,600,"bu","14:28:48",235300
18800,-50,500,"bu","14:27:28",234700
18750,-100,100,"sd","14:23:52",234200
18750,-100,300,"bu","14:20:14",234100
18750,-100,400,"bu","14:19:44",233800
18750,-100,400,"bu","14:19:44",233400
18750,-100,200,"bu","14:19:44",233000
18750,-100,400,"bu","14:18:20",232800
18750,-100,400,"bu","14:16:57",232400
18750,-100,500,"bu","14:16:12",232000
18750,-100,400,"bu","14:12:04",231500
18750,-100,500,"bu","14:09:59",231100
18650,-200,500,"bu","14:09:37",230600
18650,-200,2000,"bu","14:08:43",230100
18650,-200,5300,"sd","14:08:04",228100
18650,-200,500,"sd","14:08:04",222800
18650,-200,1700,"sd","14:08:04",222300
18700,-150,1300,"sd","14:07:41",220600
18700,-150,1000,"sd","14:07:41",219300
18750,-100,700,"sd","14:07:41",218300
18750,-100,900,"bu","14:07:39",217600
18750,-100,800,"bu","14:06:08",216700
18750,-100,200,"bu","14:06:08",215900
18750,-100,200,"bu","14:04:27",215700
18750,-100,1200,"sd","14:03:43",215500
18750,-100,300,"sd","14:03:43",214300
18800,-50,300,"bu","14:01:38",214000
18800,-50,400,"bu","14:01:38",213700
18800,-50,400,"bu","14:00:35",213300
18800,-50,600,"bu","14:00:35",212900
18800,-50,600,"bu","13:58:58",212300
18800,-50,1300,"sd","13:57:42",211700
18800,-50,1100,"sd","13:57:42",210400
18800,-50,200,"sd","13:57:09",209300
18800,-50,400,"sd","13:57:09",209100
18800,-50,1500,"bu","13:52:51",208700
18800,-50,100,"bu","13:52:51",207200
18800,-50,500,"bu","13:51:15",207100
18800,-50,200,"bu","13:48:18",206600
18800,-50,1000,"sd","13:45:56",206400
18800,-50,500,"bu","13:45:52",205400
18800,-50,900,"sd","13:45:47",204900
18800,-50,600,"bu","13:45:25",204000
18800,-50,1500,"bu","13:45:25",203400
18800,-50,400,"bu","13:44:28",201900
18800,-50,200,"bu","13:44:28",201500
18800,-50,800,"sd","13:41:31",201300
18800,-50,500,"bu","13:40:44",200500
18800,-50,800,"bu","13:40:29",200000
18800,-50,800,"bu","13:40:29",199200
18800,-50,300,"bu","13:39:04",198400
18800,-50,500,"bu","13:37:15",198100
18800,-50,1100,"bu","13:37:15",197600
18800,-50,300,"bu","13:33:20",196500
18800,-50,700,"bu","13:33:20",196200
18800,-50,600,"bu","13:32:28",195500
18750,-100,100,"bu","13:27:38",194900
18750,-100,1000,"bu","13:27:23",194800
18750,-100,1300,"bu","13:27:23",193800
18750,-100,500,"sd","13:26:35",192500
18750,-100,200,"sd","13:26:35",192000
18750,-100,1000,"sd","13:26:25",191800
18800,-50,1000,"bu","13:25:10",190800
18800,-50,600,"sd","13:24:08",189800
18800,-50,400,"bu","13:22:57",189200
18800,-50,1600,"bu","13:22:35",188800
18750,-100,400,"bu","13:22:07",187200
18750,-100,1700,"bu","13:21:56",186800
18750,-100,300,"bu","13:21:56",185100
18750,-100,2800,"sd","13:20:15",184800
18750,-100,400,"sd","13:20:15",182000
18750,-100,1000,"sd","13:20:15",181600
18850,0,1200,"bu","13:19:44",180600
18850,0,200,"bu","13:18:51",179400
18850,0,1100,"bu","13:18:51",179200
18850,0,500,"bu","13:18:51",178100
18850,0,1200,"bu","13:17:31",177600
18850,0,300,"sd","13:16:30",176400
18850,0,1900,"sd","13:16:19",176100
18850,0,800,"bu","13:16:15",174200
18850,0,500,"bu","13:15:49",173400
18850,0,100,"bu","13:14:10",172900
18850,0,200,"bu","13:14:10",172800
18850,0,1300,"bu","13:12:38",172600
18800,-50,1000,"bu","13:11:27",171300
18800,-50,200,"bu","13:10:34",170300
18800,-50,800,"bu","13:10:34",170100
18800,-50,1000,"bu","13:09:20",169300
18800,-50,500,"bu","13:09:20",168300
18800,-50,300,"bu","13:09:20",167800
18800,-50,900,"bu","13:07:17",167500
18800,-50,600,"bu","13:07:17",166600
18800,-50,1100,"bu","13:06:07",166000
18800,-50,200,"bu","13:06:07",164900
18800,-50,500,"sd","13:03:54",164700
18800,-50,1300,"bu","13:03:48",164200
18800,-50,200,"bu","13:03:48",162900
18800,-50,1000,"bu","13:02:49",162700
18800,-50,500,"sd","13:01:44",161700
18800,-50,300,"sd","13:01:44",161200
18800,-50,500,"sd","13:01:38",160900
18850,0,100,"bu","11:29:56",160400
18850,0,200,"bu","11:29:56",160300
18850,0,900,"bu","11:29:43",160100
18850,0,100,"bu","11:29:43",159200
18800,-50,1000,"bu","11:28:46",159100
18800,-50,100,"bu","11:28:46",158100
18800,-50,1100,"bu","11:28:22",158000
18800,-50,400,"bu","11:28:22",156900
18800,-50,1100,"bu","11:27:50",156500
18800,-50,900,"bu","11:27:50",155400
18800,-50,1100,"sd","11:27:39",154500
18850,0,1000,"bu","11:25:56",153400
18850,0,900,"sd","11:24:21",152400
18900,50,200,"bu","11:23:47",151500
18900,50,400,"bu","11:23:47",151300
18850,0,800,"bu","11:23:07",150900
18850,0,200,"bu","11:22:56",150100
18850,0,300,"bu","11:22:56",149900
18850,0,300,"bu","11:22:56",149600
18850,0,1300,"bu","11:21:19",149300
18850,0,400,"bu","11:21:19",148000
18850,0,300,"bu","11:21:19",147600
18850,0,500,"bu","11:19:53",147300
18850,0,1100,"bu","11:19:53",146800
18800,-50,500,"bu","11:19:32",145700
18800,-50,700,"bu","11:19:21",145200
18800,-50,1100,"bu","11:19:21",144500
18800,-50,1500,"bu","11:15:54",143400
18800,-50,1300,"bu","11:13:49",141900
18800,-50,1100,"bu","11:13:15",140600
18800,-50,100,"bu","11:13:15",139500
18800,-50,900,"bu","11:11:56",139400
18800,-50,100,"bu","11:11:56",138500
18800,-50,1000,"bu","11:11:02",138400
18800,-50,700,"sd","11:10:41",137400
18800,-50,300,"bu","11:10:30",136700
18800,-50,1200,"bu","11:09:34",136400
18800,-50,500,"sd","11:08:37",135200
18800,-50,1200,"bu","11:07:41",134700
18800,-50,100,"bu","11:07:41",133500
18800,-50,1300,"sd","11:05:34",133400
18850,0,800,"bu","11:05:19",132100
18850,0,400,"bu","11:05:19",131300
18800,-50,500,"sd","11:05:18",130900
18850,0,800,"bu","11:04:57",130400
18850,0,900,"bu","11:04:57",129600
18850,0,100,"bu","11:04:57",128700
18850,0,100,"bu","11:03:05",128600
18850,0,900,"bu","11:03:05",128500
18850,0,200,"bu","11:00:46",127600
18850,0,100,"bu","11:00:46",127400
18800,-50,200,"sd","10:57:52",127300
18850,0,700,"bu","10:57:48",127100
18850,0,500,"bu","10:57:48",126400
18800,-50,2000,"sd","10:56:46",125900
18800,-50,900,"sd","10:56:46",123900
18800,-50,400,"bu","10:55:53",123000
18800,-50,300,"bu","10:55:53",122600
18800,-50,1000,"bu","10:55:32",122300
18800,-50,700,"sd","10:54:36",121300
18800,-50,300,"sd","10:54:25",120600
18800,-50,1000,"sd","10:54:25",120300
18850,0,600,"bu","10:52:03",119300
18850,0,500,"bu","10:52:03",118700
18850,0,100,"bu","10:52:03",118200
18850,0,800,"bu","10:50:48",118100
18800,-50,600,"sd","10:50:05",117300
18850,0,1000,"bu","10:50:04",116700
18850,0,300,"bu","10:50:04",115700
18850,0,900,"bu","10:49:11",115400
18850,0,200,"bu","10:49:11",114500
18850,0,900,"bu","10:49:11",114300
18850,0,800,"sd","10:48:29",113400
18850,0,600,"bu","10:47:59",112600
18850,0,400,"bu","10:47:59",112000
18850,0,1000,"bu","10:47:17",111600
18850,0,600,"sd","10:46:37",110600
18850,0,600,"bu","10:45:47",110000
18850,0,500,"bu","10:45:47",109400
18850,0,100,"bu","10:45:47",108900
18850,0,1000,"bu","10:43:52",108800
18900,50,900,"bu","10:41:16",107800
18850,0,100,"bu","10:41:16",106900
18850,0,900,"bu","10:40:48",106800
18850,0,600,"bu","10:40:48",105900
18850,0,500,"bu","10:40:48",105300
18850,0,600,"bu","10:38:41",104800
18850,0,500,"bu","10:36:40",104200
18850,0,200,"bu","10:36:40",103700
18850,0,400,"bu","10:35:11",103500
18850,0,600,"bu","10:35:11",103100
18850,0,500,"bu","10:33:45",102500
18850,0,800,"bu","10:33:45",102000
18850,0,300,"bu","10:33:14",101200
18750,-100,600,"bu","10:32:55",100900
18750,-100,1000,"bu","10:32:05",100300
18700,-150,2200,"bu","10:31:07",99300
18700,-150,7400,"sd","10:30:27",97100
18700,-150,400,"sd","10:30:27",89700
18700,-150,2000,"sd","10:29:31",89300
18750,-100,800,"sd","10:29:31",87300
18750,-100,900,"sd","10:29:31",86500
18800,-50,600,"sd","10:29:31",85600
18800,-50,700,"sd","10:29:31",85000
18850,0,200,"bu","10:28:07",84300
18800,-50,300,"bu","10:27:39",84100
18800,-50,400,"bu","10:27:08",83800
18800,-50,800,"bu","10:27:08",83400
18800,-50,700,"bu","10:25:04",82600
18800,-50,100,"bu","10:25:04",81900
18800,-50,500,"bu","10:23:39",81800
18800,-50,600,"bu","10:21:45",81300
18800,-50,100,"bu","10:20:20",80700
18800,-50,600,"bu","10:20:14",80600
18800,-50,300,"bu","10:20:14",80000
18800,-50,800,"bu","10:19:50",79700
18800,-50,300,"bu","10:18:39",78900
18750,-100,100,"sd","10:17:22",78600
18750,-100,800,"sd","10:17:22",78500
18800,-50,1100,"sd","10:17:22",77700
18800,-50,200,"sd","10:14:40",76600
18800,-50,200,"bu","10:14:17",76400
18800,-50,100,"bu","10:13:04",76200
18800,-50,1000,"bu","10:11:59",76100
18800,-50,700,"bu","10:10:54",75100
18800,-50,300,"bu","10:10:54",74400
18800,-50,600,"bu","10:09:23",74100
18750,-100,300,"bu","10:03:09",73500
18750,-100,500,"bu","10:02:53",73200
18750,-100,2100,"bu","10:02:53",72700
18750,-100,400,"bu","10:02:52",70600
18750,-100,500,"bu","10:00:23",70200
18750,-100,500,"bu","10:00:23",69700
18750,-100,1000,"bu","09:59:20",69200
18750,-100,600,"sd","09:58:17",68200
18750,-100,400,"sd","09:58:06",67600
18750,-100,1600,"sd","09:58:06",67200
18800,-50,1400,"sd","09:57:44",65600
18800,-50,300,"sd","09:57:44",64200
18800,-50,1300,"bu","09:56:35",63900
18800,-50,900,"bu","09:56:35",62600
18800,-50,1200,"sd","09:55:27",61700
18800,-50,400,"sd","09:55:27",60500
18800,-50,600,"bu","09:54:51",60100
18800,-50,1000,"bu","09:53:43",59500
18800,-50,500,"bu","09:53:43",58500
18800,-50,1500,"sd","09:52:10",58000
18850,0,400,"bu","09:51:34",56500
18850,0,600,"bu","09:51:34",56100
18800,-50,500,"bu","09:49:14",55500
18800,-50,2000,"bu","09:48:44",55000
18750,-100,200,"bu","09:47:22",53000
18750,-100,700,"bu","09:45:34",52800
18750,-100,1400,"bu","09:45:34",52100
18750,-100,200,"sd","09:44:44",50700
18750,-100,1400,"sd","09:44:44",50500
18800,-50,1000,"sd","09:42:58",49100
18850,0,200,"bu","09:41:33",48100
18800,-50,1100,"bu","09:41:33",47900
18800,-50,200,"bu","09:41:33",46800
18800,-50,1600,"bu","09:41:09",46600
18800,-50,200,"sd","09:40:09",45000
18800,-50,500,"bu","09:38:55",44800
18800,-50,900,"bu","09:38:55",44300
18800,-50,1000,"bu","09:38:41",43400
18800,-50,100,"sd","09:37:45",42400
18800,-50,1600,"sd","09:37:35",42300
18800,-50,600,"sd","09:37:35",40700
18800,-50,1600,"bu","09:36:51",40100
18800,-50,800,"bu","09:36:51",38500
18800,-50,200,"bu","09:35:21",37700
18800,-50,1300,"bu","09:35:21",37500
18750,-100,100,"sd","09:35:02",36200
18800,-50,1700,"sd","09:34:22",36100
18850,0,1000,"sd","09:33:59",34400
18850,0,200,"sd","09:33:59",33400
18850,0,900,"sd","09:33:59",33200
18900,50,400,"bu","09:33:12",32300
18900,50,600,"bu","09:33:12",31900
18900,50,400,"bu","09:32:21",31300
18900,50,800,"bu","09:32:21",30900
18900,50,1000,"bu","09:31:45",30100
18900,50,200,"sd","09:31:23",29100
18900,50,100,"bu","09:30:30",28900
18900,50,1500,"bu","09:30:30",28800
18900,50,500,"bu","09:29:53",27300
18900,50,1000,"bu","09:28:58",26800
18850,0,600,"sd","09:28:33",25800
18850,0,400,"sd","09:28:33",25200
18900,50,500,"sd","09:27:59",24800
18900,50,800,"sd","09:27:59",24300
18900,50,100,"sd","09:27:59",23500
18950,100,700,"bu","09:27:56",23400
18950,100,300,"bu","09:27:56",22700
18950,100,500,"bu","09:27:43",22400
18950,100,600,"sd","09:27:42",21900
18950,100,600,"sd","09:27:42",21300
19000,150,1000,"sd","09:26:49",20700
19000,150,800,"sd","09:26:49",19700
19050,200,1000,"bu","09:26:02",18900
19000,150,600,"bu","09:25:56",17900
19000,150,400,"bu","09:25:56",17300
19000,150,1500,"bu","09:25:33",16900
19000,150,500,"bu","09:25:33",15400
19000,150,300,"bu","09:24:22",14900
19000,150,1200,"sd","09:24:20",14600
19000,150,800,"bu","09:24:10",13400
19000,150,500,"bu","09:23:33",12600
19000,150,400,"sd","09:23:09",12100
19000,150,600,"bu","09:23:08",11700
19000,150,400,"bu","09:22:53",11100
19000,150,1800,"bu","09:22:11",10700
18950,100,900,"bu","09:20:29",8900
18950,100,1800,"bu","09:20:03",8000
18950,100,500,"bu","09:19:17",6200
18900,50,1400,"bu","09:18:02",5700
18900,50,1300,"bu","09:17:11",4300
18850,0,1600,"bu","09:15:50",3000
18850,0,1400,"bu","09:15:00",1400
