"price","change","match_qtty","side","time","total_vol"
28750,50,500,"unknown","14:45:01",36900
28900,200,100,"bu","14:29:20",36400
28750,50,100,"unknown","14:27:50",36300
28750,50,300,"unknown","14:27:43",36200
28750,50,1000,"unknown","14:27:37",35900
28750,50,300,"unknown","14:27:29",34900
28750,50,200,"unknown","14:27:22",34600
28750,50,300,"sd","14:24:22",34400
28950,250,200,"bu","14:19:53",34100
28800,100,900,"unknown","14:18:39",33900
28900,200,100,"bu","14:16:50",33000
28900,200,200,"bu","14:16:17",32900
28900,200,500,"bu","14:16:17",32700
28800,100,200,"sd","14:12:18",32200
28800,100,300,"bu","14:07:45",32000
28800,100,100,"bu","14:04:57",31700
28800,100,600,"bu","14:04:26",31600
28800,100,1000,"bu","14:03:18",31000
28750,50,500,"sd","13:51:24",30000
28750,50,200,"bu","13:48:58",29500
28750,50,800,"bu","13:48:58",29300
28750,50,1000,"bu","13:48:28",28500
28750,50,1000,"bu","13:47:06",27500
28750,50,100,"bu","13:46:29",26500
28700,0,100,"sd","13:37:03",26400
28700,0,1000,"sd","13:34:34",26300
28700,0,400,"sd","13:30:13",25300
28700,0,600,"sd","13:30:13",24900
28750,50,500,"bu","13:28:14",24300
28750,50,500,"bu","13:14:42",23800
28750,50,700,"bu","13:09:05",23300
28700,0,400,"sd","13:06:04",22600
28700,0,500,"sd","13:06:04",22200
28700,0,500,"sd","13:06:04",21700
28700,0,1000,"sd","13:06:04",21200
28700,0,200,"sd","13:06:04",20200
28700,0,500,"sd","13:06:04",20000
28700,0,6900,"sd","13:06:04",19500
28750,50,100,"bu","11:18:47",12600
28750,50,100,"sd","11:17:00",12400
28750,50,100,"sd","11:17:00",12500
28800,100,300,"bu","11:11:28",12300
28800,100,1000,"bu","10:32:20",12000
28800,100,500,"bu","10:22:21",11000
28800,100,1000,"bu","10:12:18",10500
28800,100,400,"bu","10:08:39",9500
28800,100,1000,"bu","10:08:29",9100
28800,100,500,"bu","10:08:13",8100
28800,100,100,"bu","10:00:45",7600
28700,0,200,"bu","09:58:24",7500
28700,0,2900,"bu","09:58:24",7300
28700,0,200,"bu","09:51:04",4400
28700,0,100,"bu","09:46:20",4200
28700,0,100,"bu","09:45:48",4100
28700,0,100,"bu","09:45:26",4000
28700,0,1000,"bu","09:40:33",3900
28700,0,400,"bu","09:40:00",2900
28600,-100,300,"bu","09:23:06",2500
28600,-100,200,"bu","09:22:33",2200
28600,-100,800,"sd","09:22:03",2000
28600,-100,200,"sd","09:21:44",1200
28700,0,200,"sd","09:20:59",1000
28700,0,100,"sd","09:15:49",800
28700,0,500,"sd","09:15:49",700
28700,0,200,"sd","09:15:12",200
