"price","change","match_qtty","side","time","total_vol"
52200,-1300,12800,"sd","14:45:01",267400
52700,-800,800,"bu","14:29:58",254600
52700,-800,200,"sd","14:29:55",253800
52600,-900,2000,"sd","14:28:39",253600
52600,-900,500,"sd","14:28:22",251600
52600,-900,1000,"sd","14:27:53",251100
52600,-900,100,"sd","14:27:43",250100
52500,-1000,4600,"sd","14:27:28",250000
52600,-900,100,"bu","14:27:26",245400
52600,-900,300,"bu","14:27:19",245300
52600,-900,100,"bu","14:27:17",245000
52600,-900,4900,"sd","14:26:53",244900
52800,-700,100,"sd","14:26:52",240000
52800,-700,200,"sd","14:26:48",239900
52700,-800,200,"sd","14:25:56",239700
52700,-800,100,"sd","14:25:29",239500
52700,-800,1000,"bu","14:25:19",239400
52700,-800,100,"bu","14:25:11",238400
52600,-900,200,"sd","14:25:01",238300
52600,-900,400,"sd","14:24:40",238100
52600,-900,100,"bu","14:24:30",237700
52600,-900,100,"unknown","14:24:24",237600
52600,-900,100,"sd","14:24:20",237500
52600,-900,300,"sd","14:24:00",237400
52700,-800,200,"bu","14:23:59",237100
52600,-900,500,"sd","14:23:49",236900
52500,-1000,1300,"sd","14:23:00",236400
52600,-900,100,"sd","14:22:49",235100
52600,-900,200,"sd","14:22:36",235000
52600,-900,300,"sd","14:22:34",234800
52600,-900,300,"sd","14:22:14",234500
52600,-900,300,"sd","14:22:07",234200
52700,-800,500,"bu","14:21:52",233900
52700,-800,100,"sd","14:21:42",233400
52700,-800,2600,"sd","14:21:35",233300
52700,-800,600,"sd","14:21:31",230700
52800,-700,700,"sd","14:21:22",230100
52800,-700,100,"sd","14:21:19",229400
52800,-700,1000,"sd","14:21:07",229300
52800,-700,900,"sd","14:20:55",228300
52800,-700,100,"sd","14:20:34",227400
52800,-700,200,"sd","14:20:32",227300
52800,-700,100,"sd","14:20:31",227100
52900,-600,500,"bu","14:20:29",227000
52900,-600,3900,"sd","14:19:56",226500
53000,-500,300,"bu","14:19:37",222600
53000,-500,800,"bu","14:19:31",222300
53100,-400,100,"bu","14:19:04",221500
53100,-400,1000,"bu","14:18:21",221400
53000,-500,300,"sd","14:17:24",220400
53000,-500,200,"sd","14:15:23",220100
53000,-500,1300,"bu","14:14:18",219900
53000,-500,1000,"bu","14:14:14",218600
53000,-500,700,"sd","14:14:11",217600
53000,-500,200,"sd","14:14:07",216900
53000,-500,1000,"sd","14:13:29",216700
53100,-400,300,"bu","14:12:21",215700
53100,-400,1000,"sd","14:12:10",215400
53100,-400,100,"bu","14:10:03",214400
53100,-400,1000,"bu","14:09:47",214300
53000,-500,100,"bu","14:09:27",213300
53000,-500,300,"unknown","14:08:35",213200
53000,-500,100,"sd","14:08:16",212900
53000,-500,100,"sd","14:07:52",212800
53000,-500,500,"sd","14:07:46",212700
53000,-500,300,"unknown","14:06:05",212200
53000,-500,100,"bu","14:05:18",211900
53000,-500,4600,"sd","14:05:07",211800
53000,-500,1100,"sd","14:04:50",207200
53100,-400,100,"bu","14:03:43",206100
53100,-400,800,"bu","14:03:27",206000
53300,-200,600,"sd","14:02:22",205200
53300,-200,900,"sd","14:02:21",204600
53300,-200,200,"sd","14:02:02",203700
53300,-200,1400,"bu","14:00:36",203500
53100,-400,100,"sd","14:00:18",202100
53000,-500,100,"sd","13:57:16",202000
53000,-500,800,"sd","13:56:36",201900
53000,-500,100,"bu","13:56:33",201100
53000,-500,200,"bu","13:56:29",201000
53000,-500,100,"bu","13:56:25",200800
53000,-500,200,"bu","13:56:17",200700
53000,-500,500,"bu","13:56:16",200500
53000,-500,400,"bu","13:56:10",200000
53000,-500,200,"bu","13:55:41",199600
53000,-500,100,"bu","13:55:13",199400
53000,-500,500,"bu","13:55:12",199300
53000,-500,200,"bu","13:54:39",198800
53000,-500,300,"bu","13:54:21",198600
53000,-500,200,"bu","13:54:18",198300
53000,-500,200,"bu","13:54:13",198100
53000,-500,100,"bu","13:53:26",197900
52900,-600,300,"sd","13:53:24",197800
53000,-500,1000,"bu","13:53:07",197500
52900,-600,100,"sd","13:52:50",196500
52900,-600,1000,"sd","13:52:48",196400
53000,-500,2000,"bu","13:52:19",195400
53000,-500,500,"sd","13:52:12",193400
53100,-400,200,"bu","13:51:57",192900
53100,-400,1000,"sd","13:51:50",192700
53100,-400,400,"sd","13:51:14",191700
53100,-400,300,"sd","13:50:26",191300
53300,-200,300,"bu","13:49:09",191000
53300,-200,800,"sd","13:48:57",190700
53300,-200,300,"sd","13:48:23",189900
53300,-200,1000,"sd","13:47:39",189600
53400,-100,500,"bu","13:46:07",188600
53300,-200,1000,"sd","13:45:51",188100
53300,-200,900,"sd","13:45:48",187100
53300,-200,3000,"sd","13:45:25",186200
53300,-200,200,"sd","13:44:37",183200
53300,-200,500,"sd","13:44:23",183000
53300,-200,1000,"sd","13:44:13",182500
53300,-200,100,"sd","13:43:42",181500
53400,-100,500,"bu","13:43:23",181400
53400,-100,400,"unknown","13:43:08",180900
53400,-100,800,"sd","13:42:22",180500
53400,-100,500,"sd","13:41:58",179700
53400,-100,3100,"bu","13:40:51",179200
53300,-200,1500,"sd","13:39:53",176100
53300,-200,1500,"sd","13:39:42",174600
53300,-200,2000,"bu","13:39:09",173100
53300,-200,1700,"bu","13:37:57",171100
53300,-200,200,"bu","13:37:52",169400
53300,-200,200,"sd","13:37:10",169200
53300,-200,200,"sd","13:37:04",169000
53400,-100,100,"bu","13:36:55",168800
53300,-200,2000,"sd","13:36:51",168700
53300,-200,100,"sd","13:36:39",166700
53300,-200,700,"sd","13:36:15",166600
53400,-100,100,"bu","13:33:34",165900
53300,-200,500,"sd","13:33:04",165800
53300,-200,100,"sd","13:32:58",165300
53300,-200,100,"sd","13:32:34",165200
53300,-200,500,"sd","13:32:31",165100
53300,-200,500,"sd","13:32:23",164600
53300,-200,100,"sd","13:32:05",164100
53300,-200,500,"sd","13:32:02",164000
53300,-200,4400,"sd","13:31:51",163500
53100,-400,100,"bu","13:31:18",159100
53100,-400,100,"bu","13:29:41",159000
53100,-400,300,"bu","13:29:26",158900
53000,-500,200,"sd","13:29:07",158600
53100,-400,100,"bu","13:29:05",158400
53100,-400,1000,"bu","13:28:55",158300
53100,-400,2000,"bu","13:28:38",157300
53100,-400,1200,"bu","13:28:25",155300
53100,-400,500,"bu","13:28:18",154100
53100,-400,600,"bu","13:27:42",153600
53100,-400,200,"bu","13:27:17",153000
53100,-400,100,"bu","13:26:53",152800
53100,-400,100,"bu","13:26:04",152700
53100,-400,400,"bu","13:25:43",152600
53100,-400,100,"bu","13:25:27",152200
52900,-600,100,"sd","13:25:15",152100
53100,-400,100,"bu","13:25:05",152000
52900,-600,500,"sd","13:23:46",151900
52900,-600,100,"unknown","13:21:14",151400
52900,-600,200,"sd","13:20:48",151300
52900,-600,1000,"sd","13:20:44",151100
53000,-500,100,"bu","13:20:43",150100
53000,-500,4200,"sd","13:20:20",150000
53000,-500,200,"sd","13:20:06",145800
53000,-500,200,"sd","13:19:46",145600
53000,-500,2000,"sd","13:18:49",145400
53000,-500,900,"sd","13:18:40",143400
53000,-500,6000,"sd","13:18:25",142500
53100,-400,700,"bu","13:18:01",136500
53100,-400,100,"sd","13:17:03",135800
53100,-400,300,"sd","13:17:00",135700
53100,-400,800,"sd","13:16:44",135400
53100,-400,300,"bu","13:16:41",134600
53100,-400,100,"bu","13:16:35",134300
53100,-400,100,"bu","13:16:28",134200
53100,-400,1000,"bu","13:16:18",134100
53100,-400,300,"bu","13:16:09",133100
53100,-400,100,"bu","13:15:50",132800
53100,-400,400,"bu","13:15:27",132700
53100,-400,3100,"bu","13:15:26",132300
53200,-300,500,"sd","13:15:01",129200
53200,-300,100,"sd","13:13:53",128700
53300,-200,700,"sd","13:11:50",128600
53300,-200,2900,"sd","13:11:30",127900
53300,-200,100,"bu","13:09:32",125000
53300,-200,300,"sd","13:09:28",124900
53300,-200,200,"sd","13:09:13",124600
53400,-100,100,"bu","13:07:05",124400
53300,-200,600,"bu","13:06:23",124300
53100,-400,100,"sd","13:05:19",123700
53200,-300,300,"unknown","13:05:15",123600
53100,-400,1100,"sd","13:04:45",123300
53000,-500,100,"sd","13:03:37",122200
53000,-500,500,"sd","13:03:36",122100
53000,-500,1800,"sd","13:03:32",121600
53000,-500,2500,"sd","13:03:29",119800
53000,-500,700,"sd","13:03:19",117300
53000,-500,100,"sd","13:02:56",116600
53100,-400,300,"sd","13:02:33",116500
53100,-400,500,"sd","13:02:23",116200
53100,-400,1500,"sd","13:02:16",115700
53200,-300,100,"sd","13:01:36",114200
53200,-300,1600,"sd","13:01:20",114100
53300,-200,100,"unknown","13:00:09",112500
53200,-300,1100,"sd","13:00:07",112400
53300,-200,500,"bu","13:00:04",111300
53300,-200,100,"bu","11:28:57",110800
53300,-200,200,"bu","11:28:40",110700
53300,-200,200,"bu","11:28:30",110500
53300,-200,300,"bu","11:28:24",110300
53300,-200,100,"bu","11:27:38",110000
53200,-300,300,"sd","11:26:41",109900
53300,-200,400,"bu","11:26:04",109600
53300,-200,400,"sd","11:25:39",109200
53300,-200,200,"bu","11:24:18",108800
53300,-200,100,"bu","11:23:52",108600
53200,-300,2000,"sd","11:23:34",108500
53300,-200,2700,"bu","11:22:48",106500
53300,-200,100,"sd","11:20:16",103800
53300,-200,100,"sd","11:19:36",103700
53300,-200,100,"sd","11:19:03",103600
53300,-200,100,"sd","11:18:33",103500
53300,-200,100,"sd","11:18:06",103400
53300,-200,100,"sd","11:17:26",103300
53400,-100,100,"bu","11:17:05",103200
53400,-100,500,"bu","11:14:25",103100
53400,-100,1000,"bu","11:13:10",102600
53400,-100,300,"bu","11:13:02",101600
53400,-100,100,"bu","11:11:20",101300
53300,-200,100,"sd","11:09:26",101200
53300,-200,1100,"sd","11:08:35",101100
53300,-200,600,"bu","11:07:53",100000
53300,-200,100,"bu","11:07:34",99400
53300,-200,300,"bu","11:07:20",99300
53300,-200,500,"bu","11:07:11",99000
53300,-200,100,"bu","11:06:53",98500
53300,-200,100,"bu","11:06:09",98400
53300,-200,900,"bu","11:05:13",98300
53200,-300,1000,"sd","11:04:57",97400
53200,-300,100,"sd","11:04:32",96400
53200,-300,100,"sd","11:04:11",96300
53300,-200,100,"bu","11:04:08",96200
53300,-200,200,"bu","11:03:46",96100
53300,-200,1800,"sd","11:02:38",95900
53400,-100,200,"bu","11:00:27",94100
53400,-100,1400,"sd","11:00:17",93900
53500,0,1400,"sd","10:56:29",92500
53500,0,1000,"sd","10:56:14",91100
53500,0,2400,"sd","10:56:13",90100
53500,0,100,"sd","10:56:05",87700
53500,0,100,"sd","10:55:35",87600
53500,0,100,"sd","10:55:15",87500
53500,0,600,"sd","10:55:09",87400
53600,100,100,"bu","10:55:05",86800
53600,100,700,"sd","10:50:53",86700
53600,100,200,"sd","10:50:23",86000
53600,100,1000,"sd","10:50:17",85800
53600,100,700,"sd","10:49:04",84800
53600,100,400,"sd","10:46:41",84100
53600,100,300,"bu","10:46:07",83700
53600,100,1700,"unknown","10:45:18",83400
53600,100,100,"bu","10:44:49",81700
53600,100,100,"bu","10:40:31",81600
53500,0,1000,"sd","10:40:25",81500
53500,0,200,"sd","10:39:59",80500
53500,0,2000,"sd","10:38:46",80300
53600,100,1500,"bu","10:37:43",78300
53600,100,100,"bu","10:34:31",76800
53600,100,2000,"bu","10:32:48",76700
53500,0,100,"sd","10:32:03",74700
53500,0,300,"sd","10:30:08",74600
53500,0,500,"sd","10:28:53",74300
53600,100,100,"bu","10:27:36",73800
53600,100,100,"bu","10:27:18",73700
53600,100,100,"bu","10:25:49",73600
53500,0,500,"sd","10:25:47",73500
53500,0,700,"bu","10:22:08",73000
53500,0,300,"bu","10:20:25",72300
53500,0,100,"sd","10:20:07",72000
53500,0,1000,"bu","10:19:45",71900
53500,0,300,"bu","10:18:51",70900
53500,0,800,"bu","10:17:03",70600
53300,-200,300,"sd","10:15:00",69800
53400,-100,200,"unknown","10:14:15",69500
53300,-200,300,"sd","10:13:48",69300
53300,-200,200,"bu","10:12:41",69000
53200,-300,900,"sd","10:12:40",68800
53200,-300,100,"unknown","10:09:57",67900
53200,-300,200,"bu","10:09:52",67800
53300,-200,800,"unknown","10:09:36",67600
53200,-300,500,"sd","10:09:24",66800
53200,-300,100,"sd","10:09:21",66300
53200,-300,300,"sd","10:09:04",66200
53200,-300,1100,"sd","10:08:42",65900
53300,-200,300,"bu","10:08:35",64800
53300,-200,400,"sd","10:07:03",64500
53300,-200,1000,"sd","10:06:46",64100
53300,-200,100,"sd","10:05:51",63100
53300,-200,1000,"sd","10:05:29",63000
53400,-100,200,"bu","10:05:18",62000
53300,-200,300,"sd","10:04:46",61800
53400,-100,600,"bu","10:04:24",61500
53400,-100,500,"sd","10:04:18",60900
53400,-100,200,"sd","10:02:02",60400
53400,-100,300,"sd","10:00:05",60200
53400,-100,1000,"sd","09:59:15",59900
53500,0,100,"bu","09:58:53",58900
53500,0,100,"bu","09:58:44",58800
53500,0,100,"bu","09:56:55",58700
53500,0,1400,"bu","09:56:18",58600
53500,0,1600,"sd","09:55:28",57200
53500,0,1000,"sd","09:55:07",55600
53500,0,1400,"bu","09:52:53",54600
53500,0,600,"bu","09:52:16",53200
53500,0,500,"sd","09:52:04",52600
53600,100,100,"bu","09:51:16",52100
53600,100,200,"bu","09:51:04",52000
53600,100,100,"bu","09:50:36",51800
53500,0,500,"sd","09:50:31",51700
53500,0,1000,"sd","09:49:51",51200
53600,100,100,"bu","09:49:38",50200
53600,100,500,"bu","09:49:11",50100
53600,100,500,"sd","09:49:09",49600
53600,100,100,"unknown","09:47:48",49100
53700,200,1000,"unknown","09:47:19",49000
53700,200,100,"bu","09:46:48",48000
53700,200,400,"sd","09:46:45",47900
53700,200,200,"sd","09:45:53",47500
53700,200,100,"sd","09:45:50",47300
53700,200,200,"sd","09:45:25",47200
53800,300,100,"bu","09:44:33",47000
53800,300,6400,"sd","09:44:22",46900
53800,300,2000,"sd","09:44:18",40500
53800,300,500,"sd","09:43:46",38500
53800,300,200,"sd","09:43:04",38000
53800,300,200,"sd","09:42:13",37800
53800,300,300,"sd","09:41:55",37600
53800,300,100,"sd","09:41:29",37300
53800,300,100,"sd","09:40:37",37200
53800,300,100,"sd","09:40:19",37100
53900,400,100,"unknown","09:40:09",37000
53900,400,200,"bu","09:40:03",36900
53800,300,900,"sd","09:39:35",36700
53900,400,200,"bu","09:38:53",35800
53800,300,200,"sd","09:38:39",35600
53900,400,400,"bu","09:38:35",35400
53900,400,200,"bu","09:37:55",35000
53900,400,100,"bu","09:37:30",34800
53900,400,300,"unknown","09:35:38",34700
53900,400,300,"sd","09:35:37",34400
53900,400,1000,"sd","09:35:32",34100
53900,400,500,"sd","09:34:57",33100
54000,500,100,"bu","09:34:34",32600
54000,500,300,"bu","09:34:26",32500
53900,400,100,"sd","09:34:07",32200
54000,500,1000,"bu","09:33:58",32100
53900,400,500,"sd","09:33:57",31100
53900,400,100,"sd","09:31:04",30600
53900,400,500,"unknown","09:30:19",30500
53700,200,400,"sd","09:29:51",30000
53700,200,1400,"sd","09:28:58",29600
54000,500,100,"bu","09:28:34",28200
53700,200,700,"bu","09:28:01",28100
53700,200,100,"bu","09:27:43",27400
53600,100,100,"bu","09:27:31",27300
53500,0,600,"sd","09:26:27",27200
53500,0,1400,"bu","09:25:55",26600
53500,0,100,"bu","09:25:40",25200
53500,0,400,"bu","09:25:12",25100
53200,-300,500,"sd","09:23:32",24700
53200,-300,400,"bu","09:23:13",24200
53200,-300,600,"sd","09:23:09",23800
53200,-300,100,"sd","09:23:06",23200
53200,-300,100,"sd","09:22:24",23100
53500,0,100,"bu","09:21:34",23000
53500,0,200,"unknown","09:21:16",22900
53500,0,700,"bu","09:21:07",22700
53500,0,4000,"sd","09:20:14",22000
53700,200,600,"bu","09:20:04",18000
53700,200,200,"sd","09:19:53",17400
53800,300,100,"bu","09:18:48",17200
53800,300,1400,"sd","09:18:41",17100
53800,300,400,"sd","09:17:41",15700
54000,500,300,"bu","09:16:46",15300
54000,500,500,"unknown","09:16:26",15000
54100,600,1000,"bu","09:15:22",14500
54100,600,400,"bu","09:13:33",13500
54000,500,100,"bu","09:13:29",13100
54200,700,200,"bu","09:08:28",13000
54300,800,800,"sd","09:07:35",12800
54300,800,100,"sd","09:07:34",12000
54300,800,100,"sd","09:07:33",11900
54400,900,100,"bu","09:07:31",11800
54300,800,500,"sd","09:07:30",11700
54300,800,500,"sd","09:07:15",11200
54400,900,200,"bu","09:07:04",10700
54400,900,200,"sd","09:07:03",10500
54500,1000,200,"bu","09:06:26",10300
54500,1000,200,"sd","09:06:13",10100
54500,1000,600,"sd","09:06:10",9900
54500,1000,800,"unknown","09:06:05",9300
54500,1000,400,"bu","09:05:49",8500
54500,1000,1000,"bu","09:05:47",8100
54500,1000,500,"bu","09:05:38",7100
54400,900,400,"sd","09:05:32",6600
54400,900,1400,"bu","09:05:15",6200
54400,900,200,"bu","09:05:14",4800
54300,800,100,"sd","09:04:48",4600
54300,800,100,"sd","09:04:47",4500
54300,800,200,"sd","09:04:45",4400
54300,800,100,"sd","09:04:43",4200
54300,800,500,"bu","09:04:37",4100
54300,800,1400,"bu","09:04:27",3600
54200,700,100,"unknown","09:04:14",2200
54300,800,700,"bu","09:03:49",2100
54300,800,100,"sd","09:03:44",1400
54000,500,100,"sd","09:03:24",1300
54000,500,200,"sd","09:02:33",1200
54000,500,200,"sd","09:02:22",1000
54000,500,100,"bu","09:01:52",800
54000,500,200,"unknown","09:01:48",700
54000,500,200,"sd","09:01:47",500
54000,500,100,"bu","09:01:27",300
53900,400,200,"sd","09:01:05",200
