"price","change","match_qtty","side","time","total_vol"
22300,-300,138600,"unknown","14:45:02",3249700
22500,-100,1700,"sd","14:29:43",3111100
22500,-100,600,"sd","14:29:31",3109400
22600,0,30000,"bu","14:29:26",3108800
22500,-100,200,"sd","14:29:23",3078800
22500,-100,1000,"sd","14:28:55",3078600
22600,0,2900,"bu","14:28:52",3077600
22500,-100,8000,"sd","14:28:51",3074700
22600,0,100,"bu","14:28:46",3066700
22600,0,100,"bu","14:28:39",3066600
22500,-100,100,"sd","14:28:13",3066500
22500,-100,10000,"unknown","14:27:52",3066400
22500,-100,1000,"bu","14:27:48",3056400
22500,-100,2100,"bu","14:27:42",3055400
22500,-100,3000,"bu","14:27:37",3053300
22500,-100,10100,"bu","14:27:30",3050300
22500,-100,100,"bu","14:27:27",3040200
22500,-100,100,"bu","14:27:10",3040100
22500,-100,2000,"bu","14:27:03",3040000
22400,-200,100,"sd","14:26:30",3038000
22500,-100,3000,"bu","14:26:27",3037900
22400,-200,1000,"sd","14:26:25",3034900
22400,-200,200,"sd","14:26:20",3033900
22400,-200,1000,"sd","14:26:07",3033700
22400,-200,1200,"sd","14:26:05",3032700
22400,-200,1000,"sd","14:26:00",3031500
22400,-200,22500,"sd","14:25:48",3030500
22400,-200,1000,"bu","14:25:45",3008000
22400,-200,1000,"bu","14:25:38",3007000
22400,-200,2000,"bu","14:25:35",3006000
22400,-200,100,"bu","14:25:33",3004000
22400,-200,2500,"bu","14:25:32",3003900
22400,-200,100,"bu","14:25:27",3001400
22300,-300,1500,"sd","14:25:09",3001300
22400,-200,1000,"bu","14:25:00",2999800
22400,-200,1000,"bu","14:24:56",2998800
22300,-300,51100,"sd","14:24:53",2997800
22400,-200,1000,"sd","14:24:52",2946700
22500,-100,10000,"bu","14:24:48",2945700
22400,-200,1100,"sd","14:24:43",2935700
22400,-200,3000,"sd","14:24:32",2934600
22500,-100,2000,"bu","14:24:22",2931600
22500,-100,1000,"bu","14:24:15",2929600
22500,-100,500,"bu","14:24:01",2928600
22400,-200,500,"sd","14:24:00",2928100
22500,-100,1000,"bu","14:23:44",2927600
22500,-100,1000,"bu","14:23:31",2926600
22500,-100,100,"bu","14:23:27",2925600
22500,-100,1000,"bu","14:23:25",2925500
22400,-200,5000,"sd","14:23:07",2924500
22500,-100,100,"bu","14:23:03",2919500
22500,-100,2000,"bu","14:22:53",2919400
22400,-200,1000,"sd","14:22:45",2917400
22500,-100,3400,"bu","14:22:33",2916400
22500,-100,9300,"sd","14:21:54",2913000
22500,-100,500,"sd","14:21:47",2903700
22500,-100,1000,"sd","14:21:46",2903200
22500,-100,6000,"sd","14:21:44",2902200
22500,-100,1200,"sd","14:21:42",2896200
22500,-100,38500,"sd","14:21:40",2895000
22500,-100,200,"sd","14:21:35",2856500
22500,-100,1000,"sd","14:21:28",2856300
22500,-100,100,"sd","14:21:07",2855300
22500,-100,400,"sd","14:20:32",2855200
22600,0,100,"bu","14:20:30",2854800
22500,-100,1000,"sd","14:20:27",2854700
22500,-100,2000,"sd","14:20:24",2853700
22500,-100,3000,"sd","14:20:15",2851700
22500,-100,100,"sd","14:20:11",2848700
22500,-100,5000,"sd","14:20:09",2848600
22500,-100,200,"sd","14:20:06",2843600
22500,-100,300,"sd","14:20:02",2843400
22500,-100,200,"sd","14:20:01",2843100
22500,-100,25800,"sd","14:19:23",2842900
22600,0,2000,"sd","14:19:13",2817100
22700,100,300,"bu","14:19:07",2815100
22700,100,100,"bu","14:18:21",2814800
22600,0,200,"sd","14:17:59",2814700
22700,100,500,"bu","14:17:19",2814500
22700,100,500,"bu","14:17:15",2814000
22700,100,1000,"bu","14:15:37",2813500
22600,0,2000,"sd","14:14:36",2812500
22600,0,500,"sd","14:13:39",2810500
22600,0,500,"sd","14:13:17",2810000
22600,0,3000,"sd","14:12:59",2809500
22600,0,2000,"sd","14:12:42",2806500
22600,0,300,"sd","14:12:20",2804500
22600,0,1000,"sd","14:12:09",2804200
22600,0,200,"sd","14:12:01",2803200
22600,0,400,"sd","14:11:16",2803000
22600,0,3800,"sd","14:11:07",2802600
22500,-100,7000,"sd","14:11:00",2798800
22600,0,20000,"bu","14:10:59",2791800
22500,-100,100,"sd","14:10:44",2771800
22500,-100,100,"sd","14:10:43",2771700
22600,0,500,"bu","14:10:16",2771600
22600,0,900,"bu","14:10:06",2771100
22600,0,500,"bu","14:10:05",2770200
22600,0,100,"bu","14:09:56",2769700
22600,0,200,"bu","14:09:50",2769600
22600,0,100,"bu","14:08:57",2769400
22600,0,500,"bu","14:08:53",2769300
22600,0,2000,"bu","14:08:52",2768800
22600,0,2800,"bu","14:08:31",2766800
22600,0,1000,"sd","14:08:16",2764000
22600,0,200,"sd","14:08:15",2763000
22600,0,1100,"sd","14:08:08",2762800
22600,0,2000,"sd","14:08:06",2761700
22600,0,1000,"sd","14:08:03",2759700
22600,0,6500,"sd","14:08:02",2758700
22600,0,200,"sd","14:08:01",2752200
22600,0,10000,"sd","14:07:54",2752000
22600,0,1300,"sd","14:07:48",2742000
22600,0,5000,"sd","14:07:45",2740700
22600,0,21500,"sd","14:07:44",2735700
22600,0,3000,"sd","14:07:41",2714200
22600,0,10000,"sd","14:07:40",2711200
22600,0,10000,"sd","14:07:37",2701200
22600,0,10000,"sd","14:07:31",2691200
22600,0,3000,"sd","14:07:26",2681200
22600,0,10000,"sd","14:07:11",2678200
22600,0,5000,"sd","14:07:00",2668200
22600,0,300,"sd","14:06:18",2663200
22700,100,100,"bu","14:06:16",2662900
22600,0,1000,"sd","14:05:14",2662800
22700,100,100,"bu","14:04:46",2661800
22700,100,2000,"sd","14:04:38",2661700
22700,100,500,"sd","14:04:37",2659700
22700,100,2100,"sd","14:04:30",2659200
22700,100,1500,"sd","14:04:27",2657100
22700,100,1000,"sd","14:04:17",2655600
22700,100,10000,"sd","14:04:15",2654600
22700,100,200,"sd","14:04:11",2644600
22700,100,500,"sd","14:04:08",2644400
22700,100,1500,"sd","14:04:01",2643900
22700,100,1000,"sd","14:03:55",2642400
22700,100,5000,"sd","14:03:44",2641400
22700,100,500,"sd","14:03:34",2636400
22700,100,100,"sd","14:03:31",2635900
22700,100,2000,"sd","14:03:28",2635800
22700,100,1700,"sd","14:03:07",2633800
22700,100,600,"sd","14:02:59",2632100
22700,100,1000,"sd","14:02:51",2631500
22700,100,2900,"bu","14:02:10",2630500
22700,100,7100,"sd","14:02:09",2627600
22700,100,1500,"sd","14:01:38",2620500
22700,100,500,"sd","14:01:12",2619000
22700,100,600,"sd","14:00:46",2618500
22700,100,300,"bu","14:00:38",2617900
22700,100,500,"bu","14:00:34",2617600
22700,100,5000,"bu","14:00:29",2617100
22700,100,5000,"bu","14:00:25",2612100
22700,100,500,"bu","14:00:16",2607100
22700,100,1800,"bu","14:00:00",2606600
22700,100,12000,"bu","13:59:59",2604800
22700,100,500,"bu","13:59:50",2592800
22700,100,1000,"bu","13:59:31",2592300
22700,100,3000,"bu","13:59:27",2591300
22700,100,7900,"bu","13:59:11",2588300
22700,100,15100,"bu","13:58:27",2580400
22700,100,1000,"sd","13:58:18",2565300
22700,100,100,"sd","13:58:17",2564300
22700,100,100,"sd","13:58:03",2564200
22700,100,700,"sd","13:58:01",2564100
22700,100,3000,"sd","13:57:16",2563400
22700,100,8000,"sd","13:57:10",2560400
22700,100,100,"sd","13:57:09",2552400
22700,100,1000,"sd","13:57:02",2552300
22700,100,2000,"sd","13:56:58",2551300
22700,100,300,"sd","13:56:48",2549300
22700,100,1000,"sd","13:56:37",2549000
22700,100,300,"sd","13:56:23",2548000
22700,100,300,"sd","13:55:25",2547700
22700,100,1000,"sd","13:55:23",2547400
22700,100,900,"sd","13:55:07",2546400
22700,100,1800,"bu","13:55:03",2545500
22700,100,100,"bu","13:54:58",2543700
22700,100,100,"bu","13:54:51",2543600
22700,100,2000,"bu","13:54:45",2543500
22700,100,8400,"bu","13:54:30",2541500
22700,100,1100,"sd","13:54:06",2533100
22700,100,200,"bu","13:54:00",2532000
22700,100,300,"bu","13:53:58",2531800
22700,100,200,"bu","13:53:43",2531500
22700,100,1000,"bu","13:53:41",2531300
22600,0,100,"sd","13:53:34",2530300
22700,100,1100,"bu","13:53:28",2530200
22700,100,10000,"bu","13:53:15",2529100
22700,100,2000,"bu","13:53:06",2519100
22700,100,200,"bu","13:53:01",2517100
22600,0,14900,"sd","13:52:59",2516900
22700,100,2000,"bu","13:52:57",2502000
22700,100,1000,"bu","13:52:55",2500000
22700,100,1000,"bu","13:52:53",2499000
22700,100,1000,"bu","13:52:47",2498000
22700,100,1000,"bu","13:52:46",2497000
22700,100,2000,"bu","13:52:32",2496000
22700,100,100,"bu","13:52:21",2494000
22600,0,100,"sd","13:51:58",2493900
22600,0,3000,"sd","13:51:33",2493800
22600,0,1000,"sd","13:51:29",2490800
22600,0,100,"sd","13:50:53",2489800
22700,100,200,"bu","13:50:50",2489700
22700,100,7600,"bu","13:50:32",2489500
22700,100,4000,"sd","13:50:27",2481900
22700,100,1400,"sd","13:50:26",2477900
22700,100,20500,"sd","13:50:18",2476500
22700,100,500,"sd","13:50:12",2456000
22700,100,100,"sd","13:49:43",2455500
22700,100,300,"sd","13:49:33",2455400
22700,100,17000,"sd","13:49:26",2455100
22700,100,40000,"sd","13:49:22",2438100
22800,200,300,"bu","13:49:16",2398100
22800,200,600,"bu","13:49:09",2397800
22800,200,100,"bu","13:48:58",2397200
22800,200,100,"bu","13:48:35",2397100
22800,200,5000,"bu","13:48:24",2397000
22800,200,1900,"bu","13:48:10",2392000
22800,200,23900,"bu","13:48:09",2390100
22800,200,500,"bu","13:48:04",2366200
22800,200,500,"bu","13:46:22",2365700
22800,200,4100,"bu","13:46:02",2365200
22800,200,600,"sd","13:46:00",2361100
22800,200,1000,"sd","13:45:59",2360500
22800,200,100,"sd","13:45:51",2359500
22800,200,5000,"sd","13:45:49",2359400
22800,200,900,"sd","13:45:48",2354400
22800,200,400,"sd","13:45:42",2353500
22900,300,1000,"bu","13:45:41",2353100
22800,200,2000,"sd","13:45:01",2352100
22800,200,5000,"sd","13:44:56",2350100
22800,200,10000,"sd","13:44:53",2345100
22800,200,1000,"sd","13:44:49",2335100
22800,200,100,"sd","13:44:37",2334100
22800,200,100,"unknown","13:44:11",2334000
22700,100,30000,"sd","13:44:10",2333900
22900,300,2000,"bu","13:44:09",2303900
22800,200,3500,"sd","13:44:06",2301900
22900,300,2000,"bu","13:44:02",2298400
22800,200,3000,"sd","13:43:52",2296400
22800,200,30800,"sd","13:43:48",2293400
22800,200,900,"bu","13:43:42",2262600
22800,200,6900,"bu","13:43:35",2261700
22800,200,2000,"bu","13:43:21",2254800
22700,100,200,"sd","13:43:17",2252800
22700,100,1000,"sd","13:43:09",2252600
22700,100,100,"sd","13:43:03",2251600
22700,100,10000,"sd","13:42:55",2251500
22700,100,2000,"sd","13:42:51",2241500
22700,100,3000,"sd","13:42:33",2239500
22700,100,2000,"sd","13:42:29",2236500
22700,100,1000,"sd","13:41:53",2234500
22800,200,1000,"bu","13:41:51",2233500
22700,100,100,"sd","13:41:33",2232500
22800,200,1500,"bu","13:41:18",2232400
22800,200,200,"bu","13:41:15",2230900
22800,200,6500,"bu","13:41:11",2230700
22800,200,2800,"sd","13:41:03",2224200
22800,200,5000,"sd","13:40:54",2221400
22800,200,22000,"sd","13:40:46",2216400
22800,200,8000,"sd","13:40:35",2194400
22800,200,100,"sd","13:40:26",2186400
22800,200,2000,"sd","13:40:22",2186300
22800,200,10000,"sd","13:40:10",2184300
22800,200,1000,"sd","13:40:08",2174300
22800,200,200,"sd","13:39:59",2173300
22800,200,9400,"sd","13:39:54",2173100
22800,200,100,"bu","13:39:52",2163700
22800,200,20000,"bu","13:39:42",2163600
22700,100,4500,"sd","13:39:34",2143600
22700,100,2200,"sd","13:39:32",2139100
22800,200,100,"bu","13:39:17",2136900
22800,200,500,"bu","13:39:16",2136800
22800,200,8300,"bu","13:39:05",2136300
22800,200,500,"sd","13:39:03",2128000
22800,200,300,"sd","13:39:01",2127500
22800,200,2000,"sd","13:39:00",2127200
22800,200,10000,"sd","13:38:55",2125200
22800,200,1000,"sd","13:38:52",2115200
22900,300,1000,"bu","13:38:49",2114200
22800,200,1200,"sd","13:38:44",2113200
22900,300,1000,"bu","13:38:43",2112000
22900,300,4000,"bu","13:38:39",2111000
22900,300,1000,"bu","13:38:36",2107000
22900,300,1000,"bu","13:38:31",2106000
22900,300,700,"bu","13:38:24",2105000
23000,400,15600,"bu","13:38:23",2104300
22900,300,3000,"sd","13:38:22",2088700
22900,300,100,"sd","13:38:21",2085700
22900,300,5000,"sd","13:38:20",2085600
22900,300,20000,"sd","13:38:17",2080600
22900,300,10000,"sd","13:38:14",2060600
22900,300,10000,"sd","13:38:07",2050600
23000,400,800,"bu","13:38:04",2040600
23000,400,200,"bu","13:38:01",2039800
23000,400,200,"bu","13:37:54",2039600
23000,400,4000,"bu","13:37:53",2039400
23000,400,2000,"bu","13:37:47",2035400
23000,400,800,"bu","13:37:45",2033400
22900,300,10000,"sd","13:37:43",2032600
23000,400,1000,"bu","13:37:41",2022600
22900,300,300,"sd","13:37:39",2021600
23000,400,1400,"bu","13:37:37",2021300
23000,400,400,"bu","13:37:27",2019900
23000,400,2500,"bu","13:37:23",2019500
22900,300,2100,"sd","13:37:19",2017000
23000,400,900,"bu","13:37:17",2014900
22900,300,500,"sd","13:37:13",2014000
22900,300,1000,"sd","13:37:11",2013500
23000,400,900,"bu","13:37:07",2012500
22900,300,4100,"sd","13:36:58",2011600
22900,300,1000,"bu","13:36:57",2007500
22900,300,2000,"bu","13:36:55",2006500
22900,300,400,"bu","13:36:54",2004500
22900,300,30000,"bu","13:36:51",2004100
22900,300,2500,"bu","13:36:46",1974100
22900,300,500,"bu","13:36:42",1971600
22800,200,1500,"sd","13:36:32",1971100
22900,300,1000,"bu","13:36:29",1969600
22900,300,6000,"bu","13:36:28",1968600
22900,300,4700,"bu","13:36:26",1962600
22900,300,2000,"bu","13:36:21",1957900
22900,300,2000,"bu","13:36:20",1955900
22900,300,100,"bu","13:36:13",1953900
22900,300,100000,"bu","13:35:52",1953800
22800,200,1000,"bu","13:35:44",1853800
22800,200,100,"bu","13:35:42",1852800
22800,200,3000,"bu","13:35:38",1852700
22800,200,4000,"bu","13:35:37",1849700
22800,200,1000,"bu","13:35:32",1845700
22800,200,4000,"bu","13:35:28",1844700
22800,200,2000,"bu","13:35:25",1840700
22800,200,3200,"bu","13:35:23",1838700
22800,200,600,"bu","13:35:21",1835500
22800,200,2100,"bu","13:35:20",1834900
22800,200,1000,"bu","13:35:16",1832800
22800,200,5000,"bu","13:35:15",1831800
22800,200,500,"bu","13:35:14",1826800
22800,200,100,"bu","13:35:10",1826300
22800,200,2000,"bu","13:35:09",1826200
22800,200,19700,"bu","13:35:06",1824200
22800,200,3000,"bu","13:35:05",1804500
22800,200,1800,"bu","13:35:04",1801500
22800,200,11900,"bu","13:35:02",1799700
22800,200,700,"bu","13:35:01",1787800
22800,200,1000,"bu","13:35:00",1787100
22800,200,5000,"bu","13:34:58",1786100
22800,200,1100,"bu","13:34:51",1781100
22800,200,800,"bu","13:34:50",1780000
22800,200,1000,"bu","13:34:48",1779200
22800,200,3200,"bu","13:34:46",1778200
22800,200,1000,"bu","13:34:41",1775000
22800,200,1000,"bu","13:34:39",1774000
22800,200,100,"bu","13:34:37",1773000
22700,100,200,"sd","13:34:33",1772900
22700,100,2600,"sd","13:34:25",1772700
22700,100,27500,"bu","13:34:24",1770100
22700,100,2000,"bu","13:34:23",1742600
22700,100,900,"bu","13:34:22",1740600
22700,100,500,"bu","13:34:19",1739700
22700,100,100,"bu","13:34:17",1739200
22700,100,2000,"bu","13:34:16",1739100
22700,100,2200,"bu","13:34:09",1737100
22700,100,2500,"bu","13:34:08",1734900
22600,0,100,"sd","13:34:01",1732400
22700,100,3000,"bu","13:33:59",1732300
22600,0,300,"sd","13:33:51",1729300
22600,0,100,"sd","13:33:39",1729000
22600,0,100,"sd","13:33:35",1728900
22600,0,200,"sd","13:33:33",1728800
22600,0,30000,"bu","13:33:26",1728600
22600,0,2000,"bu","13:33:24",1698600
22600,0,1000,"bu","13:33:22",1696600
22600,0,1000,"bu","13:33:15",1695600
22600,0,2000,"bu","13:33:08",1694600
22600,0,1500,"bu","13:33:07",1692600
22600,0,2000,"bu","13:32:59",1691100
22600,0,1000,"bu","13:32:55",1689100
22600,0,500,"bu","13:32:51",1688100
22600,0,2000,"bu","13:32:49",1687600
22600,0,2500,"bu","13:32:43",1685600
22600,0,200,"bu","13:32:41",1683100
22600,0,2200,"bu","13:32:32",1682900
22500,-100,100,"sd","13:32:15",1680700
22500,-100,2800,"bu","13:32:07",1680600
22500,-100,5500,"bu","13:32:06",1677800
22500,-100,1400,"bu","13:32:05",1672300
22500,-100,800,"bu","13:32:03",1670900
22400,-200,11200,"sd","13:32:00",1670100
22500,-100,5000,"bu","13:31:58",1658900
22500,-100,100,"bu","13:31:57",1653900
22500,-100,1000,"bu","13:31:55",1653800
22500,-100,300,"bu","13:31:54",1652800
22500,-100,3100,"bu","13:31:53",1652500
22500,-100,5700,"bu","13:31:51",1649400
22500,-100,3400,"bu","13:31:50",1643700
22500,-100,1100,"bu","13:31:47",1640300
22500,-100,5500,"bu","13:31:44",1639200
22500,-100,800,"bu","13:31:42",1633700
22500,-100,500,"bu","13:31:40",1632900
22500,-100,100,"bu","13:31:37",1632400
22500,-100,10000,"bu","13:31:35",1632300
22500,-100,500,"bu","13:31:26",1622300
22500,-100,1800,"bu","13:31:19",1621800
22500,-100,300,"bu","13:31:18",1620000
22500,-100,1000,"bu","13:31:14",1619700
22500,-100,5500,"bu","13:31:09",1618700
22500,-100,100,"bu","13:31:07",1613200
22500,-100,2000,"bu","13:31:01",1613100
22500,-100,19400,"sd","13:30:49",1611100
22600,0,1000,"bu","13:30:44",1591700
22600,0,1000,"bu","13:30:32",1590700
22600,0,6000,"bu","13:30:30",1589700
22600,0,100,"bu","13:30:19",1583700
22500,-100,300,"sd","13:30:08",1583600
22600,0,2000,"bu","13:30:03",1583300
22600,0,600,"bu","13:30:02",1581300
22600,0,500,"bu","13:29:58",1580700
22600,0,100,"bu","13:29:52",1580200
22600,0,30000,"bu","13:29:47",1580100
22600,0,10000,"bu","13:29:34",1550100
22600,0,10000,"bu","13:29:29",1540100
22500,-100,6000,"sd","13:28:56",1530100
22500,-100,9600,"sd","13:28:43",1524100
22500,-100,1000,"bu","13:28:41",1514500
22500,-100,2300,"bu","13:28:33",1513500
22500,-100,700,"bu","13:28:32",1511200
22500,-100,6000,"bu","13:28:30",1510500
22500,-100,2000,"bu","13:28:26",1504500
22500,-100,1000,"bu","13:28:25",1502500
22500,-100,1700,"bu","13:28:21",1501500
22500,-100,1200,"bu","13:28:15",1499800
22500,-100,10000,"bu","13:28:12",1498600
22500,-100,5000,"bu","13:28:06",1488600
22500,-100,1000,"bu","13:28:01",1483600
22500,-100,200,"bu","13:27:53",1482600
22500,-100,800,"bu","13:27:44",1482400
22400,-200,700,"sd","13:27:43",1481600
22500,-100,2000,"bu","13:27:17",1480900
22400,-200,2000,"sd","13:27:12",1478900
22400,-200,500,"sd","13:27:07",1476900
22400,-200,10000,"sd","13:25:36",1476400
22500,-100,100,"bu","13:25:33",1466400
22400,-200,500,"sd","13:25:23",1466300
22400,-200,1000,"sd","13:24:57",1465800
22400,-200,600,"sd","13:24:46",1464800
22500,-100,100,"bu","13:24:41",1464200
22400,-200,1000,"sd","13:24:39",1464100
22400,-200,3000,"sd","13:24:26",1463100
22400,-200,600,"sd","13:24:08",1460100
22400,-200,100,"sd","13:23:54",1459500
22400,-200,600,"sd","13:23:46",1459400
22400,-200,200,"sd","13:23:11",1458800
22400,-200,1400,"sd","13:23:10",1458600
22400,-200,100,"sd","13:22:46",1457200
22400,-200,100,"sd","13:22:25",1457100
22400,-200,1000,"sd","13:22:24",1457000
22400,-200,300,"sd","13:22:00",1456000
22400,-200,100,"sd","13:21:53",1455700
22400,-200,1000,"sd","13:21:39",1455600
22400,-200,200,"sd","13:21:34",1454600
22400,-200,500,"sd","13:21:29",1454400
22400,-200,700,"sd","13:21:26",1453900
22400,-200,1000,"sd","13:20:50",1453200
22400,-200,100,"sd","13:20:46",1452200
22400,-200,200,"sd","13:20:00",1452100
22500,-100,2400,"bu","13:19:00",1451900
22400,-200,2000,"sd","13:18:46",1449500
22500,-100,100,"bu","13:17:52",1447500
22500,-100,25000,"bu","13:17:16",1447400
22400,-200,1000,"bu","13:17:09",1422400
22400,-200,2200,"bu","13:16:59",1421400
22400,-200,100,"bu","13:16:52",1419200
22400,-200,3000,"bu","13:16:51",1419100
22400,-200,2500,"bu","13:16:34",1416100
22400,-200,1000,"bu","13:16:31",1413600
22400,-200,3000,"bu","13:16:26",1412600
22400,-200,4300,"bu","13:16:10",1409600
22400,-200,300,"bu","13:16:09",1405300
22300,-300,100,"sd","13:16:05",1405000
22400,-200,200,"bu","13:16:04",1404900
22400,-200,5100,"bu","13:15:42",1404700
22400,-200,3600,"bu","13:15:35",1399600
22300,-300,1500,"sd","13:14:51",1396000
22400,-200,500,"bu","13:14:38",1394500
22300,-300,100,"sd","13:14:18",1394000
22400,-200,500,"bu","13:14:05",1393900
22400,-200,5000,"bu","13:14:02",1393400
22400,-200,5000,"bu","13:14:00",1388400
22300,-300,10000,"sd","13:13:56",1383400
22400,-200,5000,"bu","13:13:45",1373400
22400,-200,5000,"bu","13:13:44",1368400
22400,-200,5000,"bu","13:13:40",1363400
22400,-200,5000,"bu","13:13:38",1358400
22400,-200,5000,"bu","13:13:36",1353400
22300,-300,1000,"sd","13:13:31",1348400
22300,-300,1300,"sd","13:13:30",1347400
22300,-300,3900,"sd","13:13:29",1346100
22300,-300,5000,"sd","13:13:07",1342200
22400,-200,5000,"bu","13:12:57",1337200
22300,-300,5000,"sd","13:12:43",1332200
22300,-300,6000,"sd","13:11:58",1327200
22300,-300,400,"sd","13:11:26",1321200
22300,-300,100,"sd","13:11:04",1320800
22300,-300,1000,"sd","13:10:51",1320700
22300,-300,15000,"sd","13:10:38",1319700
22300,-300,100,"sd","13:10:30",1304700
22300,-300,2000,"sd","13:09:47",1304600
22300,-300,100,"sd","13:09:45",1302600
22300,-300,5600,"sd","13:09:29",1302500
22300,-300,200,"sd","13:09:22",1296900
22300,-300,1000,"sd","13:09:17",1296700
22300,-300,100,"sd","13:08:33",1295700
22300,-300,2000,"sd","13:07:52",1295600
22300,-300,2000,"sd","13:07:06",1293600
22300,-300,300,"sd","13:06:53",1291600
22300,-300,500,"sd","13:06:19",1291300
22300,-300,3300,"sd","13:06:08",1290800
22300,-300,7700,"sd","13:05:57",1287500
22300,-300,1000,"sd","13:05:47",1279800
22300,-300,200,"sd","13:05:43",1278800
22300,-300,500,"sd","13:05:37",1278600
22300,-300,3000,"sd","13:05:20",1278100
22300,-300,1000,"sd","13:05:17",1275100
22300,-300,1000,"sd","13:05:13",1274100
22300,-300,2200,"bu","13:05:04",1273100
22300,-300,1000,"bu","13:05:02",1270900
22300,-300,400,"bu","13:05:00",1269900
22300,-300,5000,"bu","13:04:59",1269500
22300,-300,1000,"bu","13:04:55",1264500
22300,-300,1000,"bu","13:04:54",1263500
22300,-300,2000,"bu","13:04:48",1262500
22300,-300,5000,"bu","13:04:47",1260500
22300,-300,800,"bu","13:04:43",1255500
22300,-300,5000,"bu","13:04:41",1254700
22300,-300,2000,"bu","13:04:32",1249700
22300,-300,50000,"bu","13:04:22",1247700
22200,-400,2000,"sd","13:04:14",1197700
22200,-400,5000,"sd","13:04:01",1195700
22200,-400,100,"sd","13:04:00",1190700
22200,-400,4300,"bu","13:03:50",1190600
22200,-400,100,"bu","13:03:47",1186300
22200,-400,6800,"sd","13:03:45",1186200
22200,-400,300,"bu","13:03:29",1179400
22200,-400,1000,"bu","13:03:18",1179100
22200,-400,400,"bu","13:03:11",1178100
22200,-400,1300,"sd","13:03:03",1177700
22200,-400,700,"sd","13:02:54",1176400
22200,-400,200,"bu","13:02:52",1175700
22200,-400,6600,"sd","13:02:50",1175500
22200,-400,1100,"bu","13:02:32",1168900
22200,-400,8800,"sd","13:02:27",1167800
22100,-500,100,"sd","13:02:24",1159000
22100,-500,500,"sd","13:02:07",1158900
22200,-400,100,"bu","13:01:57",1158400
22200,-400,2000,"bu","13:01:51",1158300
22200,-400,1200,"sd","13:01:50",1156300
22200,-400,1500,"sd","13:01:46",1155100
22200,-400,2000,"sd","13:01:41",1153600
22200,-400,14400,"sd","13:01:31",1151600
22200,-400,4500,"bu","13:01:30",1137200
22100,-500,100,"sd","13:01:28",1132700
22200,-400,300,"bu","13:00:52",1132600
22200,-400,103500,"bu","13:00:11",1132300
22300,-300,3700,"bu","13:00:10",1028800
22200,-400,2400,"sd","13:00:09",1025100
22200,-400,5700,"sd","13:00:08",1022700
22200,-400,8300,"sd","13:00:06",1017000
22200,-400,19200,"sd","13:00:05",1008700
22200,-400,4700,"sd","13:00:04",989500
22200,-400,200,"sd","11:30:01",984800
22200,-400,100,"sd","11:29:16",984600
22300,-300,100,"bu","11:28:38",984500
22300,-300,1000,"bu","11:28:25",984400
22300,-300,200,"bu","11:28:01",983400
22200,-400,1000,"sd","11:26:44",983200
22200,-400,1000,"sd","11:26:39",982200
22200,-400,300,"sd","11:26:35",981200
22200,-400,500,"sd","11:26:18",980900
22200,-400,1000,"sd","11:26:17",980400
22200,-400,1000,"sd","11:26:00",979400
22200,-400,3200,"sd","11:25:53",978400
22300,-300,2000,"bu","11:25:48",975200
22200,-400,100,"sd","11:25:05",973200
22300,-300,200,"bu","11:24:02",973100
22300,-300,100,"bu","11:23:55",972900
22300,-300,200,"bu","11:21:23",972800
22200,-400,500,"sd","11:20:50",972600
22300,-300,500,"bu","11:20:34",972100
22300,-300,500,"bu","11:20:06",971600
22300,-300,500,"bu","11:15:05",971100
22300,-300,200,"bu","11:14:27",970600
22300,-300,2000,"bu","11:13:19",970400
22200,-400,200,"sd","11:13:05",968400
22300,-300,5000,"bu","11:10:27",968200
22200,-400,200,"sd","11:10:22",963200
22300,-300,300,"bu","11:09:16",963000
22300,-300,100,"bu","11:09:00",962700
22300,-300,100,"bu","11:06:43",962600
22300,-300,500,"bu","11:06:32",962500
22300,-300,1000,"bu","11:05:45",962000
22200,-400,700,"sd","11:05:06",961000
22300,-300,1000,"bu","11:04:24",960300
22300,-300,500,"bu","11:03:47",959300
22300,-300,8300,"bu","11:03:11",958800
22200,-400,500,"sd","11:02:59",950500
22200,-400,11000,"bu","11:02:01",950000
22200,-400,600,"bu","11:01:53",939000
22200,-400,5000,"bu","11:01:48",938400
22200,-400,1100,"bu","11:01:43",933400
22200,-400,100,"bu","11:01:29",932300
22200,-400,300,"bu","11:01:25",932200
22200,-400,600,"bu","11:01:18",931900
22200,-400,5000,"bu","11:01:16",931300
22200,-400,200,"bu","11:01:10",926300
22200,-400,3200,"bu","11:01:02",926100
22200,-400,3000,"bu","11:00:27",922900
22200,-400,500,"bu","11:00:25",919900
22200,-400,10000,"bu","11:00:17",919400
22200,-400,100,"bu","11:00:11",909400
22200,-400,2000,"bu","11:00:03",909300
22200,-400,200,"bu","11:00:01",907300
22200,-400,100,"bu","10:59:33",907100
22200,-400,100,"bu","10:59:22",907000
22200,-400,100,"bu","10:59:10",906900
22200,-400,100,"bu","10:59:06",906800
22200,-400,400,"bu","10:58:50",906700
22200,-400,3200,"bu","10:58:20",906300
22200,-400,1500,"bu","10:58:11",903100
22200,-400,500,"bu","10:58:08",901600
22200,-400,100,"bu","10:58:06",901100
22200,-400,10000,"bu","10:57:44",901000
22200,-400,900,"bu","10:57:01",891000
22200,-400,5000,"bu","10:56:48",890100
22200,-400,100,"bu","10:56:31",885100
22200,-400,500,"bu","10:56:29",885000
22200,-400,1000,"bu","10:56:27",884500
22200,-400,200,"bu","10:56:25",883500
22200,-400,200,"bu","10:56:24",883300
22200,-400,2000,"bu","10:55:42",883100
22200,-400,500,"bu","10:55:39",881100
22200,-400,600,"bu","10:55:36",880600
22200,-400,100,"bu","10:55:30",880000
22200,-400,1200,"bu","10:55:28",879900
22200,-400,10000,"bu","10:55:25",878700
22200,-400,1000,"bu","10:55:19",868700
22200,-400,500,"bu","10:55:06",867700
22100,-500,1500,"sd","10:55:01",867200
22100,-500,1000,"sd","10:55:00",865700
22100,-500,100,"sd","10:54:36",864700
22200,-400,2000,"bu","10:54:35",864600
22100,-500,200,"sd","10:53:21",862600
22100,-500,4000,"sd","10:53:17",862400
22100,-500,5000,"sd","10:53:05",858400
22200,-400,400,"sd","10:52:48",853400
22200,-400,5000,"sd","10:52:46",853000
22200,-400,3500,"sd","10:52:40",848000
22200,-400,500,"sd","10:52:26",844500
22200,-400,1000,"sd","10:52:24",844000
22200,-400,1000,"sd","10:52:20",843000
22200,-400,17200,"sd","10:52:09",842000
22200,-400,200,"sd","10:52:07",824800
22200,-400,50000,"sd","10:51:35",824600
22300,-300,100,"bu","10:50:53",774600
22300,-300,1000,"bu","10:50:49",774500
22200,-400,900,"sd","10:50:31",773500
22300,-300,1500,"bu","10:50:26",772600
22300,-300,2500,"bu","10:50:07",771100
22300,-300,100,"bu","10:49:26",768600
22300,-300,100,"bu","10:48:48",768500
22300,-300,300,"bu","10:48:43",768400
22200,-400,20000,"sd","10:48:27",768100
22300,-300,1000,"bu","10:48:22",748100
22300,-300,100,"bu","10:48:12",747100
22300,-300,1200,"bu","10:47:59",747000
22300,-300,500,"bu","10:47:54",745800
22300,-300,1000,"bu","10:47:53",745300
22300,-300,2000,"bu","10:47:41",744300
22300,-300,20000,"bu","10:47:36",742300
22300,-300,3000,"bu","10:47:32",722300
22300,-300,21000,"bu","10:47:29",719300
22300,-300,1400,"bu","10:47:12",698300
22200,-400,400,"sd","10:47:08",696900
22300,-300,2800,"bu","10:46:55",696500
22300,-300,200,"bu","10:46:32",693700
22300,-300,1000,"bu","10:46:04",693500
22300,-300,1000,"bu","10:46:00",692500
22300,-300,200,"bu","10:45:32",691500
22300,-300,1000,"bu","10:45:15",691300
22300,-300,3800,"bu","10:45:10",690300
22300,-300,5000,"bu","10:44:46",686500
22200,-400,2000,"sd","10:44:34",681500
22300,-300,2000,"bu","10:44:27",679500
22300,-300,1100,"bu","10:44:23",677500
22300,-300,500,"bu","10:43:48",676400
22300,-300,5000,"bu","10:43:38",675900
22300,-300,1500,"bu","10:43:37",670900
22300,-300,1500,"bu","10:43:30",669400
22300,-300,1500,"bu","10:43:20",667900
22300,-300,3000,"bu","10:43:07",666400
22300,-300,1000,"bu","10:42:39",663400
22300,-300,500,"bu","10:42:04",662400
22300,-300,100,"bu","10:41:57",661900
22300,-300,1000,"bu","10:41:37",661800
22300,-300,100,"bu","10:41:34",660800
22200,-400,6600,"sd","10:41:21",660700
22200,-400,100,"sd","10:40:51",654100
22200,-400,100,"sd","10:40:42",654000
22200,-400,300,"sd","10:40:41",653900
22200,-400,12000,"sd","10:39:55",653600
22300,-300,5000,"bu","10:39:15",641600
22300,-300,10000,"bu","10:38:53",636600
22300,-300,300,"bu","10:38:34",626600
22300,-300,100,"bu","10:38:02",626300
22200,-400,200,"sd","10:37:55",626200
22200,-400,700,"sd","10:36:42",626000
22300,-300,100,"bu","10:36:31",625300
22300,-300,500,"bu","10:36:18",625200
22300,-300,1000,"bu","10:36:16",624700
22300,-300,10000,"bu","10:35:49",623700
22300,-300,200,"bu","10:35:27",613700
22300,-300,100,"bu","10:35:16",613500
22300,-300,100,"bu","10:35:06",613400
22300,-300,4100,"sd","10:35:05",613300
22300,-300,5000,"sd","10:34:50",609200
22300,-300,500,"sd","10:34:42",604200
22300,-300,1000,"sd","10:34:41",603700
22300,-300,500,"sd","10:34:40",602700
22300,-300,3000,"sd","10:34:30",602200
22300,-300,6800,"bu","10:33:51",599200
22300,-300,800,"bu","10:33:26",592400
22300,-300,4000,"bu","10:33:20",591600
22200,-400,100,"sd","10:33:19",587600
22200,-400,500,"sd","10:33:15",587500
22200,-400,200,"sd","10:32:19",587000
22200,-400,4500,"sd","10:32:18",586800
22200,-400,2000,"sd","10:32:00",582300
22300,-300,500,"bu","10:31:50",580300
22300,-300,1000,"bu","10:31:40",579800
22300,-300,200,"bu","10:31:39",578800
22300,-300,3900,"sd","10:31:14",578600
22300,-300,20000,"sd","10:31:09",574700
22300,-300,100,"sd","10:30:41",554700
22400,-200,300,"bu","10:30:15",554600
22300,-300,10000,"sd","10:30:04",554300
22400,-200,100,"bu","10:30:03",544300
22400,-200,200,"bu","10:30:01",544200
22300,-300,11100,"sd","10:29:29",544000
22300,-300,3500,"sd","10:29:20",532900
22300,-300,400,"sd","10:28:56",529400
22300,-300,5000,"sd","10:28:55",529000
22300,-300,8000,"sd","10:28:51",524000
22300,-300,500,"sd","10:28:06",516000
22400,-200,200,"bu","10:27:38",515500
22400,-200,1000,"bu","10:27:30",515300
22300,-300,300,"sd","10:27:27",514300
22400,-200,200,"bu","10:27:13",514000
22400,-200,100,"bu","10:26:51",513800
22400,-200,200,"bu","10:26:34",513700
22400,-200,100,"bu","10:25:11",513500
22400,-200,5000,"bu","10:24:39",513400
22400,-200,5000,"bu","10:23:32",508400
22400,-200,100,"bu","10:23:25",503400
22300,-300,200,"sd","10:23:24",503300
22400,-200,100,"bu","10:22:03",503100
22300,-300,2000,"sd","10:22:01",503000
22400,-200,1000,"bu","10:21:47",501000
22400,-200,1000,"bu","10:21:40",500000
22400,-200,5000,"bu","10:21:29",499000
22400,-200,1000,"bu","10:20:54",494000
22400,-200,5000,"bu","10:20:52",493000
22400,-200,300,"bu","10:20:31",488000
22400,-200,2000,"bu","10:19:13",487700
22400,-200,1000,"bu","10:19:08",485700
22300,-300,1000,"sd","10:18:55",484700
22300,-300,1900,"sd","10:18:12",483700
22300,-300,3000,"sd","10:17:55",481800
22300,-300,500,"sd","10:17:53",478800
22300,-300,100,"sd","10:17:39",478300
22300,-300,100,"sd","10:17:34",478200
22300,-300,200,"sd","10:16:47",478100
22300,-300,500,"sd","10:16:45",477900
22300,-300,900,"sd","10:16:07",477400
22300,-300,1000,"sd","10:15:56",476500
22300,-300,500,"sd","10:15:47",475500
22300,-300,100,"sd","10:15:31",475000
22400,-200,200,"bu","10:15:07",474900
22300,-300,900,"sd","10:14:45",474700
22300,-300,100,"sd","10:13:59",473800
22300,-300,2700,"bu","10:13:56",473700
22300,-300,5100,"bu","10:13:52",471000
22300,-300,2600,"bu","10:13:22",465900
22300,-300,500,"sd","10:13:09",463300
22300,-300,50000,"sd","10:12:55",462800
22300,-300,3000,"sd","10:11:42",412800
22300,-300,800,"sd","10:11:29",409800
22400,-200,1000,"bu","10:11:11",409000
22400,-200,100,"bu","10:10:10",408000
22300,-300,100,"sd","10:10:05",407900
22300,-300,100,"sd","10:09:53",407800
22300,-300,300,"sd","10:09:22",407700
22400,-200,100,"bu","10:09:18",407400
22300,-300,5000,"sd","10:09:17",407300
22300,-300,100,"sd","10:08:04",402300
22300,-300,400,"sd","10:07:24",402200
22300,-300,1000,"sd","10:06:40",401800
22400,-200,500,"bu","10:05:56",400800
22400,-200,200,"bu","10:05:52",400300
22400,-200,200,"bu","10:05:48",400100
22400,-200,500,"bu","10:05:37",399900
22400,-200,1700,"bu","10:03:36",399400
22400,-200,200,"bu","10:03:17",397700
22400,-200,1000,"bu","10:01:53",397500
22300,-300,1000,"sd","10:01:38",396500
22400,-200,1000,"bu","10:01:29",395500
22400,-200,100,"bu","10:01:09",394500
22300,-300,200,"sd","10:00:49",394400
22300,-300,3500,"sd","09:59:51",394200
22300,-300,500,"sd","09:58:47",390700
22300,-300,200,"sd","09:58:29",390200
22300,-300,1600,"sd","09:58:13",390000
22400,-200,400,"bu","09:57:05",388400
22400,-200,100,"bu","09:55:59",388000
22300,-300,2000,"sd","09:55:51",387900
22400,-200,100,"bu","09:55:25",385900
22400,-200,12000,"bu","09:55:21",385800
22400,-200,500,"bu","09:54:14",373800
22400,-200,400,"sd","09:53:34",373300
22400,-200,5000,"sd","09:53:33",372900
22400,-200,200,"sd","09:53:32",367900
22400,-200,200,"sd","09:53:15",367700
22400,-200,1000,"sd","09:53:10",367500
22400,-200,1000,"sd","09:53:08",366500
22400,-200,600,"sd","09:53:00",365500
22400,-200,500,"sd","09:52:41",364900
22400,-200,10000,"sd","09:52:20",364400
22400,-200,500,"sd","09:52:15",354400
22500,-100,1400,"bu","09:51:35",353900
22400,-200,10000,"sd","09:51:04",352500
22400,-200,400,"sd","09:50:11",342500
22500,-100,100,"bu","09:50:06",342100
22400,-200,500,"sd","09:49:44",342000
22500,-100,2000,"bu","09:49:41",341500
22400,-200,2000,"sd","09:49:14",339500
22400,-200,500,"sd","09:48:53",337500
22500,-100,10000,"bu","09:48:46",337000
22500,-100,100,"bu","09:48:35",327000
22400,-200,6000,"sd","09:48:32",326900
22500,-100,23900,"sd","09:48:00",320900
22500,-100,500,"sd","09:47:53",297000
22500,-100,200,"sd","09:47:50",296500
22500,-100,10000,"sd","09:47:33",296300
22500,-100,500,"sd","09:47:16",286300
22500,-100,500,"sd","09:47:15",285800
22500,-100,14500,"sd","09:47:08",285300
22500,-100,500,"bu","09:46:49",270800
22500,-100,100,"sd","09:46:44",270300
22500,-100,1000,"sd","09:46:35",270200
22500,-100,500,"sd","09:46:28",269200
22500,-100,1000,"sd","09:46:27",268700
22500,-100,2500,"sd","09:45:18",267700
22500,-100,500,"sd","09:44:57",265200
22500,-100,2400,"sd","09:44:56",264700
22500,-100,100,"sd","09:44:39",262300
22500,-100,2000,"sd","09:44:32",262200
22500,-100,1000,"sd","09:43:51",260200
22500,-100,1000,"sd","09:43:45",259200
22500,-100,5000,"sd","09:43:05",258200
22600,0,100,"bu","09:42:35",253200
22600,0,500,"bu","09:42:13",253100
22500,-100,500,"sd","09:42:07",252600
22500,-100,500,"sd","09:41:35",252100
22500,-100,2400,"sd","09:41:22",251600
22500,-100,1000,"sd","09:41:09",249200
22500,-100,9000,"sd","09:41:06",248200
22500,-100,500,"sd","09:40:59",239200
22500,-100,1000,"sd","09:40:47",238700
22500,-100,1000,"sd","09:40:43",237700
22500,-100,1000,"sd","09:40:34",236700
22500,-100,3000,"sd","09:40:11",235700
22600,0,500,"bu","09:39:35",232700
22500,-100,3600,"sd","09:39:33",232200
22500,-100,500,"sd","09:39:00",228600
22500,-100,3000,"sd","09:38:59",228100
22500,-100,2000,"sd","09:38:56",225100
22500,-100,100,"sd","09:38:32",223100
22500,-100,500,"sd","09:37:59",223000
22500,-100,500,"sd","09:37:34",222500
22500,-100,500,"sd","09:37:08",222000
22500,-100,20000,"sd","09:37:06",221500
22500,-100,5000,"sd","09:36:52",201500
22500,-100,15600,"bu","09:36:42",196500
22500,-100,500,"bu","09:36:38",180900
22500,-100,300,"bu","09:36:36",180400
22500,-100,2000,"bu","09:36:35",180100
22400,-200,100,"sd","09:36:34",178100
22500,-100,300,"bu","09:36:32",178000
22500,-100,100,"sd","09:36:30",177700
22500,-100,500,"sd","09:36:23",177600
22500,-100,5000,"sd","09:36:19",177100
22500,-100,5000,"sd","09:36:18",172100
22500,-100,200,"sd","09:35:57",167100
22500,-100,2000,"sd","09:35:49",166900
22500,-100,500,"sd","09:35:48",164900
22500,-100,100,"sd","09:35:33",164400
22500,-100,500,"sd","09:35:07",164300
22500,-100,200,"sd","09:34:45",163800
22500,-100,500,"sd","09:34:19",163600
22500,-100,2000,"sd","09:34:17",163100
22500,-100,500,"sd","09:33:41",161100
22500,-100,1000,"sd","09:33:19",160600
22600,0,200,"bu","09:32:39",159600
22600,0,2100,"bu","09:32:32",159400
22600,0,900,"bu","09:32:11",157300
22500,-100,500,"sd","09:32:10",156400
22500,-100,200,"sd","09:31:43",155900
22500,-100,500,"sd","09:31:31",155700
22500,-100,100,"sd","09:31:01",155200
22500,-100,300,"sd","09:31:00",155100
22500,-100,500,"sd","09:30:59",154800
22500,-100,800,"sd","09:30:47",154300
22500,-100,100,"sd","09:30:44",153500
22500,-100,500,"sd","09:30:37",153400
22500,-100,100,"sd","09:30:34",152900
22500,-100,2400,"sd","09:30:33",152800
22500,-100,1000,"bu","09:30:12",150400
22500,-100,9000,"bu","09:30:07",149400
22500,-100,300,"bu","09:30:06",140400
22500,-100,100,"bu","09:29:57",140100
22500,-100,500,"bu","09:29:41",140000
22400,-200,1100,"sd","09:29:34",139500
22500,-100,2000,"bu","09:27:42",138400
22400,-200,500,"sd","09:27:15",136400
22400,-200,1000,"sd","09:27:07",135900
22400,-200,500,"sd","09:27:06",134900
22400,-200,1200,"sd","09:26:58",134400
22400,-200,600,"sd","09:26:02",133200
22500,-100,5000,"bu","09:25:53",132600
22400,-200,500,"sd","09:25:35",127600
22400,-200,400,"sd","09:25:28",127100
22400,-200,2600,"bu","09:25:27",126700
22400,-200,500,"sd","09:25:21",124100
22400,-200,200,"sd","09:25:14",123600
22400,-200,200,"sd","09:25:05",123400
22400,-200,100,"bu","09:24:58",123200
22400,-200,200,"bu","09:24:57",123100
22400,-200,1000,"bu","09:24:53",122900
22400,-200,200,"bu","09:24:52",121900
22400,-200,100,"bu","09:24:47",121700
22400,-200,200,"bu","09:24:45",121600
22400,-200,2000,"bu","09:24:42",121400
22400,-200,200,"bu","09:24:39",119400
22400,-200,200,"bu","09:24:38",119200
22400,-200,200,"bu","09:24:26",119000
22400,-200,1000,"bu","09:24:23",118800
22400,-200,1000,"bu","09:24:17",117800
22400,-200,100,"bu","09:24:02",116800
22300,-300,500,"sd","09:23:15",116700
22300,-300,2800,"sd","09:23:13",116200
22300,-300,200,"sd","09:23:09",113400
22300,-300,300,"sd","09:22:40",113200
22300,-300,200,"bu","09:22:39",112900
22400,-200,3000,"bu","09:22:38",112700
22300,-300,10100,"sd","09:22:27",109700
22300,-300,1000,"sd","09:22:23",99600
22300,-300,100,"sd","09:22:03",98600
22400,-200,100,"bu","09:21:34",98500
22400,-200,2300,"bu","09:21:17",98400
22400,-200,300,"sd","09:21:15",96100
22400,-200,500,"sd","09:20:58",95800
22400,-200,200,"sd","09:20:52",95300
22400,-200,500,"sd","09:20:49",95100
22400,-200,800,"sd","09:20:45",94600
22400,-200,4900,"sd","09:20:29",93800
22400,-200,4500,"sd","09:20:17",88900
22400,-200,500,"sd","09:20:10",84400
22400,-200,200,"sd","09:20:08",83900
22400,-200,5000,"sd","09:20:05",83700
22400,-200,3000,"sd","09:19:49",78700
22500,-100,3000,"bu","09:19:21",75700
22500,-100,21300,"bu","09:19:15",72700
22500,-100,500,"sd","09:19:12",51400
22500,-100,400,"sd","09:19:05",50900
22500,-100,3800,"sd","09:19:04",50500
22600,0,1000,"bu","09:18:17",46700
22600,0,100,"bu","09:17:04",45700
22600,0,100,"bu","09:16:31",45600
22600,0,400,"bu","09:16:13",45500
22600,0,200,"sd","09:14:34",45100
22600,0,500,"sd","09:14:12",44900
22600,0,200,"sd","09:13:56",44400
22600,0,100,"sd","09:13:41",44200
22600,0,11000,"bu","09:13:01",44100
22600,0,100,"bu","09:12:58",33100
22600,0,1800,"bu","09:11:04",33000
22600,0,100,"bu","09:09:22",31200
22600,0,300,"bu","09:09:11",31100
22600,0,200,"bu","09:09:01",30800
22600,0,100,"bu","09:05:14",30600
22500,-100,600,"sd","09:04:10",30500
22600,0,100,"bu","09:02:10",29900
22600,0,14400,"sd","09:02:01",29800
22600,0,500,"sd","09:01:41",15400
22600,0,3000,"sd","09:01:10",14900
22700,100,5000,"bu","09:01:06",11900
22600,0,100,"bu","09:00:31",6900
22600,0,500,"sd","09:00:20",6800
22800,200,1000,"bu","09:00:18",6300
22600,0,2500,"sd","09:00:15",5300
22600,0,200,"sd","09:00:13",2800
22600,0,2000,"sd","09:00:09",2600
22700,100,500,"bu","09:00:08",600
22600,0,100,"sd","09:00:03",100
