"price","change","match_qtty","side","time","total_vol"
24800,-200,5700,"bu","14:45:03",118600
24800,-200,1600,"bu","14:29:16",112900
24800,-200,100,"bu","14:29:16",111300
24800,-200,2300,"bu","14:29:16",111200
24800,-200,100,"bu","14:29:02",108900
24700,-300,100,"sd","14:27:34",108800
24700,-300,900,"sd","14:27:26",108700
24800,-200,400,"bu","14:24:36",107800
24800,-200,2600,"sd","14:24:29",107400
24800,-200,600,"sd","14:24:18",104800
24800,-200,1000,"sd","14:22:52",104200
24800,-200,500,"sd","14:22:25",103200
24800,-200,900,"sd","14:22:18",102700
24800,-200,900,"sd","14:22:07",101800
24700,-300,1000,"sd","14:20:55",100900
24800,-200,13000,"bu","14:20:30",99900
24700,-300,100,"sd","14:08:33",86900
24700,-300,800,"sd","14:08:33",86800
24700,-300,100,"sd","14:08:33",86000
24700,-300,100,"sd","14:05:06",85900
24700,-300,400,"sd","14:05:06",85800
24800,-200,3000,"bu","14:02:23",85400
24700,-300,1200,"sd","14:01:39",82400
24800,-200,500,"bu","13:56:36",81200
24800,-200,100,"bu","13:56:29",80700
24700,-300,1000,"sd","13:54:59",80600
24700,-300,900,"sd","13:53:35",79600
24700,-300,6500,"sd","13:53:29",78700
24650,-350,100,"sd","13:46:28",72200
24650,-350,100,"sd","13:43:21",72100
24650,-350,200,"sd","13:40:57",72000
24700,-300,1000,"sd","13:38:01",71800
24700,-300,1000,"sd","13:38:01",70800
24700,-300,1500,"sd","13:38:01",69800
24700,-300,500,"bu","13:35:47",68300
24700,-300,100,"bu","13:35:42",67800
24700,-300,1400,"bu","13:35:28",67700
24700,-300,600,"bu","13:35:28",66300
24700,-300,500,"unknown","13:31:20",65700
24700,-300,1000,"unknown","13:30:58",65200
24700,-300,1100,"sd","13:30:58",64200
24800,-200,1600,"bu","13:30:32",63100
24800,-200,400,"bu","13:28:36",61500
24700,-300,1000,"sd","13:27:59",61100
24800,-200,400,"bu","13:27:14",60100
24700,-300,900,"bu","13:26:05",59700
24700,-300,200,"bu","13:25:15",58800
24700,-300,300,"bu","13:20:53",58600
24700,-300,5000,"bu","13:20:45",58300
24700,-300,500,"sd","13:20:25",53300
24700,-300,1000,"sd","13:20:25",52800
24700,-300,2000,"sd","13:20:25",51800
24700,-300,100,"sd","13:20:25",49800
24800,-200,3000,"bu","13:19:54",49700
24800,-200,100,"sd","13:19:41",46700
24800,-200,500,"sd","13:19:41",46600
24800,-200,100,"sd","13:19:40",46100
24800,-200,4000,"sd","13:19:40",46000
24800,-200,1500,"sd","13:19:40",42000
24800,-200,500,"sd","13:19:34",40500
24800,-200,3000,"sd","13:18:55",40000
24800,-200,500,"sd","13:18:55",37000
24850,-150,400,"sd","13:17:51",36500
24850,-150,200,"sd","13:17:51",36100
24900,-100,100,"bu","13:12:13",35900
24850,-150,300,"sd","13:08:38",35800
24850,-150,500,"sd","13:06:45",35500
24850,-150,500,"sd","13:03:59",35000
24850,-150,900,"sd","13:00:15",34500
24850,-150,600,"bu","11:29:04",33600
24850,-150,1000,"bu","11:28:15",33000
24850,-150,1000,"sd","11:27:17",32000
24850,-150,500,"sd","11:27:17",31000
24850,-150,500,"sd","11:22:56",30500
24850,-150,800,"sd","11:18:21",30000
24950,-50,1400,"bu","11:11:48",29200
24850,-150,200,"sd","11:05:23",27800
24900,-100,200,"bu","11:01:47",27600
24900,-100,1000,"bu","10:55:46",27400
24900,-100,1000,"bu","10:52:40",26400
24900,-100,1000,"sd","10:52:31",25400
24900,-100,300,"sd","10:52:31",24400
24900,-100,100,"sd","10:52:30",24100
24900,-100,400,"sd","10:52:30",24000
24900,-100,400,"sd","10:45:58",23600
24900,-100,100,"sd","10:42:10",23200
24900,-100,900,"sd","10:42:10",23100
24900,-100,100,"sd","10:41:57",22200
24900,-100,1000,"sd","10:41:57",22100
24900,-100,1000,"sd","10:41:57",21100
24900,-100,500,"sd","10:41:57",20100
24950,-50,100,"bu","10:38:28",19600
24950,-50,300,"sd","10:36:38",19500
24950,-50,100,"bu","10:35:24",19200
24950,-50,500,"bu","10:35:24",19100
24950,-50,1000,"bu","10:35:18",18600
24950,-50,1000,"sd","10:29:44",17600
25000,0,100,"bu","10:25:18",16600
25000,0,100,"bu","10:20:55",16500
25000,0,300,"sd","10:09:39",16400
25000,0,100,"bu","10:07:50",16100
25000,0,200,"bu","10:07:50",16000
24900,-100,100,"sd","10:04:09",15800
24900,-100,300,"sd","10:02:11",15700
25000,0,500,"sd","10:01:22",15400
25000,0,300,"sd","10:01:22",14900
25000,0,100,"sd","10:00:37",14600
25000,0,100,"bu","09:58:56",14500
25000,0,900,"bu","09:57:17",14400
25000,0,100,"bu","09:57:17",13500
25000,0,500,"sd","09:52:36",13400
25000,0,1000,"sd","09:52:36",12900
25000,0,1000,"sd","09:46:18",11900
25000,0,2000,"sd","09:46:18",10900
25000,0,1000,"sd","09:45:27",8900
25000,0,200,"bu","09:45:26",7900
25000,0,800,"bu","09:45:26",7700
25000,0,200,"sd","09:40:02",6900
25000,0,100,"bu","09:39:47",6700
25000,0,100,"bu","09:39:47",6600
25000,0,100,"bu","09:38:05",6500
25000,0,100,"bu","09:37:38",6400
25000,0,200,"bu","09:37:38",6300
24900,-100,100,"sd","09:35:28",6100
24900,-100,1500,"sd","09:32:35",6000
24900,-100,100,"sd","09:32:35",4500
24900,-100,400,"sd","09:32:35",4400
24900,-100,600,"sd","09:31:49",4000
24900,-100,500,"sd","09:31:49",3400
24900,-100,200,"sd","09:31:49",2900
24900,-100,300,"sd","09:31:49",2700
24900,-100,100,"sd","09:28:50",2400
24900,-100,300,"sd","09:28:11",2300
24900,-100,300,"sd","09:28:10",2000
25000,0,100,"bu","09:26:49",1700
25000,0,900,"bu","09:26:49",1600
25000,0,100,"sd","09:15:16",700
25000,0,500,"sd","09:15:12",600
25200,200,100,"unknown","09:15:03",100
