"price","change","match_qtty","side","time","total_vol"
8.04,0.04,100,"sd","14:45:03",79400
8,0,300,"bu","14:29:22",79300
7.98,-0.02,100,"sd","14:19:37",79000
8,0,1900,"bu","14:15:29",78900
8,0,8100,"bu","14:15:29",77000
8,0,1900,"sd","14:14:50",68900
8,0,2900,"sd","14:14:30",67000
8,0,100,"sd","14:14:30",64100
8,0,500,"sd","14:13:03",64000
8,0,1800,"sd","14:12:34",63500
8,0,2000,"sd","14:12:27",61700
8,0,1000,"sd","14:11:31",59700
8,0,200,"bu","14:10:13",58700
8,0,200,"bu","14:10:12",58500
8,0,10200,"bu","14:10:12",58300
8,0,3000,"bu","14:10:12",48100
8,0,1000,"bu","14:10:12",45100
8,0,200,"bu","13:57:33",44100
8,0,100,"bu","13:41:30",43900
7.99,-0.01,100,"bu","13:41:30",43800
7.88,-0.12,1800,"bu","13:36:28",43700
7.88,-0.12,100,"bu","13:36:25",41900
7.88,-0.12,1000,"bu","13:35:24",41800
7.88,-0.12,4000,"sd","13:35:09",40800
7.88,-0.12,2000,"sd","13:35:09",36800
7.88,-0.12,100,"sd","13:35:09",34800
7.99,-0.01,1000,"sd","13:35:09",34700
7.99,-0.01,1000,"sd","13:33:14",33700
8,0,200,"bu","13:14:09",32700
7.9,-0.1,500,"sd","13:12:10",32500
7.9,-0.1,4500,"bu","13:11:56",32000
7.9,-0.1,1500,"bu","13:11:23",27500
7.9,-0.1,100,"bu","13:10:51",26000
7.9,-0.1,3000,"bu","13:10:49",25900
7.9,-0.1,1000,"bu","13:10:18",22900
7.9,-0.1,100,"bu","13:03:06",21900
7.95,-0.05,100,"bu","13:00:15",21800
7.95,-0.05,100,"bu","13:00:15",21700
7.95,-0.05,2000,"bu","13:00:15",21600
7.95,-0.05,300,"bu","13:00:14",19600
7.95,-0.05,1000,"bu","13:00:14",19300
7.95,-0.05,2400,"bu","13:00:13",18300
7.96,-0.04,100,"bu","13:00:13",15900
7.98,-0.02,2900,"bu","13:00:13",15800
7.99,-0.01,200,"bu","13:00:13",12900
8.05,0.05,1100,"bu","13:00:12",12700
8.05,0.05,100,"bu","11:28:34",11600
8,0,100,"bu","11:19:35",11500
8,0,200,"bu","11:17:44",11400
8,0,100,"bu","11:16:34",11200
8,0,100,"sd","11:14:38",11100
8.09,0.09,100,"bu","11:13:25",11000
7.98,-0.02,100,"sd","11:02:06",10900
7.98,-0.02,100,"sd","11:02:06",10800
8.09,0.09,100,"bu","10:50:45",10700
7.95,-0.05,400,"sd","10:41:36",10600
7.98,-0.02,200,"bu","10:40:29",10200
7.98,-0.02,200,"bu","10:40:08",10000
7.98,-0.02,400,"bu","10:30:17",9800
7.96,-0.04,100,"unknown","10:29:55",9400
7.98,-0.02,100,"sd","10:29:13",9300
7.99,-0.01,100,"sd","10:28:24",9200
8.19,0.19,100,"unknown","09:53:11",9100
8.19,0.19,100,"bu","09:53:11",9000
7.96,-0.04,500,"sd","09:51:18",8900
7.95,-0.05,500,"sd","09:42:06",8400
7.95,-0.05,500,"sd","09:40:03",7900
7.96,-0.04,100,"bu","09:38:38",7400
7.95,-0.05,1600,"sd","09:29:57",7300
7.95,-0.05,100,"sd","09:29:57",5700
7.96,-0.04,2500,"sd","09:29:57",5600
8,0,3000,"sd","09:29:57",3100
7.96,-0.04,100,"unknown","09:15:03",100
