"price","change","match_qtty","side","time","total_vol"
4000,0,26000,"sd","14:45:00",788500
4100,100,2000,"bu","14:29:13",762500
4100,100,1000,"bu","14:26:49",760500
4100,100,10000,"bu","14:23:51",759500
4100,100,1000,"bu","14:22:38",749500
4100,100,100,"bu","14:22:18",748500
4000,0,5000,"sd","14:21:59",748400
4000,0,1000,"sd","14:18:57",743400
4100,100,100,"bu","14:17:35",742400
4000,0,100,"sd","14:17:18",742300
4000,0,700,"sd","14:16:47",742200
4000,0,300,"sd","14:16:31",741500
4000,0,1000,"sd","14:16:28",741200
4000,0,1000,"sd","14:16:20",740200
4100,100,100,"bu","14:15:45",739200
4000,0,3000,"sd","14:15:38",739100
4000,0,2000,"sd","14:15:31",736100
4000,0,1000,"sd","14:15:16",734100
4000,0,13900,"sd","14:15:10",733100
4000,0,10000,"sd","14:14:58",719200
4000,0,500,"sd","14:14:57",709200
4000,0,1000,"sd","14:14:46",708700
4000,0,3400,"sd","14:14:41",707700
4000,0,5100,"sd","14:14:27",704300
4100,100,100,"bu","14:14:22",699200
4000,0,500,"sd","14:13:28",699100
4000,0,500,"sd","14:13:25",698600
4100,100,300,"bu","14:13:23",698100
4100,100,100,"bu","14:13:06",697800
4000,0,100,"sd","14:12:52",697700
4000,0,2000,"sd","14:12:28",697600
4100,100,100,"bu","14:12:24",695600
4000,0,100,"sd","14:12:06",695500
4000,0,1300,"sd","14:11:29",695400
4000,0,1000,"sd","14:10:58",694100
4100,100,100,"bu","14:10:54",693100
4000,0,3000,"sd","14:10:30",693000
4000,0,20000,"sd","14:10:13",690000
4100,100,100,"bu","14:10:12",670000
4000,0,1500,"sd","14:09:48",669900
4000,0,800,"sd","14:09:23",668400
4000,0,600,"sd","14:06:15",667600
4100,100,2000,"bu","13:59:42",667000
4100,100,500,"bu","13:55:13",665000
4100,100,300,"bu","13:46:58",664500
4100,100,200,"bu","13:43:40",664200
4000,0,3000,"bu","13:42:54",664000
4000,0,1000,"bu","13:41:22",661000
4000,0,500,"bu","13:40:32",660000
4000,0,3000,"bu","13:39:36",659500
4000,0,5000,"bu","13:37:43",656500
4000,0,500,"bu","13:36:43",651500
4000,0,100,"bu","13:35:33",651000
4000,0,100,"bu","13:34:49",650900
4000,0,5000,"bu","13:34:12",650800
4000,0,100,"bu","13:33:44",645800
4000,0,1000,"bu","13:33:33",645700
4000,0,5000,"bu","13:33:25",644700
4000,0,500,"bu","13:32:41",639700
4000,0,2000,"bu","13:31:43",639200
4000,0,1000,"bu","13:29:13",637200
4000,0,100,"bu","13:28:04",636200
4000,0,400,"bu","13:27:05",636100
4000,0,3000,"bu","13:26:37",635700
4000,0,400,"bu","13:26:26",632700
4000,0,2000,"bu","13:24:39",632300
4000,0,2000,"bu","13:24:10",630300
4000,0,2500,"bu","13:24:08",628300
4000,0,200,"bu","13:23:57",625800
4000,0,2000,"bu","13:23:53",625600
4000,0,300,"bu","13:23:37",623600
4000,0,400,"bu","13:23:06",623300
4000,0,100,"bu","13:21:14",622900
4000,0,500,"bu","13:19:33",622800
4000,0,1800,"bu","13:18:52",622300
4000,0,100,"bu","13:18:24",620500
4000,0,100,"bu","13:18:18",620400
4000,0,100,"bu","13:18:13",620300
4000,0,5700,"bu","13:17:44",620200
3900,-100,1000,"sd","13:17:41",614500
4000,0,2000,"bu","13:17:37",613500
4000,0,100,"bu","13:17:02",611500
4000,0,1500,"bu","13:16:58",611400
4000,0,2000,"bu","13:16:53",609900
4000,0,1000,"bu","13:15:57",607900
4000,0,2000,"bu","13:15:24",606900
4000,0,100,"bu","13:15:21",604900
4000,0,4000,"bu","13:15:17",604800
4000,0,100,"sd","13:15:01",600800
4100,100,100,"bu","13:14:27",600700
4000,0,2000,"sd","13:14:15",600600
4100,100,100,"bu","13:14:09",598600
4000,0,300,"sd","13:13:08",598500
4000,0,600,"sd","13:12:54",598200
4000,0,300,"sd","13:12:33",597600
4100,100,100,"bu","13:12:23",597300
4000,0,4000,"sd","13:12:17",597200
4000,0,100,"sd","13:11:57",593200
4100,100,100,"bu","13:10:45",593100
4000,0,500,"sd","13:10:30",593000
4100,100,100,"bu","13:10:03",592500
4000,0,70000,"sd","13:09:51",592400
4000,0,500,"sd","13:09:43",522400
4000,0,7500,"sd","13:08:11",521900
4000,0,2000,"sd","13:07:53",514400
4000,0,3000,"sd","13:07:15",512400
4000,0,11000,"sd","13:05:58",509400
4000,0,5000,"sd","13:04:23",498400
4100,100,7400,"bu","13:00:08",493400
4000,0,300,"sd","13:00:04",486000
4100,100,100,"bu","11:26:40",485700
4000,0,181000,"sd","11:25:13",485600
4000,0,1000,"sd","11:24:58",304600
4000,0,23200,"sd","11:24:18",303600
4000,0,1000,"sd","11:18:08",280400
4000,0,10000,"sd","11:16:10",279400
4100,100,100,"bu","11:15:18",269400
4100,100,100,"bu","11:13:00",269300
4100,100,100,"bu","11:12:48",269200
4000,0,5000,"sd","11:12:41",269100
4000,0,400,"sd","11:09:05",264100
4100,100,100,"bu","11:03:07",263700
4100,100,100,"bu","10:57:04",263600
4000,0,2500,"sd","10:56:26",263500
4100,100,2000,"bu","10:55:31",261000
4100,100,1000,"bu","10:48:02",259000
4100,100,2500,"bu","10:47:20",258000
4100,100,100,"bu","10:38:45",255500
4000,0,7000,"sd","10:38:23",255400
4000,0,10000,"sd","10:35:44",248400
4000,0,1000,"sd","10:34:07",238400
4100,100,100,"bu","10:31:46",237400
4100,100,100,"bu","10:30:31",237300
4000,0,900,"sd","10:30:16",237200
4100,100,1100,"bu","10:26:04",236300
4100,100,100,"bu","10:25:16",235200
4100,100,100,"bu","10:24:23",235100
4100,100,100,"bu","10:22:08",235000
4100,100,200,"bu","10:15:24",234900
4100,100,900,"bu","10:14:35",234700
4100,100,200,"bu","10:10:10",233800
4100,100,10000,"bu","10:09:50",233600
4100,100,1500,"bu","10:07:16",223600
4100,100,100,"bu","10:05:27",222100
4100,100,200,"bu","10:02:15",222000
4100,100,700,"bu","10:01:48",221800
4100,100,100,"bu","09:59:12",221100
4100,100,100,"bu","09:58:33",221000
4000,0,100,"sd","09:58:07",220900
4100,100,5000,"bu","09:55:47",220800
4100,100,100,"bu","09:54:22",215800
4000,0,500,"sd","09:53:26",215700
4000,0,400,"sd","09:52:57",215200
4000,0,500,"sd","09:52:19",214800
4100,100,100,"bu","09:51:20",214300
4100,100,10000,"bu","09:49:39",214200
4100,100,3800,"bu","09:49:31",204200
4100,100,2000,"bu","09:48:38",200400
4100,100,500,"bu","09:47:58",198400
4100,100,100,"bu","09:47:50",197900
4100,100,6000,"bu","09:47:42",197800
4100,100,2000,"bu","09:46:28",191800
4100,100,700,"bu","09:44:50",189800
4100,100,100,"bu","09:44:15",189100
4000,0,10000,"sd","09:44:06",189000
4100,100,100,"bu","09:43:05",179000
4100,100,100,"bu","09:42:25",178900
4100,100,100,"bu","09:42:09",178800
4100,100,400,"bu","09:41:15",178700
4100,100,100,"bu","09:39:44",178300
4100,100,200,"bu","09:39:09",178200
4100,100,500,"bu","09:38:11",178000
4100,100,800,"bu","09:38:06",177500
4100,100,400,"bu","09:37:51",176700
4100,100,200,"bu","09:37:33",176300
4100,100,100,"bu","09:36:27",176100
4000,0,17000,"sd","09:35:35",176000
4100,100,500,"bu","09:35:19",159000
4100,100,600,"bu","09:35:02",158500
4100,100,1000,"bu","09:35:00",157900
4100,100,600,"bu","09:34:24",156900
4000,0,100,"sd","09:34:13",156300
4100,100,1000,"bu","09:33:59",156200
4100,100,200,"bu","09:32:34",155200
4100,100,4000,"bu","09:31:53",155000
4100,100,3200,"bu","09:31:40",151000
4100,100,20000,"bu","09:31:13",147800
4100,100,3400,"bu","09:30:47",127800
4100,100,2200,"bu","09:29:47",124400
4100,100,500,"bu","09:29:32",122200
4100,100,2000,"bu","09:29:27",121700
4100,100,1500,"bu","09:28:29",119700
4100,100,600,"bu","09:28:16",118200
4100,100,8400,"bu","09:27:29",117600
4100,100,2000,"bu","09:26:55",109200
4100,100,2000,"bu","09:26:49",107200
4100,100,2000,"bu","09:26:48",105200
4100,100,14200,"bu","09:26:39",103200
4100,100,500,"bu","09:26:35",89000
4100,100,3500,"bu","09:26:25",88500
4100,100,5000,"bu","09:26:10",85000
4100,100,6500,"bu","09:25:52",80000
4100,100,300,"bu","09:25:30",73500
4100,100,10000,"bu","09:25:05",73200
4100,100,400,"bu","09:24:21",63200
4100,100,4000,"bu","09:24:08",62800
4100,100,2000,"bu","09:24:03",58800
4100,100,700,"bu","09:24:01",56800
4100,100,3000,"bu","09:23:23",56100
4100,100,1000,"bu","09:23:07",53100
4100,100,1000,"bu","09:20:38",52100
4100,100,10000,"bu","09:20:02",51100
4100,100,300,"bu","09:18:43",41100
4100,100,500,"bu","09:18:42",40800
4100,100,500,"bu","09:18:37",40300
4100,100,1000,"bu","09:17:17",39800
4100,100,5000,"bu","09:16:53",38800
4100,100,100,"bu","09:14:27",33800
4000,0,1000,"sd","09:14:16",33700
4100,100,200,"bu","09:14:11",32700
4100,100,1000,"bu","09:09:59",32500
4100,100,300,"bu","09:07:52",31500
4100,100,2100,"bu","09:07:43",31200
4100,100,500,"bu","09:05:23",29100
4100,100,200,"bu","09:01:51",28600
4100,100,400,"bu","09:00:53",28400
4000,0,3100,"sd","09:00:35",28000
4000,0,4500,"bu","09:00:21",24900
4000,0,2000,"bu","09:00:15",20400
4000,0,6000,"bu","09:00:14",18400
4000,0,2500,"bu","09:00:11",12400
4000,0,8000,"bu","09:00:10",9900
4000,0,200,"bu","09:00:07",1900
4000,0,1000,"bu","09:00:04",1700
4000,0,700,"bu","09:00:03",700
