"price","change","match_qtty","side","time","total_vol"
35500,450,8800,"unknown","14:44:59",369600
35450,400,1000,"sd","14:29:56",360800
35500,450,7500,"bu","14:29:24",359800
35450,400,2500,"bu","14:29:24",352300
35450,400,2000,"bu","14:29:03",349800
35450,400,100,"bu","14:28:53",347800
35450,400,100,"bu","14:27:03",347700
35450,400,400,"bu","14:26:19",347600
35450,400,100,"bu","14:24:56",347200
35450,400,5000,"bu","14:23:51",347100
35400,350,300,"bu","14:21:56",342100
35400,350,1000,"bu","14:21:43",341800
35400,350,3700,"bu","14:21:11",340800
35400,350,200,"bu","14:21:11",337100
35400,350,9100,"bu","14:21:11",336900
35300,250,2900,"sd","14:20:17",327800
35400,350,1600,"bu","14:20:14",324900
35350,300,5400,"bu","14:20:14",323300
35350,300,4600,"bu","14:18:44",317900
35350,300,400,"bu","14:18:44",313300
35300,250,600,"bu","14:17:54",312900
35300,250,3000,"bu","14:17:54",312300
35300,250,700,"bu","14:17:34",309300
35300,250,100,"bu","14:10:59",308600
35300,250,1400,"bu","14:10:27",308500
35250,200,1500,"sd","14:09:34",307100
35250,200,2100,"sd","14:06:01",305600
35300,250,100,"bu","14:02:46",303500
35300,250,500,"bu","14:02:18",303400
35250,200,2800,"sd","13:53:16",302900
35300,250,100,"sd","13:48:10",300100
35300,250,100,"sd","13:48:10",300000
35300,250,300,"sd","13:48:10",299900
35300,250,100,"sd","13:48:10",299600
35300,250,2600,"sd","13:48:10",299500
35300,250,3000,"sd","13:46:37",296900
35300,250,2000,"sd","13:44:42",293900
35350,300,1000,"bu","13:44:41",291900
35350,300,100,"bu","13:44:26",290900
35350,300,1500,"bu","13:44:09",290800
35350,300,100,"bu","13:44:09",289300
35350,300,3400,"bu","13:44:09",289200
35300,250,2400,"sd","13:43:34",285800
35300,250,600,"sd","13:43:34",283400
35300,250,3000,"sd","13:43:24",282800
35300,250,2000,"sd","13:43:02",279800
35300,250,3000,"sd","13:41:01",277800
35300,250,400,"sd","13:39:20",274800
35300,250,200,"sd","13:39:20",274400
35300,250,2600,"sd","13:39:20",274200
35300,250,2800,"sd","13:38:02",271600
35300,250,2000,"sd","13:36:42",268800
35300,250,2200,"sd","13:35:24",266800
35300,250,400,"sd","13:34:21",264600
35300,250,2600,"sd","13:34:21",264200
35350,300,100,"bu","13:33:06",261600
35350,300,100,"bu","13:33:01",261500
35350,300,1000,"bu","13:27:49",261400
35350,300,1000,"bu","13:27:23",260400
35350,300,4400,"bu","13:26:48",259400
35350,300,400,"bu","13:26:48",255000
35350,300,500,"bu","13:23:39",254600
35350,300,100,"bu","13:20:43",254100
35350,300,600,"bu","13:20:04",254000
35350,300,1000,"bu","13:18:54",253400
35350,300,200,"bu","13:16:23",252400
35350,300,300,"sd","13:16:20",252200
35350,300,1900,"sd","13:16:20",251900
35350,300,1100,"sd","13:15:50",250000
35350,300,500,"sd","13:15:50",248900
35350,300,100,"sd","13:15:50",248400
35350,300,3000,"sd","13:14:12",248300
35350,300,5000,"bu","13:13:26",245300
35350,300,5000,"sd","13:13:19",240300
35350,300,5000,"sd","13:12:52",235300
35350,300,3000,"bu","13:12:27",230300
35350,300,200,"bu","13:12:27",227300
35350,300,800,"bu","13:12:27",227100
35350,300,5000,"bu","13:12:21",226300
35300,250,400,"sd","13:05:02",221300
35300,250,200,"sd","13:00:09",220900
35300,250,1800,"bu","11:17:52",220700
35300,250,1200,"bu","11:13:08",218900
35300,250,100,"bu","11:13:08",217700
35300,250,1000,"bu","11:01:59",217600
35300,250,200,"bu","11:01:57",216600
35300,250,200,"sd","10:58:44",216400
35300,250,400,"sd","10:58:44",216200
35300,250,2600,"sd","10:58:44",215800
35300,250,5000,"sd","10:58:34",213200
35300,250,2500,"sd","10:58:22",208200
35300,250,3000,"sd","10:58:13",205700
35350,300,100,"bu","10:48:21",202700
35350,300,3000,"bu","10:48:10",202600
35350,300,100,"bu","10:43:03",199600
35350,300,500,"bu","10:42:39",199500
35350,300,1000,"bu","10:41:40",199000
35300,250,1200,"bu","10:40:24",198000
35300,250,200,"bu","10:39:33",196800
35300,250,1200,"bu","10:38:28",196600
35300,250,800,"bu","10:38:28",195400
35250,200,300,"sd","10:33:37",194600
35300,250,1700,"bu","10:32:40",194300
35300,250,3000,"bu","10:30:13",192600
35300,250,4800,"bu","10:29:29",189600
35250,200,5500,"bu","10:28:43",184800
35250,200,1700,"bu","10:28:43",179300
35200,150,500,"bu","10:28:32",177600
35200,150,700,"bu","10:28:32",177100
35150,100,100,"sd","10:24:32",176400
35200,150,100,"bu","10:22:35",176300
35200,150,3000,"bu","10:22:23",176200
35200,150,3000,"sd","10:22:00",173200
35200,150,200,"sd","10:22:00",170200
35200,150,300,"sd","10:21:53",170000
35200,150,100,"sd","10:21:53",169700
35200,150,4600,"sd","10:21:53",169600
35200,150,2500,"sd","10:21:45",165000
35200,150,3000,"sd","10:21:37",162500
35200,150,200,"sd","10:20:48",159500
35200,150,3000,"sd","10:19:49",159300
35250,200,500,"bu","10:18:20",156300
35250,200,200,"bu","10:16:25",155800
35250,200,3000,"bu","10:15:44",155600
35250,200,1000,"bu","10:15:15",152600
35250,200,500,"bu","10:14:46",151600
35250,200,500,"bu","10:13:53",151100
35250,200,300,"bu","10:12:34",150600
35200,150,4500,"sd","10:09:50",150300
35250,200,2000,"bu","10:07:12",145800
35250,200,100,"bu","10:04:15",143800
35250,200,100,"bu","10:04:07",143700
35250,200,100,"bu","10:04:02",143600
35200,150,500,"bu","10:03:22",143500
35200,150,200,"bu","10:02:41",143000
35200,150,2000,"bu","10:01:48",142800
35200,150,3000,"bu","10:01:28",140800
35200,150,1000,"bu","09:58:42",137800
35200,150,1000,"bu","09:57:11",136800
35200,150,1300,"bu","09:56:14",135800
35200,150,1700,"bu","09:56:14",134500
35150,100,500,"sd","09:54:20",132800
35150,100,1000,"sd","09:54:20",132300
35200,150,100,"bu","09:53:14",131300
35200,150,3200,"sd","09:51:51",131200
35200,150,3000,"sd","09:51:41",128000
35200,150,3700,"sd","09:51:18",125000
35250,200,400,"sd","09:51:18",121300
35250,200,1000,"bu","09:51:13",120900
35250,200,3500,"bu","09:51:13",119900
35250,200,3100,"bu","09:51:13",116400
35200,150,100,"sd","09:50:55",113300
35200,150,3000,"sd","09:50:55",113200
35200,150,1900,"sd","09:50:55",110200
35200,150,3000,"sd","09:50:46",108300
35200,150,2500,"sd","09:49:52",105300
35200,150,2600,"sd","09:49:27",102800
35200,150,1000,"sd","09:48:39",100200
35200,150,500,"sd","09:48:28",99200
35200,150,2600,"sd","09:48:28",98700
35200,150,3900,"sd","09:48:18",96100
35200,150,3600,"sd","09:47:59",92200
35200,150,2500,"sd","09:47:46",88600
35200,150,2400,"sd","09:47:38",86100
35200,150,500,"sd","09:47:38",83700
35200,150,100,"sd","09:47:38",83200
35250,200,1100,"bu","09:46:37",83100
35250,200,100,"bu","09:44:32",82000
35250,200,100,"bu","09:44:07",81900
35250,200,100,"bu","09:43:54",81800
35250,200,2500,"bu","09:43:41",81700
35250,200,200,"bu","09:40:45",79200
35250,200,3000,"bu","09:40:14",79000
35250,200,300,"bu","09:39:57",76000
35200,150,1800,"bu","09:36:05",75700
35200,150,1000,"bu","09:35:41",73900
35200,150,4300,"bu","09:35:41",72900
35200,150,100,"bu","09:32:21",68600
35200,150,100,"bu","09:30:43",68500
35200,150,400,"bu","09:30:37",68400
35200,150,500,"bu","09:30:27",68000
35200,150,4800,"bu","09:30:10",67500
35200,150,200,"bu","09:30:10",62700
35150,100,400,"bu","09:29:12",62500
35150,100,1900,"bu","09:29:01",62100
35150,100,100,"bu","09:29:01",60200
35150,100,3000,"bu","09:28:55",60100
35150,100,3000,"bu","09:28:20",57100
35150,100,3000,"bu","09:28:17",54100
35150,100,1700,"bu","09:28:07",51100
35100,50,2800,"bu","09:27:32",49400
35100,50,300,"bu","09:26:29",46600
35100,50,1700,"bu","09:26:29",46300
35050,0,1100,"sd","09:25:09",44600
35050,0,500,"sd","09:25:09",43500
35050,0,3400,"sd","09:25:09",43000
35050,0,2300,"sd","09:24:28",39600
35050,0,4300,"sd","09:23:59",37300
35050,0,100,"sd","09:23:59",33000
35050,0,600,"sd","09:23:59",32900
35050,0,900,"sd","09:23:42",32300
35050,0,1200,"sd","09:23:42",31400
35050,0,100,"sd","09:23:42",30200
35050,0,300,"sd","09:23:42",30100
35050,0,3000,"sd","09:23:25",29800
35100,50,3000,"bu","09:23:13",26800
35100,50,100,"bu","09:22:42",23800
35100,50,300,"bu","09:22:30",23700
35100,50,200,"bu","09:20:28",23400
35100,50,100,"bu","09:19:04",23200
35100,50,100,"bu","09:18:45",23100
35100,50,100,"bu","09:17:15",23000
35100,50,5000,"bu","09:17:06",22900
35050,0,100,"bu","09:16:52",17900
35050,0,200,"bu","09:16:52",17800
35050,0,6400,"bu","09:16:52",17600
35050,0,200,"bu","09:16:52",11200
35050,0,11000,"bu","09:14:59",11000
