"price","change","match_qtty","side","time","total_vol"
3200,0,2700,"unknown","14:45:02",269600
3200,0,100,"bu","14:24:29",266900
3100,-100,2800,"sd","14:12:15",266800
3200,0,100,"bu","14:08:45",264000
3200,0,100,"bu","14:08:37",263900
3200,0,500,"bu","13:55:17",263800
3200,0,100,"bu","13:31:26",263300
3200,0,100,"bu","13:25:37",263200
3200,0,5000,"bu","13:25:29",263100
3200,0,500,"bu","13:22:19",258100
3200,0,100,"bu","13:21:08",257600
3200,0,2900,"bu","13:20:53",257500
3200,0,100,"bu","13:19:35",254600
3200,0,100,"bu","13:11:22",254500
3100,-100,1000,"sd","11:28:38",254400
3200,0,2000,"bu","10:59:34",253400
3200,0,1000,"bu","10:33:04",251400
3200,0,500,"bu","10:26:43",250400
3200,0,10000,"bu","10:23:43",249900
3200,0,5000,"bu","10:23:05",239900
3200,0,200,"bu","10:22:57",234900
3200,0,2000,"bu","10:12:18",234700
3200,0,1400,"bu","10:06:27",232700
3200,0,100,"bu","10:00:08",231300
3200,0,1000,"bu","09:59:15",231200
3200,0,300,"bu","09:54:39",230200
3200,0,2000,"bu","09:52:09",229900
3200,0,500,"bu","09:51:04",227900
3200,0,10000,"bu","09:50:14",227400
3200,0,1000,"bu","09:50:01",217400
3200,0,100,"bu","09:49:43",216400
3100,-100,600,"sd","09:48:36",216300
3100,-100,12000,"sd","09:47:06",215700
3200,0,2000,"bu","09:44:34",203700
3200,0,1000,"bu","09:42:58",201700
3200,0,200,"bu","09:41:39",200700
3200,0,3000,"bu","09:40:36",200500
3200,0,1700,"bu","09:38:11",197500
3200,0,100,"bu","09:38:09",195800
3200,0,400,"bu","09:36:03",195700
3200,0,1300,"bu","09:35:56",195300
3200,0,1000,"bu","09:33:32",194000
3200,0,3000,"bu","09:32:29",193000
3200,0,1700,"bu","09:30:20",190000
3200,0,10000,"bu","09:27:56",188300
3200,0,10000,"bu","09:27:44",178300
3200,0,800,"bu","09:26:39",168300
3200,0,1600,"bu","09:26:28",167500
3200,0,5900,"sd","09:26:08",165900
3200,0,24100,"sd","09:26:07",160000
3200,0,15000,"bu","09:25:26",135900
3200,0,1000,"bu","09:25:08",120900
3200,0,500,"bu","09:25:00",119900
3200,0,3000,"bu","09:24:56",119400
3200,0,16400,"sd","09:24:32",116400
3200,0,2600,"sd","09:23:52",100000
3200,0,500,"bu","09:23:51",97400
3200,0,100,"bu","09:23:23",96900
3200,0,10000,"bu","09:23:20",96800
3200,0,3000,"bu","09:23:15",86800
3200,0,500,"bu","09:22:51",83800
3200,0,20000,"bu","09:22:50",83300
3200,0,5000,"bu","09:22:41",63300
3200,0,300,"bu","09:22:40",58300
3200,0,30000,"bu","09:22:25",58000
3200,0,100,"bu","09:22:20",28000
3200,0,500,"bu","09:22:04",27900
3200,0,1000,"bu","09:21:52",27400
3200,0,3000,"bu","09:21:31",26400
3200,0,6000,"bu","09:21:11",23400
3200,0,300,"bu","09:20:47",17400
3200,0,7100,"bu","09:18:30",17100
3200,0,10000,"sd","09:18:11",10000
