"price","change","match_qtty","side","time","total_vol"
71200,900,200,"unknown","14:29:42",26900
71200,900,100,"bu","14:29:03",26700
71200,900,100,"bu","14:28:16",26600
71200,900,400,"sd","14:21:35",26500
71200,900,300,"sd","14:20:30",26100
71400,1100,100,"bu","14:08:36",25800
71200,900,100,"sd","13:59:22",25700
71200,900,100,"sd","13:58:09",25600
71200,900,100,"sd","13:50:41",25500
71200,900,100,"unknown","13:45:31",25400
71300,1000,400,"bu","13:41:38",25300
71200,900,200,"sd","13:37:53",24900
71300,1000,100,"bu","13:37:32",24700
71200,900,100,"sd","13:36:24",24600
71200,900,200,"sd","13:35:09",24500
71200,900,400,"sd","13:32:23",24300
71200,900,900,"sd","13:29:55",23900
71200,900,600,"sd","13:26:25",23000
71200,900,600,"sd","13:25:44",22400
71300,1000,500,"unknown","13:23:33",21800
71200,900,200,"sd","13:10:36",21300
71400,1100,100,"unknown","13:09:47",21100
71200,900,200,"sd","13:05:56",21000
71300,1000,100,"unknown","13:05:19",20800
71200,900,1100,"sd","11:28:23",20700
71500,1200,100,"bu","11:20:54",19600
71300,1000,400,"sd","11:19:40",19500
71300,1000,200,"unknown","11:12:15",19100
71300,1000,100,"sd","11:09:57",18900
71300,1000,300,"unknown","10:55:36",18800
71500,1200,5300,"unknown","10:54:11",18500
71600,1300,400,"sd","10:49:57",13200
71600,1300,200,"sd","10:47:14",12800
71600,1300,200,"sd","10:44:02",12600
71600,1300,200,"sd","10:43:16",12400
71600,1300,400,"sd","10:34:00",12200
71600,1300,100,"sd","10:33:27",11800
71600,1300,300,"bu","10:33:00",11700
71600,1300,100,"sd","10:32:26",11400
71600,1300,400,"sd","10:31:26",11300
71600,1300,500,"bu","10:31:07",10900
71600,1300,300,"unknown","10:28:52",10400
71600,1300,500,"sd","10:26:43",10100
71600,1300,200,"sd","10:25:29",9600
71600,1300,500,"sd","10:23:18",9400
71500,1200,1000,"sd","10:22:19",8900
71500,1200,200,"sd","10:17:17",7900
71500,1200,200,"sd","10:16:13",7700
71500,1200,500,"sd","10:15:25",7500
71600,1300,100,"unknown","10:11:14",7000
71600,1300,100,"bu","10:08:36",6900
71600,1300,400,"bu","10:07:17",6800
71700,1400,100,"bu","10:07:08",6400
71500,1200,600,"bu","10:03:49",6300
71500,1200,100,"bu","09:59:41",5700
71500,1200,200,"bu","09:59:26",5600
71400,1100,100,"sd","09:56:28",5400
71400,1100,100,"sd","09:46:36",5300
71400,1100,200,"sd","09:46:26",5200
71300,1000,1000,"sd","09:46:14",5000
71300,1000,200,"sd","09:45:19",4000
71400,1100,300,"sd","09:42:43",3800
71500,1200,300,"bu","09:42:39",3500
71400,1100,100,"sd","09:42:37",3200
71400,1100,800,"sd","09:41:16",3100
71400,1100,100,"sd","09:41:10",2300
71500,1200,100,"bu","09:30:19",2200
71500,1200,800,"bu","09:25:24",2100
71400,1100,200,"bu","09:24:24",1300
71200,900,200,"bu","09:23:22",1100
71000,700,200,"sd","09:18:53",900
71000,700,300,"sd","09:17:55",700
71000,700,200,"sd","09:17:36",400
71200,900,100,"unknown","09:07:50",200
71000,700,100,"bu","09:06:27",100
