"price","change","match_qtty","side","time","total_vol"
58000,100,45800,"unknown","14:45:00",467800
57500,-400,200,"sd","14:29:45",422000
57500,-400,100,"sd","14:29:42",421800
57500,-400,500,"sd","14:29:33",421700
57500,-400,300,"sd","14:29:33",421200
57500,-400,300,"sd","14:29:33",420900
57500,-400,500,"sd","14:29:33",420600
57500,-400,100,"sd","14:29:33",420100
57500,-400,200,"sd","14:29:33",420000
57500,-400,200,"sd","14:29:33",419800
57500,-400,100,"sd","14:29:33",419600
57500,-400,200,"sd","14:29:33",419500
57500,-400,500,"sd","14:29:33",419300
57500,-400,100,"sd","14:29:33",418800
57500,-400,300,"sd","14:29:33",418700
57500,-400,1300,"sd","14:29:33",418400
57600,-300,100,"bu","14:29:33",417100
57500,-400,100,"sd","14:29:33",417000
57500,-400,200,"sd","14:29:30",416900
57500,-400,1400,"sd","14:29:29",416700
57500,-400,100,"sd","14:29:29",415300
57500,-400,200,"sd","14:29:29",415200
57500,-400,300,"sd","14:29:29",415000
57500,-400,500,"sd","14:29:29",414700
57500,-400,700,"sd","14:29:29",414200
57500,-400,1000,"sd","14:29:29",413500
57500,-400,1000,"sd","14:29:29",412500
57500,-400,100,"sd","14:29:29",411500
57500,-400,100,"sd","14:29:29",411400
57500,-400,200,"sd","14:29:29",411300
57600,-300,200,"bu","14:29:25",411100
57600,-300,100,"bu","14:29:24",410900
57600,-300,200,"bu","14:29:13",410800
57600,-300,2000,"sd","14:29:02",410600
57600,-300,700,"sd","14:29:02",408600
57600,-300,500,"sd","14:29:02",407900
57600,-300,500,"sd","14:29:02",407400
57600,-300,100,"sd","14:29:02",406900
57600,-300,500,"sd","14:29:02",406800
57600,-300,100,"sd","14:29:02",406300
57600,-300,100,"sd","14:29:02",406200
57600,-300,500,"sd","14:29:02",406100
57600,-300,300,"sd","14:29:02",405600
57600,-300,100,"sd","14:29:02",405300
57600,-300,1000,"sd","14:29:02",405200
57600,-300,100,"sd","14:29:02",404200
57600,-300,100,"sd","14:29:02",404100
57600,-300,200,"sd","14:29:02",404000
57600,-300,1000,"sd","14:29:02",403800
57600,-300,1400,"sd","14:29:02",402800
57700,-200,100,"bu","14:29:01",401400
57700,-200,500,"sd","14:28:58",401300
57700,-200,100,"sd","14:28:58",400800
57700,-200,200,"sd","14:28:58",400700
57700,-200,100,"sd","14:28:58",400500
57700,-200,200,"sd","14:28:58",400400
57700,-200,500,"sd","14:28:58",400200
57700,-200,600,"sd","14:28:58",399700
57700,-200,100,"sd","14:28:58",399100
57700,-200,300,"sd","14:28:58",399000
57700,-200,100,"sd","14:28:58",398700
57700,-200,100,"sd","14:28:58",398600
57700,-200,100,"sd","14:28:58",398500
57700,-200,100,"sd","14:28:41",398400
57700,-200,800,"sd","14:28:11",398300
57700,-200,400,"sd","14:28:11",397500
57700,-200,300,"sd","14:28:11",397100
57800,-100,300,"sd","14:28:11",396800
57800,-100,100,"sd","14:28:11",396500
57800,-100,700,"sd","14:28:11",396400
57800,-100,100,"sd","14:28:11",395700
57800,-100,200,"sd","14:28:11",395600
57800,-100,400,"sd","14:28:11",395400
57800,-100,600,"sd","14:27:52",395000
57900,0,100,"bu","14:27:04",394400
57900,0,200,"bu","14:25:27",394300
57900,0,300,"sd","14:23:43",394100
57900,0,1200,"sd","14:23:43",393800
57900,0,500,"sd","14:23:24",392600
57900,0,100,"bu","14:23:14",392100
57900,0,100,"bu","14:23:14",392000
57900,0,100,"bu","14:23:14",391900
57900,0,900,"bu","14:21:42",391800
57800,-100,100,"sd","14:21:26",390900
57800,-100,100,"sd","14:21:26",390800
57800,-100,100,"sd","14:21:26",390700
57800,-100,400,"sd","14:21:26",390600
57800,-100,1000,"sd","14:21:16",390200
57900,0,100,"bu","14:20:41",389200
57900,0,900,"bu","14:20:26",389100
57900,0,100,"bu","14:20:26",388200
57900,0,200,"bu","14:19:26",388100
57900,0,100,"bu","14:19:21",387900
57800,-100,1000,"sd","14:19:01",387800
57900,0,100,"bu","14:18:38",386800
57900,0,100,"bu","14:18:38",386700
57900,0,100,"bu","14:17:02",386600
57900,0,1900,"bu","14:16:39",386500
57900,0,100,"sd","14:16:19",384600
57900,0,1900,"sd","14:16:19",384500
58000,100,100,"bu","14:15:44",382600
58000,100,1500,"bu","14:15:37",382500
57900,0,100,"bu","14:13:38",381000
57900,0,800,"sd","14:13:38",380900
57900,0,100,"sd","14:13:38",380100
58000,100,100,"bu","14:13:18",380000
58000,100,200,"bu","14:12:31",379900
58100,200,100,"bu","14:12:31",379700
58000,100,100,"sd","14:11:34",379600
58000,100,2900,"sd","14:11:34",379500
58000,100,200,"sd","14:11:29",376600
58000,100,100,"sd","14:11:16",376400
58000,100,400,"sd","14:11:12",376300
58000,100,100,"sd","14:11:12",375900
58000,100,1900,"sd","14:10:54",375800
58000,100,100,"sd","14:10:54",373900
58000,100,500,"bu","14:10:31",373800
58000,100,500,"bu","14:09:41",373300
58000,100,1500,"bu","14:09:41",372800
58000,100,500,"sd","14:09:25",371300
58000,100,1500,"bu","14:09:00",370800
58000,100,500,"bu","14:08:59",369300
58000,100,100,"bu","14:08:59",368800
58000,100,2900,"sd","14:08:17",368700
58100,200,100,"bu","14:08:15",365800
58100,200,200,"bu","14:08:15",365700
58100,200,100,"bu","14:08:15",365500
58000,100,100,"bu","14:07:57",365400
58000,100,200,"bu","14:07:55",365300
58000,100,300,"bu","14:07:44",365100
58000,100,1400,"bu","14:07:31",364800
58000,100,100,"bu","14:07:31",363400
58000,100,500,"bu","14:07:31",363300
58000,100,200,"bu","14:06:47",362800
58000,100,300,"bu","14:06:45",362600
58000,100,4700,"bu","14:06:45",362300
58000,100,1000,"bu","14:05:45",357600
58000,100,1000,"bu","14:05:45",356600
58000,100,1000,"bu","14:05:45",355600
58000,100,1000,"bu","14:05:45",354600
58000,100,1000,"bu","14:05:45",353600
57900,0,100,"sd","14:05:21",352600
57900,0,500,"bu","14:05:01",352500
57900,0,300,"bu","14:05:01",352000
57900,0,1000,"bu","14:05:01",351700
57900,0,2700,"sd","14:04:46",350700
57900,0,1000,"bu","14:04:23",348000
57900,0,2300,"bu","14:04:23",347000
57900,0,100,"bu","14:03:55",344700
57900,0,2000,"bu","14:03:48",344600
57900,0,100,"bu","14:03:48",342600
57900,0,500,"bu","14:03:24",342500
57800,-100,100,"sd","14:03:12",342000
57800,-100,300,"bu","14:01:12",341900
57800,-100,1000,"bu","14:01:04",341600
57600,-300,500,"sd","13:56:29",340600
57600,-300,100,"sd","13:56:29",340100
57600,-300,600,"sd","13:56:29",340000
57600,-300,800,"sd","13:56:29",339400
57700,-200,200,"sd","13:56:29",338600
57700,-200,3000,"sd","13:56:29",338400
57700,-200,500,"sd","13:56:29",335400
57700,-200,100,"sd","13:56:29",334900
57700,-200,100,"sd","13:56:29",334800
57700,-200,900,"sd","13:56:29",334700
57700,-200,200,"sd","13:56:29",333800
57700,-200,2700,"sd","13:56:29",333600
57700,-200,300,"sd","13:54:41",330900
57800,-100,100,"unknown","13:54:41",330600
57800,-100,5000,"unknown","13:54:41",330500
57800,-100,500,"unknown","13:54:41",325500
57900,0,100,"unknown","13:54:41",325000
57900,0,200,"sd","13:54:30",324900
57900,0,3000,"sd","13:54:30",324700
57900,0,3800,"sd","13:54:29",321700
57900,0,500,"sd","13:54:00",317900
57900,0,100,"sd","13:53:26",317400
57900,0,500,"sd","13:51:39",317300
57900,0,1500,"bu","13:50:11",316800
57900,0,300,"bu","13:50:11",315300
57900,0,100,"bu","13:50:11",315000
57600,-300,200,"sd","13:49:23",314900
57800,-100,100,"sd","13:49:23",314700
57800,-100,300,"sd","13:49:23",314600
57800,-100,1600,"sd","13:49:23",314300
57700,-200,1000,"sd","13:49:23",312700
57700,-200,100,"sd","13:49:23",311700
57700,-200,300,"sd","13:49:23",311600
57700,-200,100,"sd","13:49:23",311300
57700,-200,100,"sd","13:49:23",311200
57700,-200,500,"sd","13:49:23",311100
57700,-200,100,"sd","13:49:23",310600
57700,-200,2000,"sd","13:49:23",310500
57700,-200,400,"sd","13:49:23",308500
57700,-200,200,"sd","13:49:23",308100
57800,-100,3000,"sd","13:49:23",307900
57800,-100,400,"sd","13:48:23",304900
57800,-100,100,"sd","13:48:23",304500
57800,-100,200,"sd","13:48:23",304400
57800,-100,300,"sd","13:48:23",304200
57800,-100,100,"sd","13:47:33",303900
57800,-100,100,"sd","13:47:08",303800
57800,-100,200,"sd","13:47:00",303700
57800,-100,100,"sd","13:47:00",303500
57800,-100,100,"sd","13:47:00",303400
57800,-100,600,"sd","13:47:00",303300
57900,0,200,"bu","13:46:32",302700
57900,0,100,"bu","13:46:08",302500
57900,0,100,"bu","13:46:06",302400
57900,0,100,"sd","13:45:48",302300
57900,0,200,"sd","13:45:48",302200
57900,0,2000,"sd","13:45:48",302000
57900,0,100,"sd","13:45:48",300000
57900,0,1100,"sd","13:45:48",299900
57900,0,100,"sd","13:43:24",298800
57900,0,200,"sd","13:43:17",298700
57900,0,100,"sd","13:42:53",298500
57900,0,500,"bu","13:42:43",298400
57800,-100,400,"sd","13:42:39",297900
57800,-100,500,"sd","13:42:39",297500
57800,-100,100,"sd","13:42:39",297000
57900,0,100,"bu","13:42:09",296900
57900,0,1800,"sd","13:41:02",296800
57900,0,200,"sd","13:41:02",295000
57900,0,100,"sd","13:41:02",294800
57900,0,1300,"sd","13:41:02",294700
57900,0,200,"sd","13:40:31",293400
57900,0,200,"bu","13:38:07",293200
57900,0,300,"bu","13:38:07",293000
57900,0,100,"bu","13:38:01",292700
57900,0,100,"bu","13:37:14",292600
57800,-100,500,"sd","13:36:59",292500
57800,-100,900,"sd","13:36:59",292000
57900,0,200,"bu","13:36:48",291100
57900,0,100,"bu","13:36:40",290900
57900,0,100,"bu","13:36:26",290800
57900,0,100,"bu","13:36:24",290700
57900,0,100,"bu","13:36:19",290600
57900,0,100,"sd","13:35:50",290500
57900,0,200,"sd","13:35:50",290400
58000,100,500,"bu","13:35:34",290200
58000,100,1000,"bu","13:35:12",289700
57900,0,2300,"sd","13:35:09",288700
57900,0,200,"sd","13:35:09",286400
57900,0,2000,"sd","13:35:09",286200
57900,0,500,"sd","13:35:09",284200
58000,100,2000,"sd","13:32:55",283700
58000,100,100,"bu","13:32:50",281700
58000,100,200,"bu","13:32:50",281600
58000,100,100,"bu","13:32:50",281400
58000,100,300,"bu","13:32:50",281300
58000,100,4000,"bu","13:32:50",281000
58000,100,1000,"bu","13:32:50",277000
58000,100,4000,"bu","13:32:50",276000
57900,0,300,"bu","13:32:32",272000
57900,0,100,"bu","13:32:23",271700
57900,0,100,"bu","13:32:18",271600
57900,0,100,"bu","13:32:04",271500
57900,0,300,"bu","13:32:02",271400
57900,0,100,"bu","13:31:51",271100
57900,0,100,"bu","13:31:50",271000
57800,-100,100,"sd","13:31:20",270900
57800,-100,400,"sd","13:28:00",270800
57800,-100,1600,"sd","13:27:18",270400
57800,-100,200,"sd","13:27:18",268800
57800,-100,1200,"sd","13:27:18",268600
57800,-100,300,"sd","13:26:45",267400
57800,-100,200,"sd","13:26:37",267100
57900,0,200,"sd","13:25:05",266900
57900,0,100,"sd","13:24:55",266700
57900,0,100,"sd","13:24:55",266600
57900,0,400,"sd","13:24:55",266500
57900,0,2300,"sd","13:24:55",266100
57900,0,300,"sd","13:23:23",263800
57900,0,300,"sd","13:21:10",263500
57900,0,100,"sd","13:21:09",263200
57900,0,100,"sd","13:20:48",263100
57900,0,1900,"sd","13:20:37",263000
57900,0,100,"sd","13:20:37",261100
57900,0,100,"sd","13:20:25",261000
58000,100,100,"bu","13:20:08",260900
58000,100,100,"bu","13:20:02",260800
58000,100,200,"sd","13:20:01",260700
58000,100,500,"sd","13:20:01",260500
58000,100,100,"sd","13:20:01",260000
58000,100,800,"sd","13:20:01",259900
58000,100,100,"sd","13:20:01",259100
58000,100,1000,"sd","13:20:01",259000
58000,100,200,"sd","13:20:01",258000
58000,100,2900,"sd","13:20:01",257800
58100,200,200,"bu","13:20:01",254900
58100,200,100,"bu","13:19:39",254700
58100,200,100,"bu","13:19:32",254600
58100,200,100,"bu","13:19:29",254500
58100,200,700,"bu","13:19:29",254400
58100,200,100,"bu","13:19:24",253700
58100,200,600,"bu","13:19:24",253600
58100,200,800,"sd","13:19:14",253000
58100,200,800,"sd","13:19:14",252200
58100,200,1000,"sd","13:19:13",251400
58100,200,1000,"bu","13:19:07",250400
58100,200,100,"unknown","13:19:04",249400
58100,200,1900,"sd","13:19:01",249300
58100,200,100,"sd","13:19:01",247400
58100,200,100,"sd","13:18:33",247300
58100,200,600,"bu","13:18:07",247200
58100,200,400,"sd","13:17:32",246600
58000,100,100,"sd","13:16:12",246200
58000,100,2000,"sd","13:16:12",246100
58000,100,1200,"bu","13:16:11",244100
58000,100,1700,"bu","13:16:10",242900
58000,100,1000,"bu","13:16:09",241200
58000,100,300,"bu","13:16:09",240200
58000,100,2000,"bu","13:16:09",239900
58000,100,3000,"bu","13:15:59",237900
58000,100,2000,"bu","13:15:59",234900
58000,100,5000,"bu","13:15:44",232900
58000,100,500,"bu","13:15:40",227900
58000,100,5000,"bu","13:15:37",227400
57900,0,100,"bu","13:15:27",222400
57900,0,300,"bu","13:15:27",222300
58000,100,1600,"bu","13:15:27",222000
57900,0,3000,"bu","13:15:27",220400
57900,0,700,"sd","13:15:07",217400
57900,0,500,"bu","13:13:47",216700
57900,0,800,"bu","13:13:47",216200
57900,0,1200,"bu","13:13:06",215400
57900,0,100,"bu","13:13:06",214200
57900,0,100,"bu","13:13:06",214100
57900,0,600,"bu","13:13:06",214000
57900,0,100,"bu","13:11:34",213400
57900,0,200,"bu","13:11:22",213300
57800,-100,300,"sd","13:11:15",213100
57900,0,100,"bu","13:11:12",212800
57900,0,100,"sd","13:09:47",212700
57900,0,400,"sd","13:09:47",212600
57900,0,200,"bu","13:09:13",212200
57900,0,100,"bu","13:09:02",212000
57900,0,200,"bu","13:08:55",211900
57900,0,200,"bu","13:08:48",211700
57900,0,1100,"bu","13:08:48",211500
57900,0,100,"bu","13:08:11",210400
57900,0,100,"bu","13:08:01",210300
57800,-100,200,"sd","13:06:10",210200
57800,-100,1800,"sd","13:06:10",210000
57900,0,100,"bu","13:06:04",208200
57900,0,200,"bu","13:06:02",208100
57900,0,100,"bu","13:05:59",207900
57900,0,300,"bu","13:05:45",207800
57900,0,2000,"bu","13:05:45",207500
57900,0,700,"bu","13:05:45",205500
57900,0,100,"bu","13:05:13",204800
57900,0,100,"bu","13:04:45",204700
57800,-100,200,"sd","13:04:08",204600
57800,-100,500,"sd","13:04:08",204400
57900,0,300,"bu","13:03:32",203900
57900,0,200,"bu","13:03:14",203600
57900,0,200,"bu","13:02:24",203400
57900,0,100,"bu","13:02:05",203200
57900,0,100,"bu","13:01:58",203100
57900,0,100,"bu","13:01:43",203000
57900,0,100,"bu","13:01:37",202900
57900,0,100,"bu","13:01:31",202800
57900,0,100,"bu","13:01:27",202700
57900,0,100,"bu","13:01:25",202600
57700,-200,300,"bu","13:00:03",202500
57700,-200,400,"bu","13:00:02",202200
57700,-200,200,"bu","13:00:02",201800
57700,-200,100,"bu","13:00:02",201600
57700,-200,300,"bu","13:00:02",201500
57700,-200,300,"bu","13:00:01",201200
57700,-200,100,"bu","13:00:00",200900
57700,-200,200,"bu","11:29:58",200800
57700,-200,1000,"bu","11:29:03",200600
57700,-200,100,"sd","11:28:53",199600
57700,-200,200,"sd","11:28:53",199500
57700,-200,100,"sd","11:28:53",199300
57700,-200,200,"sd","11:28:53",199200
57700,-200,100,"sd","11:28:53",199000
57700,-200,1000,"sd","11:28:53",198900
57700,-200,100,"sd","11:28:53",197900
57700,-200,1000,"sd","11:28:53",197800
57700,-200,1000,"sd","11:28:39",196800
57700,-200,1400,"sd","11:28:39",195800
57700,-200,300,"sd","11:28:39",194400
57700,-200,900,"sd","11:28:39",194100
57700,-200,400,"sd","11:28:35",193200
57800,-100,1000,"sd","11:28:35",192800
57700,-200,1700,"sd","11:27:39",191800
57700,-200,1000,"sd","11:27:39",190100
57700,-200,100,"sd","11:27:39",189100
57700,-200,1500,"sd","11:27:39",189000
57700,-200,500,"sd","11:27:39",187500
57700,-200,900,"sd","11:27:39",187000
57700,-200,3000,"sd","11:27:39",186100
57700,-200,1000,"sd","11:27:39",183100
57700,-200,300,"sd","11:27:39",182100
57700,-200,1000,"sd","11:27:17",181800
57800,-100,800,"bu","11:27:01",180800
57800,-100,100,"bu","11:27:01",180000
57800,-100,300,"bu","11:27:01",179900
57800,-100,100,"bu","11:27:01",179600
57800,-100,300,"bu","11:27:01",179500
57800,-100,1000,"bu","11:27:01",179200
57800,-100,1000,"bu","11:27:01",178200
57800,-100,2000,"sd","11:25:56",177200
57900,0,500,"bu","11:25:14",175200
57900,0,100,"bu","11:22:20",174700
57900,0,1100,"sd","11:22:10",174600
57900,0,900,"bu","11:22:02",173500
57900,0,200,"bu","11:20:03",172600
57900,0,900,"sd","11:19:19",172400
57900,0,400,"sd","11:18:44",171500
57900,0,2000,"sd","11:18:15",171100
57900,0,500,"sd","11:18:10",169100
57900,0,2000,"bu","11:17:13",168600
57800,-100,700,"bu","11:17:13",166600
57800,-100,500,"bu","11:17:13",165900
57800,-100,200,"bu","11:17:06",165400
57800,-100,200,"bu","11:16:51",165200
57700,-200,1700,"sd","11:16:46",165000
57700,-200,300,"sd","11:16:46",163300
57800,-100,900,"bu","11:16:33",163000
57800,-100,100,"sd","11:16:18",162100
57800,-100,100,"sd","11:16:18",162000
57800,-100,100,"unknown","11:13:11",161900
57800,-100,1000,"unknown","11:13:11",161800
57800,-100,1000,"unknown","11:13:11",160800
57800,-100,100,"unknown","11:13:11",159800
57800,-100,1000,"unknown","11:13:11",159700
57800,-100,200,"unknown","11:13:11",158700
57800,-100,100,"unknown","11:13:11",158500
57700,-200,200,"sd","11:13:11",158400
57700,-200,500,"sd","11:13:11",158200
57700,-200,600,"sd","11:13:11",157700
57800,-100,200,"sd","11:13:11",157100
57900,0,300,"bu","11:12:44",156900
57900,0,100,"bu","11:12:13",156600
57900,0,100,"bu","11:11:30",156500
57900,0,1000,"sd","11:11:03",156400
57900,0,200,"sd","11:11:03",155400
57900,0,1000,"sd","11:11:03",155200
57900,0,100,"sd","11:11:03",154200
57900,0,100,"sd","11:11:03",154100
57900,0,100,"sd","11:11:03",154000
57900,0,200,"sd","11:11:03",153900
57900,0,100,"sd","11:06:25",153700
58000,100,100,"sd","11:05:42",153600
58000,100,100,"sd","11:05:42",153500
58000,100,200,"sd","11:05:42",153400
58000,100,2000,"sd","11:05:42",153200
58100,200,100,"sd","11:05:42",151200
58100,200,2000,"sd","11:05:42",151100
58100,200,300,"sd","11:05:42",149100
58100,200,1300,"sd","11:02:45",148800
58200,300,3000,"sd","11:02:45",147500
58200,300,1000,"sd","11:01:21",144500
58300,400,100,"bu","10:59:02",143500
58300,400,200,"bu","10:59:02",143400
58400,500,100,"bu","10:57:32",143200
58400,500,100,"bu","10:56:46",143100
58300,400,1400,"sd","10:56:40",143000
58300,400,600,"sd","10:56:40",141600
58300,400,200,"sd","10:56:32",141000
58300,400,300,"sd","10:56:32",140800
58300,400,300,"sd","10:55:16",140500
58400,500,500,"bu","10:55:14",140200
58400,500,100,"bu","10:55:14",139700
58400,500,2000,"bu","10:55:14",139600
58300,400,300,"bu","10:54:55",137600
58300,400,200,"sd","10:54:52",137300
58300,400,800,"bu","10:54:38",137100
58300,400,200,"bu","10:54:37",136300
58200,300,200,"sd","10:54:31",136100
58300,400,100,"bu","10:54:28",135900
58200,300,400,"bu","10:54:09",135800
58200,300,600,"bu","10:54:07",135400
58200,300,1000,"bu","10:54:07",134800
58200,300,700,"bu","10:54:07",133800
58200,300,1600,"bu","10:54:01",133100
58200,300,400,"bu","10:54:01",131500
58100,200,100,"bu","10:53:40",131100
58100,200,300,"bu","10:53:40",131000
58100,200,1000,"bu","10:52:16",130700
58000,100,2000,"sd","10:51:38",129700
58000,100,1000,"sd","10:50:04",127700
58000,100,1200,"sd","10:50:04",126700
58000,100,500,"sd","10:50:04",125500
58000,100,300,"sd","10:50:04",125000
58000,100,1700,"bu","10:49:42",124700
58000,100,100,"bu","10:49:37",123000
58000,100,3000,"bu","10:49:35",122900
58000,100,200,"sd","10:49:09",119900
58000,100,100,"sd","10:49:06",119700
58000,100,100,"bu","10:48:54",119600
58000,100,3000,"sd","10:48:41",119500
58000,100,500,"sd","10:48:41",116500
58100,200,100,"sd","10:48:41",116000
58100,200,1000,"sd","10:48:41",115900
58100,200,100,"sd","10:48:41",114900
58100,200,100,"sd","10:48:41",114800
58200,300,200,"bu","10:48:39",114700
58200,300,400,"bu","10:48:39",114500
58200,300,1000,"bu","10:48:23",114100
58200,300,200,"bu","10:48:19",113100
58200,300,300,"bu","10:48:05",112900
58200,300,100,"bu","10:48:05",112600
58200,300,100,"bu","10:47:51",112500
58100,200,700,"bu","10:47:12",112400
58100,200,2900,"bu","10:46:55",111700
58100,200,1000,"bu","10:46:54",108800
58100,200,700,"bu","10:46:47",107800
58100,200,200,"bu","10:46:38",107100
58100,200,100,"bu","10:45:19",106900
58100,200,1000,"bu","10:45:19",106800
58000,100,100,"bu","10:45:06",105800
58000,100,1400,"bu","10:45:06",105700
58000,100,300,"bu","10:45:06",104300
58000,100,2100,"bu","10:45:06",104000
58000,100,1900,"bu","10:44:42",101900
58000,100,800,"bu","10:44:42",100000
58000,100,500,"bu","10:44:40",99200
58000,100,700,"bu","10:44:28",98700
58000,100,400,"bu","10:44:28",98000
58000,100,1800,"bu","10:44:28",97600
58000,100,600,"bu","10:44:20",95800
58000,100,1000,"bu","10:44:09",95200
58000,100,700,"bu","10:42:47",94200
58000,100,500,"bu","10:42:42",93500
58000,100,100,"bu","10:41:20",93000
57900,0,300,"sd","10:38:55",92900
57900,0,200,"sd","10:31:36",92600
57900,0,300,"sd","10:31:36",92400
57900,0,100,"sd","10:31:21",92100
57900,0,500,"sd","10:30:10",92000
57900,0,200,"sd","10:30:10",91500
57900,0,500,"sd","10:30:01",91300
57900,0,1300,"bu","10:29:11",90800
57900,0,300,"bu","10:28:59",89500
57900,0,400,"sd","10:27:33",89200
57900,0,600,"bu","10:26:36",88800
57900,0,1000,"bu","10:25:01",88200
57900,0,400,"sd","10:24:19",87200
57900,0,100,"bu","10:15:25",86800
57900,0,500,"bu","10:13:49",86700
57900,0,300,"bu","10:13:42",86200
57900,0,200,"bu","10:13:18",85900
57900,0,100,"bu","10:12:31",85700
57900,0,200,"bu","10:12:31",85600
57900,0,100,"bu","10:12:04",85400
57900,0,1200,"bu","10:11:42",85300
57900,0,100,"bu","10:10:58",84100
57900,0,500,"bu","10:10:23",84000
57900,0,900,"bu","10:09:17",83500
57900,0,400,"bu","10:09:10",82600
57900,0,600,"bu","10:08:46",82200
57900,0,200,"bu","10:08:35",81600
57900,0,200,"bu","10:06:28",81400
57700,-200,400,"sd","10:01:47",81200
57700,-200,100,"sd","10:01:47",80800
57800,-100,100,"bu","10:00:16",80700
57800,-100,600,"bu","09:59:41",80600
57800,-100,1400,"bu","09:59:41",80000
57800,-100,300,"bu","09:59:39",78600
57800,-100,800,"bu","09:59:29",78300
57800,-100,100,"bu","09:58:33",77500
57800,-100,100,"bu","09:58:19",77400
57800,-100,100,"bu","09:58:16",77300
57800,-100,200,"bu","09:57:50",77200
57700,-200,200,"sd","09:56:00",77000
57800,-100,100,"bu","09:55:56",76800
57800,-100,100,"bu","09:55:55",76700
57800,-100,200,"bu","09:55:48",76600
57800,-100,600,"bu","09:55:48",76400
57800,-100,100,"bu","09:54:50",75800
57700,-200,700,"sd","09:54:03",75700
57700,-200,300,"sd","09:54:03",75000
57800,-100,500,"bu","09:52:49",74700
57700,-200,500,"bu","09:52:20",74200
57700,-200,1900,"bu","09:51:50",73700
57700,-200,100,"bu","09:51:26",71800
57700,-200,500,"bu","09:51:15",71700
57700,-200,500,"bu","09:51:15",71200
57700,-200,1000,"bu","09:51:15",70700
57700,-200,200,"bu","09:51:15",69700
57700,-200,300,"bu","09:51:15",69500
57800,-100,500,"bu","09:50:55",69200
57700,-200,100,"sd","09:50:37",68700
57700,-200,200,"sd","09:50:37",68600
57800,-100,100,"bu","09:50:15",68400
57700,-200,200,"sd","09:49:10",68300
57700,-200,100,"sd","09:47:49",68100
57800,-100,100,"bu","09:46:41",68000
57800,-100,100,"bu","09:46:27",67900
57700,-200,100,"bu","09:43:20",67800
57700,-200,100,"bu","09:42:59",67700
57700,-200,100,"bu","09:42:34",67600
57600,-300,100,"sd","09:41:49",67500
57600,-300,100,"sd","09:41:35",67400
57600,-300,200,"sd","09:40:05",67300
57400,-500,100,"sd","09:39:08",67100
57500,-400,200,"unknown","09:39:08",67000
57500,-400,200,"unknown","09:39:08",66800
57500,-400,200,"unknown","09:39:08",66600
57500,-400,600,"unknown","09:39:08",66400
57500,-400,2400,"bu","09:38:55",65800
57500,-400,2200,"bu","09:38:50",63400
57500,-400,1700,"sd","09:38:48",61200
57500,-400,300,"bu","09:38:42",59500
57500,-400,500,"bu","09:38:40",59200
57500,-400,1000,"bu","09:38:37",58700
57500,-400,1000,"bu","09:38:01",57700
57500,-400,5000,"sd","09:37:48",56700
57500,-400,300,"sd","09:37:48",51700
57500,-400,10000,"sd","09:37:48",51400
57500,-400,100,"sd","09:37:48",41400
57600,-300,800,"sd","09:37:48",41300
57600,-300,400,"sd","09:37:48",40500
57600,-300,200,"sd","09:37:48",40100
57700,-200,400,"sd","09:37:48",39900
57900,0,100,"bu","09:37:30",39500
57600,-300,300,"sd","09:37:02",39400
57900,0,100,"bu","09:36:52",39100
57700,-200,100,"bu","09:36:40",39000
57700,-200,300,"bu","09:36:35",38900
57700,-200,500,"bu","09:36:35",38600
57700,-200,500,"bu","09:36:35",38100
57700,-200,2900,"bu","09:36:35",37600
57800,-100,400,"bu","09:36:35",34700
57800,-100,1800,"bu","09:36:35",34300
57800,-100,3000,"bu","09:36:35",32500
57800,-100,200,"bu","09:36:35",29500
57800,-100,300,"bu","09:36:35",29300
57900,0,200,"bu","09:35:53",29000
57900,0,300,"bu","09:35:52",28800
57900,0,2700,"bu","09:35:52",28500
57900,0,1000,"bu","09:35:08",25800
57900,0,500,"sd","09:35:07",24800
57900,0,2000,"sd","09:35:07",24300
57900,0,100,"sd","09:35:07",22300
57900,0,100,"sd","09:35:07",22200
58000,100,100,"bu","09:34:04",22100
57800,-100,200,"sd","09:33:45",22000
57800,-100,500,"sd","09:33:45",21800
57800,-100,500,"sd","09:33:18",21300
57800,-100,2200,"sd","09:32:01",20800
57800,-100,5000,"sd","09:32:01",18600
57800,-100,100,"sd","09:32:01",13600
57800,-100,300,"sd","09:32:01",13500
57800,-100,600,"sd","09:32:01",13200
57800,-100,500,"sd","09:31:15",12600
57800,-100,500,"sd","09:30:04",12100
57800,-100,100,"sd","09:29:33",11600
57800,-100,200,"sd","09:29:08",11500
57900,0,200,"sd","09:29:08",11300
58000,100,300,"bu","09:28:54",11100
58000,100,100,"bu","09:23:51",10800
58000,100,100,"bu","09:23:37",10700
58000,100,100,"bu","09:23:30",10600
58000,100,1600,"bu","09:23:13",10500
58000,100,100,"bu","09:23:13",8900
58000,100,2000,"bu","09:23:13",8800
58000,100,1300,"bu","09:23:13",6800
58000,100,300,"bu","09:21:47",5500
58000,100,300,"bu","09:20:31",5200
58000,100,100,"bu","09:20:15",4900
58000,100,100,"bu","09:20:15",4800
57900,0,300,"sd","09:19:24",4700
57900,0,200,"sd","09:19:24",4400
57900,0,100,"sd","09:16:10",4200
57900,0,100,"sd","09:16:10",4100
57700,-200,4000,"sd","09:15:00",4000
