"price","change","match_qtty","side","time","total_vol"
1600,100,100,"bu","14:53:38",599700
1600,100,4000,"bu","14:52:36",599600
1600,100,1100,"bu","14:49:35",595600
1600,100,100,"bu","14:47:23",594500
1600,100,2000,"bu","14:34:07",594400
1600,100,100,"bu","14:31:41",592400
1500,0,3000,"sd","14:29:38",592300
1500,0,2500,"sd","14:29:37",589300
1500,0,600,"sd","14:28:08",586800
1500,0,2900,"sd","14:26:44",586200
1500,0,500,"sd","14:24:54",583300
1500,0,2000,"sd","14:24:18",582800
1600,100,500,"bu","14:22:02",580800
1600,100,100,"bu","14:20:41",580300
1500,0,1400,"sd","14:18:12",580200
1500,0,200,"sd","14:18:09",578800
1500,0,1000,"sd","14:10:06",578600
1500,0,5000,"sd","14:09:59",577600
1500,0,100,"sd","14:09:56",572600
1500,0,5000,"sd","14:08:01",572500
1500,0,1000,"sd","14:04:50",567500
1500,0,5200,"unknown","14:04:31",566500
1500,0,10000,"bu","14:03:45",561300
1500,0,1000,"bu","14:02:54",551300
1500,0,200,"bu","13:59:27",550300
1500,0,2000,"bu","13:59:02",550100
1500,0,100,"bu","13:58:16",548100
1500,0,300,"bu","13:58:05",548000
1500,0,1000,"bu","13:57:35",547700
1500,0,700,"bu","13:57:09",546700
1500,0,1000,"bu","13:56:52",546000
1500,0,200,"bu","13:55:31",545000
1500,0,500,"bu","13:55:24",544800
1500,0,1000,"bu","13:54:47",544300
1500,0,2000,"bu","13:52:00",543300
1500,0,1000,"bu","13:51:21",541300
1500,0,200,"bu","13:50:12",540300
1500,0,15900,"bu","13:50:05",540100
1500,0,200,"bu","13:49:28",524200
1500,0,100,"bu","13:47:49",524000
1500,0,2000,"bu","13:47:13",523900
1500,0,200,"bu","13:45:54",521900
1500,0,500,"bu","13:44:38",521700
1400,-100,1000,"sd","13:43:59",521200
1500,0,100,"bu","13:42:22",520200
1500,0,400,"bu","13:41:42",520100
1500,0,2000,"bu","13:39:44",519700
1500,0,3000,"bu","13:39:06",517700
1500,0,2000,"sd","13:38:46",514700
1500,0,100000,"sd","13:38:34",512700
1500,0,30000,"sd","13:36:23",412700
1500,0,100,"sd","13:36:12",382700
1500,0,100,"sd","13:32:28",382600
1500,0,100,"sd","13:31:06",382500
1600,100,100,"bu","13:24:22",382400
1500,0,500,"sd","13:24:19",382300
1500,0,2000,"sd","13:23:33",381800
1500,0,10000,"sd","13:23:31",379800
1500,0,200,"sd","13:19:32",369800
1600,100,500,"bu","13:16:12",369600
1600,100,100,"bu","13:13:33",369100
1600,100,100,"bu","13:11:54",369000
1500,0,100,"sd","13:11:01",368900
1500,0,300,"sd","13:10:18",368800
1500,0,5000,"sd","13:08:33",368500
1600,100,400,"bu","13:04:34",363500
1600,100,100,"bu","13:03:37",363100
1600,100,100000,"bu","13:00:05",363000
1600,100,1000,"bu","11:27:46",263000
1600,100,100,"bu","11:26:45",262000
1500,0,2000,"sd","11:10:31",261900
1500,0,1000,"bu","11:10:11",259900
1500,0,3000,"bu","11:09:14",258900
1500,0,100000,"bu","11:08:48",255900
1500,0,500,"bu","11:01:42",155900
1500,0,7000,"bu","11:01:29",155400
1500,0,1000,"bu","10:55:37",148400
1500,0,100,"bu","10:54:28",147400
1500,0,2800,"bu","10:54:08",147300
1500,0,100,"bu","10:51:00",144500
1400,-100,3000,"sd","10:37:09",144400
1400,-100,700,"sd","10:28:54",141400
1400,-100,100,"sd","10:22:54",140700
1400,-100,1000,"sd","10:22:08",140600
1400,-100,6000,"sd","10:17:20",139600
1500,0,500,"bu","10:16:24",133600
1500,0,1000,"bu","10:14:20",133100
1500,0,500,"bu","10:11:01",132100
1500,0,5000,"bu","10:09:55",131600
1500,0,500,"bu","09:57:47",126600
1400,-100,100,"sd","09:54:48",126100
1500,0,300,"bu","09:53:48",126000
1500,0,1000,"bu","09:53:00",125700
1500,0,700,"bu","09:52:40",124700
1500,0,300,"bu","09:50:25",124000
1500,0,100,"bu","09:50:23",123700
1500,0,100,"bu","09:49:48",123600
1500,0,200,"bu","09:43:34",123500
1500,0,100,"bu","09:42:30",123300
1500,0,500,"bu","09:41:44",123200
1500,0,200,"bu","09:40:53",122700
1500,0,1000,"bu","09:39:38",122500
1500,0,9500,"bu","09:39:24",121500
1500,0,100,"bu","09:39:12",112000
1500,0,2000,"bu","09:39:05",111900
1400,-100,1000,"sd","09:36:51",109900
1400,-100,400,"sd","09:35:38",108900
1400,-100,10000,"sd","09:34:13",108500
1500,0,200,"bu","09:28:11",98500
1500,0,1200,"bu","09:27:50",98300
1500,0,200,"bu","09:25:20",97100
1500,0,900,"bu","09:22:58",96900
1500,0,10000,"bu","09:20:24",96000
1500,0,14300,"bu","09:20:03",86000
1500,0,1000,"bu","09:13:45",71700
1500,0,3000,"bu","09:13:33",70700
1500,0,3000,"bu","09:13:22",67700
1500,0,2000,"sd","09:13:14",64700
1500,0,8000,"sd","09:13:05",62700
1500,0,2000,"bu","09:10:46",54700
1500,0,300,"bu","09:10:26",52700
1500,0,5500,"bu","09:10:23",52400
1500,0,2200,"bu","09:10:12",46900
1500,0,700,"sd","09:09:36",44700
1500,0,2000,"bu","09:09:35",44000
1500,0,7300,"bu","09:08:41",42000
1600,100,100,"bu","09:06:36",34700
1600,100,1000,"bu","09:02:02",34600
1600,100,300,"bu","09:01:04",33600
1500,0,30600,"sd","09:00:35",33300
1500,0,300,"sd","09:00:23",2700
1500,0,2300,"sd","09:00:10",2400
1500,0,100,"bu","09:00:03",100
