"price","change","match_qtty","side","time","total_vol"
10400,250,100,"bu","14:45:00",15000
10400,250,100,"bu","14:00:49",14900
10350,200,100,"bu","14:00:49",14800
10300,150,100,"bu","14:00:49",14700
10300,150,100,"bu","13:46:05",14600
10300,150,100,"bu","13:46:05",14500
10300,150,200,"bu","13:46:05",14400
10300,150,200,"bu","13:46:05",14200
10300,150,100,"bu","13:46:04",14000
10300,150,300,"bu","13:46:04",13900
10300,150,100,"bu","13:45:59",13600
10300,150,100,"bu","13:45:59",13500
10300,150,200,"bu","13:45:58",13400
10300,150,200,"bu","13:45:58",13200
10300,150,100,"bu","13:45:58",13000
10300,150,300,"bu","13:45:58",12900
10300,150,100,"bu","13:45:52",12600
10300,150,100,"bu","13:45:52",12500
10300,150,200,"bu","13:45:52",12400
10300,150,200,"bu","13:45:52",12200
10300,150,100,"bu","13:45:51",12000
10300,150,200,"bu","13:45:51",11900
10300,150,100,"bu","13:45:51",11700
10200,50,100,"sd","13:31:22",11600
10200,50,600,"sd","13:08:02",11500
10200,50,100,"sd","13:08:02",10900
10300,150,100,"sd","13:08:02",10800
10300,150,100,"sd","13:08:02",10700
10300,150,100,"sd","13:08:02",10600
10300,150,100,"bu","11:10:57",10500
10300,150,200,"bu","11:10:57",10400
10300,150,100,"bu","11:10:56",10200
10300,150,300,"bu","11:10:56",10100
10300,150,100,"bu","11:10:49",9800
10300,150,100,"bu","11:10:49",9700
10300,150,200,"bu","11:10:48",9600
10300,150,200,"bu","11:10:48",9400
10300,150,100,"bu","11:10:48",9200
10300,150,300,"bu","11:10:48",9100
10300,150,100,"bu","11:10:41",8800
10300,150,100,"bu","11:10:41",8700
10300,150,200,"bu","11:10:41",8600
10300,150,200,"bu","11:10:40",8400
10300,150,100,"bu","11:10:40",8200
10300,150,300,"bu","11:10:40",8100
10300,150,300,"sd","11:10:22",7800
10350,200,200,"bu","10:56:04",7500
10350,200,1000,"bu","10:56:04",7300
10350,200,300,"bu","10:56:04",6300
10350,200,100,"bu","10:23:26",6000
10300,150,200,"bu","10:17:45",5900
10300,150,100,"bu","09:54:46",5700
10300,150,100,"bu","09:54:45",5600
10300,150,200,"bu","09:54:45",5500
10300,150,200,"bu","09:54:45",5300
10300,150,100,"bu","09:54:45",5100
10300,150,300,"bu","09:54:45",5000
10300,150,100,"bu","09:54:37",4700
10300,150,100,"bu","09:54:37",4600
10300,150,200,"bu","09:54:37",4500
10300,150,200,"bu","09:54:37",4300
10300,150,100,"bu","09:54:37",4100
10300,150,300,"bu","09:54:36",4000
10350,200,100,"bu","09:50:09",3700
10300,150,200,"bu","09:50:09",3600
10200,50,100,"bu","09:18:45",3400
10200,50,100,"bu","09:18:45",3300
10200,50,200,"bu","09:18:45",3200
10200,50,200,"bu","09:18:45",3000
10200,50,100,"bu","09:18:44",2800
10200,50,300,"bu","09:18:44",2700
10200,50,100,"bu","09:18:38",2400
10200,50,100,"bu","09:18:37",2300
10200,50,200,"bu","09:18:37",2200
10200,50,200,"bu","09:18:37",2000
10200,50,100,"bu","09:18:37",1800
10200,50,300,"bu","09:18:36",1700
10300,150,1400,"bu","09:15:00",1400
