"price","change","match_qtty","side","time","total_vol"
12900,100,100,"bu","14:57:37",119800
12800,0,200,"sd","14:49:35",119700
12800,0,500,"sd","14:47:23",119500
12800,0,100,"bu","14:47:17",119000
12800,0,1000,"bu","14:47:06",118900
12800,0,600,"bu","14:46:51",117900
12800,0,1000,"bu","14:38:12",117300
12800,0,200,"bu","14:29:42",116300
12700,-100,100,"sd","14:27:42",116100
12700,-100,1000,"bu","14:25:01",116000
12600,-200,1500,"sd","14:23:45",115000
12600,-200,1000,"sd","14:23:28",113500
12600,-200,200,"sd","14:23:13",112500
12600,-200,100,"sd","14:22:10",112300
12600,-200,100,"sd","14:21:37",112200
12700,-100,500,"sd","14:20:55",112100
12700,-100,100,"sd","14:20:40",111600
12700,-100,800,"sd","14:20:29",111500
12600,-200,200,"sd","14:20:24",110700
12700,-100,200,"bu","14:20:19",110500
12700,-100,400,"bu","14:18:10",110300
12700,-100,1400,"bu","14:17:36",109900
12700,-100,100,"bu","14:17:25",108500
12700,-100,100,"bu","14:17:11",108400
12700,-100,500,"bu","14:16:35",108300
12700,-100,300,"bu","14:16:21",107800
12700,-100,200,"sd","14:16:20",107500
12700,-100,300,"bu","14:16:17",107300
12700,-100,1000,"bu","14:16:02",107000
12700,-100,100,"bu","14:15:47",106000
12700,-100,1000,"bu","14:15:20",105900
12600,-200,100,"sd","14:14:23",104900
12600,-200,200,"sd","14:14:09",104800
12600,-200,100,"sd","14:13:52",104600
12700,-100,500,"bu","14:13:30",104500
12600,-200,100,"sd","14:13:15",104000
12700,-100,1000,"bu","14:13:07",103900
12600,-200,100,"sd","14:12:11",102900
12700,-100,100,"bu","14:12:00",102800
12700,-100,1000,"bu","14:11:38",102700
12600,-200,200,"sd","14:11:27",101700
12700,-100,500,"bu","14:10:51",101500
12600,-200,500,"sd","14:10:25",101000
12800,0,1000,"bu","14:09:21",100500
12600,-200,25000,"sd","14:09:14",99500
12700,-100,500,"unknown","14:08:56",74500
12700,-100,10000,"sd","14:08:11",74000
12700,-100,1000,"sd","14:05:37",64000
12800,0,1000,"sd","14:04:02",63000
12800,0,5000,"sd","14:02:15",62000
12800,0,1100,"sd","13:57:24",57000
12800,0,200,"bu","13:47:01",55900
12600,-200,12600,"sd","13:44:14",55700
12700,-100,1900,"sd","13:39:48",43100
12800,0,200,"bu","13:38:33",41200
12800,0,14200,"sd","13:35:23",41000
12900,100,1100,"bu","13:34:28",26800
12800,0,1500,"sd","13:26:32",25700
12900,100,200,"bu","13:18:20",24200
12900,100,400,"bu","13:17:17",24000
12800,0,200,"sd","13:16:27",23600
12900,100,1000,"bu","13:13:48",23400
12900,100,800,"sd","13:12:26",22400
12900,100,2000,"sd","13:12:08",21600
12900,100,2000,"sd","13:12:07",19600
13000,200,500,"bu","13:00:04",17600
13000,200,100,"bu","11:07:39",17100
13000,200,500,"bu","11:03:27",17000
13000,200,100,"bu","11:02:06",16500
13000,200,2500,"bu","10:59:46",16400
13000,200,100,"bu","10:59:18",13900
13000,200,200,"bu","10:54:14",13800
12900,100,100,"unknown","10:53:58",13600
12900,100,3700,"unknown","10:48:36",13500
12800,0,2000,"sd","10:46:38",9800
12900,100,1000,"bu","10:43:47",7800
12900,100,1000,"bu","10:41:52",6800
12900,100,800,"bu","10:41:31",5800
12900,100,500,"bu","10:40:34",5000
12800,0,300,"sd","10:21:24",4500
12800,0,3000,"sd","10:03:02",4200
12800,0,200,"sd","09:48:21",1200
12800,0,500,"sd","09:34:05",1000
12800,0,500,"sd","09:24:26",500
