"price","change","match_qtty","side","time","total_vol"
18550,-550,515100,"unknown","14:44:59",12382000
18700,-400,300,"bu","14:30:00",11866900
18700,-400,2100,"bu","14:29:59",11866600
18700,-400,600,"bu","14:29:59",11864500
18650,-450,800,"sd","14:29:52",11863900
18700,-400,100,"bu","14:29:52",11863100
18700,-400,1000,"bu","14:29:43",11863000
18700,-400,1000,"bu","14:29:43",11862000
18700,-400,500,"bu","14:29:39",11861000
18700,-400,3500,"sd","14:29:29",11860500
18700,-400,3200,"bu","14:29:26",11857000
18650,-450,1800,"bu","14:29:26",11853800
18650,-450,200,"sd","14:29:24",11852000
18650,-450,13000,"sd","14:29:24",11851800
18650,-450,1000,"sd","14:29:24",11838800
18650,-450,1000,"sd","14:29:24",11837800
18700,-400,1000,"bu","14:29:18",11836800
18600,-500,500,"sd","14:29:08",11835800
18600,-500,400,"sd","14:29:08",11835300
18600,-500,1000,"sd","14:29:08",11834900
18600,-500,100,"sd","14:29:08",11833900
18600,-500,100,"sd","14:29:08",11833800
18600,-500,1000,"sd","14:29:08",11833700
18600,-500,500,"sd","14:29:08",11832700
18600,-500,1300,"sd","14:29:08",11832200
18600,-500,500,"sd","14:29:08",11830900
18600,-500,300,"sd","14:29:08",11830400
18600,-500,1300,"sd","14:29:08",11830100
18600,-500,100,"sd","14:29:08",11828800
18600,-500,500,"sd","14:29:08",11828700
18600,-500,600,"sd","14:29:08",11828200
18600,-500,100,"sd","14:29:08",11827600
18600,-500,200,"sd","14:29:08",11827500
18600,-500,2000,"sd","14:29:08",11827300
18600,-500,300,"sd","14:29:08",11825300
18600,-500,100,"sd","14:29:08",11825000
18600,-500,300,"sd","14:29:08",11824900
18600,-500,1000,"sd","14:29:08",11824600
18600,-500,1500,"sd","14:29:08",11823600
18600,-500,200,"sd","14:29:08",11822100
18600,-500,500,"sd","14:29:08",11821900
18600,-500,1000,"sd","14:29:08",11821400
18600,-500,400,"sd","14:29:08",11820400
18600,-500,200,"sd","14:29:08",11820000
18600,-500,1200,"sd","14:29:08",11819800
18600,-500,700,"sd","14:29:08",11818600
18600,-500,1000,"sd","14:29:08",11817900
18600,-500,700,"sd","14:29:08",11816900
18600,-500,7000,"sd","14:29:08",11816200
18600,-500,20000,"sd","14:29:08",11809200
18600,-500,100,"sd","14:29:08",11789200
18600,-500,200,"sd","14:29:08",11789100
18600,-500,300,"sd","14:29:08",11788900
18600,-500,2000,"sd","14:29:08",11788600
18600,-500,1000,"sd","14:29:08",11786600
18600,-500,1400,"sd","14:29:08",11785600
18600,-500,500,"sd","14:29:08",11784200
18600,-500,500,"sd","14:29:08",11783700
18600,-500,5000,"sd","14:29:08",11783200
18600,-500,1300,"sd","14:29:08",11778200
18600,-500,1000,"sd","14:29:07",11776900
18600,-500,600,"sd","14:29:07",11775900
18700,-400,800,"bu","14:29:05",11775300
18700,-400,200,"bu","14:29:05",11774500
18700,-400,200,"bu","14:29:01",11774300
18700,-400,2600,"bu","14:29:00",11774100
18700,-400,5000,"bu","14:29:00",11771500
18700,-400,1300,"bu","14:29:00",11766500
18700,-400,100,"bu","14:29:00",11765200
18700,-400,15000,"bu","14:29:00",11765100
18650,-450,500,"bu","14:29:00",11750100
18650,-450,8000,"bu","14:29:00",11749600
18650,-450,500,"bu","14:29:00",11741600
18650,-450,500,"bu","14:28:58",11741100
18600,-500,200,"sd","14:28:51",11740600
18600,-500,100,"sd","14:28:51",11740400
18600,-500,100,"sd","14:28:51",11740300
18600,-500,200,"sd","14:28:51",11740200
18600,-500,100,"sd","14:28:51",11740000
18600,-500,1600,"sd","14:28:51",11739900
18650,-450,500,"sd","14:28:51",11738300
18650,-450,1000,"sd","14:28:51",11737800
18650,-450,700,"sd","14:28:51",11736800
18650,-450,500,"sd","14:28:51",11736100
18650,-450,2900,"sd","14:28:51",11735600
18650,-450,1000,"sd","14:28:51",11732700
18650,-450,1100,"sd","14:28:47",11731700
18650,-450,2500,"sd","14:28:47",11730600
18650,-450,5000,"sd","14:28:47",11728100
18650,-450,100,"sd","14:28:47",11723100
18650,-450,400,"sd","14:28:47",11723000
18650,-450,300,"sd","14:28:47",11722600
18650,-450,100,"sd","14:28:47",11722300
18650,-450,500,"sd","14:28:47",11722200
18700,-400,500,"bu","14:28:46",11721700
18650,-450,200,"sd","14:28:40",11721200
18650,-450,1000,"sd","14:28:40",11721000
18650,-450,300,"sd","14:28:40",11720000
18650,-450,500,"sd","14:28:40",11719700
18650,-450,1600,"sd","14:28:40",11719200
18650,-450,300,"sd","14:28:38",11717600
18650,-450,500,"sd","14:28:34",11717300
18650,-450,1500,"sd","14:28:18",11716800
18650,-450,200,"sd","14:28:14",11715300
18650,-450,100,"sd","14:28:12",11715100
18650,-450,100,"sd","14:28:10",11715000
18650,-450,700,"sd","14:28:10",11714900
18650,-450,500,"sd","14:28:10",11714200
18650,-450,500,"sd","14:28:10",11713700
18650,-450,200,"sd","14:28:10",11713200
18650,-450,100,"sd","14:28:10",11713000
18650,-450,2000,"sd","14:28:05",11712900
18650,-450,900,"sd","14:28:03",11710900
18650,-450,2100,"sd","14:28:03",11710000
18650,-450,300,"sd","14:28:01",11707900
18650,-450,1600,"sd","14:27:57",11707600
18650,-450,100,"sd","14:27:57",11706000
18650,-450,100,"sd","14:27:57",11705900
18650,-450,100,"sd","14:27:57",11705800
18650,-450,100,"sd","14:27:57",11705700
18650,-450,11900,"sd","14:27:55",11705600
18650,-450,2000,"sd","14:27:55",11693700
18650,-450,500,"sd","14:27:55",11691700
18650,-450,1000,"sd","14:27:55",11691200
18650,-450,100,"sd","14:27:55",11690200
18650,-450,500,"sd","14:27:55",11690100
18650,-450,2000,"sd","14:27:55",11689600
18650,-450,2000,"sd","14:27:55",11687600
18650,-450,1000,"sd","14:27:52",11685600
18650,-450,2000,"sd","14:27:52",11684600
18650,-450,100,"sd","14:27:52",11682600
18650,-450,500,"sd","14:27:52",11682500
18650,-450,1300,"sd","14:27:52",11682000
18650,-450,100,"sd","14:27:52",11680700
18650,-450,1900,"sd","14:27:47",11680600
18650,-450,100,"sd","14:27:47",11678700
18650,-450,500,"sd","14:27:33",11678600
18650,-450,1100,"sd","14:27:27",11678100
18650,-450,1000,"sd","14:27:26",11677000
18700,-400,1600,"bu","14:27:14",11676000
18650,-450,100,"sd","14:27:12",11674400
18700,-400,200,"bu","14:27:05",11674300
18700,-400,1100,"bu","14:27:05",11674100
18700,-400,2700,"bu","14:27:05",11673000
18700,-400,500,"bu","14:26:45",11670300
18650,-450,100,"sd","14:26:39",11669800
18700,-400,4000,"bu","14:26:31",11669700
18700,-400,500,"bu","14:26:31",11665700
18700,-400,600,"bu","14:26:31",11665200
18700,-400,300,"bu","14:26:31",11664600
18700,-400,2000,"bu","14:26:31",11664300
18700,-400,500,"bu","14:26:31",11662300
18700,-400,100,"bu","14:26:31",11661800
18700,-400,5000,"unknown","14:26:31",11661700
18700,-400,3000,"sd","14:26:31",11656700
18700,-400,200,"sd","14:26:31",11653700
18700,-400,1000,"sd","14:26:31",11653500
18700,-400,15200,"sd","14:26:31",11652500
18700,-400,5000,"sd","14:26:23",11637300
18700,-400,800,"sd","14:26:12",11632300
18700,-400,6600,"sd","14:25:49",11631500
18700,-400,5000,"sd","14:25:45",11624900
18700,-400,8700,"sd","14:25:29",11619900
18700,-400,900,"sd","14:25:20",11611200
18700,-400,5000,"sd","14:25:19",11610300
18700,-400,1000,"sd","14:25:12",11605300
18700,-400,100,"sd","14:24:26",11604300
18700,-400,500,"sd","14:24:26",11604200
18700,-400,100,"sd","14:24:15",11603700
18700,-400,100,"sd","14:24:13",11603600
18700,-400,1000,"sd","14:24:06",11603500
18700,-400,5000,"sd","14:24:06",11602500
18700,-400,10000,"sd","14:24:06",11597500
18700,-400,1000,"sd","14:24:06",11587500
18700,-400,200,"sd","14:24:06",11586500
18700,-400,8800,"sd","14:24:06",11586300
18700,-400,2000,"sd","14:24:02",11577500
18700,-400,1700,"sd","14:23:43",11575500
18700,-400,8300,"sd","14:23:43",11573800
18700,-400,400,"sd","14:23:39",11565500
18750,-350,700,"bu","14:23:31",11565100
18750,-350,300,"bu","14:23:31",11564400
18750,-350,100,"bu","14:23:13",11564100
18700,-400,20000,"sd","14:23:12",11564000
18700,-400,100,"sd","14:23:05",11544000
18700,-400,10000,"sd","14:22:55",11543900
18700,-400,1000,"sd","14:22:55",11533900
18700,-400,5000,"sd","14:22:55",11532900
18700,-400,1200,"sd","14:22:55",11527900
18700,-400,15300,"sd","14:22:55",11526700
18700,-400,100,"sd","14:22:55",11511400
18700,-400,500,"sd","14:22:55",11511300
18700,-400,200,"sd","14:22:55",11510800
18700,-400,10000,"sd","14:22:55",11510600
18700,-400,3300,"sd","14:22:55",11500600
18700,-400,100,"sd","14:22:55",11497300
18700,-400,5400,"sd","14:22:55",11497200
18700,-400,900,"sd","14:22:55",11491800
18700,-400,1500,"sd","14:22:49",11490900
18700,-400,2000,"sd","14:22:26",11489400
18750,-350,200,"bu","14:22:22",11487400
18750,-350,3600,"bu","14:22:04",11487200
18750,-350,800,"bu","14:21:56",11483600
18700,-400,5000,"sd","14:21:50",11482800
18700,-400,26200,"sd","14:21:33",11477800
18700,-400,700,"sd","14:21:33",11451600
18700,-400,2100,"sd","14:21:33",11450900
18750,-350,100,"bu","14:21:30",11448800
18700,-400,2100,"bu","14:21:17",11448700
18700,-400,20000,"bu","14:21:17",11446600
18700,-400,14800,"bu","14:21:17",11426600
18700,-400,2000,"bu","14:21:14",11411800
18700,-400,300,"bu","14:21:13",11409800
18700,-400,100,"bu","14:21:06",11409500
18700,-400,1000,"bu","14:20:58",11409400
18700,-400,1000,"bu","14:20:58",11408400
18700,-400,500,"bu","14:20:55",11407400
18700,-400,200,"bu","14:20:51",11406900
18700,-400,500,"bu","14:20:51",11406700
18700,-400,100,"bu","14:20:47",11406200
18700,-400,100,"bu","14:20:46",11406100
18700,-400,900,"bu","14:20:44",11406000
18700,-400,200,"bu","14:20:36",11405100
18700,-400,1000,"bu","14:20:28",11404900
18650,-450,100,"sd","14:20:26",11403900
18700,-400,5000,"bu","14:20:25",11403800
18650,-450,2000,"sd","14:20:24",11398800
18650,-450,1000,"sd","14:20:24",11396800
18650,-450,2000,"sd","14:20:18",11395800
18650,-450,2000,"bu","14:20:11",11393800
18600,-500,400,"sd","14:20:05",11391800
18600,-500,200,"sd","14:20:05",11391400
18600,-500,600,"sd","14:20:05",11391200
18600,-500,10000,"sd","14:20:05",11390600
18600,-500,200,"sd","14:20:05",11380600
18600,-500,1000,"sd","14:20:05",11380400
18600,-500,10000,"sd","14:20:05",11379400
18600,-500,300,"sd","14:20:05",11369400
18600,-500,200,"sd","14:20:05",11369100
18600,-500,100,"sd","14:20:05",11368900
18600,-500,7300,"sd","14:20:05",11368800
18650,-450,100,"bu","14:20:00",11361500
18650,-450,300,"bu","14:19:59",11361400
18650,-450,500,"sd","14:19:59",11361100
18650,-450,4800,"sd","14:19:59",11360600
18650,-450,200,"sd","14:19:59",11355800
18650,-450,100,"sd","14:19:59",11355600
18650,-450,5000,"sd","14:19:59",11355500
18650,-450,5000,"sd","14:19:59",11350500
18650,-450,300,"sd","14:19:59",11345500
18650,-450,5000,"sd","14:19:59",11345200
18650,-450,13900,"sd","14:19:59",11340200
18650,-450,500,"sd","14:19:59",11326300
18650,-450,400,"sd","14:19:59",11325800
18650,-450,20400,"sd","14:19:59",11325400
18650,-450,1000,"sd","14:19:59",11305000
18650,-450,1000,"sd","14:19:59",11304000
18650,-450,200,"sd","14:19:59",11303000
18650,-450,100,"sd","14:19:59",11302800
18650,-450,10000,"sd","14:19:59",11302700
18650,-450,2000,"sd","14:19:59",11292700
18650,-450,1000,"sd","14:19:59",11290700
18650,-450,200,"sd","14:19:59",11289700
18650,-450,100,"sd","14:19:59",11289500
18650,-450,5000,"sd","14:19:59",11289400
18650,-450,32400,"sd","14:19:59",11284400
18650,-450,500,"sd","14:19:59",11252000
18650,-450,500,"sd","14:19:59",11251500
18650,-450,1000,"sd","14:19:59",11251000
18650,-450,300,"sd","14:19:59",11250000
18650,-450,1000,"sd","14:19:59",11249700
18650,-450,300,"sd","14:19:59",11248700
18650,-450,1000,"sd","14:19:59",11248400
18650,-450,100,"sd","14:19:59",11247400
18650,-450,100,"sd","14:19:59",11247300
18650,-450,700,"sd","14:19:59",11247200
18650,-450,500,"sd","14:19:59",11246500
18650,-450,19400,"sd","14:19:59",11246000
18650,-450,1000,"sd","14:19:59",11226600
18700,-400,500,"bu","14:19:51",11225600
18700,-400,100,"bu","14:19:45",11225100
18700,-400,1500,"bu","14:19:44",11225000
18700,-400,100,"bu","14:19:40",11223500
18700,-400,200,"bu","14:19:31",11223400
18700,-400,14900,"bu","14:19:27",11223200
18700,-400,10100,"bu","14:19:27",11208300
18700,-400,1000,"bu","14:19:27",11198200
18650,-450,300,"sd","14:19:25",11197200
18700,-400,200,"bu","14:19:10",11196900
18700,-400,100,"bu","14:19:09",11196700
18700,-400,1000,"bu","14:19:05",11196600
18700,-400,100,"bu","14:19:02",11195600
18700,-400,500,"bu","14:19:01",11195500
18700,-400,100,"sd","14:18:57",11195000
18700,-400,200,"sd","14:18:57",11194900
18700,-400,5000,"sd","14:18:57",11194700
18700,-400,100,"sd","14:18:57",11189700
18700,-400,100,"sd","14:18:57",11189600
18700,-400,100,"sd","14:18:57",11189500
18700,-400,5000,"sd","14:18:57",11189400
18700,-400,22000,"sd","14:18:57",11184400
18700,-400,100,"sd","14:18:57",11162400
18700,-400,1000,"sd","14:18:57",11162300
18700,-400,2500,"sd","14:18:57",11161300
18700,-400,800,"sd","14:18:57",11158800
18750,-350,100,"bu","14:18:55",11158000
18700,-400,4200,"sd","14:18:52",11157900
18700,-400,1000,"sd","14:18:52",11153700
18700,-400,500,"sd","14:18:52",11152700
18700,-400,500,"sd","14:18:52",11152200
18700,-400,3000,"sd","14:18:52",11151700
18700,-400,500,"sd","14:18:52",11148700
18700,-400,200,"sd","14:18:52",11148200
18700,-400,100,"sd","14:18:52",11148000
18700,-400,500,"sd","14:18:49",11147900
18700,-400,300,"sd","14:18:49",11147400
18700,-400,200,"sd","14:18:49",11147100
18700,-400,2400,"sd","14:18:49",11146900
18700,-400,100,"sd","14:18:49",11144500
18700,-400,500,"sd","14:18:49",11144400
18750,-350,3800,"sd","14:18:45",11143900
18750,-350,300,"sd","14:18:45",11140100
18750,-350,500,"sd","14:18:45",11139800
18750,-350,2000,"sd","14:18:45",11139300
18750,-350,500,"sd","14:18:45",11137300
18750,-350,10000,"sd","14:18:45",11136800
18750,-350,100,"sd","14:18:45",11126800
18750,-350,200,"sd","14:18:45",11126700
18750,-350,3000,"sd","14:18:45",11126500
18750,-350,500,"sd","14:18:45",11123500
18750,-350,200,"sd","14:18:45",11123000
18800,-300,700,"bu","14:18:40",11122800
18800,-300,5000,"bu","14:18:38",11122100
18800,-300,1000,"bu","14:18:36",11117100
18800,-300,1000,"sd","14:18:34",11116100
18800,-300,4900,"sd","14:18:34",11115100
18800,-300,100,"sd","14:18:34",11110200
18800,-300,2900,"sd","14:18:34",11110100
18800,-300,5100,"sd","14:18:21",11107200
18850,-250,1000,"bu","14:18:17",11102100
18800,-300,100,"bu","14:18:16",11101100
18800,-300,11900,"bu","14:18:16",11101000
18800,-300,1000,"sd","14:18:13",11089100
18800,-300,7100,"sd","14:18:13",11088100
18800,-300,13900,"sd","14:17:59",11081000
18800,-300,2000,"sd","14:17:59",11067100
18800,-300,100,"sd","14:17:59",11065100
18800,-300,500,"sd","14:17:59",11065000
18800,-300,100,"sd","14:17:59",11064500
18800,-300,100,"sd","14:17:59",11064400
18800,-300,14300,"sd","14:17:59",11064300
18850,-250,500,"sd","14:17:47",11050000
18850,-250,200,"sd","14:17:47",11049500
18850,-250,5000,"sd","14:17:47",11049300
18850,-250,100,"sd","14:17:47",11044300
18850,-250,2000,"sd","14:17:47",11044200
18850,-250,100,"sd","14:17:47",11042200
18850,-250,100,"sd","14:17:47",11042100
18850,-250,23000,"sd","14:17:47",11042000
18900,-200,400,"bu","14:17:43",11019000
18900,-200,600,"bu","14:17:43",11018600
18850,-250,100,"sd","14:17:42",11018000
18850,-250,500,"sd","14:17:42",11017900
18900,-200,2000,"bu","14:17:29",11017400
18900,-200,200,"bu","14:17:26",11015400
18900,-200,1400,"sd","14:17:24",11015200
18900,-200,1000,"sd","14:17:14",11013800
18900,-200,1000,"sd","14:17:03",11012800
18900,-200,1000,"sd","14:16:59",11011800
18900,-200,3000,"sd","14:16:59",11010800
18900,-200,2000,"sd","14:16:59",11007800
18900,-200,700,"sd","14:16:59",11005800
18900,-200,1600,"sd","14:16:59",11005100
18900,-200,500,"sd","14:16:59",11003500
18900,-200,500,"sd","14:16:59",11003000
18900,-200,5000,"sd","14:16:59",11002500
18900,-200,9000,"sd","14:16:59",10997500
18900,-200,500,"sd","14:16:59",10988500
18900,-200,2500,"sd","14:16:59",10988000
18900,-200,23700,"sd","14:16:59",10985500
18900,-200,200,"sd","14:16:58",10961800
18950,-150,900,"sd","14:16:55",10961600
18950,-150,2000,"sd","14:16:54",10960700
18950,-150,3000,"sd","14:16:53",10958700
18950,-150,400,"sd","14:16:53",10955700
18950,-150,20000,"sd","14:16:50",10955300
18950,-150,1000,"sd","14:16:48",10935300
18950,-150,400,"sd","14:16:47",10934300
18950,-150,500,"sd","14:16:43",10933900
18950,-150,200,"sd","14:16:41",10933400
18950,-150,3000,"sd","14:16:40",10933200
18950,-150,500,"sd","14:16:39",10930200
18950,-150,200,"sd","14:16:38",10929700
18950,-150,17900,"bu","14:16:37",10929500
18950,-150,2100,"sd","14:16:35",10911600
18950,-150,900,"sd","14:16:33",10909500
18950,-150,400,"sd","14:16:30",10908600
18950,-150,1600,"sd","14:16:29",10908200
18950,-150,100,"sd","14:16:29",10906600
18950,-150,100,"sd","14:16:29",10906500
18950,-150,800,"sd","14:16:29",10906400
18950,-150,500,"sd","14:16:27",10905600
19000,-100,1000,"bu","14:16:26",10905100
18950,-150,200,"sd","14:16:23",10904100
18950,-150,3300,"sd","14:16:22",10903900
18950,-150,500,"sd","14:16:21",10900600
18950,-150,40000,"sd","14:16:15",10900100
18950,-150,4700,"sd","14:16:03",10860100
18950,-150,100,"sd","14:16:03",10855400
18950,-150,100,"sd","14:16:03",10855300
18950,-150,4000,"sd","14:16:03",10855200
18950,-150,100,"sd","14:16:03",10851200
18950,-150,1000,"sd","14:16:03",10851100
18950,-150,2800,"sd","14:15:50",10850100
18950,-150,100,"sd","14:15:42",10847300
18950,-150,19000,"sd","14:15:42",10847200
18950,-150,900,"sd","14:15:42",10828200
19000,-100,1000,"bu","14:15:40",10827300
19000,-100,2000,"bu","14:15:26",10826300
18950,-150,1000,"sd","14:15:23",10824300
18950,-150,200,"sd","14:15:22",10823300
19000,-100,1200,"bu","14:15:18",10823100
19000,-100,1000,"bu","14:15:09",10821900
18950,-150,5000,"sd","14:15:07",10820900
18950,-150,20000,"sd","14:15:01",10815900
19000,-100,100,"bu","14:14:53",10795900
19000,-100,5600,"bu","14:14:48",10795800
19000,-100,200,"bu","14:14:48",10790200
19000,-100,1000,"bu","14:14:47",10790000
19000,-100,1000,"bu","14:14:47",10789000
19000,-100,1000,"bu","14:14:47",10788000
19000,-100,2200,"bu","14:14:45",10787000
19000,-100,100,"bu","14:14:45",10784800
18950,-150,4800,"sd","14:14:43",10784700
18950,-150,200,"sd","14:14:43",10779900
19000,-100,800,"bu","14:14:43",10779700
18950,-150,600,"sd","14:14:41",10778900
19000,-100,900,"bu","14:14:34",10778300
19000,-100,100,"bu","14:14:34",10777400
19000,-100,200,"bu","14:14:24",10777300
18950,-150,100,"unknown","14:14:16",10777100
19000,-100,4900,"bu","14:14:12",10777000
18950,-150,100,"bu","14:14:12",10772100
18900,-200,1000,"sd","14:14:11",10772000
19000,-100,2000,"bu","14:13:46",10771000
19000,-100,2800,"bu","14:13:38",10769000
19000,-100,100,"bu","14:13:38",10766200
19000,-100,100,"bu","14:13:38",10766100
19000,-100,100,"bu","14:13:38",10766000
19000,-100,100,"bu","14:13:38",10765900
19000,-100,200,"bu","14:13:38",10765800
19000,-100,100,"bu","14:13:38",10765600
19000,-100,1000,"bu","14:13:38",10765500
19000,-100,500,"bu","14:13:38",10764500
19000,-100,200,"bu","14:13:35",10764000
19000,-100,15000,"bu","14:13:29",10763800
19000,-100,1000,"bu","14:13:29",10748800
19000,-100,500,"bu","14:13:29",10747800
19000,-100,100,"bu","14:13:29",10747300
19000,-100,500,"bu","14:13:29",10747200
19000,-100,600,"bu","14:13:29",10746700
19000,-100,2300,"bu","14:13:29",10746100
19000,-100,2400,"bu","14:13:24",10743800
19000,-100,100,"bu","14:13:24",10741400
19000,-100,100,"bu","14:13:24",10741300
19000,-100,100,"bu","14:13:24",10741200
19000,-100,1400,"bu","14:13:24",10741100
19000,-100,900,"bu","14:13:24",10739700
19000,-100,1000,"bu","14:13:16",10738800
19000,-100,1000,"bu","14:13:06",10737800
19000,-100,1600,"bu","14:13:06",10736800
19000,-100,400,"bu","14:13:05",10735200
19000,-100,2100,"bu","14:13:05",10734800
19000,-100,100,"bu","14:13:05",10732700
19000,-100,1500,"bu","14:13:05",10732600
19000,-100,2000,"bu","14:13:05",10731100
19000,-100,200,"bu","14:13:05",10729100
19000,-100,100,"bu","14:13:05",10728900
19000,-100,300,"bu","14:13:05",10728800
19000,-100,100,"bu","14:13:05",10728500
19000,-100,300,"bu","14:13:05",10728400
19000,-100,3900,"bu","14:13:05",10728100
19000,-100,2000,"bu","14:13:05",10724200
18900,-200,1000,"sd","14:13:04",10722200
18900,-200,5000,"sd","14:13:04",10721200
18900,-200,5100,"sd","14:13:04",10716200
18900,-200,1000,"sd","14:13:04",10711100
18900,-200,300,"sd","14:13:04",10710100
18900,-200,5000,"sd","14:13:04",10709800
18900,-200,700,"sd","14:13:04",10704800
18900,-200,100,"sd","14:13:04",10704100
18950,-150,100,"sd","14:13:04",10704000
18900,-200,1000,"sd","14:13:04",10703900
18950,-150,300,"sd","14:13:04",10702900
18900,-200,100,"sd","14:13:04",10702600
18950,-150,1000,"sd","14:13:04",10702500
18900,-200,500,"sd","14:13:04",10701500
18950,-150,1300,"sd","14:13:04",10701000
18900,-200,1400,"sd","14:13:04",10699700
18950,-150,100,"sd","14:13:04",10698300
18900,-200,2000,"sd","14:13:04",10698200
18950,-150,3500,"sd","14:13:04",10696200
18950,-150,500,"sd","14:13:04",10692700
19000,-100,1200,"bu","14:13:04",10692200
19000,-100,8800,"bu","14:13:04",10691000
19000,-100,4700,"bu","14:12:57",10682200
19000,-100,86500,"bu","14:12:51",10677500
19000,-100,5000,"bu","14:12:51",10591000
19000,-100,5000,"bu","14:12:51",10586000
19000,-100,5000,"bu","14:12:51",10581000
19000,-100,200,"bu","14:12:51",10576000
19000,-100,1000,"bu","14:12:51",10575800
19000,-100,5000,"bu","14:12:51",10574800
19000,-100,300,"bu","14:12:51",10569800
19000,-100,100,"bu","14:12:51",10569500
19000,-100,2000,"bu","14:12:51",10569400
19000,-100,200,"bu","14:12:51",10567400
19000,-100,300,"bu","14:12:51",10567200
19000,-100,1000,"bu","14:12:51",10566900
19000,-100,500,"bu","14:12:51",10565900
19000,-100,100,"bu","14:12:51",10565400
19000,-100,2000,"bu","14:12:51",10565300
19000,-100,5000,"bu","14:12:51",10563300
19000,-100,10000,"bu","14:12:51",10558300
19000,-100,20000,"bu","14:12:51",10548300
19000,-100,3800,"bu","14:12:51",10528300
19000,-100,5000,"bu","14:12:51",10524500
18950,-150,1500,"sd","14:12:41",10519500
18950,-150,1000,"bu","14:12:31",10518000
18950,-150,1000,"bu","14:12:31",10517000
19000,-100,300,"bu","14:12:22",10516000
18950,-150,1000,"bu","14:12:22",10515700
18950,-150,700,"bu","14:12:22",10514700
18950,-150,400,"bu","14:12:15",10514000
18950,-150,900,"bu","14:12:10",10513600
18950,-150,900,"bu","14:12:10",10512700
18900,-200,1000,"sd","14:12:06",10511800
18950,-150,9100,"bu","14:12:04",10510800
18950,-150,500,"bu","14:12:04",10501700
18950,-150,1000,"bu","14:12:03",10501200
18950,-150,100,"bu","14:12:03",10500200
18950,-150,200,"bu","14:12:03",10500100
18950,-150,2000,"bu","14:12:03",10499900
18950,-150,15000,"bu","14:12:03",10497900
18950,-150,6100,"bu","14:12:03",10482900
18950,-150,3000,"bu","14:12:03",10476800
18900,-200,1200,"sd","14:11:45",10473800
18900,-200,2000,"sd","14:11:29",10472600
18900,-200,2000,"sd","14:11:15",10470600
18900,-200,33000,"sd","14:11:01",10468600
18900,-200,10100,"sd","14:10:52",10435600
18900,-200,500,"sd","14:10:52",10425500
18900,-200,500,"sd","14:10:50",10425000
18900,-200,100,"sd","14:10:35",10424500
18900,-200,1000,"sd","14:10:35",10424400
18900,-200,100,"sd","14:10:35",10423400
18900,-200,2000,"sd","14:10:35",10423300
18900,-200,3000,"sd","14:10:35",10421300
18900,-200,800,"sd","14:10:35",10418300
18950,-150,500,"bu","14:10:35",10417500
18950,-150,200,"bu","14:10:26",10417000
18950,-150,6300,"bu","14:10:18",10416800
18950,-150,700,"bu","14:10:18",10410500
18950,-150,10000,"bu","14:10:18",10409800
18950,-150,4200,"bu","14:10:18",10399800
18900,-200,9200,"bu","14:10:15",10395600
18900,-200,700,"bu","14:10:15",10386400
18900,-200,1000,"bu","14:10:11",10385700
18900,-200,500,"sd","14:10:08",10384700
18900,-200,5000,"sd","14:10:08",10384200
18900,-200,5000,"sd","14:10:08",10379200
18900,-200,600,"sd","14:10:08",10374200
18900,-200,4000,"sd","14:10:08",10373600
18950,-150,800,"bu","14:10:02",10369600
18950,-150,200,"bu","14:10:02",10368800
18950,-150,100,"bu","14:10:02",10368600
18950,-150,100,"bu","14:10:02",10368500
18950,-150,100,"bu","14:10:02",10368400
18950,-150,300,"bu","14:10:02",10368300
18950,-150,400,"bu","14:10:02",10368000
18900,-200,1000,"sd","14:10:02",10367600
18950,-150,1600,"bu","14:10:01",10366600
18950,-150,100,"bu","14:10:01",10365000
18950,-150,200,"bu","14:10:01",10364900
18950,-150,10000,"bu","14:10:01",10364700
18950,-150,1500,"bu","14:10:01",10354700
18950,-150,500,"bu","14:10:01",10353200
18950,-150,100,"bu","14:10:01",10352700
18950,-150,1000,"bu","14:10:01",10352600
18900,-200,6000,"sd","14:09:48",10351600
18900,-200,20000,"sd","14:09:31",10345600
18900,-200,300,"sd","14:09:31",10325600
18900,-200,500,"sd","14:09:29",10325300
18950,-150,4000,"bu","14:09:27",10324800
18900,-200,2000,"bu","14:09:25",10320800
18900,-200,3000,"bu","14:09:19",10318800
18850,-250,7700,"sd","14:09:18",10315800
18900,-200,100,"sd","14:09:18",10308100
18900,-200,600,"sd","14:09:18",10308000
18900,-200,11400,"sd","14:09:18",10307400
18900,-200,200,"sd","14:09:18",10296000
18850,-250,600,"sd","14:09:11",10295800
18900,-200,300,"bu","14:09:11",10295200
18900,-200,5000,"bu","14:09:11",10294900
18900,-200,200,"bu","14:09:11",10289900
18900,-200,20000,"bu","14:09:11",10289700
18900,-200,10000,"bu","14:09:11",10269700
18900,-200,10000,"bu","14:09:11",10259700
18900,-200,15000,"bu","14:09:11",10249700
18900,-200,500,"bu","14:09:11",10234700
18900,-200,600,"bu","14:09:11",10234200
18900,-200,100,"bu","14:09:11",10233600
18900,-200,6000,"bu","14:09:11",10233500
18900,-200,100,"bu","14:09:11",10227500
18900,-200,500,"bu","14:09:11",10227400
18900,-200,500,"bu","14:09:11",10226900
18900,-200,100,"bu","14:09:11",10226400
18900,-200,1000,"bu","14:09:11",10226300
18900,-200,10000,"bu","14:09:11",10225300
18900,-200,100,"bu","14:09:11",10215300
18900,-200,100,"bu","14:09:11",10215200
18900,-200,200,"bu","14:09:11",10215100
18900,-200,5000,"bu","14:09:11",10214900
18900,-200,200,"bu","14:09:11",10209900
18900,-200,10000,"bu","14:09:11",10209700
18900,-200,1000,"bu","14:09:11",10199700
18900,-200,300,"bu","14:09:11",10198700
18900,-200,2200,"bu","14:09:11",10198400
18900,-200,1000,"bu","14:09:11",10196200
18900,-200,1000,"bu","14:09:07",10195200
18900,-200,500,"bu","14:09:03",10194200
18900,-200,6300,"bu","14:08:59",10193700
18900,-200,3700,"bu","14:08:59",10187400
18900,-200,400,"bu","14:08:56",10183700
18900,-200,900,"bu","14:08:54",10183300
18900,-200,1000,"bu","14:08:54",10182400
18900,-200,100,"bu","14:08:54",10181400
18900,-200,100,"bu","14:08:53",10181300
18850,-250,3900,"sd","14:08:44",10181200
18850,-250,300,"sd","14:08:39",10177300
18850,-250,100,"sd","14:08:28",10177000
18850,-250,1000,"bu","14:08:26",10176900
18850,-250,12700,"bu","14:08:26",10175900
18850,-250,100,"bu","14:08:26",10163200
18850,-250,100,"bu","14:08:22",10163100
18850,-250,1000,"bu","14:08:21",10163000
18850,-250,100,"bu","14:08:16",10162000
18850,-250,6100,"bu","14:08:13",10161900
18850,-250,900,"bu","14:08:13",10155800
18850,-250,100,"bu","14:08:07",10154900
18850,-250,53000,"bu","14:08:06",10154800
18850,-250,10000,"bu","14:08:06",10101800
18850,-250,3500,"bu","14:08:06",10091800
18850,-250,2000,"bu","14:08:06",10088300
18850,-250,10500,"bu","14:08:06",10086300
18850,-250,200,"bu","14:07:42",10075800
18850,-250,200,"bu","14:07:42",10075600
18850,-250,500,"bu","14:07:42",10075400
18850,-250,38600,"bu","14:07:42",10074900
18850,-250,5000,"bu","14:07:40",10036300
18850,-250,200,"bu","14:07:31",10031300
18850,-250,3000,"bu","14:07:31",10031100
18850,-250,23200,"bu","14:07:28",10028100
18850,-250,1000,"bu","14:07:28",10004900
18850,-250,10000,"bu","14:07:28",10003900
18850,-250,5800,"bu","14:07:28",9993900
18850,-250,2000,"bu","14:07:28",9988100
18850,-250,200,"bu","14:07:28",9986100
18850,-250,600,"bu","14:07:28",9985900
18850,-250,3000,"bu","14:07:28",9985300
18850,-250,9200,"bu","14:07:28",9982300
18850,-250,1000,"bu","14:07:22",9973100
18850,-250,200,"bu","14:07:15",9972100
18800,-300,4000,"sd","14:06:39",9971900
18800,-300,1000,"sd","14:06:38",9967900
18800,-300,200,"sd","14:06:33",9966900
18800,-300,5000,"sd","14:06:27",9966700
18800,-300,500,"sd","14:06:19",9961700
18800,-300,600,"sd","14:06:15",9961200
18800,-300,2000,"sd","14:06:08",9960600
18800,-300,5000,"sd","14:06:07",9958600
18800,-300,1000,"sd","14:06:00",9953600
18800,-300,300,"sd","14:05:52",9952600
18800,-300,15000,"sd","14:05:39",9952300
18800,-300,1000,"sd","14:05:34",9937300
18800,-300,100,"sd","14:05:34",9936300
18800,-300,400,"sd","14:05:34",9936200
18850,-250,500,"bu","14:05:09",9935800
18800,-300,200,"sd","14:05:08",9935300
18800,-300,2000,"sd","14:05:08",9935100
18800,-300,10000,"sd","14:05:04",9933100
18800,-300,1000,"sd","14:05:04",9923100
18800,-300,47600,"sd","14:05:04",9922100
18800,-300,400,"sd","14:05:04",9874500
18800,-300,500,"sd","14:05:04",9874100
18800,-300,10200,"sd","14:05:04",9873600
18800,-300,100,"sd","14:05:04",9863400
18800,-300,200,"sd","14:05:04",9863300
18850,-250,2000,"bu","14:04:10",9863100
18800,-300,1000,"sd","14:04:02",9861100
18850,-250,500,"bu","14:03:48",9860100
18850,-250,500,"bu","14:03:43",9859600
18800,-300,500,"sd","14:03:40",9859100
18800,-300,500,"sd","14:03:40",9858600
18800,-300,400,"sd","14:03:30",9858100
18800,-300,2000,"sd","14:03:30",9857700
18800,-300,10000,"sd","14:03:30",9855700
18800,-300,13900,"sd","14:03:30",9845700
18850,-250,3000,"bu","14:03:22",9831800
18850,-250,1000,"bu","14:03:18",9828800
18800,-300,200,"sd","14:03:17",9827800
18850,-250,300,"bu","14:03:16",9827600
18850,-250,100,"bu","14:03:16",9827300
18850,-250,100,"bu","14:03:16",9827200
18850,-250,1000,"bu","14:03:11",9827100
18850,-250,1000,"bu","14:03:10",9826100
18850,-250,2900,"bu","14:03:05",9825100
18850,-250,1400,"bu","14:03:05",9822200
18850,-250,200,"bu","14:03:05",9820800
18850,-250,100,"bu","14:03:05",9820600
18850,-250,400,"bu","14:03:05",9820500
18850,-250,5000,"bu","14:02:59",9820100
18850,-250,1100,"bu","14:02:59",9815100
18850,-250,3500,"bu","14:02:48",9814000
18850,-250,4500,"bu","14:02:48",9810500
18850,-250,100,"bu","14:02:48",9806000
18850,-250,11900,"bu","14:02:48",9805900
18850,-250,100,"bu","14:02:48",9794000
18850,-250,2400,"bu","14:02:48",9793900
18850,-250,4500,"bu","14:02:48",9791500
18850,-250,100,"bu","14:02:42",9787000
18850,-250,1000,"bu","14:02:40",9786900
18850,-250,44400,"bu","14:02:33",9785900
18850,-250,100,"bu","14:02:33",9741500
18850,-250,300,"bu","14:02:33",9741400
18850,-250,1000,"bu","14:02:33",9741100
18850,-250,1500,"bu","14:02:33",9740100
18850,-250,2000,"bu","14:02:33",9738600
18850,-250,700,"bu","14:02:33",9736600
18850,-250,2000,"bu","14:02:16",9735900
18850,-250,2000,"bu","14:02:14",9733900
18850,-250,100,"bu","14:02:13",9731900
18850,-250,600,"bu","14:02:11",9731800
18850,-250,600,"bu","14:02:08",9731200
18850,-250,7900,"bu","14:02:08",9730600
18850,-250,1500,"bu","14:02:08",9722700
18850,-250,500,"bu","14:02:00",9721200
18850,-250,100,"bu","14:02:00",9720700
18800,-300,100,"sd","14:01:59",9720600
18800,-300,5000,"sd","14:01:56",9720500
18850,-250,600,"bu","14:01:54",9715500
18850,-250,3300,"bu","14:01:44",9714900
18850,-250,10000,"bu","14:01:44",9711600
18850,-250,300,"bu","14:01:44",9701600
18850,-250,1000,"bu","14:01:44",9701300
18850,-250,200,"bu","14:01:44",9700300
18850,-250,300,"bu","14:01:44",9700100
18850,-250,900,"bu","14:01:44",9699800
18850,-250,9400,"bu","14:01:44",9698900
18850,-250,4600,"bu","14:01:44",9689500
18800,-300,3500,"sd","14:01:42",9684900
18850,-250,4800,"bu","14:01:31",9681400
18850,-250,5000,"bu","14:01:31",9676600
18850,-250,200,"bu","14:01:31",9671600
18800,-300,100,"sd","14:01:27",9671400
18800,-300,1000,"sd","14:01:27",9671300
18800,-300,9000,"sd","14:01:27",9670300
18800,-300,1900,"sd","14:01:27",9661300
18800,-300,27200,"sd","14:01:27",9659400
18800,-300,200,"sd","14:01:27",9632200
18800,-300,1000,"sd","14:01:27",9632000
18800,-300,1900,"sd","14:01:27",9631000
18800,-300,5000,"sd","14:01:27",9629100
18800,-300,800,"sd","14:01:27",9624100
18800,-300,100,"sd","14:01:18",9623300
18800,-300,3000,"sd","14:00:54",9623200
18800,-300,100,"sd","14:00:54",9620200
18800,-300,4400,"sd","14:00:54",9620100
18800,-300,1000,"sd","14:00:54",9615700
18800,-300,200,"sd","14:00:54",9614700
18800,-300,2200,"sd","14:00:54",9614500
18800,-300,2800,"sd","14:00:47",9612300
18800,-300,1000,"sd","14:00:47",9609500
18800,-300,10000,"sd","14:00:47",9608500
18800,-300,4900,"sd","14:00:39",9598500
18800,-300,300,"sd","14:00:27",9593600
18800,-300,1000,"sd","13:59:52",9593300
18800,-300,500,"sd","13:59:52",9592300
18850,-250,200,"bu","13:59:20",9591800
18850,-250,300,"bu","13:58:55",9591600
18800,-300,100,"sd","13:58:54",9591300
18800,-300,5000,"sd","13:58:49",9591200
18800,-300,100,"sd","13:58:47",9586200
18800,-300,300,"sd","13:58:45",9586100
18850,-250,1100,"bu","13:58:44",9585800
18800,-300,100,"sd","13:58:35",9584700
18850,-250,200,"bu","13:58:26",9584600
18850,-250,500,"bu","13:58:16",9584400
18800,-300,20000,"sd","13:57:48",9583900
18800,-300,3000,"sd","13:57:47",9563900
18800,-300,1000,"sd","13:57:43",9560900
18800,-300,2700,"sd","13:57:42",9559900
18800,-300,600,"bu","13:57:34",9557200
18800,-300,400,"bu","13:57:34",9556600
18800,-300,100,"bu","13:57:28",9556200
18800,-300,100,"sd","13:57:24",9556100
18800,-300,3900,"sd","13:57:24",9556000
18800,-300,200,"sd","13:57:24",9552100
18800,-300,100,"sd","13:57:24",9551900
18800,-300,100,"sd","13:57:24",9551800
18800,-300,100,"sd","13:57:24",9551700
18800,-300,10000,"sd","13:57:17",9551600
18850,-250,100,"bu","13:57:03",9541600
18850,-250,1000,"bu","13:57:00",9541500
18850,-250,200,"bu","13:56:53",9540500
18800,-300,18000,"sd","13:56:47",9540300
18850,-250,500,"bu","13:56:46",9522300
18800,-300,10000,"sd","13:56:37",9521800
18800,-300,8600,"bu","13:56:36",9511800
18800,-300,1000,"sd","13:56:29",9503200
18800,-300,500,"sd","13:56:29",9502200
18800,-300,9900,"sd","13:56:29",9501700
18800,-300,400,"sd","13:56:06",9491800
18800,-300,1000,"sd","13:55:57",9491400
18800,-300,1000,"bu","13:55:47",9490400
18800,-300,500,"bu","13:55:47",9489400
18800,-300,100,"bu","13:55:47",9488900
18800,-300,15000,"bu","13:55:47",9488800
18800,-300,400,"bu","13:55:47",9473800
18800,-300,20000,"bu","13:55:47",9473400
18800,-300,1700,"bu","13:55:47",9453400
18800,-300,3300,"bu","13:55:39",9451700
18800,-300,3900,"bu","13:55:39",9448400
18800,-300,100,"bu","13:55:17",9444500
18800,-300,100,"bu","13:55:15",9444400
18800,-300,200,"bu","13:54:58",9444300
18800,-300,5000,"sd","13:54:55",9444100
18800,-300,200,"sd","13:54:55",9439100
18800,-300,500,"sd","13:54:55",9438900
18800,-300,4000,"sd","13:54:47",9438400
18850,-250,200,"bu","13:54:46",9434400
18800,-300,5500,"sd","13:54:44",9434200
18800,-300,4500,"sd","13:54:44",9428700
18850,-250,100,"bu","13:54:42",9424200
18800,-300,800,"sd","13:54:41",9424100
18800,-300,200,"sd","13:54:40",9423300
18850,-250,300,"bu","13:54:39",9423100
18800,-300,100,"sd","13:54:38",9422800
18800,-300,100,"sd","13:54:37",9422700
18800,-300,10000,"sd","13:54:35",9422600
18800,-300,100,"sd","13:54:27",9412600
18800,-300,100,"sd","13:54:23",9412500
18800,-300,2000,"sd","13:54:18",9412400
18800,-300,10000,"sd","13:54:05",9410400
18800,-300,100,"sd","13:53:55",9400400
18800,-300,200,"sd","13:53:54",9400300
18800,-300,100,"sd","13:53:53",9400100
18800,-300,10000,"sd","13:53:43",9400000
18850,-250,500,"bu","13:53:42",9390000
18850,-250,500,"bu","13:53:34",9389500
18800,-300,10000,"sd","13:53:30",9389000
18850,-250,1000,"bu","13:53:28",9379000
18800,-300,1000,"bu","13:53:23",9378000
18800,-300,700,"bu","13:53:23",9377000
18800,-300,200,"bu","13:53:13",9376300
18800,-300,2100,"bu","13:53:12",9376100
18800,-300,1000,"bu","13:53:12",9374000
18800,-300,200,"bu","13:53:12",9373000
18800,-300,100,"bu","13:53:12",9372800
18800,-300,200,"bu","13:53:12",9372700
18800,-300,1400,"bu","13:53:12",9372500
18800,-300,18600,"bu","13:53:09",9371100
18800,-300,20000,"bu","13:53:09",9352500
18800,-300,2900,"bu","13:53:09",9332500
18800,-300,1000,"bu","13:53:09",9329600
18800,-300,800,"bu","13:53:09",9328600
18800,-300,2000,"bu","13:53:08",9327800
18800,-300,3100,"bu","13:53:08",9325800
18800,-300,1600,"bu","13:53:08",9322700
18800,-300,400,"bu","13:53:04",9321100
18800,-300,20000,"bu","13:53:04",9320700
18800,-300,3200,"bu","13:53:04",9300700
18800,-300,15000,"bu","13:53:04",9297500
18800,-300,200,"bu","13:53:04",9282500
18800,-300,1200,"bu","13:53:04",9282300
18800,-300,900,"bu","13:53:02",9281100
18800,-300,100,"bu","13:53:02",9280200
18800,-300,1000,"bu","13:52:20",9280100
18750,-350,1000,"sd","13:52:09",9279100
18800,-300,500,"bu","13:52:03",9278100
18750,-350,5000,"sd","13:51:56",9277600
18800,-300,100,"bu","13:51:56",9272600
18800,-300,2000,"bu","13:51:54",9272500
18800,-300,1000,"bu","13:51:48",9270500
18750,-350,1000,"sd","13:51:31",9269500
18750,-350,3000,"sd","13:51:20",9268500
18750,-350,100,"sd","13:51:15",9265500
18750,-350,100,"sd","13:51:15",9265400
18750,-350,1000,"sd","13:51:11",9265300
18750,-350,1000,"sd","13:50:59",9264300
18750,-350,200,"sd","13:50:56",9263300
18750,-350,11000,"bu","13:50:56",9263100
18750,-350,2000,"bu","13:50:51",9252100
18700,-400,9900,"sd","13:50:51",9250100
18700,-400,100,"sd","13:50:51",9240200
18750,-350,1000,"bu","13:50:41",9240100
18750,-350,500,"bu","13:50:33",9239100
18700,-400,900,"sd","13:50:33",9238600
18700,-400,100,"sd","13:50:33",9237700
18750,-350,500,"bu","13:50:25",9237600
18750,-350,500,"bu","13:50:25",9237100
18700,-400,900,"bu","13:50:21",9236600
18700,-400,100,"sd","13:50:13",9235700
18700,-400,100,"bu","13:50:11",9235600
18700,-400,300,"bu","13:50:11",9235500
18650,-450,100,"sd","13:50:04",9235200
18700,-400,100,"sd","13:50:03",9235100
18700,-400,1000,"sd","13:49:54",9235000
18700,-400,800,"sd","13:49:53",9234000
18700,-400,1000,"bu","13:49:52",9233200
18700,-400,100,"bu","13:49:52",9232200
18700,-400,4200,"bu","13:49:52",9232100
18700,-400,300,"bu","13:49:45",9227900
18700,-400,500,"sd","13:49:39",9227600
18700,-400,1500,"sd","13:49:39",9227100
18700,-400,1000,"sd","13:49:39",9225600
18700,-400,32500,"sd","13:49:39",9224600
18700,-400,1000,"sd","13:49:39",9192100
18700,-400,300,"sd","13:49:31",9191100
18700,-400,1000,"sd","13:49:29",9190800
18700,-400,100,"sd","13:49:25",9189800
18700,-400,100,"bu","13:49:24",9189700
18700,-400,100,"bu","13:49:24",9189600
18700,-400,100,"bu","13:49:24",9189500
18700,-400,100,"bu","13:49:24",9189400
18700,-400,200,"bu","13:49:24",9189300
18700,-400,20000,"bu","13:49:24",9189100
18700,-400,100,"bu","13:49:24",9169100
18700,-400,5000,"bu","13:49:24",9169000
18700,-400,10000,"bu","13:49:24",9164000
18700,-400,29400,"bu","13:49:24",9154000
18650,-450,200,"sd","13:49:24",9124600
18650,-450,100,"sd","13:49:24",9124400
18700,-400,300,"bu","13:49:19",9124300
18700,-400,100,"bu","13:49:15",9124000
18700,-400,500,"bu","13:49:08",9123900
18700,-400,600,"bu","13:49:04",9123400
18700,-400,600,"bu","13:49:01",9122800
18700,-400,500,"bu","13:48:37",9122200
18700,-400,500,"sd","13:48:13",9121700
18700,-400,1000,"sd","13:48:13",9121200
18700,-400,16500,"sd","13:48:13",9120200
18700,-400,10000,"sd","13:48:12",9103700
18700,-400,6900,"sd","13:48:07",9093700
18700,-400,15000,"sd","13:48:06",9086800
18700,-400,1000,"sd","13:48:06",9071800
18700,-400,1000,"sd","13:48:06",9070800
18700,-400,500,"sd","13:48:06",9069800
18700,-400,100,"sd","13:48:06",9069300
18700,-400,100,"sd","13:48:06",9069200
18700,-400,1600,"sd","13:48:06",9069100
18700,-400,400,"sd","13:48:06",9067500
18700,-400,500,"sd","13:48:06",9067100
18700,-400,500,"sd","13:48:06",9066600
18700,-400,2000,"sd","13:48:06",9066100
18700,-400,100,"sd","13:48:06",9064100
18700,-400,200,"sd","13:48:06",9064000
18700,-400,200,"sd","13:48:04",9063800
18700,-400,1000,"sd","13:48:04",9063600
18700,-400,200,"sd","13:48:04",9062600
18700,-400,3600,"sd","13:48:04",9062400
18700,-400,5000,"sd","13:48:01",9058800
18700,-400,5000,"sd","13:48:00",9053800
18700,-400,25000,"sd","13:47:58",9048800
18700,-400,4800,"sd","13:47:56",9023800
18700,-400,1600,"sd","13:47:55",9019000
18700,-400,1000,"sd","13:47:43",9017400
18750,-350,500,"bu","13:47:42",9016400
18750,-350,9100,"bu","13:47:39",9015900
18750,-350,500,"bu","13:47:39",9006800
18750,-350,400,"bu","13:47:39",9006300
18750,-350,900,"sd","13:47:28",9005900
18750,-350,2500,"sd","13:47:24",9005000
18750,-350,100,"sd","13:47:23",9002500
18750,-350,1000,"sd","13:47:23",9002400
18750,-350,500,"sd","13:47:23",9001400
18750,-350,9300,"sd","13:47:23",9000900
18750,-350,700,"sd","13:47:22",8991600
18750,-350,2000,"sd","13:47:22",8990900
18750,-350,100,"sd","13:47:22",8988900
18750,-350,7200,"sd","13:47:22",8988800
18800,-300,300,"bu","13:47:18",8981600
18800,-300,200,"bu","13:47:18",8981300
18750,-350,5000,"sd","13:47:15",8981100
18750,-350,1000,"sd","13:47:14",8976100
18750,-350,10000,"sd","13:47:13",8975100
18750,-350,1000,"sd","13:47:10",8965100
18750,-350,20000,"sd","13:47:09",8964100
18750,-350,5800,"sd","13:47:06",8944100
18750,-350,4200,"sd","13:47:06",8938300
18800,-300,1000,"bu","13:47:04",8934100
18750,-350,2000,"sd","13:47:03",8933100
18750,-350,9500,"sd","13:46:55",8931100
18750,-350,300,"sd","13:46:55",8921600
18750,-350,1000,"sd","13:46:55",8921300
18750,-350,100,"sd","13:46:55",8920300
18750,-350,500,"sd","13:46:55",8920200
18750,-350,3600,"sd","13:46:55",8919700
18750,-350,200,"sd","13:46:49",8916100
18750,-350,200,"sd","13:46:41",8915900
18750,-350,9800,"sd","13:46:31",8915700
18800,-300,6800,"sd","13:46:19",8905900
18800,-300,500,"sd","13:46:15",8899100
18800,-300,30000,"bu","13:46:13",8898600
18800,-300,12700,"bu","13:46:13",8868600
18800,-300,17300,"bu","13:46:10",8855900
18800,-300,2700,"bu","13:46:10",8838600
18800,-300,500,"sd","13:45:58",8835900
18800,-300,7800,"sd","13:45:58",8835400
18800,-300,5000,"sd","13:45:54",8827600
18800,-300,300,"sd","13:45:48",8822600
18800,-300,100,"bu","13:45:46",8822300
18800,-300,500,"bu","13:45:46",8822200
18800,-300,6300,"bu","13:45:46",8821700
18800,-300,23700,"sd","13:45:41",8815400
18800,-300,100,"sd","13:45:41",8791700
18800,-300,5000,"sd","13:45:39",8791600
18800,-300,6000,"sd","13:45:36",8786600
18800,-300,2000,"bu","13:45:34",8780600
18800,-300,5000,"bu","13:45:34",8778600
18800,-300,8200,"bu","13:45:34",8773600
18800,-300,100,"bu","13:45:33",8765400
18800,-300,3000,"bu","13:45:30",8765300
18800,-300,200,"bu","13:45:28",8762300
18800,-300,10000,"sd","13:45:27",8762100
18800,-300,8500,"sd","13:45:27",8752100
18800,-300,3900,"sd","13:45:24",8743600
18800,-300,2000,"sd","13:45:23",8739700
18800,-300,100,"sd","13:45:21",8737700
18800,-300,500,"sd","13:45:21",8737600
18800,-300,8000,"sd","13:45:19",8737100
18800,-300,12100,"bu","13:44:57",8729100
18800,-300,5000,"bu","13:44:57",8717000
18800,-300,5300,"bu","13:44:57",8712000
18800,-300,4600,"bu","13:44:57",8706700
18800,-300,5400,"sd","13:44:46",8702100
18800,-300,6000,"sd","13:44:44",8696700
18800,-300,100,"sd","13:44:40",8690700
18800,-300,100,"sd","13:44:35",8690600
18800,-300,400,"sd","13:44:35",8690500
18800,-300,100,"sd","13:44:35",8690100
18800,-300,5000,"sd","13:44:28",8690000
18800,-300,1000,"sd","13:44:27",8685000
18800,-300,1000,"sd","13:44:19",8684000
18800,-300,22000,"bu","13:44:15",8683000
18800,-300,3000,"bu","13:44:15",8661000
18800,-300,17900,"bu","13:44:15",8658000
18800,-300,6800,"bu","13:44:15",8640100
18800,-300,1000,"bu","13:44:11",8633300
18800,-300,24300,"sd","13:44:05",8632300
18800,-300,2000,"sd","13:43:53",8608000
18800,-300,100,"sd","13:43:52",8606000
18800,-300,100,"bu","13:43:52",8605900
18800,-300,1000,"bu","13:43:52",8605800
18800,-300,9000,"bu","13:43:52",8604800
18800,-300,10000,"bu","13:43:52",8595800
18800,-300,2000,"bu","13:43:52",8585800
18800,-300,1500,"bu","13:43:52",8583800
18800,-300,500,"bu","13:43:31",8582300
18800,-300,2000,"bu","13:43:31",8581800
18800,-300,100,"bu","13:43:29",8579800
18800,-300,24900,"bu","13:43:27",8579700
18800,-300,200,"bu","13:43:27",8554800
18800,-300,100,"bu","13:43:27",8554600
18800,-300,100,"bu","13:43:27",8554500
18800,-300,1700,"bu","13:43:27",8554400
18800,-300,2000,"bu","13:43:27",8552700
18800,-300,1000,"bu","13:43:27",8550700
18800,-300,300,"bu","13:43:17",8549700
18800,-300,200,"bu","13:43:17",8549400
18800,-300,1500,"bu","13:43:17",8549200
18800,-300,300,"bu","13:43:13",8547700
18750,-350,300,"sd","13:43:11",8547400
18800,-300,5000,"bu","13:43:05",8547100
18800,-300,4400,"bu","13:42:55",8542100
18800,-300,500,"bu","13:42:55",8537700
18800,-300,100,"bu","13:42:55",8537200
18800,-300,300,"bu","13:42:51",8537100
18800,-300,700,"bu","13:42:49",8536800
18800,-300,9300,"bu","13:42:49",8536100
18800,-300,300,"bu","13:42:38",8526800
18750,-350,500,"sd","13:42:26",8526500
18800,-300,100,"bu","13:42:20",8526000
18800,-300,300,"bu","13:42:13",8525900
18800,-300,200,"bu","13:42:13",8525600
18800,-300,200,"bu","13:41:55",8525400
18800,-300,100,"bu","13:41:48",8525200
18800,-300,700,"bu","13:41:34",8525100
18800,-300,100,"bu","13:41:34",8524400
18800,-300,500,"bu","13:41:34",8524300
18800,-300,1000,"bu","13:41:34",8523800
18800,-300,400,"bu","13:41:30",8522800
18800,-300,600,"bu","13:41:29",8522400
18800,-300,600,"bu","13:41:15",8521800
18800,-300,2400,"bu","13:41:11",8521200
18800,-300,300,"bu","13:41:11",8518800
18800,-300,1300,"bu","13:41:11",8518500
18750,-350,8400,"sd","13:41:09",8517200
18750,-350,5000,"sd","13:41:06",8508800
18750,-350,5000,"sd","13:41:02",8503800
18750,-350,6000,"sd","13:40:42",8498800
18750,-350,10000,"sd","13:40:21",8492800
18750,-350,1000,"sd","13:40:19",8482800
18750,-350,1000,"sd","13:40:19",8481800
18750,-350,3000,"sd","13:40:12",8480800
18750,-350,100,"sd","13:40:11",8477800
18750,-350,200,"sd","13:40:04",8477700
18800,-300,500,"bu","13:40:01",8477500
18750,-350,5000,"sd","13:39:41",8477000
18750,-350,5700,"sd","13:38:46",8472000
18750,-350,3000,"sd","13:38:46",8466300
18750,-350,7800,"sd","13:38:46",8463300
18800,-300,500,"bu","13:38:40",8455500
18800,-300,300,"bu","13:38:37",8455000
18800,-300,200,"bu","13:38:36",8454700
18800,-300,1000,"bu","13:38:25",8454500
18800,-300,200,"bu","13:38:22",8453500
18800,-300,4500,"bu","13:38:21",8453300
18800,-300,300,"bu","13:38:21",8448800
18800,-300,200,"bu","13:38:21",8448500
18800,-300,400,"bu","13:38:03",8448300
18800,-300,1500,"bu","13:38:03",8447900
18800,-300,100,"bu","13:37:29",8446400
18750,-350,9500,"sd","13:37:28",8446300
18800,-300,2400,"bu","13:37:25",8436800
18800,-300,800,"bu","13:37:25",8434400
18800,-300,200,"bu","13:37:25",8433600
18800,-300,400,"bu","13:37:25",8433400
18800,-300,3000,"bu","13:37:25",8433000
18800,-300,500,"bu","13:37:25",8430000
18800,-300,9900,"bu","13:37:25",8429500
18800,-300,100,"bu","13:37:25",8419600
18800,-300,300,"bu","13:37:25",8419500
18800,-300,200,"bu","13:37:25",8419200
18800,-300,1000,"bu","13:37:25",8419000
18800,-300,100,"bu","13:37:25",8418000
18800,-300,100,"bu","13:37:25",8417900
18800,-300,1000,"bu","13:37:25",8417800
18800,-300,100,"bu","13:37:25",8416800
18800,-300,500,"bu","13:37:25",8416700
18800,-300,1000,"bu","13:37:25",8416200
18800,-300,500,"bu","13:37:25",8415200
18800,-300,100,"bu","13:37:25",8414700
18800,-300,2000,"bu","13:37:25",8414600
18800,-300,300,"bu","13:37:25",8412600
18800,-300,9500,"bu","13:37:25",8412300
18800,-300,1500,"bu","13:37:25",8402800
18800,-300,5000,"bu","13:37:25",8401300
18800,-300,9500,"bu","13:37:25",8396300
18750,-350,2000,"sd","13:37:15",8386800
18750,-350,400,"sd","13:37:14",8384800
18750,-350,1000,"sd","13:37:14",8384400
18750,-350,200,"bu","13:37:13",8383400
18750,-350,5000,"bu","13:37:13",8383200
18750,-350,4100,"bu","13:37:13",8378200
18750,-350,2500,"sd","13:36:59",8374100
18750,-350,500,"sd","13:36:59",8371600
18750,-350,17900,"sd","13:36:59",8371100
18750,-350,100,"sd","13:36:51",8353200
18750,-350,100,"sd","13:36:46",8353100
18750,-350,5000,"sd","13:36:43",8353000
18750,-350,900,"sd","13:36:39",8348000
18750,-350,3000,"sd","13:36:35",8347100
18750,-350,3000,"sd","13:36:34",8344100
18750,-350,10000,"sd","13:36:34",8341100
18750,-350,7000,"sd","13:36:34",8331100
18750,-350,100,"sd","13:36:29",8324100
18750,-350,900,"sd","13:36:28",8324000
18750,-350,100,"sd","13:36:28",8323100
18750,-350,100,"sd","13:36:07",8323000
18750,-350,700,"bu","13:36:01",8322900
18750,-350,300,"bu","13:36:01",8322200
18750,-350,5000,"bu","13:36:01",8321900
18750,-350,5000,"bu","13:36:01",8316900
18750,-350,3900,"bu","13:36:01",8311900
18750,-350,5000,"bu","13:35:58",8308000
18750,-350,1100,"bu","13:35:56",8303000
18750,-350,900,"bu","13:35:56",8301900
18750,-350,100,"bu","13:35:46",8301000
18750,-350,1000,"bu","13:35:46",8300900
18750,-350,100,"bu","13:35:46",8299900
18750,-350,500,"bu","13:35:46",8299800
18750,-350,200,"bu","13:35:46",8299300
18750,-350,1200,"bu","13:35:46",8299100
18750,-350,500,"bu","13:35:46",8297900
18750,-350,1400,"bu","13:35:46",8297400
18750,-350,2700,"bu","13:35:44",8296000
18750,-350,1000,"bu","13:35:36",8293300
18750,-350,2000,"bu","13:35:18",8292300
18750,-350,900,"bu","13:35:07",8290300
18750,-350,100,"bu","13:35:07",8289400
18750,-350,1000,"bu","13:35:07",8289300
18750,-350,1000,"bu","13:35:07",8288300
18750,-350,2000,"bu","13:35:07",8287300
18750,-350,1000,"bu","13:34:54",8285300
18750,-350,1000,"bu","13:34:54",8284300
18750,-350,100,"bu","13:34:54",8283300
18750,-350,200,"bu","13:34:54",8283200
18750,-350,1000,"bu","13:34:54",8283000
18750,-350,500,"bu","13:34:54",8282000
18750,-350,200,"bu","13:34:54",8281500
18750,-350,100,"bu","13:34:48",8281300
18700,-400,4000,"sd","13:34:37",8281200
18700,-400,5300,"sd","13:34:37",8277200
18750,-350,500,"bu","13:34:34",8271900
18700,-400,1000,"sd","13:34:06",8271400
18700,-400,2400,"sd","13:33:55",8270400
18700,-400,5000,"sd","13:33:49",8268000
18700,-400,500,"sd","13:33:49",8263000
18700,-400,30000,"sd","13:33:43",8262500
18700,-400,1000,"bu","13:33:39",8232500
18700,-400,100,"bu","13:33:39",8231500
18700,-400,1500,"bu","13:33:39",8231400
18700,-400,1400,"bu","13:33:39",8229900
18700,-400,1800,"bu","13:33:39",8228500
18700,-400,1000,"bu","13:33:37",8226700
18700,-400,1000,"bu","13:33:27",8225700
18700,-400,100,"sd","13:33:20",8224700
18700,-400,1000,"sd","13:33:20",8224600
18700,-400,9000,"sd","13:33:07",8223600
18700,-400,1000,"sd","13:33:07",8214600
18650,-450,1500,"sd","13:32:49",8213600
18650,-450,2000,"sd","13:32:49",8212100
18650,-450,100,"sd","13:32:49",8210100
18650,-450,5000,"sd","13:32:49",8210000
18650,-450,2000,"sd","13:32:49",8205000
18650,-450,10000,"sd","13:32:49",8203000
18650,-450,500,"sd","13:32:49",8193000
18650,-450,2000,"sd","13:32:49",8192500
18650,-450,100,"sd","13:32:49",8190500
18650,-450,100,"sd","13:32:49",8190400
18650,-450,5000,"sd","13:32:49",8190300
18650,-450,100,"sd","13:32:49",8185300
18700,-400,300,"sd","13:32:49",8185200
18700,-400,200,"sd","13:32:49",8184900
18700,-400,500,"sd","13:32:49",8184700
18700,-400,800,"sd","13:32:49",8184200
18700,-400,1000,"sd","13:32:49",8183400
18700,-400,3000,"sd","13:32:49",8182400
18700,-400,400,"sd","13:32:49",8179400
18700,-400,30000,"sd","13:32:49",8179000
18700,-400,500,"sd","13:32:49",8149000
18700,-400,1000,"sd","13:32:49",8148500
18700,-400,1000,"sd","13:32:49",8147500
18700,-400,500,"sd","13:32:49",8146500
18700,-400,1000,"sd","13:32:49",8146000
18700,-400,1400,"sd","13:32:49",8145000
18700,-400,200,"sd","13:32:28",8143600
18700,-400,1000,"sd","13:32:12",8143400
18750,-350,1200,"bu","13:31:50",8142400
18700,-400,100,"sd","13:31:06",8141200
18750,-350,1000,"bu","13:31:05",8141100
18750,-350,2000,"bu","13:31:05",8140100
18700,-400,100,"sd","13:30:54",8138100
18700,-400,2700,"sd","13:30:52",8138000
18700,-400,1000,"sd","13:30:50",8135300
18700,-400,100,"sd","13:30:38",8134300
18700,-400,100,"sd","13:30:35",8134200
18700,-400,500,"sd","13:30:33",8134100
18700,-400,2000,"sd","13:30:31",8133600
18700,-400,100,"sd","13:30:24",8131600
18700,-400,4000,"bu","13:30:23",8131500
18700,-400,15000,"bu","13:30:23",8127500
18700,-400,500,"bu","13:30:23",8112500
18700,-400,1200,"bu","13:30:23",8112000
18650,-450,1000,"sd","13:30:07",8110800
18700,-400,300,"bu","13:30:02",8109800
18700,-400,49700,"bu","13:30:02",8109500
18700,-400,300,"bu","13:30:02",8059800
18700,-400,200,"bu","13:30:02",8059500
18650,-450,1000,"sd","13:29:54",8059300
18650,-450,1500,"sd","13:29:47",8058300
18650,-450,1000,"sd","13:29:43",8056800
18650,-450,400,"sd","13:29:23",8055800
18650,-450,2000,"sd","13:29:23",8055400
18650,-450,2600,"sd","13:29:23",8053400
18700,-400,1100,"bu","13:29:11",8050800
18700,-400,500,"bu","13:29:11",8049700
18700,-400,400,"bu","13:29:11",8049200
18700,-400,200,"bu","13:29:11",8048800
18700,-400,100,"bu","13:29:11",8048600
18700,-400,1000,"bu","13:29:05",8048500
18700,-400,500,"bu","13:28:50",8047500
18650,-450,400,"sd","13:28:43",8047000
18700,-400,400,"bu","13:28:42",8046600
18700,-400,100,"bu","13:28:42",8046200
18650,-450,600,"sd","13:28:04",8046100
18650,-450,16400,"sd","13:28:00",8045500
18650,-450,400,"sd","13:28:00",8029100
18650,-450,3200,"sd","13:28:00",8028700
18650,-450,1800,"bu","13:27:55",8025500
18650,-450,100,"bu","13:27:51",8023700
18650,-450,1000,"bu","13:27:50",8023600
18650,-450,300,"bu","13:27:44",8022600
18650,-450,1000,"bu","13:27:40",8022300
18650,-450,500,"bu","13:27:34",8021300
18650,-450,50000,"bu","13:27:25",8020800
18650,-450,10000,"bu","13:27:24",7970800
18650,-450,1000,"bu","13:27:23",7960800
18650,-450,2000,"bu","13:27:16",7959800
18650,-450,100,"bu","13:26:59",7957800
18600,-500,1000,"sd","13:26:57",7957700
18600,-500,1700,"sd","13:26:36",7956700
18600,-500,100,"sd","13:26:36",7955000
18600,-500,500,"sd","13:26:36",7954900
18600,-500,500,"sd","13:26:36",7954400
18600,-500,100,"sd","13:26:36",7953900
18600,-500,1000,"sd","13:26:36",7953800
18600,-500,1000,"sd","13:26:36",7952800
18600,-500,500,"sd","13:26:36",7951800
18600,-500,5000,"sd","13:26:36",7951300
18600,-500,9600,"sd","13:26:36",7946300
18650,-450,100,"bu","13:26:35",7936700
18650,-450,5000,"bu","13:26:35",7936600
18650,-450,100,"bu","13:26:27",7931600
18650,-450,1000,"bu","13:26:17",7931500
18650,-450,20000,"sd","13:26:16",7930500
18650,-450,500,"sd","13:26:16",7910500
18650,-450,5000,"sd","13:26:16",7910000
18650,-450,400,"sd","13:26:16",7905000
18650,-450,100,"sd","13:26:16",7904600
18650,-450,400,"bu","13:26:10",7904500
18650,-450,100,"sd","13:26:07",7904100
18650,-450,100,"sd","13:26:07",7904000
18650,-450,10000,"sd","13:26:07",7903900
18650,-450,500,"sd","13:26:07",7893900
18650,-450,1000,"sd","13:26:07",7893400
18650,-450,1500,"sd","13:26:07",7892400
18650,-450,5000,"sd","13:26:07",7890900
18650,-450,1300,"sd","13:26:07",7885900
18650,-450,2000,"sd","13:26:07",7884600
18650,-450,1100,"sd","13:26:07",7882600
18700,-400,20000,"bu","13:26:02",7881500
18650,-450,300,"bu","13:25:39",7861500
18650,-450,1600,"bu","13:25:39",7861200
18650,-450,2400,"bu","13:25:36",7859600
18650,-450,2600,"bu","13:25:36",7857200
18650,-450,10000,"bu","13:25:35",7854600
18650,-450,2400,"bu","13:25:31",7844600
18650,-450,100,"bu","13:25:31",7842200
18650,-450,2500,"bu","13:25:31",7842100
18650,-450,1000,"bu","13:25:29",7839600
18650,-450,2000,"bu","13:25:28",7838600
18650,-450,10000,"bu","13:25:26",7836600
18650,-450,500,"bu","13:25:24",7826600
18650,-450,1800,"bu","13:25:20",7826100
18650,-450,300,"bu","13:25:17",7824300
18650,-450,1900,"bu","13:25:17",7824000
18650,-450,3100,"bu","13:25:17",7822100
18650,-450,400,"bu","13:25:12",7819000
18650,-450,1000,"bu","13:25:11",7818600
18650,-450,500,"bu","13:25:09",7817600
18650,-450,1600,"bu","13:25:09",7817100
18650,-450,5000,"bu","13:25:04",7815500
18650,-450,5000,"bu","13:24:53",7810500
18650,-450,200,"bu","13:24:53",7805500
18650,-450,500,"bu","13:24:43",7805300
18650,-450,400,"bu","13:24:43",7804800
18650,-450,100,"bu","13:24:41",7804400
18650,-450,100,"bu","13:24:27",7804300
18650,-450,200,"bu","13:24:26",7804200
18650,-450,2000,"bu","13:24:24",7804000
18650,-450,1000,"bu","13:24:23",7802000
18650,-450,900,"bu","13:24:22",7801000
18650,-450,4800,"bu","13:24:18",7800100
18650,-450,100,"bu","13:24:14",7795300
18650,-450,3000,"bu","13:24:14",7795200
18600,-500,200,"sd","13:24:05",7792200
18600,-500,200,"sd","13:23:35",7792000
18600,-500,100,"sd","13:23:35",7791800
18650,-450,5000,"bu","13:23:32",7791700
18600,-500,2000,"sd","13:23:30",7786700
18600,-500,2000,"sd","13:23:30",7784700
18600,-500,1000,"sd","13:23:30",7782700
18600,-500,2000,"sd","13:23:30",7781700
18600,-500,4600,"sd","13:23:30",7779700
18600,-500,400,"sd","13:23:11",7775100
18600,-500,100,"sd","13:23:11",7774700
18650,-450,100,"bu","13:23:11",7774600
18650,-450,100,"bu","13:22:57",7774500
18650,-450,2000,"bu","13:22:53",7774400
18650,-450,200,"bu","13:22:33",7772400
18650,-450,5000,"bu","13:22:06",7772200
18650,-450,1000,"bu","13:22:01",7767200
18650,-450,1000,"sd","13:21:59",7766200
18650,-450,10000,"sd","13:21:59",7765200
18650,-450,5800,"sd","13:21:59",7755200
18650,-450,1000,"sd","13:21:49",7749400
18650,-450,3200,"sd","13:21:38",7748400
18650,-450,100,"sd","13:21:38",7745200
18650,-450,100,"sd","13:21:38",7745100
18650,-450,5200,"sd","13:21:38",7745000
18650,-450,5000,"sd","13:21:38",7739800
18650,-450,7000,"sd","13:21:38",7734800
18650,-450,700,"sd","13:21:38",7727800
18650,-450,200,"sd","13:21:38",7727100
18650,-450,2000,"sd","13:21:38",7726900
18650,-450,600,"sd","13:21:38",7724900
18650,-450,300,"sd","13:21:38",7724300
18650,-450,300,"sd","13:21:38",7724000
18650,-450,5000,"sd","13:21:38",7723700
18650,-450,1000,"sd","13:21:38",7718700
18650,-450,19300,"sd","13:21:38",7717700
18650,-450,500,"sd","13:20:06",7698400
18650,-450,200,"sd","13:19:52",7697900
18650,-450,700,"sd","13:19:52",7697700
18650,-450,100,"sd","13:19:52",7697000
18700,-400,29900,"bu","13:19:38",7696900
18700,-400,2100,"bu","13:19:38",7667000
18650,-450,900,"bu","13:19:23",7664900
18650,-450,100,"bu","13:19:19",7664000
18650,-450,500,"bu","13:19:17",7663900
18650,-450,500,"bu","13:19:13",7663400
18650,-450,1300,"bu","13:19:13",7662900
18650,-450,200,"bu","13:19:06",7661600
18650,-450,800,"bu","13:19:06",7661400
18650,-450,500,"bu","13:19:02",7660600
18650,-450,100,"bu","13:19:00",7660100
18650,-450,900,"bu","13:18:59",7660000
18650,-450,1100,"bu","13:18:59",7659100
18650,-450,1000,"bu","13:18:58",7658000
18650,-450,1000,"bu","13:18:51",7657000
18650,-450,1000,"bu","13:18:45",7656000
18650,-450,900,"bu","13:18:41",7655000
18650,-450,200,"bu","13:18:41",7654100
18650,-450,900,"bu","13:18:41",7653900
18650,-450,100,"bu","13:18:41",7653000
18650,-450,2700,"bu","13:18:41",7652900
18650,-450,100,"bu","13:18:32",7650200
18650,-450,100,"bu","13:18:31",7650100
18650,-450,1000,"bu","13:18:30",7650000
18650,-450,1000,"bu","13:18:09",7649000
18650,-450,100,"bu","13:18:02",7648000
18650,-450,20000,"sd","13:18:00",7647900
18650,-450,700,"sd","13:18:00",7627900
18650,-450,100,"sd","13:18:00",7627200
18650,-450,300,"sd","13:17:59",7627100
18650,-450,500,"sd","13:17:59",7626800
18650,-450,1000,"sd","13:17:59",7626300
18650,-450,10000,"sd","13:17:59",7625300
18650,-450,500,"sd","13:17:59",7615300
18650,-450,500,"sd","13:17:59",7614800
18650,-450,14400,"sd","13:17:59",7614300
18700,-400,1000,"bu","13:17:58",7599900
18700,-400,100,"bu","13:17:53",7598900
18700,-400,500,"bu","13:17:48",7598800
18700,-400,1300,"bu","13:17:47",7598300
18700,-400,3200,"bu","13:17:47",7597000
18650,-450,14000,"sd","13:17:47",7593800
18700,-400,10000,"bu","13:17:39",7579800
18700,-400,400,"sd","13:17:28",7569800
18700,-400,2000,"sd","13:17:28",7569400
18700,-400,200,"sd","13:17:28",7567400
18700,-400,2000,"sd","13:17:28",7567200
18700,-400,600,"sd","13:17:28",7565200
18700,-400,1500,"sd","13:17:28",7564600
18700,-400,400,"sd","13:17:28",7563100
18700,-400,100,"sd","13:17:28",7562700
18700,-400,5000,"sd","13:17:28",7562600
18700,-400,10000,"sd","13:17:28",7557600
18700,-400,5600,"sd","13:17:28",7547600
18700,-400,1800,"sd","13:17:28",7542000
18700,-400,1000,"sd","13:17:23",7540200
18700,-400,1600,"sd","13:17:14",7539200
18700,-400,1400,"sd","13:17:14",7537600
18700,-400,14000,"sd","13:17:11",7536200
18700,-400,500,"sd","13:17:10",7522200
18700,-400,2000,"sd","13:17:10",7521700
18700,-400,800,"sd","13:17:06",7519700
18700,-400,400,"sd","13:17:03",7518900
18700,-400,2000,"bu","13:16:38",7518500
18700,-400,200,"bu","13:16:38",7516500
18700,-400,2500,"bu","13:16:38",7516300
18700,-400,100,"bu","13:16:38",7513800
18700,-400,1000,"bu","13:16:38",7513700
18700,-400,5100,"bu","13:16:38",7512700
18700,-400,1000,"bu","13:16:37",7507600
18700,-400,900,"bu","13:16:37",7506600
18700,-400,500,"bu","13:16:34",7505700
18700,-400,5000,"bu","13:16:32",7505200
18700,-400,17500,"bu","13:16:28",7500200
18700,-400,1000,"bu","13:16:28",7482700
18700,-400,500,"bu","13:16:28",7481700
18700,-400,100,"bu","13:16:28",7481200
18700,-400,800,"bu","13:16:28",7481100
18700,-400,100,"bu","13:16:28",7480300
18700,-400,4300,"bu","13:16:28",7480200
18700,-400,5700,"bu","13:16:28",7475900
18700,-400,200,"bu","13:16:28",7470200
18700,-400,200,"bu","13:16:21",7470000
18700,-400,100,"bu","13:16:17",7469800
18700,-400,500,"bu","13:16:12",7469700
18700,-400,300,"bu","13:16:11",7469200
18700,-400,2000,"bu","13:16:02",7468900
18650,-450,500,"sd","13:15:57",7466900
18650,-450,400,"sd","13:15:42",7466400
18650,-450,100,"bu","13:15:37",7466000
18650,-450,20600,"bu","13:15:37",7465900
18650,-450,1000,"bu","13:15:33",7445300
18650,-450,3000,"bu","13:15:31",7444300
18650,-450,5400,"sd","13:15:26",7441300
18650,-450,700,"bu","13:15:26",7435900
18650,-450,1000,"bu","13:15:26",7435200
18650,-450,12900,"bu","13:15:26",7434200
18650,-450,600,"bu","13:15:25",7421300
18650,-450,10000,"bu","13:15:24",7420700
18650,-450,4500,"bu","13:15:24",7410700
18650,-450,5400,"bu","13:15:23",7406200
18650,-450,800,"bu","13:15:19",7400800
18650,-450,5000,"bu","13:15:18",7400000
18650,-450,6000,"bu","13:15:17",7395000
18650,-450,15800,"bu","13:15:13",7389000
18650,-450,100,"bu","13:15:13",7373200
18650,-450,100,"bu","13:15:13",7373100
18650,-450,4000,"bu","13:15:13",7373000
18650,-450,1500,"bu","13:15:11",7369000
18650,-450,1000,"bu","13:15:11",7367500
18650,-450,1000,"bu","13:15:08",7366500
18650,-450,2500,"bu","13:15:05",7365500
18650,-450,1500,"bu","13:15:05",7363000
18650,-450,300,"bu","13:15:02",7361500
18650,-450,1000,"bu","13:15:02",7361200
18650,-450,1000,"bu","13:15:01",7360200
18650,-450,400,"bu","13:14:59",7359200
18650,-450,600,"bu","13:14:45",7358800
18600,-500,100,"sd","13:14:44",7358200
18650,-450,5000,"bu","13:14:43",7358100
18600,-500,300,"sd","13:14:35",7353100
18600,-500,400,"sd","13:14:34",7352800
18600,-500,100,"sd","13:14:34",7352400
18600,-500,700,"sd","13:14:25",7352300
18600,-500,2000,"sd","13:14:20",7351600
18650,-450,100,"bu","13:14:14",7349600
18600,-500,1000,"sd","13:14:06",7349500
18600,-500,100,"sd","13:14:04",7348500
18600,-500,1000,"sd","13:13:33",7348400
18600,-500,500,"sd","13:13:29",7347400
18600,-500,20000,"sd","13:13:25",7346900
18600,-500,10000,"sd","13:13:18",7326900
18600,-500,13300,"sd","13:13:14",7316900
18600,-500,1000,"sd","13:13:07",7303600
18600,-500,100,"bu","13:13:05",7302600
18600,-500,200,"bu","13:13:05",7302500
18600,-500,3300,"bu","13:13:05",7302300
18600,-500,1500,"bu","13:13:05",7299000
18600,-500,2000,"bu","13:13:05",7297500
18600,-500,600,"bu","13:13:05",7295500
18600,-500,900,"bu","13:13:05",7294900
18600,-500,60300,"bu","13:13:05",7294000
18600,-500,800,"bu","13:13:01",7233700
18600,-500,1000,"bu","13:13:01",7232900
18600,-500,50000,"bu","13:12:51",7231900
18550,-550,36500,"sd","13:12:48",7181900
18550,-550,1000,"sd","13:12:48",7145400
18550,-550,1000,"sd","13:12:48",7144400
18550,-550,200,"sd","13:12:48",7143400
18550,-550,100,"sd","13:12:48",7143200
18550,-550,11200,"sd","13:12:48",7143100
18600,-500,100,"bu","13:12:45",7131900
18600,-500,200,"bu","13:12:38",7131800
18600,-500,100,"bu","13:12:38",7131600
18600,-500,2000,"bu","13:12:38",7131500
18550,-550,38800,"sd","13:12:21",7129500
18550,-550,1800,"sd","13:12:21",7090700
18550,-550,200,"sd","13:12:21",7088900
18550,-550,3000,"sd","13:12:21",7088700
18550,-550,500,"sd","13:12:21",7085700
18550,-550,5700,"sd","13:12:21",7085200
18550,-550,500,"sd","13:12:10",7079500
18550,-550,3800,"bu","13:12:05",7079000
18550,-550,2000,"bu","13:12:03",7075200
18550,-550,100,"sd","13:12:02",7073200
18550,-550,2000,"sd","13:12:02",7073100
18550,-550,100,"sd","13:12:02",7071100
18550,-550,100,"bu","13:12:01",7071000
18550,-550,1000,"bu","13:11:59",7070900
18550,-550,1900,"bu","13:11:58",7069900
18550,-550,200,"bu","13:11:58",7068000
18550,-550,300,"bu","13:11:58",7067800
18550,-550,22600,"bu","13:11:58",7067500
18550,-550,200,"bu","13:11:54",7044900
18550,-550,5000,"bu","13:11:52",7044700
18550,-550,100,"bu","13:11:52",7039700
18550,-550,200,"bu","13:11:51",7039600
18550,-550,1000,"bu","13:11:50",7039400
18500,-600,1000,"sd","13:11:50",7038400
18550,-550,400,"bu","13:11:49",7037400
18550,-550,100,"bu","13:11:49",7037000
18500,-600,200,"sd","13:11:42",7036900
18550,-550,1900,"bu","13:11:41",7036700
18550,-550,100,"bu","13:11:41",7034800
18550,-550,100,"bu","13:11:38",7034700
18550,-550,900,"bu","13:11:38",7034600
18550,-550,100,"bu","13:11:36",7033700
18550,-550,9900,"bu","13:11:36",7033600
18550,-550,100,"bu","13:11:33",7023700
18550,-550,600,"bu","13:11:32",7023600
18500,-600,1700,"sd","13:11:26",7023000
18500,-600,1000,"sd","13:11:25",7021300
18550,-550,500,"bu","13:11:18",7020300
18550,-550,2400,"bu","13:11:17",7019800
18550,-550,1000,"bu","13:11:03",7017400
18550,-550,1000,"bu","13:10:59",7016400
18550,-550,100,"bu","13:10:58",7015400
18550,-550,1600,"bu","13:10:57",7015300
18550,-550,200,"bu","13:10:57",7013700
18550,-550,400,"bu","13:10:54",7013500
18550,-550,500,"bu","13:10:54",7013100
18550,-550,800,"bu","13:10:52",7012600
18550,-550,100,"sd","13:10:52",7011800
18550,-550,1000,"sd","13:10:52",7011700
18550,-550,3000,"sd","13:10:52",7010700
18550,-550,800,"sd","13:10:52",7007700
18550,-550,1100,"sd","13:10:52",7006900
18550,-550,1000,"sd","13:10:52",7005800
18550,-550,100,"sd","13:10:52",7004800
18550,-550,100,"sd","13:10:52",7004700
18550,-550,100,"sd","13:10:52",7004600
18550,-550,1000,"sd","13:10:52",7004500
18550,-550,300,"sd","13:10:52",7003500
18550,-550,100,"sd","13:10:52",7003200
18550,-550,100,"sd","13:10:52",7003100
18550,-550,100,"sd","13:10:52",7003000
18550,-550,100,"sd","13:10:52",7002900
18550,-550,1000,"sd","13:10:52",7002800
18550,-550,500,"sd","13:10:52",7001800
18550,-550,100,"sd","13:10:52",7001300
18550,-550,300,"sd","13:10:52",7001200
18550,-550,1700,"sd","13:10:51",7000900
18550,-550,1000,"sd","13:10:51",6999200
18550,-550,600,"sd","13:10:51",6998200
18550,-550,300,"sd","13:10:51",6997600
18550,-550,300,"sd","13:10:51",6997300
18550,-550,300,"sd","13:10:51",6997000
18550,-550,100,"sd","13:10:51",6996700
18550,-550,400,"sd","13:10:51",6996600
18550,-550,100,"sd","13:10:51",6996200
18550,-550,3100,"sd","13:10:51",6996100
18550,-550,500,"sd","13:10:51",6993000
18550,-550,500,"sd","13:10:51",6992500
18550,-550,100,"sd","13:10:51",6992000
18550,-550,3000,"sd","13:10:51",6991900
18600,-500,100,"bu","13:10:47",6988900
18550,-550,5000,"sd","13:10:47",6988800
18550,-550,2000,"sd","13:10:45",6983800
18550,-550,15000,"sd","13:10:45",6981800
18550,-550,500,"sd","13:10:45",6966800
18550,-550,4800,"sd","13:10:45",6966300
18550,-550,1000,"sd","13:10:45",6961500
18550,-550,1000,"sd","13:10:45",6960500
18550,-550,25700,"sd","13:10:45",6959500
18600,-500,100,"bu","13:10:40",6933800
18550,-550,5000,"sd","13:10:20",6933700
18600,-500,100,"bu","13:10:18",6928700
18600,-500,5000,"bu","13:10:17",6928600
18550,-550,1600,"sd","13:10:17",6923600
18550,-550,3000,"sd","13:10:09",6922000
18600,-500,100,"bu","13:10:05",6919000
18600,-500,100,"bu","13:10:00",6918900
18600,-500,20000,"bu","13:09:49",6918800
18600,-500,10000,"bu","13:09:49",6898800
18550,-550,700,"sd","13:09:42",6888800
18550,-550,2000,"sd","13:09:38",6888100
18550,-550,62000,"sd","13:09:38",6886100
18550,-550,500,"sd","13:09:38",6824100
18550,-550,3000,"sd","13:09:38",6823600
18550,-550,300,"sd","13:09:38",6820600
18550,-550,200,"sd","13:09:38",6820300
18550,-550,100,"sd","13:09:38",6820100
18550,-550,1000,"sd","13:09:38",6820000
18550,-550,5000,"sd","13:09:38",6819000
18550,-550,3000,"sd","13:09:38",6814000
18550,-550,200,"sd","13:09:38",6811000
18550,-550,2000,"sd","13:09:38",6810800
18550,-550,5000,"sd","13:09:38",6808800
18550,-550,400,"sd","13:09:38",6803800
18550,-550,100,"sd","13:09:38",6803400
18550,-550,1000,"sd","13:09:38",6803300
18600,-500,100,"sd","13:09:38",6802300
18600,-500,1000,"sd","13:09:38",6802200
18600,-500,100,"sd","13:09:38",6801200
18600,-500,1000,"sd","13:09:38",6801100
18600,-500,500,"sd","13:09:38",6800100
18600,-500,1000,"sd","13:09:38",6799600
18600,-500,500,"sd","13:09:38",6798600
18600,-500,3000,"sd","13:09:38",6798100
18600,-500,5900,"sd","13:09:38",6795100
18650,-450,900,"bu","13:09:37",6789200
18600,-500,10000,"sd","13:09:36",6788300
18600,-500,6200,"sd","13:09:29",6778300
18600,-500,1000,"sd","13:09:29",6772100
18600,-500,200,"sd","13:09:29",6771100
18600,-500,500,"sd","13:09:29",6770900
18600,-500,1000,"sd","13:09:29",6770400
18600,-500,1000,"sd","13:09:29",6769400
18600,-500,1000,"sd","13:09:29",6768400
18600,-500,100,"sd","13:09:29",6767400
18600,-500,100,"sd","13:09:29",6767300
18600,-500,1000,"sd","13:09:29",6767200
18600,-500,2000,"sd","13:09:29",6766200
18600,-500,5000,"sd","13:09:29",6764200
18600,-500,1000,"sd","13:09:29",6759200
18600,-500,200,"sd","13:09:29",6758200
18600,-500,500,"sd","13:09:29",6758000
18600,-500,300,"sd","13:09:29",6757500
18600,-500,100,"sd","13:09:29",6757200
18600,-500,500,"sd","13:09:29",6757100
18600,-500,15000,"sd","13:09:29",6756600
18600,-500,2000,"sd","13:09:29",6741600
18600,-500,1000,"sd","13:09:29",6739600
18600,-500,500,"sd","13:09:29",6738600
18600,-500,1000,"sd","13:09:29",6738100
18600,-500,10000,"sd","13:09:29",6737100
18600,-500,5000,"sd","13:09:29",6727100
18600,-500,1000,"sd","13:09:29",6722100
18600,-500,5500,"sd","13:09:29",6721100
18600,-500,200,"sd","13:09:29",6715600
18600,-500,1000,"sd","13:09:29",6715400
18600,-500,600,"sd","13:09:29",6714400
18600,-500,500,"sd","13:09:29",6713800
18600,-500,100,"sd","13:09:29",6713300
18600,-500,200,"sd","13:09:29",6713200
18600,-500,7700,"sd","13:09:29",6713000
18600,-500,100,"sd","13:09:29",6705300
18600,-500,1000,"sd","13:09:29",6705200
18600,-500,1000,"sd","13:09:29",6704200
18600,-500,10000,"sd","13:09:29",6703200
18600,-500,200,"sd","13:09:29",6693200
18600,-500,10000,"sd","13:09:29",6693000
18600,-500,1000,"sd","13:09:29",6683000
18600,-500,200,"sd","13:09:29",6682000
18600,-500,5000,"sd","13:09:29",6681800
18600,-500,400,"sd","13:09:29",6676800
18600,-500,500,"sd","13:09:29",6676400
18600,-500,100,"sd","13:09:29",6675900
18600,-500,200,"sd","13:09:29",6675800
18600,-500,100,"sd","13:09:29",6675600
18600,-500,1000,"sd","13:09:29",6675500
18600,-500,5000,"sd","13:09:29",6674500
18600,-500,100,"sd","13:09:29",6669500
18600,-500,5000,"sd","13:09:29",6669400
18600,-500,900,"sd","13:09:29",6664400
18600,-500,1000,"sd","13:09:29",6663500
18600,-500,300,"sd","13:09:29",6662500
18600,-500,3000,"sd","13:09:29",6662200
18600,-500,100,"sd","13:09:29",6659200
18600,-500,300,"sd","13:09:29",6659100
18600,-500,100,"sd","13:09:29",6658800
18600,-500,200,"sd","13:09:29",6658700
18600,-500,100,"sd","13:09:29",6658500
18600,-500,100,"sd","13:09:29",6658400
18600,-500,500,"sd","13:09:29",6658300
18600,-500,100,"sd","13:09:29",6657800
18600,-500,100,"sd","13:09:29",6657700
18600,-500,500,"sd","13:09:29",6657600
18600,-500,5000,"sd","13:09:29",6657100
18600,-500,2000,"sd","13:09:29",6652100
18600,-500,500,"sd","13:09:29",6650100
18600,-500,100000,"sd","13:09:29",6649600
18600,-500,100,"sd","13:09:29",6549600
18600,-500,500,"sd","13:09:29",6549500
18600,-500,300,"sd","13:09:29",6549000
18600,-500,900,"sd","13:09:29",6548700
18600,-500,2000,"sd","13:09:29",6547800
18600,-500,1900,"sd","13:09:29",6545800
18600,-500,500,"sd","13:09:29",6543900
18600,-500,100,"sd","13:09:29",6543400
18600,-500,1000,"sd","13:09:29",6543300
18600,-500,1000,"sd","13:09:29",6542300
18600,-500,100,"sd","13:09:29",6541300
18600,-500,1000,"sd","13:09:29",6541200
18600,-500,1000,"sd","13:09:29",6540200
18600,-500,1000,"sd","13:09:29",6539200
18600,-500,300,"sd","13:09:29",6538200
18600,-500,10000,"sd","13:09:29",6537900
18600,-500,100,"sd","13:09:29",6527900
18600,-500,100,"sd","13:09:29",6527800
18600,-500,100,"sd","13:09:29",6527700
18600,-500,100,"sd","13:09:29",6527600
18600,-500,3000,"sd","13:09:29",6527500
18600,-500,100,"sd","13:09:29",6524500
18600,-500,100,"sd","13:09:29",6524400
18600,-500,2100,"sd","13:09:29",6524300
18600,-500,100,"sd","13:09:29",6522200
18600,-500,200,"sd","13:09:29",6522100
18600,-500,600,"sd","13:09:29",6521900
18600,-500,10000,"sd","13:09:29",6521300
18600,-500,2900,"sd","13:09:29",6511300
18600,-500,5000,"sd","13:09:29",6508400
18600,-500,300,"sd","13:09:29",6503400
18600,-500,100,"sd","13:09:29",6503100
18600,-500,4000,"sd","13:09:29",6503000
18600,-500,100,"sd","13:09:29",6499000
18600,-500,500,"sd","13:09:29",6498900
18600,-500,1000,"sd","13:09:29",6498400
18600,-500,2000,"sd","13:09:29",6497400
18600,-500,400,"sd","13:09:29",6495400
18600,-500,200,"sd","13:09:29",6495000
18600,-500,100,"sd","13:09:29",6494800
18600,-500,100,"sd","13:09:29",6494700
18600,-500,200,"sd","13:09:29",6494600
18600,-500,400,"sd","13:09:29",6494400
18600,-500,4000,"sd","13:09:29",6494000
18600,-500,5000,"sd","13:09:29",6490000
18600,-500,100,"sd","13:09:29",6485000
18600,-500,5000,"sd","13:09:29",6484900
18600,-500,100,"sd","13:09:29",6479900
18600,-500,100,"sd","13:09:29",6479800
18600,-500,18400,"sd","13:09:29",6479700
18650,-450,5000,"bu","13:09:27",6461300
18650,-450,100,"bu","13:09:22",6456300
18650,-450,5000,"bu","13:09:22",6456200
18650,-450,1100,"bu","13:09:19",6451200
18650,-450,400,"bu","13:09:12",6450100
18650,-450,100,"bu","13:09:11",6449700
18650,-450,1400,"bu","13:09:09",6449600
18600,-500,4000,"sd","13:09:03",6448200
18600,-500,30000,"sd","13:09:01",6444200
18650,-450,200,"bu","13:08:58",6414200
18600,-500,500,"sd","13:08:43",6414000
18600,-500,1000,"sd","13:08:36",6413500
18650,-450,10000,"bu","13:08:14",6412500
18650,-450,1700,"bu","13:08:10",6402500
18650,-450,300,"bu","13:08:02",6400800
18650,-450,200,"bu","13:07:59",6400500
18650,-450,1000,"bu","13:07:58",6400300
18650,-450,1000,"sd","13:07:57",6399300
18650,-450,2400,"sd","13:07:57",6398300
18650,-450,100,"sd","13:07:57",6395900
18650,-450,3000,"sd","13:07:57",6395800
18650,-450,500,"sd","13:07:57",6392800
18650,-450,1700,"sd","13:07:57",6392300
18650,-450,1100,"sd","13:07:55",6390600
18650,-450,500,"sd","13:07:54",6389500
18650,-450,500,"sd","13:07:46",6389000
18650,-450,1200,"bu","13:07:44",6388500
18650,-450,200,"bu","13:07:44",6387300
18650,-450,20000,"bu","13:07:44",6387100
18650,-450,500,"bu","13:07:44",6367100
18650,-450,50000,"bu","13:07:44",6366600
18650,-450,10100,"bu","13:07:44",6316600
18650,-450,14200,"bu","13:07:44",6306500
18650,-450,1800,"bu","13:07:41",6292300
18650,-450,500,"bu","13:07:22",6290500
18650,-450,1000,"bu","13:07:20",6290000
18650,-450,100,"bu","13:07:16",6289000
18650,-450,100,"bu","13:07:12",6288900
18650,-450,100,"bu","13:07:12",6288800
18650,-450,100,"bu","13:07:03",6288700
18650,-450,300,"bu","13:06:53",6288600
18650,-450,100,"bu","13:06:51",6288300
18650,-450,500,"bu","13:06:49",6288200
18650,-450,100,"bu","13:06:48",6287700
18650,-450,1000,"bu","13:06:36",6287600
18650,-450,15000,"bu","13:06:11",6286600
18650,-450,1000,"bu","13:06:07",6271600
18650,-450,14100,"sd","13:05:53",6270600
18650,-450,4000,"sd","13:05:50",6256500
18700,-400,1000,"bu","13:05:48",6252500
18650,-450,100,"bu","13:05:47",6251500
18650,-450,100,"bu","13:05:47",6251400
18650,-450,100,"bu","13:05:47",6251300
18650,-450,100,"bu","13:05:47",6251200
18650,-450,8300,"bu","13:05:47",6251100
18650,-450,500,"bu","13:05:43",6242800
18600,-500,55000,"sd","13:05:38",6242300
18650,-450,1200,"bu","13:05:35",6187300
18650,-450,300,"bu","13:05:35",6186100
18650,-450,2000,"bu","13:05:35",6185800
18650,-450,100,"bu","13:05:27",6183800
18650,-450,1000,"bu","13:05:24",6183700
18650,-450,100,"sd","13:05:23",6182700
18650,-450,100,"sd","13:05:23",6182600
18650,-450,400,"sd","13:05:23",6182500
18650,-450,6300,"sd","13:05:23",6182100
18650,-450,500,"sd","13:05:15",6175800
18650,-450,20000,"sd","13:05:09",6175300
18650,-450,5700,"bu","13:05:02",6155300
18650,-450,1000,"bu","13:05:02",6149600
18650,-450,10000,"bu","13:05:02",6148600
18650,-450,6500,"bu","13:05:02",6138600
18650,-450,2000,"bu","13:05:00",6132100
18650,-450,300,"bu","13:04:57",6130100
18650,-450,200,"bu","13:04:56",6129800
18650,-450,100,"bu","13:04:53",6129600
18650,-450,400,"bu","13:04:51",6129500
18650,-450,600,"bu","13:04:51",6129100
18650,-450,100,"bu","13:04:50",6128500
18650,-450,300,"bu","13:04:47",6128400
18650,-450,4000,"sd","13:04:27",6128100
18650,-450,100,"sd","13:04:25",6124100
18650,-450,200,"sd","13:04:19",6124000
18650,-450,5000,"sd","13:04:19",6123800
18650,-450,1000,"sd","13:04:19",6118800
18650,-450,100,"sd","13:04:19",6117800
18650,-450,100,"sd","13:04:19",6117700
18650,-450,500,"sd","13:04:19",6117600
18650,-450,500,"sd","13:04:19",6117100
18650,-450,100,"sd","13:04:19",6116600
18650,-450,8000,"sd","13:04:19",6116500
18650,-450,84500,"sd","13:04:19",6108500
18650,-450,900,"sd","13:04:17",6024000
18650,-450,500,"sd","13:04:13",6023100
18650,-450,3700,"sd","13:04:13",6022600
18650,-450,5000,"sd","13:04:05",6018900
18700,-400,100,"bu","13:04:02",6013900
18650,-450,1400,"sd","13:03:55",6013800
18650,-450,2000,"sd","13:03:55",6012400
18650,-450,200,"sd","13:03:55",6010400
18650,-450,100,"sd","13:03:55",6010200
18650,-450,100,"sd","13:03:55",6010100
18650,-450,100,"sd","13:03:55",6010000
18650,-450,500,"sd","13:03:55",6009900
18650,-450,200,"sd","13:03:55",6009400
18650,-450,2000,"sd","13:03:55",6009200
18650,-450,2000,"sd","13:03:55",6007200
18650,-450,1000,"sd","13:03:55",6005200
18650,-450,100,"sd","13:03:55",6004200
18650,-450,5600,"sd","13:03:55",6004100
18650,-450,300,"sd","13:03:55",5998500
18650,-450,4100,"sd","13:03:55",5998200
18650,-450,100,"sd","13:03:55",5994100
18650,-450,1000,"sd","13:03:55",5994000
18650,-450,1300,"sd","13:03:55",5993000
18650,-450,100,"sd","13:03:55",5991700
18650,-450,100,"sd","13:03:47",5991600
18650,-450,900,"sd","13:03:47",5991500
18650,-450,100,"sd","13:03:41",5990600
18650,-450,4300,"sd","13:03:41",5990500
18650,-450,5700,"sd","13:03:26",5986200
18650,-450,500,"sd","13:03:26",5980500
18650,-450,100,"sd","13:03:26",5980000
18650,-450,1000,"sd","13:03:26",5979900
18650,-450,700,"sd","13:03:26",5978900
18650,-450,1000,"sd","13:03:24",5978200
18700,-400,100,"bu","13:03:16",5977200
18700,-400,2500,"bu","13:03:04",5977100
18650,-450,300,"sd","13:03:02",5974600
18650,-450,100,"sd","13:03:02",5974300
18650,-450,100,"sd","13:03:02",5974200
18650,-450,500,"sd","13:03:02",5974100
18650,-450,1100,"sd","13:03:01",5973600
18650,-450,2000,"sd","13:02:59",5972500
18650,-450,10500,"sd","13:02:55",5970500
18650,-450,5000,"sd","13:02:49",5960000
18650,-450,900,"sd","13:02:30",5955000
18650,-450,79100,"sd","13:02:30",5954100
18700,-400,2100,"bu","13:02:02",5875000
18700,-400,200,"bu","13:02:02",5872900
18700,-400,3100,"bu","13:02:02",5872700
18650,-450,1000,"sd","13:01:56",5869600
18700,-400,2000,"bu","13:01:55",5868600
18650,-450,500,"sd","13:01:40",5866600
18650,-450,1000,"sd","13:01:33",5866100
18700,-400,1000,"bu","13:01:22",5865100
18700,-400,300,"bu","13:01:12",5864100
18700,-400,1000,"bu","13:01:03",5863800
18650,-450,8000,"sd","13:00:46",5862800
18650,-450,500,"sd","13:00:37",5854800
18700,-400,100,"bu","13:00:33",5854300
18700,-400,100,"sd","13:00:29",5854200
18700,-400,5000,"sd","13:00:29",5854100
18700,-400,500,"sd","13:00:29",5849100
18700,-400,200,"sd","13:00:29",5848600
18700,-400,10500,"sd","13:00:29",5848400
18700,-400,100,"sd","13:00:29",5837900
18700,-400,5000,"sd","13:00:29",5837800
18700,-400,2000,"sd","13:00:29",5832800
18700,-400,500,"sd","13:00:29",5830800
18700,-400,2000,"sd","13:00:29",5830300
18700,-400,5000,"sd","13:00:29",5828300
18700,-400,200,"sd","13:00:29",5823300
18700,-400,700,"sd","13:00:29",5823100
18700,-400,100,"sd","13:00:29",5822400
18700,-400,1000,"sd","13:00:29",5822300
18700,-400,100,"sd","13:00:29",5821300
18700,-400,1500,"sd","13:00:29",5821200
18700,-400,200,"sd","13:00:29",5819700
18700,-400,100,"sd","13:00:29",5819500
18700,-400,7700,"sd","13:00:29",5819400
18700,-400,3000,"sd","13:00:19",5811700
18700,-400,3000,"sd","13:00:19",5808700
18700,-400,3000,"sd","13:00:19",5805700
18700,-400,5000,"sd","13:00:17",5802700
18700,-400,600,"sd","13:00:14",5797700
18700,-400,300,"sd","13:00:14",5797100
18700,-400,2000,"sd","13:00:14",5796800
18700,-400,100,"sd","13:00:14",5794800
18700,-400,300,"sd","13:00:14",5794700
18700,-400,100,"sd","13:00:13",5794400
18700,-400,300,"sd","13:00:13",5794300
18750,-350,100,"bu","13:00:11",5794000
18700,-400,100,"sd","13:00:10",5793900
18700,-400,600,"sd","13:00:08",5793800
18700,-400,100,"sd","13:00:08",5793200
18700,-400,1000,"sd","13:00:08",5793100
18700,-400,3300,"sd","13:00:08",5792100
18700,-400,500,"sd","13:00:06",5788800
18700,-400,700,"sd","13:00:06",5788300
18700,-400,500,"sd","13:00:05",5787600
18700,-400,1000,"sd","13:00:05",5787100
18700,-400,100,"sd","13:00:05",5786100
18700,-400,2000,"sd","13:00:05",5786000
18700,-400,700,"sd","13:00:05",5784000
18700,-400,100,"sd","13:00:05",5783300
18700,-400,100,"sd","13:00:05",5783200
18700,-400,100,"sd","13:00:05",5783100
18700,-400,200,"sd","13:00:05",5783000
18700,-400,1000,"sd","13:00:05",5782800
18700,-400,4200,"sd","13:00:05",5781800
18700,-400,200,"sd","13:00:03",5777600
18700,-400,100,"sd","13:00:01",5777400
18700,-400,500,"sd","13:00:01",5777300
18700,-400,9500,"sd","13:00:01",5776800
18700,-400,500,"sd","13:00:01",5767300
18700,-400,500,"sd","13:00:01",5766800
18700,-400,200,"sd","13:00:01",5766300
18700,-400,200,"sd","13:00:01",5766100
18700,-400,100,"sd","13:00:00",5765900
18700,-400,400,"sd","13:00:00",5765800
18700,-400,100,"sd","13:00:00",5765400
18700,-400,200,"sd","13:00:00",5765300
18700,-400,2000,"sd","12:59:59",5765100
18700,-400,5000,"sd","11:29:57",5763100
18700,-400,2300,"sd","11:29:18",5758100
18700,-400,500,"sd","11:29:18",5755800
18700,-400,500,"sd","11:29:18",5755300
18700,-400,2000,"sd","11:29:18",5754800
18700,-400,500,"sd","11:29:17",5752800
18700,-400,4200,"sd","11:29:17",5752300
18750,-350,400,"bu","11:28:49",5748100
18750,-350,100,"bu","11:28:49",5747700
18750,-350,200,"bu","11:28:49",5747600
18750,-350,300,"bu","11:28:49",5747400
18750,-350,700,"bu","11:28:43",5747100
18750,-350,300,"bu","11:28:43",5746400
18750,-350,500,"bu","11:28:40",5746100
18750,-350,100,"bu","11:28:08",5745600
18750,-350,400,"bu","11:28:02",5745500
18750,-350,600,"bu","11:28:02",5745100
18750,-350,100,"bu","11:27:45",5744500
18750,-350,2000,"bu","11:27:26",5744400
18750,-350,300,"bu","11:27:09",5742400
18750,-350,1000,"bu","11:27:09",5742100
18750,-350,1000,"bu","11:27:09",5741100
18750,-350,1000,"bu","11:27:09",5740100
18750,-350,2000,"bu","11:27:09",5739100
18750,-350,3500,"bu","11:27:09",5737100
18750,-350,1000,"bu","11:26:09",5733600
18750,-350,2000,"bu","11:25:56",5732600
18750,-350,100,"bu","11:25:55",5730600
18750,-350,1000,"bu","11:24:38",5730500
18700,-400,800,"sd","11:24:38",5729500
18700,-400,700,"sd","11:24:38",5728700
18700,-400,2300,"sd","11:24:14",5728000
18700,-400,400,"sd","11:24:14",5725700
18750,-350,3000,"bu","11:23:57",5725300
18750,-350,300,"bu","11:23:16",5722300
18750,-350,300,"bu","11:22:59",5722000
18750,-350,100,"bu","11:22:51",5721700
18750,-350,200,"sd","11:22:48",5721600
18750,-350,5000,"sd","11:22:48",5721400
18750,-350,11500,"sd","11:22:48",5716400
18750,-350,800,"sd","11:21:51",5704900
18750,-350,2000,"sd","11:21:42",5704100
18750,-350,700,"sd","11:21:27",5702100
18750,-350,5000,"sd","11:21:27",5701400
18750,-350,8200,"sd","11:21:27",5696400
18750,-350,16100,"sd","11:21:09",5688200
18750,-350,5000,"sd","11:20:45",5672100
18750,-350,100,"sd","11:20:16",5667100
18750,-350,100,"bu","11:20:04",5667000
18750,-350,200,"bu","11:20:04",5666900
18750,-350,200,"bu","11:20:04",5666700
18750,-350,100,"bu","11:20:04",5666500
18750,-350,100,"bu","11:19:40",5666400
18750,-350,200,"bu","11:19:39",5666300
18750,-350,1000,"bu","11:19:39",5666100
18750,-350,500,"bu","11:19:39",5665100
18750,-350,500,"bu","11:19:39",5664600
18750,-350,1000,"bu","11:19:39",5664100
18750,-350,8500,"bu","11:19:39",5663100
18750,-350,18000,"bu","11:19:39",5654600
18750,-350,1000,"bu","11:19:39",5636600
18750,-350,400,"bu","11:19:39",5635600
18750,-350,600,"bu","11:19:39",5635200
18750,-350,100,"bu","11:19:39",5634600
18750,-350,300,"bu","11:19:39",5634500
18750,-350,32800,"bu","11:19:39",5634200
18700,-400,200,"sd","11:19:39",5601400
18750,-350,1000,"bu","11:19:26",5601200
18750,-350,1000,"bu","11:19:25",5600200
18750,-350,1000,"bu","11:19:09",5599200
18750,-350,1000,"bu","11:19:00",5598200
18750,-350,2200,"bu","11:18:49",5597200
18750,-350,800,"bu","11:18:49",5595000
18700,-400,400,"sd","11:18:14",5594200
18700,-400,2000,"sd","11:18:14",5593800
18700,-400,1000,"sd","11:18:14",5591800
18700,-400,100,"sd","11:18:14",5590800
18700,-400,500,"sd","11:18:14",5590700
18750,-350,1000,"bu","11:15:30",5590200
18750,-350,100,"bu","11:15:29",5589200
18700,-400,500,"sd","11:15:22",5589100
18750,-350,100,"bu","11:15:14",5588600
18700,-400,800,"bu","11:14:53",5588500
18700,-400,1200,"bu","11:14:53",5587700
18700,-400,1000,"bu","11:14:52",5586500
18700,-400,300,"bu","11:14:49",5585500
18700,-400,100,"bu","11:14:46",5585200
18700,-400,2000,"bu","11:14:41",5585100
18700,-400,100,"bu","11:14:38",5583100
18700,-400,10000,"bu","11:14:32",5583000
18700,-400,1000,"bu","11:14:31",5573000
18700,-400,100,"bu","11:14:13",5572000
18700,-400,1000,"bu","11:14:06",5571900
18700,-400,500,"bu","11:14:01",5570900
18700,-400,500,"bu","11:13:59",5570400
18700,-400,1500,"bu","11:13:55",5569900
18700,-400,1000,"bu","11:13:54",5568400
18700,-400,500,"bu","11:13:54",5567400
18700,-400,500,"bu","11:13:52",5566900
18700,-400,500,"bu","11:13:47",5566400
18700,-400,3000,"bu","11:13:35",5565900
18700,-400,100,"bu","11:13:31",5562900
18700,-400,100,"bu","11:13:31",5562800
18700,-400,400,"bu","11:13:31",5562700
18700,-400,500,"bu","11:13:29",5562300
18700,-400,1100,"bu","11:13:26",5561800
18700,-400,5000,"bu","11:13:26",5560700
18700,-400,100,"bu","11:13:23",5555700
18700,-400,1000,"bu","11:13:22",5555600
18700,-400,1000,"bu","11:13:20",5554600
18700,-400,10000,"bu","11:13:20",5553600
18700,-400,1000,"bu","11:13:12",5543600
18700,-400,100,"bu","11:13:09",5542600
18700,-400,500,"bu","11:13:08",5542500
18700,-400,2000,"bu","11:13:04",5542000
18700,-400,2300,"bu","11:13:01",5540000
18700,-400,100,"bu","11:13:01",5537700
18700,-400,100,"bu","11:13:01",5537600
18700,-400,200,"bu","11:13:00",5537500
18700,-400,1000,"bu","11:12:56",5537300
18700,-400,1000,"bu","11:12:53",5536300
18700,-400,5000,"bu","11:12:52",5535300
18700,-400,1000,"bu","11:12:45",5530300
18700,-400,2000,"bu","11:12:43",5529300
18700,-400,100,"bu","11:12:41",5527300
18700,-400,500,"bu","11:12:33",5527200
18700,-400,5000,"bu","11:12:24",5526700
18700,-400,5000,"bu","11:12:15",5521700
18700,-400,200,"bu","11:12:09",5516700
18650,-450,7900,"sd","11:12:08",5516500
18650,-450,5400,"sd","11:12:08",5508600
18650,-450,1000,"sd","11:12:08",5503200
18650,-450,1000,"sd","11:12:08",5502200
18650,-450,5000,"sd","11:12:08",5501200
18650,-450,500,"sd","11:12:08",5496200
18650,-450,5000,"sd","11:12:08",5495700
18650,-450,500,"sd","11:12:08",5490700
18650,-450,100,"sd","11:12:08",5490200
18650,-450,2000,"sd","11:12:08",5490100
18650,-450,100,"sd","11:12:08",5488100
18650,-450,100,"sd","11:12:08",5488000
18650,-450,200,"sd","11:12:08",5487900
18650,-450,16500,"sd","11:12:08",5487700
18650,-450,1000,"sd","11:12:08",5471200
18650,-450,15000,"sd","11:12:08",5470200
18650,-450,200,"sd","11:12:08",5455200
18650,-450,2000,"sd","11:12:08",5455000
18650,-450,100,"sd","11:12:08",5453000
18650,-450,500,"sd","11:12:08",5452900
18650,-450,1000,"sd","11:12:08",5452400
18650,-450,1000,"sd","11:12:08",5451400
18650,-450,500,"sd","11:12:08",5450400
18650,-450,7600,"sd","11:12:08",5449900
18650,-450,500,"sd","11:12:08",5442300
18650,-450,2000,"sd","11:12:08",5441800
18650,-450,100,"sd","11:12:08",5439800
18650,-450,200,"sd","11:12:08",5439700
18650,-450,200,"sd","11:12:08",5439500
18650,-450,100,"sd","11:12:08",5439300
18650,-450,500,"sd","11:12:08",5439200
18650,-450,100,"sd","11:12:08",5438700
18650,-450,100,"sd","11:12:08",5438600
18650,-450,5000,"sd","11:12:08",5438500
18650,-450,800,"sd","11:12:08",5433500
18650,-450,300,"sd","11:12:08",5432700
18650,-450,500,"sd","11:12:08",5432400
18650,-450,300,"sd","11:12:08",5431900
18650,-450,1000,"sd","11:12:08",5431600
18650,-450,100,"sd","11:12:08",5430600
18700,-400,500,"bu","11:11:59",5430500
18700,-400,18500,"sd","11:11:56",5430000
18700,-400,100,"sd","11:11:56",5411500
18700,-400,2000,"sd","11:11:56",5411400
18700,-400,500,"sd","11:11:56",5409400
18700,-400,6000,"sd","11:11:56",5408900
18700,-400,1000,"sd","11:11:56",5402900
18700,-400,200,"sd","11:11:56",5401900
18700,-400,100,"sd","11:11:56",5401700
18700,-400,1000,"sd","11:11:08",5401600
18700,-400,600,"sd","11:11:06",5400600
18700,-400,2000,"sd","11:11:03",5400000
18700,-400,1000,"sd","11:10:55",5398000
18700,-400,100,"sd","11:10:55",5397000
18700,-400,1900,"sd","11:10:55",5396900
18700,-400,100,"bu","11:10:25",5395000
18700,-400,200,"bu","11:10:25",5394900
18700,-400,200,"bu","11:10:25",5394700
18700,-400,2000,"bu","11:10:20",5394500
18700,-400,5300,"bu","11:10:20",5392500
18700,-400,2100,"bu","11:10:18",5387200
18700,-400,5700,"bu","11:10:18",5385100
18650,-450,2000,"sd","11:10:18",5379400
18700,-400,1000,"bu","11:10:17",5377400
18700,-400,5000,"bu","11:10:10",5376400
18700,-400,500,"bu","11:10:09",5371400
18700,-400,9100,"bu","11:10:06",5370900
18700,-400,2400,"bu","11:09:53",5361800
18700,-400,500,"bu","11:09:50",5359400
18700,-400,1000,"bu","11:09:47",5358900
18700,-400,1000,"bu","11:09:46",5357900
18700,-400,300,"bu","11:09:35",5356900
18700,-400,1000,"bu","11:09:33",5356600
18700,-400,10000,"bu","11:09:24",5355600
18700,-400,10000,"bu","11:09:23",5345600
18700,-400,300,"sd","11:09:08",5335600
18700,-400,1000,"sd","11:09:08",5335300
18700,-400,1200,"sd","11:09:08",5334300
18700,-400,400,"sd","11:09:02",5333100
18700,-400,100,"bu","11:09:01",5332700
18700,-400,100,"bu","11:09:01",5332600
18700,-400,200,"bu","11:09:01",5332500
18700,-400,500,"bu","11:08:54",5332300
18700,-400,2000,"bu","11:08:54",5331800
18700,-400,500,"bu","11:08:50",5329800
18700,-400,1800,"bu","11:08:49",5329300
18700,-400,400,"bu","11:08:49",5327500
18700,-400,600,"bu","11:08:49",5327100
18700,-400,200,"bu","11:08:49",5326500
18700,-400,2000,"bu","11:08:43",5326300
18700,-400,5000,"bu","11:08:41",5324300
18700,-400,1000,"bu","11:08:40",5319300
18650,-450,900,"sd","11:08:35",5318300
18700,-400,500,"bu","11:08:32",5317400
18700,-400,500,"bu","11:08:31",5316900
18700,-400,100,"bu","11:08:27",5316400
18700,-400,2700,"bu","11:08:26",5316300
18700,-400,30000,"bu","11:08:23",5313600
18700,-400,500,"bu","11:08:20",5283600
18700,-400,200,"bu","11:08:19",5283100
18700,-400,200,"bu","11:08:15",5282900
18700,-400,1300,"bu","11:08:14",5282700
18700,-400,800,"bu","11:08:09",5281400
18700,-400,1000,"bu","11:08:09",5280600
18700,-400,1000,"bu","11:08:09",5279600
18700,-400,1500,"bu","11:08:09",5278600
18700,-400,700,"bu","11:08:09",5277100
18700,-400,300,"bu","11:08:05",5276400
18700,-400,2000,"bu","11:08:05",5276100
18700,-400,100,"bu","11:08:05",5274100
18700,-400,100,"bu","11:08:05",5274000
18700,-400,500,"bu","11:08:05",5273900
18700,-400,2000,"bu","11:08:05",5273400
18700,-400,1000,"bu","11:08:05",5271400
18700,-400,1800,"bu","11:08:05",5270400
18700,-400,500,"bu","11:08:05",5268600
18700,-400,3000,"bu","11:08:05",5268100
18700,-400,3700,"bu","11:08:05",5265100
18700,-400,100,"bu","11:07:57",5261400
18700,-400,2000,"bu","11:07:53",5261300
18700,-400,5000,"bu","11:07:53",5259300
18650,-450,6500,"sd","11:07:40",5254300
18650,-450,500,"sd","11:07:35",5247800
18650,-450,100,"sd","11:07:35",5247300
18650,-450,200,"sd","11:07:35",5247200
18650,-450,400,"sd","11:07:35",5247000
18650,-450,100,"sd","11:07:35",5246600
18650,-450,100,"sd","11:07:35",5246500
18650,-450,600,"sd","11:07:35",5246400
18700,-400,500,"bu","11:07:34",5245800
18700,-400,10000,"bu","11:07:21",5245300
18700,-400,1000,"bu","11:07:18",5235300
18650,-450,100,"sd","11:07:15",5234300
18650,-450,49300,"sd","11:07:14",5234200
18650,-450,100,"sd","11:07:14",5184900
18650,-450,1000,"sd","11:07:14",5184800
18650,-450,5800,"sd","11:07:14",5183800
18650,-450,500,"sd","11:07:14",5178000
18650,-450,10000,"sd","11:07:14",5177500
18650,-450,1000,"sd","11:07:14",5167500
18650,-450,2300,"sd","11:07:14",5166500
18700,-400,1000,"bu","11:07:07",5164200
18650,-450,200,"sd","11:06:56",5163200
18650,-450,3000,"sd","11:06:43",5163000
18700,-400,8400,"bu","11:06:43",5160000
18650,-450,1500,"sd","11:06:39",5151600
18650,-450,200,"sd","11:06:39",5150100
18650,-450,1000,"sd","11:06:39",5149900
18650,-450,100,"sd","11:06:39",5148900
18650,-450,1000,"sd","11:06:39",5148800
18650,-450,1000,"sd","11:06:39",5147800
18650,-450,100,"sd","11:06:39",5146800
18650,-450,15000,"sd","11:06:39",5146700
18650,-450,700,"sd","11:06:39",5131700
18650,-450,1000,"sd","11:06:39",5131000
18650,-450,500,"sd","11:06:39",5130000
18650,-450,2000,"sd","11:06:39",5129500
18650,-450,900,"sd","11:06:39",5127500
18650,-450,1100,"sd","11:06:38",5126600
18650,-450,1000,"sd","11:06:38",5125500
18650,-450,500,"sd","11:06:38",5124500
18650,-450,1000,"sd","11:06:38",5124000
18650,-450,2000,"sd","11:06:38",5123000
18650,-450,200,"sd","11:06:38",5121000
18700,-400,300,"bu","11:06:34",5120800
18650,-450,300,"sd","11:06:27",5120500
18650,-450,1000,"sd","11:06:19",5120200
18650,-450,1000,"sd","11:06:19",5119200
18650,-450,100,"sd","11:06:19",5118200
18650,-450,1100,"sd","11:06:19",5118100
18650,-450,500,"sd","11:06:19",5117000
18650,-450,100,"sd","11:06:19",5116500
18650,-450,1100,"sd","11:06:19",5116400
18650,-450,100,"sd","11:06:19",5115300
18700,-400,1000,"bu","11:06:15",5115200
18650,-450,4000,"sd","11:06:07",5114200
18650,-450,900,"sd","11:06:06",5110200
18650,-450,2800,"sd","11:06:06",5109300
18700,-400,200,"bu","11:05:59",5106500
18650,-450,800,"sd","11:05:49",5106300
18700,-400,1000,"bu","11:05:46",5105500
18700,-400,500,"bu","11:05:44",5104500
18700,-400,11500,"bu","11:05:41",5104000
18700,-400,100,"bu","11:05:41",5092500
18650,-450,1400,"sd","11:05:40",5092400
18650,-450,10000,"sd","11:05:40",5091000
18650,-450,100,"sd","11:05:40",5081000
18650,-450,100,"sd","11:05:40",5080900
18650,-450,10000,"sd","11:05:40",5080800
18650,-450,3400,"sd","11:05:40",5070800
18700,-400,1000,"bu","11:05:31",5067400
18700,-400,1500,"bu","11:05:09",5066400
18650,-450,10000,"sd","11:05:01",5064900
18700,-400,1000,"bu","11:04:45",5054900
18700,-400,100,"bu","11:04:37",5053900
18700,-400,1000,"bu","11:04:32",5053800
18700,-400,1000,"bu","11:04:25",5052800
18700,-400,3000,"bu","11:04:11",5051800
18700,-400,200,"bu","11:04:09",5048800
18700,-400,10000,"bu","11:04:06",5048600
18700,-400,1000,"bu","11:04:03",5038600
18700,-400,100,"bu","11:04:03",5037600
18700,-400,300,"bu","11:04:01",5037500
18700,-400,500,"bu","11:03:58",5037200
18700,-400,100,"bu","11:03:44",5036700
18700,-400,200,"bu","11:03:41",5036600
18700,-400,200,"bu","11:03:41",5036400
18700,-400,500,"bu","11:03:37",5036200
18700,-400,5000,"bu","11:03:13",5035700
18700,-400,500,"bu","11:03:12",5030700
18700,-400,300,"bu","11:02:51",5030200
18650,-450,2000,"sd","11:02:51",5029900
18650,-450,500,"sd","11:01:40",5027900
18700,-400,100,"bu","11:01:00",5027400
18700,-400,1000,"bu","11:00:42",5027300
18700,-400,100,"bu","11:00:15",5026300
18700,-400,2000,"bu","11:00:02",5026200
18700,-400,100,"bu","10:59:55",5024200
18700,-400,600,"bu","10:59:37",5024100
18700,-400,100,"bu","10:59:37",5023500
18700,-400,200,"bu","10:59:33",5023400
18700,-400,2000,"sd","10:59:17",5023200
18700,-400,200,"sd","10:59:17",5021200
18700,-400,19800,"sd","10:59:17",5021000
18700,-400,300,"sd","10:59:16",5001200
18700,-400,1000,"sd","10:59:12",5000900
18700,-400,7000,"sd","10:59:09",4999900
18700,-400,1900,"bu","10:59:05",4992900
18700,-400,10000,"bu","10:59:05",4991000
18700,-400,2000,"bu","10:59:05",4981000
18700,-400,19000,"bu","10:59:05",4979000
18700,-400,2000,"bu","10:59:05",4960000
18700,-400,37000,"bu","10:59:05",4958000
18700,-400,200,"bu","10:59:00",4921000
18650,-450,2000,"sd","10:59:00",4920800
18650,-450,600,"sd","10:58:54",4918800
18650,-450,1500,"sd","10:58:51",4918200
18650,-450,2000,"sd","10:58:29",4916700
18650,-450,3000,"sd","10:58:29",4914700
18650,-450,2000,"sd","10:58:22",4911700
18650,-450,5000,"bu","10:58:19",4909700
18650,-450,1000,"bu","10:58:09",4904700
18650,-450,2000,"bu","10:58:08",4903700
18650,-450,100,"bu","10:58:07",4901700
18650,-450,20000,"bu","10:58:06",4901600
18650,-450,1500,"bu","10:58:05",4881600
18650,-450,15000,"bu","10:58:01",4880100
18650,-450,17000,"bu","10:58:01",4865100
18650,-450,19800,"bu","10:58:01",4848100
18650,-450,13200,"bu","10:58:01",4828300
18600,-500,1500,"sd","10:58:00",4815100
18600,-500,4000,"sd","10:57:56",4813600
18600,-500,3900,"sd","10:57:50",4809600
18600,-500,1000,"sd","10:57:50",4805700
18600,-500,100,"sd","10:57:50",4804700
18600,-500,3000,"sd","10:57:46",4804600
18600,-500,1900,"sd","10:57:40",4801600
18600,-500,100,"sd","10:57:40",4799700
18650,-450,200,"bu","10:57:34",4799600
18650,-450,100,"sd","10:57:32",4799400
18650,-450,1000,"sd","10:57:32",4799300
18650,-450,5000,"sd","10:57:32",4798300
18650,-450,1000,"sd","10:57:32",4793300
18650,-450,500,"sd","10:57:32",4792300
18650,-450,300,"sd","10:57:32",4791800
18650,-450,200,"sd","10:57:32",4791500
18650,-450,1000,"sd","10:57:32",4791300
18650,-450,1000,"sd","10:57:32",4790300
18650,-450,300,"sd","10:57:32",4789300
18650,-450,1000,"sd","10:57:32",4789000
18650,-450,5000,"sd","10:57:32",4788000
18650,-450,2000,"sd","10:57:32",4783000
18650,-450,500,"sd","10:57:32",4781000
18650,-450,2000,"sd","10:57:32",4780500
18650,-450,1000,"sd","10:57:32",4778500
18650,-450,1500,"sd","10:57:32",4777500
18650,-450,200,"sd","10:57:32",4776000
18650,-450,500,"sd","10:57:32",4775800
18650,-450,100,"sd","10:57:31",4775300
18650,-450,3400,"sd","10:57:26",4775200
18650,-450,500,"sd","10:57:26",4771800
18650,-450,500,"sd","10:57:26",4771300
18650,-450,300,"sd","10:57:26",4770800
18650,-450,100,"sd","10:57:26",4770500
18650,-450,300,"sd","10:57:26",4770400
18650,-450,100,"sd","10:57:26",4770100
18650,-450,100,"sd","10:57:26",4770000
18650,-450,200,"sd","10:57:26",4769900
18650,-450,100,"sd","10:57:26",4769700
18700,-400,100,"bu","10:57:25",4769600
18650,-450,5000,"sd","10:57:21",4769500
18650,-450,1900,"sd","10:57:21",4764500
18650,-450,1500,"sd","10:57:21",4762600
18650,-450,48500,"sd","10:57:16",4761100
18650,-450,500,"sd","10:57:16",4712600
18650,-450,1000,"sd","10:57:16",4712100
18700,-400,2000,"sd","10:57:06",4711100
18700,-400,500,"sd","10:57:06",4709100
18700,-400,100,"sd","10:57:06",4708600
18700,-400,100,"sd","10:57:06",4708500
18700,-400,5000,"sd","10:57:06",4708400
18700,-400,50000,"sd","10:57:06",4703400
18700,-400,1000,"sd","10:57:06",4653400
18700,-400,200,"sd","10:57:06",4652400
18700,-400,3800,"sd","10:57:06",4652200
18700,-400,1200,"sd","10:57:03",4648400
18700,-400,200,"sd","10:57:03",4647200
18700,-400,1000,"sd","10:57:03",4647000
18700,-400,100,"sd","10:57:03",4646000
18700,-400,100,"sd","10:57:03",4645900
18700,-400,200,"sd","10:57:03",4645800
18700,-400,2000,"sd","10:57:03",4645600
18700,-400,2000,"sd","10:57:03",4643600
18700,-400,100,"sd","10:57:03",4641600
18700,-400,100,"sd","10:57:03",4641500
18700,-400,500,"sd","10:57:03",4641400
18700,-400,100,"sd","10:57:03",4640900
18700,-400,5000,"sd","10:57:03",4640800
18700,-400,1000,"sd","10:57:03",4635800
18700,-400,1000,"sd","10:57:03",4634800
18700,-400,100,"sd","10:57:03",4633800
18700,-400,300,"sd","10:57:03",4633700
18700,-400,200,"sd","10:57:03",4633400
18700,-400,1000,"sd","10:57:03",4633200
18700,-400,1000,"sd","10:57:03",4632200
18700,-400,5000,"sd","10:57:03",4631200
18700,-400,2000,"sd","10:57:03",4626200
18700,-400,800,"sd","10:57:03",4624200
18700,-400,1100,"sd","10:56:59",4623400
18700,-400,1000,"sd","10:56:59",4622300
18700,-400,7000,"sd","10:56:59",4621300
18700,-400,10000,"sd","10:56:59",4614300
18700,-400,500,"sd","10:56:59",4604300
18700,-400,200,"sd","10:56:59",4603800
18700,-400,200,"sd","10:56:59",4603600
18700,-400,400,"sd","10:56:59",4603400
18700,-400,15000,"sd","10:56:59",4603000
18700,-400,500,"sd","10:56:59",4588000
18700,-400,200,"sd","10:56:59",4587500
18700,-400,1000,"sd","10:56:59",4587300
18700,-400,1000,"sd","10:56:59",4586300
18700,-400,200,"sd","10:56:59",4585300
18700,-400,100,"sd","10:56:59",4585100
18700,-400,200,"sd","10:56:59",4585000
18700,-400,200,"sd","10:56:59",4584800
