"price","change","match_qtty","side","time","total_vol"
35200,100,3700,"bu","14:45:03",96000
35100,0,2000,"sd","14:29:43",92300
35100,0,100,"sd","14:29:26",90300
35150,50,100,"bu","14:28:11",90200
35100,0,1700,"sd","14:27:41",90100
35100,0,300,"sd","14:27:41",88400
35050,-50,200,"sd","14:21:16",88100
35100,0,200,"sd","14:21:16",87900
35100,0,400,"sd","14:21:16",87700
35100,0,100,"sd","14:21:16",87300
35100,0,5000,"sd","14:21:16",87200
35100,0,1100,"sd","14:21:16",82200
35100,0,1900,"sd","14:19:31",81100
35150,50,1100,"sd","14:19:22",79200
35200,100,100,"bu","14:11:05",78100
35200,100,500,"bu","14:10:59",78000
35200,100,100,"sd","14:09:33",77500
35200,100,1000,"sd","14:09:33",77400
35250,150,200,"bu","14:09:25",76400
35200,100,1000,"bu","14:06:47",76200
35150,50,100,"sd","13:58:15",75200
35150,50,1000,"sd","13:55:27",75100
35150,50,1300,"sd","13:55:27",74100
35150,50,100,"bu","13:55:08",72800
35150,50,100,"bu","13:52:34",72700
35100,0,700,"sd","13:52:08",72600
35100,0,500,"sd","13:51:45",71900
35100,0,800,"sd","13:43:41",71400
35100,0,100,"bu","13:41:21",70600
35100,0,100,"sd","13:35:27",70500
35100,0,200,"sd","13:33:13",70400
35100,0,200,"sd","13:32:33",70200
35100,0,500,"sd","13:32:25",70000
35100,0,600,"sd","13:32:21",69500
35100,0,600,"sd","13:31:06",68900
35100,0,500,"sd","13:31:01",68300
35100,0,100,"sd","13:27:55",67800
35100,0,100,"sd","13:27:30",67700
35100,0,100,"sd","13:21:18",67600
35100,0,500,"sd","13:14:48",67500
35100,0,1000,"bu","13:13:49",67000
35000,-100,100,"bu","13:13:49",66000
35000,-100,300,"bu","13:13:49",65900
35000,-100,100,"bu","13:13:49",65600
34900,-200,300,"sd","13:11:20",65500
34900,-200,700,"sd","13:11:20",65200
34900,-200,100,"sd","13:09:55",64500
34900,-200,100,"sd","13:08:39",64400
34950,-150,500,"sd","13:08:39",64300
34950,-150,100,"bu","13:08:10",63800
34950,-150,100,"bu","13:08:10",63700
34950,-150,300,"bu","13:06:35",63600
34900,-200,200,"sd","13:06:00",63300
34900,-200,1300,"sd","13:05:23",63100
34900,-200,100,"sd","13:03:08",61800
34900,-200,1000,"sd","11:29:27",61700
34950,-150,500,"bu","11:26:47",60700
34950,-150,100,"bu","11:25:17",60200
34900,-200,400,"bu","11:24:20",60100
34900,-200,100,"bu","11:24:19",59700
34900,-200,1000,"bu","11:24:19",59600
34850,-250,400,"sd","11:14:02",58600
34850,-250,400,"sd","11:11:45",58200
34850,-250,100,"bu","11:09:58",57800
34850,-250,100,"bu","11:08:14",57700
34850,-250,100,"bu","11:08:00",57600
34850,-250,100,"bu","11:06:38",57500
34800,-300,100,"sd","11:05:22",57400
34850,-250,100,"sd","11:02:18",57300
34800,-300,1000,"sd","10:56:09",57200
34800,-300,1300,"sd","10:53:35",56200
34800,-300,4400,"sd","10:53:35",54900
34800,-300,200,"sd","10:53:24",50500
34800,-300,800,"sd","10:45:02",50300
34800,-300,500,"sd","10:45:02",49500
34850,-250,300,"sd","10:45:02",49000
34800,-300,400,"sd","10:45:02",48700
34800,-300,500,"sd","10:44:17",48300
34800,-300,500,"sd","10:44:17",47800
34900,-200,200,"bu","10:43:18",47300
34800,-300,1700,"sd","10:41:32",47100
34850,-250,200,"sd","10:40:48",45400
34850,-250,200,"sd","10:39:32",45200
34850,-250,100,"sd","10:39:15",45000
34850,-250,100,"sd","10:37:36",44900
34850,-250,5000,"sd","10:37:36",44800
34850,-250,600,"sd","10:37:11",39800
34850,-250,1100,"sd","10:35:10",39200
34850,-250,900,"sd","10:35:10",38100
34850,-250,1000,"sd","10:33:48",37200
34850,-250,100,"bu","10:32:37",36200
34850,-250,200,"bu","10:32:12",36100
34850,-250,500,"bu","10:30:35",35900
34850,-250,100,"bu","10:30:12",35400
34850,-250,2000,"bu","10:27:48",35300
34800,-300,300,"sd","10:23:14",33300
34800,-300,100,"sd","10:23:11",33000
34800,-300,2000,"sd","10:22:24",32900
34800,-300,200,"sd","10:22:21",30900
34850,-250,500,"bu","10:21:09",30700
34800,-300,200,"sd","10:19:32",30200
34800,-300,100,"bu","10:15:32",30000
34800,-300,100,"bu","10:15:23",29900
34800,-300,100,"bu","10:14:45",29800
34850,-250,5200,"bu","10:13:40",29700
34850,-250,300,"bu","10:13:40",24500
34900,-200,100,"unknown","09:58:15",24200
34650,-450,200,"bu","09:52:27",24100
34650,-450,100,"sd","09:52:15",23900
34650,-450,200,"sd","09:52:15",23800
34650,-450,300,"sd","09:52:15",23600
34650,-450,100,"sd","09:52:15",23300
34650,-450,100,"sd","09:52:15",23200
34700,-400,1000,"sd","09:52:15",23100
34650,-450,600,"sd","09:46:21",22100
34650,-450,400,"sd","09:46:07",21500
34700,-400,600,"sd","09:46:07",21100
34700,-400,400,"sd","09:45:56",20500
34700,-400,500,"sd","09:45:56",20100
34750,-350,500,"sd","09:45:56",19600
34750,-350,100,"sd","09:45:56",19100
34700,-400,200,"bu","09:38:11",19000
34700,-400,100,"bu","09:37:55",18800
34700,-400,100,"bu","09:33:30",18700
34700,-400,200,"sd","09:32:57",18600
34700,-400,100,"sd","09:31:59",18400
34700,-400,500,"sd","09:31:32",18300
34700,-400,100,"sd","09:31:32",17800
34750,-350,100,"sd","09:30:26",17700
34700,-400,500,"sd","09:29:18",17600
34700,-400,100,"sd","09:29:18",17100
34700,-400,100,"sd","09:29:18",17000
34700,-400,100,"sd","09:29:18",16900
34700,-400,800,"sd","09:29:06",16800
34750,-350,200,"unknown","09:29:06",16000
34750,-350,100,"sd","09:28:23",15800
34750,-350,100,"sd","09:28:23",15700
34750,-350,100,"sd","09:28:23",15600
34700,-400,100,"sd","09:27:25",15500
34750,-350,200,"bu","09:27:10",15400
34750,-350,100,"sd","09:26:40",15200
34750,-350,100,"sd","09:26:40",15100
34750,-350,200,"sd","09:26:40",15000
34750,-350,700,"sd","09:25:37",14800
34750,-350,300,"sd","09:25:37",14100
34800,-300,500,"sd","09:24:51",13800
34750,-350,100,"sd","09:24:12",13300
34750,-350,1000,"sd","09:24:12",13200
34750,-350,200,"sd","09:24:12",12200
34750,-350,500,"sd","09:24:12",12000
34750,-350,600,"sd","09:24:12",11500
34800,-300,100,"sd","09:24:12",10900
34800,-300,100,"sd","09:23:39",10800
34800,-300,500,"sd","09:23:39",10700
34800,-300,1900,"sd","09:23:39",10200
35000,-100,500,"bu","09:21:51",8300
34800,-300,100,"sd","09:20:51",7800
34750,-350,100,"bu","09:18:36",7700
34750,-350,300,"bu","09:18:36",7600
34750,-350,100,"bu","09:18:18",7300
34550,-550,100,"sd","09:17:51",7200
34550,-550,900,"sd","09:17:50",7100
34550,-550,1000,"sd","09:17:50",6200
34600,-500,100,"unknown","09:17:50",5200
34600,-500,1000,"unknown","09:17:50",5100
34650,-450,300,"unknown","09:17:50",4100
34700,-400,100,"unknown","09:17:50",3800
34750,-350,100,"unknown","09:17:50",3700
34800,-300,600,"unknown","09:17:50",3600
34800,-300,1000,"sd","09:17:50",3000
34800,-300,200,"sd","09:17:50",2000
34800,-300,100,"sd","09:17:50",1800
34900,-200,100,"sd","09:17:50",1700
35000,-100,700,"sd","09:17:50",1600
35000,-100,200,"sd","09:17:50",900
35000,-100,100,"sd","09:17:50",700
35100,0,100,"sd","09:17:50",600
35100,0,400,"sd","09:17:49",500
35100,0,100,"sd","09:15:01",100
