"price","change","match_qtty","side","time","total_vol"
13000,-950,120300,"unknown","14:45:00",2475900
13000,-950,100,"bu","14:29:58",2355600
13000,-950,100,"bu","14:29:58",2355500
13000,-950,500,"bu","14:29:55",2355400
13000,-950,1000,"bu","14:29:55",2354900
13000,-950,100,"bu","14:29:53",2353900
13000,-950,100,"bu","14:29:47",2353800
13000,-950,4000,"bu","14:29:47",2353700
13000,-950,100,"bu","14:29:41",2349700
13000,-950,2000,"bu","14:29:38",2349600
13000,-950,100,"bu","14:29:38",2347600
13000,-950,100,"bu","14:29:36",2347500
13000,-950,2100,"bu","14:29:36",2347400
13000,-950,10000,"bu","14:29:35",2345300
13000,-950,500,"bu","14:29:33",2335300
13000,-950,1000,"bu","14:29:30",2334800
13000,-950,100,"bu","14:29:27",2333800
13000,-950,1000,"bu","14:29:26",2333700
13000,-950,200,"bu","14:29:24",2332700
13000,-950,200,"bu","14:29:19",2332500
13000,-950,1000,"bu","14:29:16",2332300
13000,-950,200,"bu","14:29:15",2331300
13000,-950,100,"bu","14:29:13",2331100
13000,-950,100,"bu","14:29:09",2331000
13000,-950,1000,"bu","14:29:07",2330900
13000,-950,200,"bu","14:29:06",2329900
13000,-950,100,"bu","14:29:05",2329700
13000,-950,100,"bu","14:29:04",2329600
13000,-950,100,"bu","14:29:02",2329500
13000,-950,100,"bu","14:29:00",2329400
13000,-950,300,"bu","14:28:58",2329300
13000,-950,1000,"sd","14:28:57",2329000
13000,-950,1000,"sd","14:28:57",2328000
13000,-950,300,"sd","14:28:57",2327000
13000,-950,5000,"sd","14:28:57",2326700
13000,-950,100,"sd","14:28:57",2321700
13000,-950,10700,"sd","14:28:57",2321600
13000,-950,1000,"sd","14:28:57",2310900
13000,-950,10000,"sd","14:28:52",2309900
13000,-950,2000,"bu","14:28:51",2299900
13000,-950,600,"bu","14:28:51",2297900
13000,-950,2000,"bu","14:28:51",2297300
13000,-950,4700,"bu","14:28:51",2295300
13000,-950,2000,"bu","14:28:50",2290600
13000,-950,400,"bu","14:28:45",2288600
13000,-950,200,"bu","14:28:45",2288200
13000,-950,500,"bu","14:28:45",2288000
13000,-950,2000,"bu","14:28:45",2287500
13000,-950,200,"sd","14:28:43",2285500
13000,-950,1400,"sd","14:28:43",2285300
13000,-950,1000,"sd","14:28:43",2283900
13000,-950,700,"sd","14:28:43",2282900
13000,-950,2000,"sd","14:28:43",2282200
13000,-950,1000,"sd","14:28:43",2280200
13000,-950,200,"sd","14:28:43",2279200
13000,-950,1000,"sd","14:28:43",2279000
13000,-950,1000,"sd","14:28:43",2278000
13000,-950,1000,"sd","14:28:43",2277000
13000,-950,1000,"sd","14:28:43",2276000
13000,-950,4000,"sd","14:28:43",2275000
13000,-950,200,"sd","14:28:43",2271000
13000,-950,500,"sd","14:28:43",2270800
13000,-950,1000,"sd","14:28:43",2270300
13000,-950,100,"sd","14:28:43",2269300
13000,-950,10000,"sd","14:28:43",2269200
13000,-950,3000,"sd","14:28:43",2259200
13000,-950,100,"sd","14:28:43",2256200
13000,-950,200,"sd","14:28:43",2256100
13000,-950,5000,"sd","14:28:43",2255900
13000,-950,200,"sd","14:28:43",2250900
13000,-950,1000,"sd","14:28:43",2250700
13000,-950,2000,"sd","14:28:43",2249700
13000,-950,100,"sd","14:28:43",2247700
13000,-950,300,"sd","14:28:43",2247600
13000,-950,2000,"sd","14:28:43",2247300
13000,-950,500,"sd","14:28:43",2245300
13000,-950,3100,"sd","14:28:26",2244800
13000,-950,1000,"sd","14:28:26",2241700
13000,-950,200,"sd","14:28:26",2240700
13000,-950,10000,"bu","14:28:23",2240500
13000,-950,500,"bu","14:28:21",2230500
13000,-950,500,"bu","14:28:21",2230000
13000,-950,300,"bu","14:28:20",2229500
13000,-950,4000,"bu","14:28:20",2229200
13000,-950,5000,"bu","14:28:20",2225200
13000,-950,2800,"bu","14:28:20",2220200
13000,-950,100,"bu","14:28:19",2217400
13000,-950,1200,"bu","14:28:19",2217300
13000,-950,1800,"bu","14:28:19",2216100
13000,-950,1000,"bu","14:28:19",2214300
13000,-950,2000,"bu","14:28:18",2213300
13000,-950,100,"bu","14:28:15",2211300
13000,-950,1000,"bu","14:28:14",2211200
13000,-950,100,"bu","14:28:14",2210200
13000,-950,2000,"bu","14:28:14",2210100
13000,-950,2000,"bu","14:28:14",2208100
13000,-950,800,"bu","14:28:14",2206100
13000,-950,2200,"bu","14:28:14",2205300
13000,-950,200,"bu","14:28:14",2203100
13000,-950,200,"bu","14:28:13",2202900
13000,-950,3000,"bu","14:28:12",2202700
13000,-950,1000,"bu","14:28:12",2199700
13000,-950,200,"bu","14:28:11",2198700
13000,-950,3900,"bu","14:28:10",2198500
13000,-950,100,"bu","14:28:10",2194600
13000,-950,500,"bu","14:28:09",2194500
13000,-950,1000,"bu","14:28:09",2194000
13000,-950,2000,"bu","14:28:09",2193000
13000,-950,3300,"bu","14:28:07",2191000
13000,-950,500,"bu","14:28:03",2187700
13000,-950,100,"bu","14:28:03",2187200
13000,-950,100,"bu","14:28:02",2187100
13000,-950,200,"bu","14:28:02",2187000
13000,-950,1500,"bu","14:28:01",2186800
13000,-950,500,"bu","14:28:01",2185300
13000,-950,1000,"bu","14:28:00",2184800
13000,-950,100,"bu","14:28:00",2183800
13000,-950,1400,"bu","14:28:00",2183700
13000,-950,3600,"bu","14:28:00",2182300
13000,-950,200,"bu","14:27:58",2178700
13000,-950,500,"bu","14:27:58",2178500
13000,-950,700,"bu","14:27:56",2178000
13000,-950,1300,"bu","14:27:56",2177300
13000,-950,200,"bu","14:27:56",2176000
13000,-950,1000,"bu","14:27:56",2175800
13000,-950,500,"bu","14:27:54",2174800
13000,-950,1000,"bu","14:27:54",2174300
13000,-950,800,"bu","14:27:53",2173300
13000,-950,200,"bu","14:27:53",2172500
13000,-950,3000,"bu","14:27:51",2172300
13000,-950,100,"bu","14:27:44",2169300
13000,-950,500,"bu","14:27:40",2169200
13000,-950,100,"bu","14:27:38",2168700
13000,-950,1300,"bu","14:27:38",2168600
13000,-950,2000,"bu","14:27:37",2167300
13000,-950,500,"bu","14:27:36",2165300
13000,-950,1000,"bu","14:27:36",2164800
13000,-950,3000,"bu","14:27:34",2163800
13000,-950,100,"sd","14:27:34",2160800
13000,-950,3000,"sd","14:27:34",2160700
13000,-950,500,"sd","14:27:34",2157700
13000,-950,500,"sd","14:27:34",2157200
13000,-950,7000,"sd","14:27:34",2156700
13000,-950,100,"sd","14:27:34",2149700
13000,-950,100,"sd","14:27:34",2149600
13000,-950,100,"sd","14:27:34",2149500
13000,-950,1000,"sd","14:27:34",2149400
13000,-950,200,"sd","14:27:34",2148400
13000,-950,200,"sd","14:27:34",2148200
13000,-950,1000,"sd","14:27:34",2148000
13000,-950,500,"sd","14:27:34",2147000
13000,-950,100,"sd","14:27:34",2146500
13000,-950,2000,"sd","14:27:34",2146400
13000,-950,1000,"sd","14:27:34",2144400
13000,-950,6100,"sd","14:27:34",2143400
13000,-950,500,"sd","14:27:32",2137300
13000,-950,1400,"sd","14:27:32",2136800
13000,-950,1600,"sd","14:27:32",2135400
13000,-950,400,"sd","14:27:28",2133800
13000,-950,2300,"sd","14:27:28",2133400
13000,-950,3900,"sd","14:27:28",2131100
13000,-950,4100,"sd","14:27:28",2127200
13000,-950,1400,"sd","14:27:28",2123100
13000,-950,3600,"sd","14:27:22",2121700
13000,-950,2000,"sd","14:27:22",2118100
13000,-950,100,"sd","14:27:22",2116100
13000,-950,300,"sd","14:27:22",2116000
13000,-950,200,"sd","14:27:21",2115700
13000,-950,10400,"sd","14:27:21",2115500
13000,-950,10000,"sd","14:27:20",2105100
13000,-950,4000,"sd","14:27:19",2095100
13000,-950,5000,"sd","14:27:17",2091100
13000,-950,600,"sd","14:27:17",2086100
13000,-950,100,"sd","14:27:17",2085500
13000,-950,1000,"sd","14:27:17",2085400
13000,-950,100,"sd","14:27:17",2084400
13000,-950,1000,"sd","14:27:17",2084300
13000,-950,1000,"sd","14:27:17",2083300
13000,-950,200,"sd","14:27:17",2082300
13000,-950,6000,"sd","14:27:17",2082100
13000,-950,1300,"sd","14:27:16",2076100
13000,-950,1000,"sd","14:27:12",2074800
13050,-900,1000,"bu","14:27:12",2073800
13000,-950,1700,"sd","14:27:11",2072800
13000,-950,800,"sd","14:27:11",2071100
13000,-950,2000,"sd","14:27:11",2070300
13000,-950,5000,"sd","14:27:11",2068300
13000,-950,200,"sd","14:27:11",2063300
13000,-950,100,"sd","14:27:11",2063100
13000,-950,3000,"sd","14:27:11",2063000
13000,-950,1000,"sd","14:27:11",2060000
13000,-950,200,"sd","14:27:11",2059000
13000,-950,700,"sd","14:27:11",2058800
13000,-950,8000,"sd","14:27:11",2058100
13000,-950,900,"sd","14:27:11",2050100
13000,-950,1100,"sd","14:27:11",2049200
13000,-950,1900,"sd","14:27:09",2048100
13000,-950,800,"sd","14:27:09",2046200
13000,-950,7300,"sd","14:27:09",2045400
13000,-950,5000,"sd","14:27:09",2038100
13000,-950,1000,"sd","14:27:08",2033100
13000,-950,5700,"sd","14:27:08",2032100
13000,-950,1000,"sd","14:27:08",2026400
13000,-950,200,"sd","14:27:08",2025400
13000,-950,100,"sd","14:27:08",2025200
13000,-950,200,"sd","14:27:08",2025100
13000,-950,500,"sd","14:27:08",2024900
13000,-950,100,"sd","14:27:08",2024400
13000,-950,300,"sd","14:27:08",2024300
13000,-950,1000,"sd","14:27:08",2024000
13000,-950,500,"sd","14:27:08",2023000
13000,-950,300,"sd","14:27:08",2022500
13000,-950,3000,"sd","14:27:08",2022200
13000,-950,100,"sd","14:27:08",2019200
13000,-950,600,"sd","14:27:08",2019100
13000,-950,1400,"sd","14:27:07",2018500
13000,-950,400,"sd","14:27:07",2017100
13000,-950,3000,"sd","14:27:07",2016700
13000,-950,300,"sd","14:27:07",2013700
13000,-950,1000,"sd","14:27:07",2013400
13000,-950,1200,"sd","14:27:07",2012400
13000,-950,2000,"sd","14:27:07",2011200
13000,-950,1000,"sd","14:27:07",2009200
13000,-950,1000,"sd","14:27:07",2008200
13000,-950,1000,"sd","14:27:07",2007200
13000,-950,300,"sd","14:27:07",2006200
13000,-950,300,"sd","14:27:07",2005900
13000,-950,600,"sd","14:27:07",2005600
13000,-950,200,"sd","14:27:04",2005000
13000,-950,2200,"sd","14:27:03",2004800
13000,-950,1000,"sd","14:27:03",2002600
13000,-950,200,"sd","14:27:03",2001600
13000,-950,500,"sd","14:27:03",2001400
13000,-950,1100,"sd","14:27:03",2000900
13050,-900,300,"bu","14:27:03",1999800
13000,-950,3900,"sd","14:27:02",1999500
13000,-950,100,"sd","14:27:02",1995600
13000,-950,500,"sd","14:27:02",1995500
13000,-950,1000,"sd","14:27:02",1995000
13000,-950,100,"sd","14:27:02",1994000
13000,-950,2000,"sd","14:27:02",1983800
13000,-950,10000,"sd","14:27:02",1993900
13000,-950,100,"sd","14:27:02",1983900
13050,-900,2000,"bu","14:26:51",1981800
13050,-900,100,"bu","14:26:50",1979800
13050,-900,100,"bu","14:26:49",1979700
13050,-900,200,"sd","14:26:48",1979600
13050,-900,100,"sd","14:26:48",1979400
13050,-900,100,"sd","14:26:48",1979300
13050,-900,400,"sd","14:26:48",1979200
13050,-900,100,"sd","14:26:48",1978800
13050,-900,200,"sd","14:26:48",1978700
13050,-900,500,"sd","14:26:48",1978500
13050,-900,100,"sd","14:26:48",1978000
13050,-900,300,"sd","14:26:42",1977900
13050,-900,200,"sd","14:26:42",1977600
13050,-900,5500,"sd","14:26:38",1977400
13050,-900,300,"sd","14:26:38",1971900
13050,-900,500,"sd","14:26:37",1971600
13050,-900,1500,"sd","14:26:33",1971100
13050,-900,2000,"sd","14:26:32",1969600
13050,-900,1000,"sd","14:26:32",1967600
13050,-900,1000,"sd","14:26:32",1966600
13100,-850,500,"bu","14:26:31",1965600
13100,-850,100,"bu","14:26:31",1965100
13100,-850,1000,"sd","14:26:27",1965000
13100,-850,200,"sd","14:26:27",1964000
13100,-850,1200,"sd","14:26:27",1963800
13100,-850,800,"sd","14:26:24",1962600
13100,-850,3800,"sd","14:26:24",1961800
13100,-850,1000,"sd","14:26:23",1958000
13100,-850,200,"sd","14:26:23",1957000
13100,-850,100,"sd","14:26:23",1956800
13100,-850,1000,"sd","14:26:23",1956700
13100,-850,700,"sd","14:26:23",1955700
13100,-850,1300,"sd","14:26:15",1955000
13100,-850,300,"sd","14:26:15",1953700
13100,-850,500,"sd","14:26:15",1953400
13100,-850,200,"sd","14:26:15",1952900
13100,-850,1000,"sd","14:26:15",1952700
13100,-850,200,"sd","14:26:15",1951700
13100,-850,1000,"sd","14:26:15",1951500
13100,-850,300,"sd","14:26:15",1950500
13100,-850,200,"sd","14:26:15",1950200
13100,-850,3000,"sd","14:26:14",1950000
13100,-850,1000,"sd","14:26:14",1947000
13100,-850,1000,"sd","14:26:14",1946000
13100,-850,20000,"sd","14:26:14",1945000
13150,-800,200,"bu","14:26:11",1925000
13150,-800,800,"bu","14:26:11",1924800
13150,-800,300,"bu","14:26:10",1924000
13150,-800,100,"sd","14:26:06",1923700
13150,-800,1000,"sd","14:26:06",1923600
13150,-800,100,"sd","14:26:06",1922600
13150,-800,100,"sd","14:26:06",1922500
13150,-800,500,"sd","14:26:06",1922400
13150,-800,100,"sd","14:26:06",1921900
13150,-800,500,"sd","14:26:06",1921800
13150,-800,1000,"sd","14:26:06",1921300
13150,-800,500,"sd","14:26:06",1920300
13150,-800,5000,"sd","14:26:05",1919800
13200,-750,1000,"bu","14:26:04",1914800
13150,-800,5000,"sd","14:25:56",1913800
13200,-750,1000,"sd","14:25:44",1908800
13200,-750,100,"sd","14:25:44",1907800
13200,-750,1000,"sd","14:25:44",1907700
13200,-750,900,"sd","14:25:44",1906700
13200,-750,2000,"sd","14:25:43",1905800
13200,-750,100,"sd","14:25:34",1903800
13200,-750,200,"sd","14:25:34",1903700
13200,-750,500,"sd","14:25:34",1903500
13200,-750,100,"sd","14:25:34",1903000
13200,-750,100,"sd","14:25:34",1902900
13200,-750,3000,"sd","14:25:33",1902800
13200,-750,2900,"sd","14:25:33",1899800
13200,-750,2000,"sd","14:25:33",1896900
13200,-750,500,"sd","14:25:33",1894900
13200,-750,4000,"sd","14:25:33",1894400
13200,-750,100,"sd","14:25:33",1890400
13200,-750,1000,"sd","14:25:33",1890300
13200,-750,1500,"sd","14:25:33",1889300
13200,-750,3000,"sd","14:25:25",1887800
13200,-750,5500,"sd","14:25:22",1884800
13200,-750,1000,"sd","14:25:22",1879300
13200,-750,300,"sd","14:25:22",1878300
13200,-750,600,"sd","14:25:22",1878000
13200,-750,100,"sd","14:25:22",1877400
13200,-750,1000,"sd","14:25:22",1877300
13200,-750,1500,"sd","14:25:22",1876300
13200,-750,500,"sd","14:25:11",1874800
13250,-700,100,"sd","14:25:00",1874300
13250,-700,300,"sd","14:25:00",1874200
13250,-700,700,"sd","14:25:00",1873900
13250,-700,500,"sd","14:25:00",1873200
13250,-700,500,"sd","14:25:00",1872700
13250,-700,6000,"sd","14:25:00",1872200
13250,-700,2000,"sd","14:25:00",1866200
13250,-700,2000,"sd","14:25:00",1864200
13250,-700,100,"sd","14:25:00",1862200
13250,-700,200,"sd","14:25:00",1862100
13250,-700,3000,"sd","14:25:00",1861900
13250,-700,200,"sd","14:25:00",1858900
13250,-700,200,"sd","14:25:00",1858700
13250,-700,200,"sd","14:25:00",1858500
13250,-700,2000,"sd","14:25:00",1858300
13250,-700,1000,"sd","14:25:00",1856300
13250,-700,5800,"sd","14:25:00",1855300
13300,-650,1000,"bu","14:24:57",1849500
13250,-700,9500,"sd","14:24:56",1848500
13250,-700,4700,"sd","14:24:48",1839000
13250,-700,100,"sd","14:24:48",1834300
13250,-700,1000,"sd","14:24:48",1834200
13250,-700,100,"sd","14:24:48",1833200
13250,-700,100,"sd","14:24:48",1833100
13250,-700,1000,"sd","14:24:48",1833000
13250,-700,100,"sd","14:24:47",1832000
13250,-700,500,"sd","14:24:47",1831900
13250,-700,1400,"sd","14:24:47",1831400
13250,-700,1000,"sd","14:24:43",1830000
13250,-700,500,"sd","14:24:41",1829000
13250,-700,2100,"sd","14:24:27",1828500
13250,-700,400,"sd","14:24:27",1826400
13250,-700,300,"sd","14:24:27",1826000
13250,-700,500,"sd","14:24:27",1825700
13250,-700,26700,"sd","14:24:27",1825200
13250,-700,500,"sd","14:24:15",1798500
13250,-700,2800,"sd","14:24:03",1798000
13250,-700,2200,"sd","14:24:03",1795200
13300,-650,100,"sd","14:23:58",1793000
13300,-650,100,"sd","14:23:58",1792900
13300,-650,800,"sd","14:23:58",1792800
13300,-650,1400,"sd","14:23:57",1792000
13300,-650,800,"sd","14:23:50",1790600
13300,-650,1000,"sd","14:23:50",1789800
13300,-650,1000,"sd","14:23:50",1788800
13300,-650,1000,"sd","14:23:50",1787800
13300,-650,500,"sd","14:23:50",1786800
13300,-650,2500,"sd","14:23:50",1786300
13300,-650,200,"sd","14:23:50",1783800
13300,-650,5000,"sd","14:23:50",1783600
13300,-650,5000,"sd","14:23:50",1778600
13300,-650,1000,"sd","14:23:50",1773600
13300,-650,2000,"sd","14:23:50",1772600
13300,-650,5000,"sd","14:23:50",1770600
13300,-650,3700,"sd","14:23:50",1765600
13300,-650,2700,"sd","14:23:50",1761900
13300,-650,500,"sd","14:23:50",1759200
13300,-650,5000,"sd","14:23:50",1758700
13300,-650,3000,"sd","14:23:50",1753700
13300,-650,100,"sd","14:23:50",1750700
13350,-600,100,"bu","14:23:39",1750600
13350,-600,400,"bu","14:23:27",1750500
13350,-600,100,"bu","14:23:27",1750100
13300,-650,5000,"sd","14:23:27",1750000
13350,-600,300,"sd","14:23:15",1745000
13350,-600,500,"bu","14:22:51",1744700
13300,-650,100,"sd","14:22:40",1744200
13300,-650,2200,"sd","14:22:33",1744100
13300,-650,200,"sd","14:22:33",1741900
13300,-650,1000,"sd","14:22:33",1741700
13300,-650,2000,"sd","14:22:33",1740700
13300,-650,1000,"sd","14:22:33",1738700
13300,-650,200,"sd","14:22:33",1737700
13300,-650,100,"sd","14:22:33",1737500
13300,-650,2000,"sd","14:22:33",1737400
13300,-650,1300,"sd","14:22:33",1735400
13300,-650,3700,"sd","14:22:28",1734100
13300,-650,2300,"sd","14:22:28",1730400
13350,-600,3000,"sd","14:22:21",1728100
13350,-600,2000,"bu","14:22:08",1725100
13350,-600,300,"sd","14:21:57",1723100
13350,-600,700,"sd","14:21:57",1722800
13350,-600,300,"sd","14:21:49",1722100
13350,-600,100,"sd","14:21:49",1721800
13350,-600,200,"sd","14:21:49",1721700
13350,-600,200,"sd","14:21:46",1721500
13350,-600,300,"sd","14:21:46",1721300
13350,-600,3700,"sd","14:21:22",1721000
13350,-600,200,"sd","14:21:22",1717300
13350,-600,100,"sd","14:21:22",1717100
13350,-600,1000,"sd","14:21:22",1717000
13400,-550,4500,"bu","14:21:04",1716000
13350,-600,500,"sd","14:21:02",1711500
13350,-600,2000,"sd","14:20:55",1711000
13350,-600,1500,"sd","14:20:12",1709000
13350,-600,1000,"sd","14:20:12",1707500
13350,-600,2000,"sd","14:20:12",1706500
13350,-600,500,"sd","14:20:12",1704500
13350,-600,500,"sd","14:20:09",1704000
13350,-600,1000,"sd","14:19:45",1703500
13350,-600,200,"sd","14:18:38",1702500
13400,-550,200,"bu","14:18:34",1702300
13350,-600,1000,"sd","14:18:15",1702100
13350,-600,300,"sd","14:18:09",1701100
13350,-600,2500,"sd","14:18:09",1700800
13350,-600,100,"sd","14:18:09",1698300
13350,-600,2700,"sd","14:18:09",1698200
13350,-600,1000,"sd","14:17:26",1695500
13350,-600,1300,"sd","14:16:55",1694500
13350,-600,500,"sd","14:16:55",1693200
13350,-600,700,"sd","14:16:55",1692700
13350,-600,2000,"sd","14:16:10",1692000
13350,-600,3900,"bu","14:16:00",1690000
13350,-600,300,"bu","14:16:00",1686100
13350,-600,1000,"bu","14:16:00",1685800
13350,-600,2100,"bu","14:16:00",1684800
13350,-600,1200,"bu","14:15:56",1682700
13350,-600,1000,"bu","14:15:52",1681500
13350,-600,2800,"bu","14:15:44",1680500
13350,-600,500,"bu","14:15:36",1677700
13350,-600,500,"bu","14:15:33",1677200
13350,-600,500,"bu","14:15:19",1676700
13350,-600,500,"bu","14:14:58",1676200
13350,-600,300,"bu","14:14:56",1675700
13350,-600,1000,"bu","14:14:50",1675400
13350,-600,500,"bu","14:14:37",1674400
13350,-600,5000,"sd","14:14:02",1673900
13350,-600,2500,"sd","14:14:02",1668900
13350,-600,2500,"sd","14:13:43",1666400
13350,-600,300,"sd","14:13:43",1663900
13350,-600,1000,"sd","14:13:43",1663600
13400,-550,100,"bu","14:13:40",1662600
13400,-550,800,"bu","14:13:33",1662500
13400,-550,1600,"bu","14:13:33",1661700
13350,-600,2600,"sd","14:13:16",1660100
13350,-600,200,"sd","14:13:16",1657500
13350,-600,200,"sd","14:13:16",1657300
13350,-600,800,"sd","14:13:16",1657100
13350,-600,200,"sd","14:13:16",1656300
13400,-550,500,"bu","14:13:14",1656100
13350,-600,800,"sd","14:13:14",1655600
13350,-600,3700,"sd","14:13:14",1654800
13400,-550,900,"bu","14:13:04",1651100
13400,-550,2100,"bu","14:13:04",1650200
13350,-600,1000,"bu","14:12:24",1648100
13350,-600,1000,"bu","14:12:24",1647100
13350,-600,100,"bu","14:12:24",1646100
13350,-600,4200,"bu","14:12:24",1646000
13350,-600,1000,"bu","14:12:14",1641800
13350,-600,1000,"bu","14:12:08",1640800
13350,-600,1000,"bu","14:12:05",1639800
13350,-600,1300,"bu","14:11:58",1638800
13350,-600,1500,"bu","14:11:47",1637500
13350,-600,1000,"bu","14:11:47",1636000
13300,-650,900,"sd","14:11:26",1635000
13300,-650,400,"sd","14:11:07",1634100
13300,-650,500,"sd","14:11:05",1633700
13300,-650,900,"sd","14:10:58",1633200
13300,-650,100,"sd","14:10:58",1632300
13300,-650,1000,"sd","14:10:58",1632200
13300,-650,4000,"sd","14:10:52",1631200
13300,-650,300,"sd","14:10:48",1627200
13300,-650,100,"bu","14:10:44",1626900
13300,-650,100,"bu","14:10:43",1626800
13300,-650,300,"bu","14:10:43",1626700
13300,-650,900,"bu","14:10:43",1626400
13300,-650,100,"bu","14:10:43",1625500
13300,-650,100,"bu","14:10:39",1625400
13300,-650,100,"bu","14:10:36",1625300
13300,-650,100,"bu","14:10:34",1625200
13300,-650,800,"bu","14:10:24",1625100
13300,-650,100,"bu","14:10:21",1624300
13300,-650,800,"bu","14:10:15",1624200
13300,-650,5000,"sd","14:10:03",1623400
13300,-650,1000,"unknown","14:10:01",1618400
13300,-650,1000,"bu","14:09:59",1617400
13250,-700,500,"sd","14:09:59",1616400
13300,-650,200,"bu","14:09:55",1615900
13250,-700,1100,"sd","14:09:40",1615700
13300,-650,400,"bu","14:09:38",1614600
13300,-650,500,"bu","14:09:38",1614200
13300,-650,100,"bu","14:09:38",1613700
13300,-650,100,"bu","14:09:36",1613600
13300,-650,1000,"bu","14:09:35",1613500
13300,-650,1000,"bu","14:09:31",1612500
13300,-650,400,"bu","14:09:28",1611500
13300,-650,1000,"bu","14:09:25",1611100
13300,-650,100,"bu","14:09:24",1610100
13300,-650,5600,"bu","14:09:17",1610000
13300,-650,1000,"bu","14:09:08",1604400
13300,-650,100,"bu","14:08:59",1603400
13250,-700,7500,"sd","14:08:58",1603300
13300,-650,2300,"bu","14:08:52",1595800
13300,-650,100,"bu","14:08:52",1593500
13300,-650,400,"bu","14:08:52",1593400
13300,-650,800,"bu","14:08:52",1593000
13300,-650,200,"bu","14:08:50",1592200
13250,-700,2000,"sd","14:08:44",1592000
13250,-700,300,"sd","14:08:38",1590000
13250,-700,1000,"sd","14:08:34",1589700
13250,-700,1500,"sd","14:08:10",1588700
13300,-650,100,"bu","14:07:54",1587200
13250,-700,8900,"sd","14:07:53",1587100
13250,-700,100,"sd","14:07:53",1578200
13250,-700,1000,"sd","14:07:53",1578100
13300,-650,2000,"bu","14:07:40",1577100
13300,-650,100,"bu","14:07:25",1575100
13300,-650,1000,"bu","14:07:23",1575000
13300,-650,1000,"bu","14:07:13",1574000
13300,-650,200,"bu","14:07:13",1573000
13300,-650,300,"sd","14:07:07",1572800
13300,-650,100,"sd","14:07:07",1572500
13300,-650,500,"sd","14:07:07",1572400
13300,-650,500,"sd","14:07:07",1571900
13300,-650,700,"sd","14:07:07",1571400
13300,-650,2500,"sd","14:07:07",1570700
13300,-650,3500,"sd","14:06:59",1568200
13300,-650,5000,"sd","14:06:59",1564700
13300,-650,100,"sd","14:06:59",1559700
13300,-650,100,"sd","14:06:59",1559600
13300,-650,500,"sd","14:06:59",1559500
13300,-650,200,"sd","14:06:59",1559000
13300,-650,100,"sd","14:06:59",1558800
13300,-650,100,"sd","14:06:59",1558700
13300,-650,200,"sd","14:06:59",1558600
13300,-650,2000,"sd","14:06:59",1558400
13300,-650,100,"sd","14:06:59",1556400
13300,-650,100,"sd","14:06:59",1556300
13300,-650,600,"sd","14:06:59",1556200
13300,-650,1300,"sd","14:06:45",1555600
13300,-650,100,"sd","14:06:20",1554300
13300,-650,100,"sd","14:06:20",1554200
13300,-650,500,"sd","14:06:20",1554100
13300,-650,700,"sd","14:06:20",1553600
13300,-650,3000,"sd","14:06:20",1552900
13300,-650,500,"sd","14:06:20",1549900
13300,-650,30000,"sd","14:06:20",1549400
13300,-650,1000,"sd","14:06:20",1519400
13300,-650,200,"sd","14:06:20",1518400
13300,-650,100,"sd","14:06:20",1518200
13300,-650,100,"sd","14:06:20",1518100
13300,-650,1000,"sd","14:06:20",1518000
13300,-650,200,"sd","14:06:20",1517000
13300,-650,2000,"sd","14:06:20",1516800
13300,-650,1000,"sd","14:06:20",1514800
13300,-650,100,"sd","14:06:20",1513800
13300,-650,1000,"sd","14:06:20",1513700
13300,-650,100,"sd","14:06:20",1512700
13300,-650,300,"sd","14:06:20",1512600
13300,-650,3000,"sd","14:06:20",1512300
13300,-650,100,"sd","14:06:20",1509300
13300,-650,100,"sd","14:06:20",1509200
13300,-650,200,"sd","14:06:20",1509100
13300,-650,10000,"sd","14:06:20",1508900
13300,-650,100,"sd","14:06:20",1498900
13300,-650,100,"sd","14:06:20",1498800
13300,-650,500,"sd","14:06:20",1498700
13300,-650,300,"sd","14:06:20",1498200
13350,-600,500,"sd","14:06:20",1497900
13350,-600,500,"sd","14:06:20",1497400
13350,-600,1000,"sd","14:06:20",1496900
13350,-600,3900,"sd","14:06:20",1495900
13350,-600,600,"sd","14:06:02",1492000
13350,-600,100,"sd","14:06:01",1491400
13350,-600,100,"sd","14:06:01",1491300
13350,-600,300,"sd","14:06:01",1491200
13350,-600,200,"sd","14:05:59",1490900
13350,-600,100,"sd","14:05:59",1490700
13350,-600,200,"sd","14:05:59",1490600
13350,-600,200,"sd","14:05:22",1490400
13400,-550,100,"bu","14:05:13",1490200
13350,-600,100,"sd","14:04:27",1490100
13300,-650,200,"sd","14:03:37",1490000
13300,-650,100,"sd","14:03:37",1489600
13300,-650,200,"sd","14:03:37",1489800
13350,-600,7500,"sd","14:03:37",1489500
13350,-600,16400,"bu","14:03:34",1482000
13350,-600,200,"bu","14:03:28",1465600
13350,-600,200,"sd","14:03:22",1465400
13350,-600,400,"sd","14:03:22",1465200
13350,-600,2000,"sd","14:03:22",1464800
13350,-600,200,"sd","14:03:22",1462800
13350,-600,200,"sd","14:03:22",1462600
13350,-600,400,"sd","14:03:22",1462400
13350,-600,1600,"sd","14:03:10",1462000
13350,-600,4800,"sd","14:03:10",1460400
13350,-600,100,"sd","14:03:10",1455600
13350,-600,100,"sd","14:03:10",1455500
13350,-600,100,"sd","14:03:10",1455400
13350,-600,300,"sd","14:03:10",1455300
13350,-600,5000,"sd","14:03:10",1455000
13350,-600,300,"sd","14:03:10",1450000
13350,-600,3000,"sd","14:03:10",1449700
13350,-600,300,"sd","14:03:10",1446700
13350,-600,500,"sd","14:03:10",1446400
13350,-600,2000,"sd","14:03:10",1445900
13350,-600,100,"sd","14:03:10",1443900
13350,-600,3000,"sd","14:03:10",1443800
13350,-600,100,"sd","14:03:10",1440800
13350,-600,100,"sd","14:03:10",1440700
13350,-600,8600,"sd","14:03:10",1440600
13400,-550,800,"bu","14:02:15",1432000
13400,-550,200,"bu","14:02:15",1431200
13400,-550,800,"sd","14:01:53",1431000
13400,-550,1200,"sd","14:01:30",1430200
13400,-550,700,"sd","14:01:30",1429000
13400,-550,100,"sd","14:01:30",1428300
13400,-550,100,"sd","14:01:13",1428200
13400,-550,1000,"sd","14:01:13",1428100
13400,-550,1000,"sd","14:01:13",1427100
13400,-550,200,"sd","14:01:13",1426100
13400,-550,1800,"sd","14:01:13",1425900
13400,-550,100,"sd","14:01:13",1424100
13400,-550,1400,"sd","14:01:13",1424000
13400,-550,200,"sd","14:00:12",1422600
13400,-550,1000,"sd","13:59:53",1422400
13400,-550,400,"sd","13:59:44",1421400
13400,-550,100,"sd","13:59:44",1421000
13400,-550,500,"sd","13:59:44",1420900
13400,-550,1500,"sd","13:59:26",1420400
13400,-550,700,"unknown","13:59:19",1418900
13400,-550,1000,"unknown","13:59:19",1418200
13400,-550,4000,"unknown","13:59:19",1417200
13400,-550,2300,"unknown","13:59:19",1413200
13400,-550,100,"bu","13:58:50",1410900
13400,-550,100,"bu","13:58:37",1410800
13400,-550,500,"bu","13:58:25",1410700
13400,-550,1500,"bu","13:58:18",1410200
13400,-550,1000,"bu","13:58:05",1408700
13400,-550,100,"bu","13:57:43",1407700
13400,-550,200,"bu","13:57:31",1407600
13400,-550,500,"bu","13:57:26",1407400
13400,-550,1100,"bu","13:57:26",1406900
13400,-550,400,"bu","13:57:26",1405800
13400,-550,100,"bu","13:57:13",1405400
13400,-550,500,"bu","13:57:12",1405300
13400,-550,100,"bu","13:57:11",1404800
13400,-550,1000,"bu","13:57:08",1404700
13400,-550,100,"bu","13:57:03",1403700
13400,-550,5000,"bu","13:56:57",1403600
13400,-550,100,"bu","13:56:51",1398600
13400,-550,100,"bu","13:56:45",1398500
13400,-550,400,"bu","13:56:20",1398400
13400,-550,2000,"bu","13:56:13",1398000
13400,-550,7500,"bu","13:56:02",1396000
13350,-600,11400,"sd","13:55:58",1388500
13350,-600,100,"sd","13:55:58",1377100
13350,-600,300,"sd","13:55:58",1377000
13350,-600,500,"sd","13:55:58",1376700
13350,-600,600,"sd","13:55:58",1376200
13350,-600,500,"sd","13:55:58",1375600
13350,-600,500,"sd","13:55:58",1375100
13350,-600,400,"sd","13:55:58",1374600
13350,-600,300,"sd","13:55:58",1374200
13350,-600,400,"sd","13:55:58",1373900
13350,-600,1000,"sd","13:55:58",1373500
13350,-600,2000,"sd","13:55:58",1372500
13350,-600,1000,"sd","13:55:58",1370500
13350,-600,300,"sd","13:55:58",1369500
13350,-600,1000,"sd","13:55:58",1369200
13350,-600,100,"sd","13:55:58",1368200
13350,-600,2600,"sd","13:55:58",1368100
13400,-550,100,"bu","13:55:56",1365500
13400,-550,100,"bu","13:55:53",1365400
13400,-550,1000,"bu","13:55:24",1365300
13350,-600,400,"sd","13:55:06",1364300
13400,-550,400,"bu","13:55:00",1363900
13400,-550,100,"bu","13:54:55",1363500
13400,-550,500,"bu","13:54:44",1363400
13400,-550,500,"bu","13:54:44",1362900
13400,-550,400,"bu","13:53:56",1362400
13400,-550,3500,"bu","13:53:31",1362000
13400,-550,300,"bu","13:53:26",1358500
13400,-550,100,"bu","13:53:25",1358200
13400,-550,100,"bu","13:53:21",1358100
13400,-550,100,"bu","13:52:39",1358000
13400,-550,200,"bu","13:52:29",1357900
13400,-550,200,"bu","13:52:20",1357700
13400,-550,1200,"bu","13:52:19",1357500
13400,-550,200,"sd","13:51:51",1356300
13400,-550,300,"sd","13:51:09",1356100
13400,-550,2000,"sd","13:51:09",1355800
13400,-550,200,"sd","13:50:14",1353800
13400,-550,9800,"sd","13:50:11",1353600
13400,-550,3200,"sd","13:50:11",1343800
13400,-550,300,"sd","13:50:11",1340600
13400,-550,100,"sd","13:50:11",1340300
13400,-550,1000,"sd","13:50:11",1340200
13400,-550,10000,"sd","13:50:11",1339200
13400,-550,5000,"sd","13:50:11",1329200
13400,-550,100,"sd","13:50:11",1324200
13400,-550,500,"sd","13:50:11",1324100
13400,-550,600,"sd","13:50:00",1323600
13400,-550,3500,"sd","13:49:02",1323000
13400,-550,100,"sd","13:48:19",1319500
13400,-550,300,"sd","13:47:55",1319400
13400,-550,100,"sd","13:47:55",1319100
13400,-550,100,"sd","13:47:55",1319000
13400,-550,100,"sd","13:47:55",1318900
13400,-550,200,"sd","13:47:53",1318800
13400,-550,100,"sd","13:47:53",1318600
13400,-550,200,"sd","13:47:53",1318500
13400,-550,100,"sd","13:47:53",1318300
13400,-550,400,"sd","13:47:53",1318200
13400,-550,1000,"sd","13:47:53",1317800
13450,-500,2000,"bu","13:47:05",1316800
13450,-500,100,"sd","13:46:50",1314800
13450,-500,800,"sd","13:46:38",1314700
13400,-550,100,"sd","13:46:27",1313900
13400,-550,700,"sd","13:46:11",1313800
13400,-550,1000,"sd","13:46:11",1313100
13400,-550,200,"sd","13:46:11",1312100
13400,-550,2400,"sd","13:46:11",1311900
13400,-550,7600,"sd","13:45:50",1309500
13400,-550,500,"sd","13:45:50",1301900
13400,-550,2000,"sd","13:45:50",1301400
13400,-550,100,"sd","13:45:50",1299400
13400,-550,100,"sd","13:45:50",1299300
13400,-550,100,"sd","13:45:50",1299200
13400,-550,500,"sd","13:45:50",1299100
13400,-550,1000,"sd","13:45:50",1298600
13400,-550,2600,"sd","13:45:50",1297600
13450,-500,500,"sd","13:45:50",1295000
13450,-500,200,"sd","13:45:40",1294500
13450,-500,500,"bu","13:45:14",1294300
13450,-500,1000,"bu","13:45:14",1293800
13450,-500,3200,"bu","13:45:14",1292800
13450,-500,2000,"bu","13:45:14",1289600
13450,-500,2000,"bu","13:45:14",1287600
13450,-500,600,"bu","13:45:14",1285600
13400,-550,100,"sd","13:43:19",1285000
13450,-500,9400,"bu","13:42:35",1284900
13450,-500,600,"bu","13:42:35",1275500
13450,-500,100,"bu","13:41:23",1274900
13450,-500,800,"bu","13:41:11",1274800
13450,-500,1000,"bu","13:41:11",1274000
13450,-500,1000,"bu","13:41:11",1273000
13450,-500,600,"bu","13:40:56",1272000
13450,-500,4000,"bu","13:40:56",1271400
13400,-550,500,"sd","13:40:35",1267400
13450,-500,1000,"bu","13:40:21",1266900
13450,-500,3400,"bu","13:40:21",1265900
13450,-500,5600,"bu","13:40:21",1262500
13400,-550,100,"sd","13:38:27",1256900
13400,-550,12000,"sd","13:38:22",1256800
13400,-550,5000,"sd","13:38:05",1244800
13450,-500,1000,"bu","13:38:02",1239800
13450,-500,500,"bu","13:37:59",1238800
13400,-550,5000,"sd","13:36:49",1238300
13400,-550,4700,"sd","13:36:39",1233300
13400,-550,300,"sd","13:36:39",1228600
13450,-500,500,"bu","13:35:56",1228300
13450,-500,900,"sd","13:35:47",1227800
13450,-500,1400,"sd","13:35:35",1226900
13450,-500,5000,"sd","13:35:34",1225500
13450,-500,100,"sd","13:35:19",1220500
13450,-500,10000,"sd","13:35:16",1220400
13450,-500,200,"sd","13:35:06",1210400
13450,-500,7400,"sd","13:34:26",1210200
13450,-500,3000,"sd","13:34:26",1202800
13450,-500,100,"sd","13:34:26",1199800
13450,-500,1000,"sd","13:34:26",1199700
13450,-500,500,"sd","13:34:26",1198700
13450,-500,2000,"sd","13:34:26",1198200
13450,-500,5000,"sd","13:34:26",1196200
13450,-500,100,"sd","13:34:26",1191200
13450,-500,900,"sd","13:34:26",1191100
13450,-500,1000,"sd","13:34:08",1190200
13450,-500,500,"sd","13:34:08",1189200
13450,-500,3500,"sd","13:34:08",1188700
13500,-450,200,"sd","13:32:28",1185200
13500,-450,4400,"sd","13:32:28",1185000
13500,-450,600,"sd","13:32:18",1180600
13500,-450,1000,"sd","13:32:18",1180000
13500,-450,400,"sd","13:32:18",1179000
13500,-450,1000,"unknown","13:31:01",1178600
13500,-450,5000,"unknown","13:31:01",1177600
13500,-450,3000,"unknown","13:31:01",1172600
13500,-450,600,"unknown","13:31:01",1169600
13500,-450,700,"sd","13:30:31",1169000
13500,-450,100,"sd","13:30:31",1168300
13500,-450,32600,"sd","13:30:31",1168200
13500,-450,5000,"sd","13:30:13",1135600
13500,-450,2800,"sd","13:29:39",1130600
13500,-450,9600,"sd","13:29:35",1127800
13500,-450,400,"sd","13:29:35",1118200
13550,-400,2800,"bu","13:28:53",1117800
13550,-400,500,"bu","13:28:53",1115000
13500,-450,1500,"sd","13:28:40",1114500
13500,-450,100,"sd","13:27:58",1113000
13500,-450,900,"sd","13:27:58",1112900
13550,-400,1000,"bu","13:27:58",1112000
13550,-400,500,"bu","13:27:08",1111000
13550,-400,500,"bu","13:27:08",1110500
13550,-400,400,"bu","13:27:01",1110000
13550,-400,2000,"bu","13:26:59",1109600
13550,-400,1000,"bu","13:26:10",1107600
13550,-400,300,"bu","13:26:06",1106600
13550,-400,100,"bu","13:26:04",1106300
13550,-400,2000,"bu","13:25:55",1106200
13550,-400,200,"bu","13:25:46",1104200
13500,-450,100,"sd","13:25:38",1104000
13550,-400,3500,"bu","13:25:25",1103900
13550,-400,100,"bu","13:25:25",1100400
13550,-400,100,"bu","13:25:25",1100300
13550,-400,100,"bu","13:25:25",1100200
13550,-400,4900,"bu","13:25:25",1100100
13550,-400,2500,"bu","13:25:21",1095200
13500,-450,200,"sd","13:24:59",1092700
13500,-450,100,"sd","13:24:36",1092500
13500,-450,300,"sd","13:24:26",1092400
13500,-450,2800,"sd","13:23:59",1092100
13500,-450,400,"sd","13:23:51",1089300
13500,-450,4200,"sd","13:23:27",1088900
13500,-450,6700,"sd","13:22:47",1084700
13500,-450,100,"bu","13:22:42",1078000
13500,-450,7000,"bu","13:22:42",1077900
13500,-450,12800,"bu","13:22:42",1070900
13500,-450,100,"bu","13:22:42",1058100
13500,-450,1000,"bu","13:22:42",1058000
13500,-450,10000,"bu","13:22:42",1057000
13500,-450,3300,"bu","13:22:42",1047000
13500,-450,100,"bu","13:22:32",1043700
13450,-500,5500,"sd","13:21:04",1043600
13450,-500,600,"sd","13:21:04",1038100
13450,-500,200,"sd","13:21:04",1037500
13450,-500,100,"sd","13:21:04",1037300
13450,-500,100,"sd","13:21:04",1037200
13450,-500,1100,"sd","13:21:04",1037100
13450,-500,2400,"sd","13:21:04",1036000
13450,-500,2600,"sd","13:19:29",1033600
13450,-500,4100,"sd","13:19:29",1031000
13450,-500,4600,"sd","13:19:29",1026900
13450,-500,100,"sd","13:18:09",1022300
13500,-450,1600,"sd","13:18:07",1022200
13500,-450,1000,"sd","13:17:11",1020600
13550,-400,500,"bu","13:16:48",1019600
13550,-400,2100,"bu","13:16:20",1019100
13550,-400,1600,"bu","13:16:20",1017000
13550,-400,1000,"bu","13:16:10",1015400
13550,-400,300,"bu","13:16:00",1014400
13450,-500,100,"sd","13:15:55",1014100
13550,-400,500,"bu","13:15:10",1014000
13550,-400,300,"bu","13:14:54",1013500
13500,-450,9700,"bu","13:14:54",1013200
13500,-450,300,"sd","13:14:45",1003500
13500,-450,200,"bu","13:14:33",1003200
13500,-450,200,"bu","13:14:33",1003000
13500,-450,100,"bu","13:14:25",1002800
13500,-450,900,"bu","13:14:25",1002700
13500,-450,100,"bu","13:12:45",1001800
13500,-450,600,"bu","13:12:45",1001700
13500,-450,200,"bu","13:12:45",1001100
13500,-450,100,"bu","13:12:45",1000900
13450,-500,200,"sd","13:12:24",1000800
13450,-500,2600,"sd","13:12:06",1000600
13450,-500,400,"sd","13:11:30",998000
13450,-500,1000,"sd","13:11:30",997600
13450,-500,900,"sd","13:11:30",996600
13450,-500,3000,"sd","13:10:58",995700
13450,-500,1100,"sd","13:09:43",992700
13450,-500,400,"sd","13:09:43",991600
13450,-500,100,"sd","13:09:14",991200
13450,-500,500,"sd","13:08:45",991100
13450,-500,500,"sd","13:08:45",990600
13450,-500,100,"sd","13:08:45",990100
13450,-500,3900,"sd","13:07:44",990000
13450,-500,300,"sd","13:07:44",986100
13450,-500,1000,"sd","13:07:44",985800
13450,-500,10000,"sd","13:07:44",984800
13450,-500,500,"sd","13:07:44",974800
13450,-500,1000,"sd","13:07:44",974300
13450,-500,1000,"sd","13:07:44",973300
13450,-500,10000,"sd","13:07:44",972300
13450,-500,500,"sd","13:07:44",962300
13450,-500,800,"sd","13:07:44",961800
13450,-500,500,"sd","13:07:10",961000
13450,-500,200,"sd","13:05:27",960500
13500,-450,100,"bu","13:04:25",960300
13500,-450,300,"bu","13:03:37",960200
13500,-450,100,"bu","13:03:37",959900
13500,-450,100,"bu","13:03:37",959800
13500,-450,500,"bu","13:02:49",959700
13450,-500,400,"sd","13:02:28",959200
13450,-500,8100,"sd","13:00:24",958800
13450,-500,100,"sd","13:00:24",950700
13450,-500,1000,"sd","13:00:24",950600
13450,-500,1000,"sd","13:00:24",949600
13450,-500,100,"sd","13:00:24",948600
13450,-500,1000,"sd","13:00:24",948500
13450,-500,1000,"sd","13:00:24",947500
13450,-500,1000,"sd","13:00:24",946500
13450,-500,500,"sd","13:00:24",945500
13450,-500,3000,"sd","13:00:24",945000
13450,-500,100,"sd","13:00:24",942000
13450,-500,100,"sd","13:00:24",941900
13450,-500,3000,"sd","13:00:24",941800
13500,-450,5200,"sd","13:00:14",938800
13450,-500,2000,"sd","13:00:14",933600
13450,-500,2800,"sd","13:00:14",931600
13500,-450,700,"bu","13:00:12",928800
13500,-450,100,"bu","13:00:12",928100
13500,-450,4000,"bu","13:00:12",928000
13450,-500,800,"sd","13:00:00",924000
13450,-500,1000,"sd","13:00:00",923200
13450,-500,1400,"sd","13:00:00",922200
13450,-500,1100,"sd","12:59:59",920800
13450,-500,2900,"sd","11:28:49",919700
13450,-500,200,"sd","11:28:49",916800
13450,-500,400,"sd","11:28:22",916600
13500,-450,500,"bu","11:27:47",916200
13500,-450,2800,"sd","11:25:20",915700
13500,-450,2700,"sd","11:25:20",912900
13500,-450,10000,"sd","11:25:10",910200
13550,-400,6200,"bu","11:23:42",900200
13550,-400,100,"bu","11:23:22",894000
13500,-450,3300,"bu","11:22:45",893900
13500,-450,8100,"bu","11:22:45",890600
13500,-450,100,"bu","11:22:24",882500
13500,-450,1000,"bu","11:22:21",882400
13500,-450,800,"bu","11:21:58",881400
13500,-450,400,"bu","11:21:58",880600
13500,-450,3000,"bu","11:21:29",880200
13500,-450,6600,"bu","11:21:02",877200
13500,-450,8400,"bu","11:21:02",870600
13450,-500,18000,"bu","11:20:05",862200
13450,-500,500,"sd","11:19:48",844200
13450,-500,1000,"sd","11:19:48",843700
13450,-500,500,"sd","11:19:48",842700
13500,-450,200,"bu","11:19:44",842200
13500,-450,1000,"bu","11:19:28",842000
13500,-450,100,"bu","11:18:21",841000
13500,-450,300,"bu","11:18:00",840900
13500,-450,100,"sd","11:17:47",840600
13500,-450,9900,"sd","11:17:47",840500
13500,-450,100,"bu","11:16:44",830600
13500,-450,100,"bu","11:16:39",830500
13500,-450,800,"bu","11:16:32",830400
13500,-450,700,"bu","11:16:32",829600
13500,-450,1000,"bu","11:16:04",828900
13500,-450,1000,"sd","11:15:39",827900
13500,-450,7300,"sd","11:15:39",826900
13550,-400,500,"sd","11:15:04",819600
13550,-400,500,"sd","11:15:04",819100
13550,-400,200,"sd","11:15:04",818600
13550,-400,3000,"sd","11:15:04",818400
13550,-400,2500,"sd","11:15:04",815400
13550,-400,100,"sd","11:14:19",812900
13550,-400,1600,"sd","11:13:42",812800
13550,-400,800,"bu","11:13:41",811200
13550,-400,200,"bu","11:13:20",810400
13550,-400,19000,"bu","11:13:10",810200
13550,-400,1000,"bu","11:13:10",791200
13500,-450,1000,"bu","11:12:34",790200
13500,-450,5000,"bu","11:12:34",789200
13500,-450,1900,"bu","11:12:34",784200
13500,-450,4000,"bu","11:12:34",782300
13500,-450,700,"bu","11:12:34",778300
13500,-450,100,"bu","11:12:34",777600
13450,-500,5000,"bu","11:12:00",777500
13450,-500,1800,"bu","11:12:00",772500
13450,-500,3200,"bu","11:11:03",770700
13450,-500,1600,"bu","11:11:03",767500
13450,-500,200,"bu","11:11:03",765900
13400,-550,600,"sd","11:10:33",765700
13400,-550,600,"bu","11:10:11",765100
13400,-550,500,"bu","11:10:11",764500
13400,-550,4700,"bu","11:10:11",764000
13400,-550,3200,"bu","11:10:02",759300
13400,-550,1000,"sd","11:09:57",756100
13400,-550,300,"sd","11:09:57",755100
13400,-550,300,"sd","11:09:57",754800
13400,-550,200,"sd","11:09:50",754500
13400,-550,500,"sd","11:09:50",754300
13400,-550,2000,"sd","11:09:50",753800
13400,-550,5000,"sd","11:09:50",751800
13400,-550,2300,"sd","11:09:50",746800
13400,-550,1600,"sd","11:09:24",744500
13400,-550,1000,"sd","11:09:24",742900
13400,-550,800,"sd","11:09:24",741900
13400,-550,500,"sd","11:09:24",741100
13400,-550,100,"sd","11:09:24",740600
13400,-550,500,"sd","11:09:24",740500
13400,-550,400,"sd","11:09:24",740000
13400,-550,100,"sd","11:09:24",739600
13450,-500,800,"bu","11:09:23",739500
13400,-550,1400,"bu","11:07:58",738700
13400,-550,600,"bu","11:07:49",737300
13400,-550,200,"sd","11:06:58",736700
13400,-550,1800,"bu","11:06:42",736500
13400,-550,500,"bu","11:06:34",734700
13400,-550,1000,"bu","11:06:32",734200
13400,-550,100,"sd","11:06:13",733200
13400,-550,200,"sd","11:06:13",733100
13400,-550,500,"sd","11:06:13",732900
13400,-550,5900,"sd","11:06:13",732400
13400,-550,500,"sd","11:06:09",726500
13400,-550,9500,"sd","11:05:55",726000
13400,-550,1400,"sd","11:05:33",716500
13400,-550,1100,"sd","11:05:31",715100
13400,-550,1600,"bu","11:04:49",714000
13400,-550,100,"bu","11:04:29",712400
13400,-550,500,"sd","11:04:27",712300
13400,-550,200,"sd","11:04:27",711800
13400,-550,2600,"sd","11:04:27",711600
13400,-550,1600,"sd","11:04:19",709000
13400,-550,400,"sd","11:04:19",707400
13400,-550,100,"sd","11:04:16",707000
13400,-550,200,"sd","11:04:16",706900
13400,-550,300,"sd","11:04:16",706700
13400,-550,2400,"sd","11:04:16",706400
13400,-550,1000,"sd","11:04:07",704000
13400,-550,1600,"sd","11:03:55",703000
13400,-550,3400,"sd","11:03:55",701400
13400,-550,800,"sd","11:03:36",698000
13400,-550,200,"sd","11:03:36",697200
13400,-550,1400,"bu","11:02:30",697000
13400,-550,1600,"sd","11:02:26",695600
13400,-550,1200,"unknown","11:01:57",694000
13400,-550,700,"unknown","11:01:57",692800
13400,-550,5000,"unknown","11:01:57",692100
13400,-550,1200,"unknown","11:01:57",687100
13400,-550,800,"unknown","11:01:57",685900
13400,-550,100,"bu","11:01:55",685100
13400,-550,100,"bu","11:01:48",685000
13400,-550,1000,"bu","11:01:48",684900
13400,-550,900,"bu","11:01:48",683900
13400,-550,100,"bu","11:01:15",683000
13350,-600,200,"sd","11:01:09",682900
13350,-600,200,"sd","11:00:45",682700
13350,-600,300,"sd","11:00:45",682500
13350,-600,200,"sd","11:00:33",682200
13350,-600,100,"sd","11:00:33",682000
13350,-600,600,"sd","11:00:33",681900
13350,-600,500,"sd","11:00:33",681300
13350,-600,500,"sd","11:00:33",680800
13350,-600,1000,"sd","11:00:33",680300
13350,-600,2100,"sd","11:00:33",679300
13350,-600,2900,"sd","10:58:35",677200
13350,-600,1000,"sd","10:58:35",674300
13350,-600,1000,"sd","10:58:35",673300
13400,-550,100,"sd","10:58:35",672300
13400,-550,2500,"sd","10:58:15",672200
13400,-550,400,"sd","10:58:15",669700
13400,-550,300,"sd","10:58:15",669300
13400,-550,1000,"sd","10:58:15",669000
13400,-550,100,"sd","10:58:15",668000
13400,-550,100,"sd","10:58:15",667900
13400,-550,1800,"sd","10:58:15",667800
13400,-550,500,"sd","10:58:15",666000
13400,-550,100,"sd","10:58:15",665500
13400,-550,1000,"sd","10:58:15",665400
13400,-550,1000,"sd","10:58:15",664400
13400,-550,700,"sd","10:58:15",663400
13400,-550,300,"sd","10:57:58",662700
13400,-550,400,"sd","10:57:58",662400
13400,-550,200,"sd","10:57:58",662000
13400,-550,500,"sd","10:57:58",661800
13400,-550,5000,"sd","10:57:58",661300
13400,-550,500,"sd","10:57:58",656300
13400,-550,5000,"sd","10:57:58",655800
13400,-550,2800,"sd","10:57:58",650800
13400,-550,500,"sd","10:57:58",648000
13400,-550,1500,"sd","10:57:58",647500
13400,-550,400,"sd","10:57:58",646000
13400,-550,2100,"sd","10:57:58",645600
13400,-550,700,"sd","10:57:58",643500
13400,-550,500,"sd","10:57:58",642800
13400,-550,100,"sd","10:57:58",642300
13400,-550,100,"sd","10:57:58",642200
13400,-550,100,"sd","10:57:58",642100
13400,-550,2000,"sd","10:57:58",642000
13400,-550,100,"sd","10:57:58",640000
13400,-550,5000,"sd","10:57:58",639900
13400,-550,500,"sd","10:57:58",634900
13400,-550,200,"sd","10:57:58",634400
13400,-550,200,"sd","10:57:58",634200
13400,-550,100,"sd","10:57:58",634000
13400,-550,100,"sd","10:57:58",633900
13400,-550,100,"sd","10:57:58",633800
13400,-550,500,"sd","10:57:58",633700
13400,-550,200,"sd","10:57:58",633200
13400,-550,1000,"sd","10:57:58",633000
13400,-550,100,"sd","10:57:58",632000
13400,-550,1000,"sd","10:57:58",631900
13400,-550,1000,"sd","10:57:58",630900
13400,-550,1000,"sd","10:57:58",629900
13400,-550,5000,"sd","10:57:58",628900
13400,-550,1000,"sd","10:57:58",623900
13400,-550,200,"sd","10:57:58",622900
13450,-500,500,"bu","10:57:56",622700
13450,-500,900,"sd","10:57:49",622200
13450,-500,700,"sd","10:57:49",621300
13450,-500,500,"sd","10:57:49",620600
13450,-500,5000,"sd","10:57:49",620100
13450,-500,100,"sd","10:57:49",615100
13450,-500,300,"sd","10:57:49",615000
13450,-500,700,"sd","10:57:18",614700
13450,-500,100,"sd","10:57:18",614000
13450,-500,900,"sd","10:56:22",613900
13450,-500,200,"sd","10:56:22",613000
13450,-500,100,"sd","10:56:22",612800
13450,-500,1000,"sd","10:56:22",612700
13450,-500,1000,"sd","10:56:22",611700
13450,-500,300,"sd","10:56:22",610700
13450,-500,1000,"sd","10:56:22",610400
13450,-500,400,"sd","10:56:22",609400
13450,-500,1700,"sd","10:56:22",609000
13450,-500,3000,"sd","10:56:22",607300
13450,-500,400,"sd","10:56:22",604300
13450,-500,600,"sd","10:56:05",603900
13450,-500,100,"sd","10:56:05",603300
13450,-500,500,"sd","10:56:05",603200
13450,-500,100,"sd","10:56:05",602700
13450,-500,700,"sd","10:56:05",602600
13450,-500,300,"sd","10:55:51",601900
13450,-500,300,"sd","10:55:51",601600
13450,-500,200,"sd","10:55:21",601300
13500,-450,300,"sd","10:54:33",601100
13500,-450,100,"sd","10:54:33",600800
13500,-450,3700,"sd","10:54:33",600700
13500,-450,200,"sd","10:54:33",597000
13500,-450,2800,"sd","10:54:33",596800
13500,-450,1200,"sd","10:54:33",594000
13500,-450,1000,"sd","10:54:33",592800
13500,-450,2800,"sd","10:54:32",591800
13500,-450,1200,"sd","10:54:23",589000
13500,-450,800,"sd","10:54:23",587800
13500,-450,5000,"sd","10:54:18",587000
13500,-450,2000,"sd","10:54:16",582000
13500,-450,2200,"sd","10:54:13",580000
13500,-450,2300,"sd","10:54:13",577800
13500,-450,1000,"sd","10:53:41",575500
13500,-450,5000,"sd","10:53:22",574500
13500,-450,1000,"sd","10:53:00",569500
13500,-450,5000,"sd","10:51:35",568500
13500,-450,1000,"sd","10:51:10",563500
13550,-400,600,"bu","10:50:27",562500
13550,-400,2000,"bu","10:49:51",561900
13550,-400,500,"bu","10:47:36",559900
13550,-400,100,"bu","10:46:54",559400
13550,-400,400,"bu","10:45:47",559300
13550,-400,2000,"bu","10:45:09",558900
13550,-400,100,"bu","10:44:15",556900
13550,-400,100,"bu","10:43:19",556800
13500,-450,3000,"sd","10:42:55",556700
13500,-450,1000,"sd","10:42:52",553700
13500,-450,2000,"sd","10:42:51",552700
13500,-450,5000,"sd","10:42:47",550700
13500,-450,1000,"sd","10:42:06",545700
13550,-400,200,"bu","10:41:51",544700
13550,-400,500,"bu","10:41:36",544500
13500,-450,3000,"sd","10:41:27",544000
13500,-450,1000,"bu","10:41:08",541000
13500,-450,4000,"bu","10:41:08",540000
13500,-450,300,"bu","10:41:08",536000
13500,-450,500,"bu","10:41:00",535700
13500,-450,100,"bu","10:40:54",535200
13500,-450,900,"bu","10:40:49",535100
13500,-450,300,"sd","10:40:42",534200
13500,-450,200,"sd","10:40:42",533900
13500,-450,1000,"sd","10:40:42",533700
13500,-450,100,"sd","10:40:42",532700
13500,-450,500,"sd","10:40:42",532600
13500,-450,500,"sd","10:40:42",532100
13500,-450,4000,"sd","10:40:42",531600
13500,-450,100,"sd","10:40:42",527600
13500,-450,1500,"sd","10:40:42",527500
13500,-450,500,"sd","10:40:36",526000
13500,-450,600,"sd","10:40:36",525500
13500,-450,100,"sd","10:40:36",524900
13500,-450,100,"sd","10:40:36",524800
13500,-450,100,"sd","10:40:36",524700
13500,-450,600,"sd","10:40:36",524600
13500,-450,2400,"sd","10:40:25",524000
13500,-450,7600,"sd","10:40:25",521600
13500,-450,100,"sd","10:40:25",514000
13500,-450,100,"sd","10:40:25",513900
13500,-450,300,"sd","10:40:25",513800
13500,-450,1000,"sd","10:40:25",513500
13500,-450,500,"sd","10:40:25",512500
13500,-450,1000,"sd","10:40:25",512000
13500,-450,3000,"sd","10:40:25",511000
13500,-450,700,"sd","10:40:25",508000
13500,-450,500,"sd","10:40:25",507300
13500,-450,1000,"sd","10:40:25",506800
13500,-450,500,"sd","10:40:25",505800
13500,-450,5000,"sd","10:40:25",505300
13500,-450,800,"sd","10:40:25",500300
13500,-450,100,"sd","10:40:25",499500
13500,-450,300,"sd","10:40:25",499400
13500,-450,100,"sd","10:40:25",499100
13500,-450,600,"sd","10:40:07",499000
13500,-450,1000,"sd","10:40:07",498400
13500,-450,500,"sd","10:40:07",497400
13500,-450,100,"sd","10:39:55",496900
13500,-450,700,"sd","10:39:55",496800
13500,-450,100,"sd","10:39:55",496100
13500,-450,100,"sd","10:39:55",496000
13500,-450,100,"sd","10:39:55",495900
13500,-450,500,"sd","10:39:55",495800
13500,-450,4500,"sd","10:39:55",495300
13500,-450,3700,"sd","10:39:55",490800
13500,-450,100,"sd","10:39:55",487100
13500,-450,100,"sd","10:39:55",487000
13500,-450,300,"sd","10:39:17",486900
13500,-450,600,"sd","10:38:57",486600
13500,-450,100,"sd","10:38:57",486000
13500,-450,800,"sd","10:38:57",485900
13550,-400,500,"sd","10:38:24",485100
13550,-400,200,"sd","10:38:04",484600
13550,-400,300,"sd","10:38:04",484400
13550,-400,4700,"sd","10:37:48",484100
13550,-400,100,"sd","10:37:48",479400
13550,-400,1000,"sd","10:37:47",479300
13550,-400,1000,"sd","10:37:47",478300
13550,-400,1000,"sd","10:37:47",477300
13550,-400,2000,"sd","10:37:47",476300
13550,-400,200,"sd","10:37:47",474300
13600,-350,800,"bu","10:34:37",474100
13550,-400,300,"sd","10:34:25",473300
13550,-400,700,"sd","10:34:25",473000
13550,-400,1300,"sd","10:33:56",472300
13550,-400,1700,"sd","10:33:56",471000
13600,-350,800,"bu","10:33:16",469300
13600,-350,2500,"bu","10:31:58",468500
13600,-350,2000,"bu","10:31:58",466000
13550,-400,2000,"sd","10:31:55",464000
13550,-400,500,"bu","10:31:45",462000
13550,-400,100,"bu","10:31:45",461500
13550,-400,100,"sd","10:30:48",461400
13550,-400,600,"sd","10:30:48",461300
13550,-400,400,"bu","10:30:29",460700
13550,-400,100,"bu","10:30:10",460300
13550,-400,900,"bu","10:30:10",460200
13550,-400,100,"bu","10:30:01",459300
13550,-400,1700,"bu","10:30:01",459200
13550,-400,9200,"bu","10:30:01",457500
13550,-400,1700,"bu","10:29:35",448300
13550,-400,200,"bu","10:29:13",446600
13550,-400,100,"bu","10:28:43",446400
13550,-400,100,"bu","10:27:23",446300
13500,-450,200,"sd","10:27:03",446200
13550,-400,500,"bu","10:24:45",446000
13550,-400,300,"bu","10:24:44",445500
13550,-400,100,"bu","10:24:38",445200
13550,-400,200,"bu","10:24:06",445100
13550,-400,100,"bu","10:22:42",444900
13550,-400,500,"bu","10:22:37",444800
13550,-400,1000,"sd","10:22:29",444300
13550,-400,200,"sd","10:22:29",443300
13550,-400,2000,"sd","10:22:29",443100
13550,-400,1100,"sd","10:22:29",441100
13550,-400,300,"sd","10:22:29",440000
13550,-400,500,"sd","10:22:29",439700
13550,-400,1000,"sd","10:22:29",439200
13550,-400,100,"sd","10:22:29",438200
13550,-400,300,"sd","10:22:29",438100
13550,-400,500,"sd","10:22:29",437800
13600,-350,200,"bu","10:21:34",437300
13600,-350,200,"bu","10:21:02",437100
13600,-350,100,"bu","10:20:44",436900
13600,-350,100,"bu","10:20:27",436800
13600,-350,200,"bu","10:20:12",436700
13550,-400,400,"sd","10:18:49",436500
13550,-400,700,"bu","10:18:34",436100
13550,-400,200,"bu","10:18:34",435400
13500,-450,3000,"sd","10:18:33",435200
13500,-450,1000,"sd","10:18:33",432200
13500,-450,1000,"sd","10:18:33",431200
13550,-400,100,"bu","10:18:21",430200
13550,-400,100,"bu","10:17:26",430100
13550,-400,100,"bu","10:17:25",430000
13550,-400,200,"sd","10:16:35",429900
13550,-400,300,"sd","10:16:35",429700
13550,-400,800,"sd","10:15:11",429400
13550,-400,200,"sd","10:15:11",428600
13550,-400,500,"sd","10:14:20",428400
13600,-350,800,"bu","10:13:44",427900
13600,-350,200,"bu","10:13:44",427100
13550,-400,300,"sd","10:13:23",426900
13550,-400,500,"sd","10:13:10",426600
13550,-400,2000,"sd","10:13:10",426100
13600,-350,2000,"bu","10:12:52",424100
13600,-350,300,"bu","10:12:35",422100
13600,-350,500,"bu","10:12:35",421800
13600,-350,500,"bu","10:12:35",421300
13550,-400,900,"bu","10:11:25",420800
13550,-400,100,"bu","10:10:58",419900
13550,-400,100,"bu","10:10:32",419800
13550,-400,400,"bu","10:10:32",419700
13550,-400,100,"bu","10:10:09",419300
13550,-400,500,"sd","10:10:00",419200
13550,-400,4500,"sd","10:09:56",418700
13550,-400,100,"sd","10:09:56",414200
13550,-400,1000,"sd","10:09:56",414100
13550,-400,100,"sd","10:09:56",413100
13550,-400,500,"sd","10:09:56",413000
13550,-400,800,"sd","10:09:56",412500
13550,-400,1200,"sd","10:09:47",411700
13550,-400,100,"sd","10:09:47",410500
13550,-400,1000,"sd","10:09:47",410400
13550,-400,1000,"sd","10:09:47",409400
13550,-400,500,"sd","10:09:47",408400
13550,-400,400,"sd","10:09:47",407900
13550,-400,600,"sd","10:09:47",407500
13550,-400,200,"sd","10:09:47",406900
13550,-400,300,"sd","10:09:14",406700
13550,-400,200,"sd","10:09:14",406400
13550,-400,1500,"sd","10:09:14",406200
13550,-400,200,"sd","10:09:14",404700
13550,-400,5000,"sd","10:08:35",404500
13550,-400,4800,"sd","10:08:32",399500
13550,-400,100,"sd","10:08:32",394700
13550,-400,100,"sd","10:08:32",394600
13550,-400,900,"sd","10:08:28",394500
13550,-400,100,"sd","10:08:28",393600
13550,-400,100,"sd","10:08:28",393500
13550,-400,500,"sd","10:08:28",393400
13550,-400,500,"sd","10:08:28",392900
13550,-400,200,"sd","10:08:28",392400
13550,-400,200,"sd","10:08:28",392200
13550,-400,1000,"sd","10:08:28",392000
13550,-400,3900,"sd","10:08:28",391000
13550,-400,100,"sd","10:07:50",387100
13550,-400,1000,"sd","10:07:16",387000
13550,-400,300,"sd","10:07:16",386000
13600,-350,300,"bu","10:06:56",385700
13550,-400,700,"sd","10:06:54",385400
13550,-400,300,"sd","10:06:54",384700
13600,-350,100,"bu","10:06:07",384400
13600,-350,1000,"bu","10:05:52",384300
13600,-350,200,"bu","10:04:50",383300
13600,-350,100,"bu","10:04:50",383100
13600,-350,200,"bu","10:04:50",383000
13600,-350,500,"bu","10:03:41",382800
13600,-350,2000,"bu","10:02:57",382300
13600,-350,100,"bu","10:02:21",380300
13600,-350,300,"bu","10:02:10",380200
13550,-400,200,"sd","09:59:47",379900
13600,-350,100,"bu","09:59:45",379700
13600,-350,500,"bu","09:59:36",379600
13600,-350,400,"bu","09:57:50",379100
13600,-350,400,"bu","09:57:05",378700
13550,-400,500,"sd","09:57:00",378300
13550,-400,300,"sd","09:57:00",377800
13550,-400,200,"sd","09:57:00",377500
13550,-400,1400,"sd","09:57:00",377300
13600,-350,500,"bu","09:56:20",375900
13600,-350,500,"bu","09:56:20",375400
13550,-400,200,"sd","09:56:14",374900
13550,-400,1000,"sd","09:55:55",374700
13600,-350,100,"bu","09:55:45",373700
13600,-350,400,"bu","09:55:45",373600
13550,-400,900,"sd","09:53:15",373200
13600,-350,300,"bu","09:53:11",372300
13550,-400,1500,"sd","09:53:09",372000
13600,-350,8000,"bu","09:53:02",370500
13600,-350,700,"bu","09:52:21",362500
13600,-350,1000,"sd","09:52:20",361800
13600,-350,100,"sd","09:52:20",360800
13600,-350,100,"sd","09:52:20",360700
13600,-350,500,"sd","09:52:20",360600
13600,-350,300,"sd","09:52:20",360100
13600,-350,100,"sd","09:52:20",359800
13600,-350,3300,"sd","09:52:20",359700
13600,-350,200,"sd","09:52:20",356400
13600,-350,800,"sd","09:51:55",356200
13600,-350,4200,"sd","09:51:55",355400
13600,-350,1600,"sd","09:51:34",351200
13600,-350,1400,"sd","09:51:13",349600
13600,-350,500,"sd","09:50:37",348200
13600,-350,800,"bu","09:49:29",347700
13600,-350,600,"bu","09:49:29",346900
13600,-350,100,"bu","09:49:29",346300
13600,-350,800,"bu","09:49:29",346200
13600,-350,300,"bu","09:48:26",345400
13600,-350,1200,"bu","09:47:58",345100
13600,-350,4100,"bu","09:47:58",343900
13600,-350,200,"bu","09:47:40",339800
13600,-350,13800,"sd","09:47:27",339600
13600,-350,6200,"bu","09:47:23",325800
13600,-350,2900,"bu","09:46:55",319600
13600,-350,100,"bu","09:46:55",316700
13600,-350,3000,"bu","09:46:06",316600
13600,-350,100,"sd","09:45:57",313600
13600,-350,6700,"sd","09:45:57",313500
13600,-350,300,"sd","09:45:56",306800
13600,-350,400,"sd","09:45:56",306500
13600,-350,100,"sd","09:45:56",306100
13600,-350,500,"sd","09:45:56",306000
13600,-350,3200,"sd","09:45:56",305500
13600,-350,5000,"sd","09:45:29",302300
13600,-350,1700,"sd","09:45:16",297300
13600,-350,500,"bu","09:44:47",295600
13600,-350,2000,"bu","09:44:47",295100
13600,-350,7600,"bu","09:44:47",293100
13550,-400,1000,"sd","09:44:44",285500
13600,-350,200,"bu","09:44:13",284500
13600,-350,100,"bu","09:43:41",284300
13600,-350,200,"bu","09:43:08",284200
13550,-400,400,"sd","09:42:21",284000
13550,-400,4100,"sd","09:41:52",283600
13550,-400,100,"sd","09:41:52",279500
13550,-400,1000,"sd","09:41:52",279400
13550,-400,400,"sd","09:41:52",278400
13600,-350,100,"unknown","09:41:08",278000
13600,-350,300,"sd","09:41:08",277900
13600,-350,100,"sd","09:41:08",277600
13600,-350,100,"sd","09:41:08",277500
13600,-350,1300,"sd","09:41:08",277400
13600,-350,700,"sd","09:41:06",276100
13600,-350,1300,"sd","09:41:06",275400
13600,-350,700,"bu","09:39:20",274100
13600,-350,2000,"bu","09:39:10",273400
13600,-350,1000,"bu","09:38:55",271400
13600,-350,3300,"bu","09:38:51",270400
13600,-350,3000,"bu","09:38:10",267100
13600,-350,3000,"bu","09:38:10",264100
13600,-350,900,"bu","09:37:53",261100
13600,-350,2000,"bu","09:37:29",260200
13550,-400,300,"sd","09:37:21",258200
13600,-350,100,"bu","09:37:09",257900
13600,-350,200,"bu","09:36:19",257800
13600,-350,3800,"bu","09:36:19",257600
13600,-350,2200,"bu","09:36:12",253800
13600,-350,2000,"bu","09:36:00",251600
13550,-400,1600,"bu","09:36:00",249600
13500,-450,500,"bu","09:35:35",248000
13500,-450,13500,"bu","09:35:35",247500
13400,-550,800,"sd","09:34:02",234000
13400,-550,100,"sd","09:34:02",233200
13400,-550,600,"sd","09:34:02",233100
13400,-550,500,"sd","09:34:02",232500
13400,-550,5000,"sd","09:34:02",232000
13450,-500,100,"sd","09:34:02",227000
13450,-500,100,"sd","09:34:02",226900
13450,-500,2000,"sd","09:34:02",226800
13450,-500,500,"sd","09:34:02",224800
13450,-500,800,"sd","09:34:02",224300
13500,-450,100,"bu","09:33:54",223500
13500,-450,500,"bu","09:33:51",223400
13450,-500,200,"bu","09:33:44",222900
13450,-500,500,"bu","09:33:36",222700
13450,-500,300,"bu","09:33:36",222200
13450,-500,700,"bu","09:33:33",221900
13450,-500,300,"bu","09:33:33",221200
13450,-500,200,"bu","09:33:29",220900
13450,-500,100,"bu","09:33:25",220700
13450,-500,100,"sd","09:33:21",220600
13450,-500,300,"sd","09:33:21",220500
13450,-500,200,"sd","09:33:10",220200
13450,-500,2000,"sd","09:33:10",220000
13450,-500,1000,"sd","09:33:10",218000
13450,-500,500,"sd","09:33:10",217000
13450,-500,300,"sd","09:33:10",216500
13450,-500,700,"sd","09:32:49",216200
13450,-500,1000,"sd","09:32:49",215500
13500,-450,500,"bu","09:32:49",214500
13500,-450,4000,"bu","09:32:48",214000
13450,-500,500,"sd","09:32:45",210000
13500,-450,200,"bu","09:32:41",209500
13500,-450,100,"bu","09:32:34",209300
13450,-500,600,"sd","09:32:33",209200
13450,-500,400,"sd","09:32:33",208600
13500,-450,300,"bu","09:32:28",208200
13500,-450,1000,"bu","09:31:56",207900
13500,-450,300,"bu","09:31:52",206900
13500,-450,9500,"bu","09:31:36",206600
13500,-450,300,"bu","09:31:36",197100
13500,-450,200,"bu","09:31:36",196800
13450,-500,600,"sd","09:31:32",196600
13500,-450,200,"bu","09:31:30",196000
13500,-450,1000,"bu","09:31:26",195800
13500,-450,100,"bu","09:31:23",194800
13500,-450,100,"bu","09:31:21",194700
13500,-450,200,"bu","09:31:21",194600
13500,-450,2000,"sd","09:31:21",194400
13500,-450,100,"sd","09:31:21",192400
13500,-450,100,"sd","09:31:21",192300
13500,-450,200,"sd","09:31:18",192200
13500,-450,200,"sd","09:31:18",192000
13500,-450,100,"sd","09:31:18",191800
13500,-450,2000,"sd","09:31:18",191700
13500,-450,10000,"sd","09:31:18",189700
13500,-450,8000,"sd","09:31:18",179700
13500,-450,900,"sd","09:31:18",171700
13500,-450,100,"sd","09:31:18",170800
13500,-450,3000,"sd","09:31:18",170700
13500,-450,1000,"sd","09:31:18",167700
13500,-450,2000,"sd","09:31:18",166700
13500,-450,100,"sd","09:31:18",164700
13500,-450,300,"sd","09:31:18",164600
13500,-450,3700,"sd","09:31:18",164300
13500,-450,100,"sd","09:31:18",160600
13500,-450,300,"sd","09:31:18",160500
13550,-400,100,"bu","09:31:13",160200
13500,-450,5000,"sd","09:30:09",160100
13500,-450,1300,"sd","09:29:57",155100
13500,-450,1000,"sd","09:29:57",153800
13550,-400,500,"sd","09:29:57",152800
13550,-400,100,"sd","09:29:57",152200
13550,-400,100,"sd","09:29:57",152300
13600,-350,200,"sd","09:29:46",152100
13600,-350,10000,"sd","09:29:46",151900
13600,-350,1000,"sd","09:29:46",141900
13600,-350,2200,"sd","09:29:46",140900
13600,-350,100,"sd","09:29:46",138700
13600,-350,400,"sd","09:29:46",138600
13600,-350,100,"sd","09:29:46",138200
13600,-350,700,"sd","09:29:46",138100
13600,-350,200,"sd","09:29:46",137400
13600,-350,900,"sd","09:29:46",137200
13600,-350,100,"sd","09:29:43",136300
13600,-350,100,"sd","09:29:43",136200
13600,-350,10000,"sd","09:29:43",136100
13600,-350,100,"sd","09:29:43",126100
13600,-350,100,"sd","09:29:43",126000
13600,-350,100,"sd","09:29:43",125900
13600,-350,10000,"sd","09:29:43",125800
13600,-350,9500,"sd","09:29:43",115800
13650,-300,200,"sd","09:29:26",106300
13650,-300,2200,"sd","09:29:22",106100
13650,-300,4300,"sd","09:29:22",103900
13650,-300,200,"sd","09:29:00",99600
13650,-300,500,"bu","09:28:38",99400
13650,-300,5000,"sd","09:28:34",98900
13650,-300,200,"sd","09:28:34",93900
13650,-300,700,"sd","09:28:34",93700
13650,-300,1000,"sd","09:28:34",93000
13650,-300,500,"sd","09:28:34",92000
13650,-300,300,"sd","09:28:34",91500
13650,-300,300,"sd","09:28:34",91200
13700,-250,300,"bu","09:28:18",90900
13700,-250,1000,"bu","09:28:18",90600
13700,-250,700,"bu","09:28:18",89600
13700,-250,1000,"bu","09:27:37",88900
13650,-300,700,"sd","09:27:36",87900
13650,-300,500,"sd","09:27:36",87200
13700,-250,300,"sd","09:27:27",86700
13700,-250,400,"sd","09:27:03",86400
13700,-250,3000,"sd","09:27:03",76000
13700,-250,10000,"sd","09:27:03",86000
13750,-200,100,"sd","09:27:03",73000
13800,-150,100,"bu","09:26:11",72900
13800,-150,200,"sd","09:25:55",72800
13800,-150,100,"sd","09:25:55",72600
13800,-150,100,"sd","09:25:55",72500
13800,-150,400,"sd","09:25:55",72400
13800,-150,4600,"sd","09:24:59",72000
13800,-150,700,"sd","09:24:59",67400
13800,-150,1000,"sd","09:24:59",66700
13800,-150,100,"sd","09:24:59",65700
13800,-150,800,"sd","09:24:59",65600
13850,-100,100,"sd","09:24:59",64800
13850,-100,100,"sd","09:24:59",64700
13850,-100,500,"sd","09:24:59",64600
13850,-100,100,"sd","09:24:59",64100
13850,-100,5000,"sd","09:23:55",64000
13850,-100,1000,"sd","09:23:55",59000
13850,-100,6800,"sd","09:23:55",58000
13900,-50,100,"sd","09:23:55",51200
13900,-50,100,"sd","09:23:55",51100
13900,-50,4000,"sd","09:23:17",51000
13900,-50,1000,"bu","09:22:47",47000
13900,-50,1000,"bu","09:21:12",46000
13900,-50,1000,"bu","09:21:12",45000
13850,-100,500,"bu","09:20:56",44000
13850,-100,700,"bu","09:20:56",43500
13850,-100,1000,"sd","09:20:04",42800
13900,-50,300,"sd","09:20:04",41800
13900,-50,100,"bu","09:20:03",41500
13900,-50,600,"bu","09:20:03",41400
13900,-50,200,"sd","09:19:51",40800
13900,-50,100,"sd","09:19:50",40600
13900,-50,100,"sd","09:19:50",40500
13900,-50,1000,"sd","09:18:50",40400
13900,-50,2000,"bu","09:16:50",39400
13900,-50,1100,"bu","09:16:50",37400
13800,-150,700,"bu","09:16:48",36300
13800,-150,1300,"sd","09:16:46",35600
13800,-150,700,"bu","09:16:28",34300
13800,-150,300,"bu","09:16:15",33600
13800,-150,100,"bu","09:15:58",33300
13800,-150,500,"bu","09:15:52",33200
13800,-150,1200,"bu","09:15:49",32700
13800,-150,100,"bu","09:15:48",31500
13800,-150,100,"bu","09:15:40",31400
13600,-350,31300,"sd","09:15:00",31300
