"price","change","match_qtty","side","time","total_vol"
13500,0,300,"sd","14:56:10",26606200
13500,0,5000,"sd","14:54:20",26605900
13500,0,5300,"sd","14:50:46",26600900
13500,0,200,"bu","14:50:02",26595600
13500,0,700,"bu","14:47:14",26595400
13500,0,100,"bu","14:46:59",26594700
13500,0,100,"bu","14:46:48",26594600
13500,0,100,"sd","14:46:24",26594500
13500,0,1262000,"bu","14:45:02",26594400
13400,-100,7000,"bu","14:29:58",25332400
13300,-200,100,"sd","14:29:57",25325400
13400,-100,4000,"bu","14:29:56",25325300
13300,-200,100,"sd","14:29:44",25321300
13400,-100,2000,"bu","14:29:43",25321200
13300,-200,300,"sd","14:29:39",25319200
13300,-200,1000,"sd","14:29:36",25318900
13400,-100,500,"bu","14:29:34",25317900
13400,-100,1000,"bu","14:29:30",25317400
13400,-100,100,"bu","14:29:29",25316400
13400,-100,500,"bu","14:29:27",25316300
13400,-100,2000,"bu","14:29:25",25315800
13400,-100,300,"bu","14:29:21",25313800
13400,-100,1100,"bu","14:29:18",25313500
13400,-100,1000,"bu","14:29:17",25312400
13400,-100,2000,"bu","14:29:16",25311400
13400,-100,100,"bu","14:29:13",25309400
13300,-200,3000,"sd","14:29:11",25309300
13400,-100,2000,"bu","14:29:06",25306300
13300,-200,3000,"sd","14:28:59",25304300
13300,-200,500,"sd","14:28:51",25301300
13400,-100,6000,"bu","14:28:47",25300800
13400,-100,1000,"bu","14:28:39",25294800
13400,-100,11000,"bu","14:28:37",25293800
13400,-100,1500,"bu","14:28:34",25282800
13400,-100,1000,"bu","14:28:25",25281300
13300,-200,5000,"sd","14:28:23",25280300
13400,-100,1000,"bu","14:28:20",25275300
13400,-100,50000,"bu","14:28:17",25274300
13400,-100,20000,"bu","14:28:10",25224300
13400,-100,500,"bu","14:28:09",25204300
13300,-200,1400,"sd","14:28:00",25203800
13300,-200,500,"sd","14:27:56",25202400
13400,-100,500,"bu","14:27:51",25201900
13300,-200,7600,"sd","14:27:32",25201400
13400,-100,253900,"bu","14:27:30",25193800
13400,-100,4000,"sd","14:27:29",24939900
13400,-100,300000,"sd","14:27:27",24935900
13400,-100,1000,"sd","14:27:22",24635900
13400,-100,400,"sd","14:27:19",24634900
13400,-100,1700,"sd","14:27:10",24634500
13400,-100,10000,"sd","14:27:06",24632800
13400,-100,1000,"sd","14:27:03",24622800
13400,-100,2000,"sd","14:26:56",24621800
13400,-100,500,"sd","14:26:55",24619800
13400,-100,400,"sd","14:26:53",24619300
13400,-100,2200,"sd","14:26:51",24618900
13400,-100,300,"sd","14:26:40",24616700
13400,-100,5000,"sd","14:26:38",24616400
13400,-100,1200,"sd","14:26:37",24611400
13400,-100,100,"sd","14:26:33",24610200
13400,-100,8000,"sd","14:26:32",24610100
13400,-100,1000,"sd","14:26:31",24602100
13400,-100,2000,"sd","14:26:27",24601100
13400,-100,10000,"sd","14:26:25",24599100
13400,-100,6000,"sd","14:26:18",24589100
13400,-100,7800,"sd","14:26:02",24583100
13500,0,600,"bu","14:25:55",24575300
13400,-100,1000,"sd","14:25:51",24574700
13400,-100,1000,"sd","14:25:43",24573700
13400,-100,1000,"sd","14:25:20",24572700
13400,-100,8000,"sd","14:25:16",24571700
13400,-100,400,"sd","14:24:51",24563700
13400,-100,800,"sd","14:24:20",24563300
13400,-100,600,"sd","14:24:18",24562500
13400,-100,1000,"sd","14:24:02",24561900
13400,-100,40000,"sd","14:23:54",24560900
13400,-100,4000,"sd","14:23:49",24520900
13400,-100,63200,"sd","14:23:37",24516900
13500,0,1000,"bu","14:23:34",24453700
13400,-100,500,"sd","14:23:32",24452700
13400,-100,1000,"sd","14:23:28",24452200
13400,-100,100,"sd","14:23:25",24451200
13400,-100,100,"sd","14:23:09",24451100
13400,-100,3000,"sd","14:23:07",24451000
13400,-100,200,"sd","14:22:10",24448000
13400,-100,5000,"sd","14:22:07",24447800
13400,-100,3000,"sd","14:21:51",24442800
13400,-100,3300,"sd","14:21:40",24439800
13400,-100,1700,"sd","14:21:28",24436500
13500,0,300,"bu","14:21:18",24434800
13500,0,200,"bu","14:21:14",24434500
13500,0,1000,"bu","14:21:03",24434300
13400,-100,500,"sd","14:20:49",24433300
13500,0,100,"bu","14:20:33",24432800
13500,0,100,"bu","14:20:11",24432700
13400,-100,300,"sd","14:20:10",24432600
13400,-100,2000,"sd","14:20:09",24432300
13500,0,3000,"bu","14:19:55",24430300
13400,-100,1000,"sd","14:19:43",24427300
13400,-100,300,"sd","14:19:18",24426300
13400,-100,20000,"sd","14:19:02",24426000
13500,0,300,"bu","14:18:49",24406000
13400,-100,500,"sd","14:18:39",24405700
13500,0,300,"bu","14:18:30",24405200
13500,0,1000,"sd","14:18:29",24404900
13500,0,98700,"bu","14:18:27",24403900
13500,0,600,"bu","14:18:24",24305200
13500,0,100000,"bu","14:18:22",24304600
13500,0,1000,"bu","14:18:05",24204600
13500,0,15000,"bu","14:18:02",24203600
13500,0,200,"bu","14:17:56",24188600
13500,0,4200,"bu","14:17:45",24188400
13500,0,4000,"bu","14:17:41",24184200
13500,0,100000,"bu","14:17:37",24180200
13500,0,25000,"bu","14:17:27",24080200
13500,0,100,"bu","14:17:24",24055200
13400,-100,51100,"sd","14:17:07",24055100
13500,0,53400,"bu","14:17:05",24004000
13500,0,200,"sd","14:17:02",23950600
13500,0,60500,"sd","14:16:43",23950400
13500,0,5200,"bu","14:16:33",23889900
13500,0,3000,"bu","14:16:30",23884700
13500,0,1000,"bu","14:16:28",23881700
13500,0,100000,"bu","14:16:24",23880700
13500,0,1100,"bu","14:16:19",23780700
13500,0,3000,"bu","14:16:17",23779600
13500,0,2900,"bu","14:16:13",23776600
13500,0,2700,"bu","14:16:11",23773700
13500,0,500,"bu","14:16:10",23771000
13500,0,2500,"bu","14:16:05",23770500
13500,0,100,"bu","14:16:02",23768000
13500,0,5500,"bu","14:15:56",23767900
13500,0,300,"bu","14:15:51",23762400
13500,0,1000,"bu","14:15:47",23762100
13500,0,100,"bu","14:15:41",23761100
13500,0,100,"bu","14:15:40",23761000
13500,0,800,"bu","14:15:38",23760900
13500,0,8000,"bu","14:15:37",23760100
13500,0,2000,"bu","14:15:33",23752100
13500,0,500,"bu","14:15:26",23750100
13500,0,100,"bu","14:15:25",23749600
13500,0,1000,"bu","14:15:18",23749500
13500,0,300,"bu","14:15:17",23748500
13500,0,1300,"bu","14:15:14",23748200
13500,0,20000,"bu","14:15:12",23746900
13500,0,500,"bu","14:14:52",23726900
13500,0,2000,"bu","14:14:51",23726400
13500,0,7000,"bu","14:14:49",23724400
13500,0,6900,"sd","14:14:40",23717400
13500,0,200,"sd","14:14:39",23710500
13500,0,100000,"sd","14:14:36",23710300
13500,0,1000,"sd","14:14:30",23610300
13500,0,35000,"sd","14:14:16",23609300
13500,0,50000,"sd","14:14:07",23574300
13500,0,100,"sd","14:14:02",23524300
13500,0,700,"sd","14:13:48",23524200
13500,0,200,"sd","14:13:38",23523500
13500,0,10000,"sd","14:13:30",23523300
13500,0,500,"sd","14:13:21",23513300
13500,0,20000,"sd","14:13:15",23512800
13500,0,110000,"sd","14:13:10",23492800
13500,0,155000,"sd","14:13:05",23382800
13600,100,4000,"bu","14:12:39",23227800
13600,100,1200,"bu","14:12:26",23223800
13500,0,100,"sd","14:12:09",23222600
13500,0,700,"sd","14:11:38",23222500
13500,0,100,"sd","14:11:35",23221800
13500,0,100,"sd","14:11:27",23221700
13500,0,1000,"sd","14:11:12",23221600
13600,100,5000,"bu","14:11:09",23220600
13500,0,2000,"sd","14:11:08",23215600
13500,0,2000,"sd","14:10:55",23213600
13500,0,1200,"sd","14:10:44",23211600
13500,0,3000,"sd","14:10:35",23210400
13500,0,10000,"sd","14:10:16",23207400
13600,100,4000,"bu","14:09:51",23197400
13500,0,700,"sd","14:09:47",23193400
13500,0,2000,"sd","14:09:43",23192700
13500,0,4000,"sd","14:09:41",23190700
13600,100,2000,"bu","14:09:30",23186700
13500,0,10000,"sd","14:09:17",23184700
13600,100,2400,"bu","14:09:16",23174700
13600,100,100,"bu","14:09:03",23172300
13500,0,17700,"sd","14:09:02",23172200
13500,0,3000,"bu","14:09:00",23154500
13500,0,8000,"bu","14:08:59",23151500
13500,0,10100,"bu","14:08:58",23143500
13500,0,2800,"bu","14:08:57",23133400
13500,0,41200,"bu","14:08:56",23130600
13500,0,11600,"bu","14:08:55",23089400
13500,0,1100,"bu","14:08:54",23077800
13500,0,14000,"bu","14:08:53",23076700
13500,0,10000,"bu","14:08:52",23062700
13500,0,305000,"bu","14:08:51",23052700
13500,0,2000,"bu","14:08:50",22747700
13500,0,200,"bu","14:08:49",22745700
13500,0,500,"bu","14:08:46",22745500
13500,0,3000,"bu","14:08:45",22745000
13500,0,2000,"bu","14:08:43",22742000
13500,0,11400,"bu","14:08:42",22740000
13500,0,300,"bu","14:08:40",22728600
13500,0,1100,"bu","14:08:39",22728300
13500,0,1200,"bu","14:08:38",22727200
13500,0,10500,"bu","14:08:36",22726000
13500,0,1000,"bu","14:08:33",22715500
13500,0,19600,"bu","14:08:31",22714500
13500,0,600,"bu","14:08:29",22694900
13500,0,18100,"bu","14:08:28",22694300
13500,0,10000,"bu","14:08:27",22676200
13500,0,500,"bu","14:08:26",22666200
13500,0,2000,"bu","14:08:25",22665700
13500,0,13700,"bu","14:08:19",22663700
13500,0,9500,"bu","14:08:18",22650000
13500,0,3200,"bu","14:08:17",22640500
13500,0,100,"bu","14:08:16",22637300
13500,0,117000,"bu","14:08:15",22637200
13500,0,1000,"bu","14:08:13",22520200
13500,0,3000,"bu","14:08:11",22519200
13500,0,19300,"bu","14:08:08",22516200
13500,0,100,"bu","14:08:06",22496900
13500,0,14000,"bu","14:08:03",22496800
13500,0,600,"bu","14:08:02",22482800
13500,0,1100,"bu","14:08:00",22482200
13500,0,1000,"bu","14:07:57",22481100
13500,0,2000,"bu","14:07:55",22480100
13500,0,1700,"bu","14:07:53",22478100
13500,0,6800,"bu","14:07:51",22476400
13500,0,45000,"bu","14:07:46",22469600
13500,0,41000,"bu","14:07:40",22424600
13500,0,1000,"bu","14:07:39",22383600
13500,0,2000,"bu","14:07:38",22382600
13500,0,500,"bu","14:07:37",22380600
13500,0,700,"bu","14:07:31",22380100
13500,0,200,"bu","14:07:30",22379400
13500,0,12000,"bu","14:07:08",22379200
13400,-100,1000,"sd","14:07:07",22367200
13400,-100,300,"sd","14:06:52",22366200
13400,-100,10000,"sd","14:06:30",22365900
13400,-100,400,"sd","14:06:26",22355900
13400,-100,4000,"sd","14:06:03",22355500
13400,-100,200,"sd","14:06:01",22351500
13400,-100,7800,"sd","14:05:58",22351300
13400,-100,10700,"sd","14:05:54",22343500
13400,-100,2200,"sd","14:05:34",22332800
13400,-100,100,"sd","14:05:27",22330600
13500,0,14900,"bu","14:05:25",22330500
13400,-100,4300,"sd","14:05:17",22315600
13500,0,3500,"bu","14:05:11",22311300
13400,-100,1000,"sd","14:05:06",22307800
13400,-100,4000,"sd","14:05:04",22306800
13400,-100,1000,"sd","14:04:41",22302800
13500,0,2000,"bu","14:04:31",22301800
13500,0,153200,"bu","14:04:21",22299800
13400,-100,100,"sd","14:04:19",22146600
13500,0,600,"bu","14:04:01",22146500
13500,0,3000,"bu","14:03:41",22145900
13400,-100,100,"sd","14:03:40",22142900
13400,-100,10000,"sd","14:03:25",22142800
13400,-100,1000,"sd","14:03:06",22132800
13500,0,10000,"bu","14:03:01",22131800
13400,-100,1000,"sd","14:03:00",22121800
13400,-100,3700,"sd","14:02:55",22120800
13400,-100,900,"sd","14:02:50",22117100
13400,-100,300,"sd","14:02:46",22116200
13400,-100,800,"sd","14:02:40",22115900
13400,-100,100,"sd","14:01:48",22115100
13400,-100,2000,"sd","14:01:33",22115000
13500,0,100,"bu","14:01:31",22113000
13400,-100,400,"sd","14:01:27",22112900
13400,-100,1500,"sd","14:01:21",22112500
13400,-100,2400,"sd","14:01:10",22111000
13500,0,4000,"bu","14:00:55",22108600
13400,-100,4000,"sd","14:00:30",22104600
13500,0,2000,"bu","14:00:29",22100600
13400,-100,200,"sd","14:00:25",22098600
13400,-100,200,"sd","14:00:16",22098400
13400,-100,100,"sd","13:59:42",22098200
13400,-100,15000,"sd","13:59:28",22098100
13400,-100,4700,"sd","13:59:22",22083100
13500,0,5500,"bu","13:59:08",22078400
13400,-100,1000,"sd","13:58:58",22072900
13500,0,100,"bu","13:58:39",22071900
13500,0,2000,"bu","13:58:14",22071800
13400,-100,8900,"sd","13:58:01",22069800
13500,0,200,"bu","13:57:54",22060900
13400,-100,12000,"sd","13:57:52",22060700
13500,0,2000,"bu","13:57:48",22048700
13500,0,10000,"bu","13:57:30",22046700
13400,-100,400,"sd","13:57:25",22036700
13400,-100,1000,"sd","13:57:11",22036300
13400,-100,1000,"sd","13:57:00",22035300
13400,-100,8800,"sd","13:56:44",22034300
13500,0,2000,"bu","13:56:37",22025500
13400,-100,5000,"sd","13:56:24",22023500
13500,0,2000,"bu","13:56:18",22018500
13400,-100,400,"sd","13:56:13",22016500
13400,-100,2000,"sd","13:56:07",22016100
13400,-100,2000,"sd","13:56:03",22014100
13400,-100,300,"sd","13:55:54",22012100
13400,-100,103100,"sd","13:55:52",22011800
13400,-100,500,"bu","13:55:51",21908700
13400,-100,8000,"bu","13:55:50",21908200
13400,-100,3600,"bu","13:55:49",21900200
13400,-100,22500,"bu","13:55:48",21896600
13400,-100,2000,"bu","13:55:46",21874100
13400,-100,1000,"bu","13:55:45",21872100
13400,-100,100,"bu","13:55:43",21871100
13400,-100,50000,"bu","13:55:41",21871000
13400,-100,1500,"bu","13:55:37",21821000
13400,-100,2000,"bu","13:55:35",21819500
13400,-100,3700,"bu","13:55:33",21817500
13400,-100,10000,"bu","13:55:32",21813800
13400,-100,2000,"bu","13:55:31",21803800
13400,-100,3200,"bu","13:55:29",21801800
13400,-100,500,"bu","13:55:28",21798600
13400,-100,9400,"bu","13:55:27",21798100
13400,-100,5000,"bu","13:55:25",21788700
13400,-100,11000,"bu","13:55:24",21783700
13400,-100,16900,"bu","13:55:21",21772700
13400,-100,183100,"bu","13:55:20",21755800
13400,-100,3000,"bu","13:55:19",21572700
13400,-100,1000,"bu","13:55:15",21569700
13400,-100,100,"bu","13:55:08",21568700
13400,-100,1000,"bu","13:55:03",21568600
13400,-100,100,"bu","13:54:59",21567600
13300,-200,600,"sd","13:54:57",21567500
13400,-100,300,"bu","13:54:55",21566900
13400,-100,2000,"bu","13:54:54",21566600
13400,-100,1000,"bu","13:54:40",21564600
13400,-100,2300,"bu","13:54:39",21563600
13400,-100,1000,"bu","13:54:24",21561300
13400,-100,1000,"bu","13:54:19",21560300
13400,-100,1000,"bu","13:54:12",21559300
13300,-200,8900,"sd","13:54:10",21558300
13400,-100,100,"bu","13:53:57",21549400
13400,-100,20000,"bu","13:53:52",21549300
13300,-200,3000,"sd","13:53:43",21529300
13300,-200,1000,"sd","13:53:41",21526300
13300,-200,300,"sd","13:53:25",21525300
13300,-200,200,"sd","13:53:21",21525000
13300,-200,900,"sd","13:53:19",21524800
13300,-200,3000,"sd","13:53:13",21523900
13300,-200,5000,"sd","13:53:06",21520900
13300,-200,2000,"sd","13:53:04",21515900
13300,-200,1000,"sd","13:53:01",21513900
13300,-200,7700,"sd","13:52:53",21512900
13300,-200,100,"sd","13:52:45",21505200
13400,-100,5000,"bu","13:52:43",21505100
13300,-200,305000,"sd","13:52:31",21500100
13400,-100,20000,"bu","13:52:29",21195100
13300,-200,500,"sd","13:52:28",21175100
13400,-100,2000,"bu","13:52:27",21174600
13400,-100,1000,"bu","13:52:20",21172600
13400,-100,1300,"bu","13:52:10",21171600
13300,-200,46000,"sd","13:52:08",21170300
13400,-100,100,"bu","13:52:05",21124300
13300,-200,5000,"sd","13:52:04",21124200
13400,-100,10000,"bu","13:51:59",21119200
13300,-200,73000,"sd","13:51:52",21109200
13300,-200,6900,"sd","13:51:50",21036200
13400,-100,18400,"bu","13:51:47",21029300
13400,-100,4000,"bu","13:51:45",21010900
13400,-100,400,"bu","13:51:44",21006900
13400,-100,200,"bu","13:51:43",21006500
13300,-200,500,"sd","13:51:39",21006300
13400,-100,6000,"bu","13:51:37",21005800
13300,-200,7800,"sd","13:51:36",20999800
13400,-100,20000,"bu","13:51:35",20992000
13400,-100,2400,"bu","13:51:34",20972000
13300,-200,500,"sd","13:51:33",20969600
13300,-200,84000,"sd","13:51:32",20969100
13400,-100,2000,"bu","13:51:31",20885100
13400,-100,500,"bu","13:51:27",20883100
13300,-200,1000,"sd","13:51:13",20882600
13300,-200,17200,"sd","13:51:11",20881600
13400,-100,100,"bu","13:51:08",20864400
13300,-200,5000,"sd","13:50:55",20864300
13400,-100,5000,"bu","13:50:52",20859300
13300,-200,6000,"sd","13:50:39",20854300
13300,-200,3000,"sd","13:50:36",20848300
13400,-100,5000,"bu","13:50:34",20845300
13300,-200,2000,"sd","13:50:24",20840300
13300,-200,7800,"sd","13:50:19",20838300
13400,-100,500,"bu","13:50:18",20830500
13400,-100,200,"bu","13:50:11",20830000
13400,-100,100,"bu","13:50:04",20829800
13400,-100,1800,"bu","13:49:48",20829700
13400,-100,5500,"bu","13:49:45",20827900
13300,-200,9000,"sd","13:49:38",20822400
13400,-100,100,"bu","13:49:29",20813400
13400,-100,100,"bu","13:49:27",20813300
13400,-100,100,"bu","13:49:15",20813200
13300,-200,900,"sd","13:49:11",20813100
13300,-200,5000,"sd","13:49:07",20812200
13300,-200,6500,"sd","13:49:05",20807200
13300,-200,5100,"sd","13:49:01",20800700
13300,-200,4800,"sd","13:48:56",20795600
13300,-200,26000,"sd","13:48:53",20790800
13300,-200,1000,"sd","13:48:50",20764800
13300,-200,300,"sd","13:48:42",20763800
13300,-200,2000,"sd","13:48:37",20763500
13300,-200,200,"sd","13:48:35",20761500
13300,-200,1000,"sd","13:48:31",20761300
13300,-200,1000,"sd","13:48:20",20760300
13300,-200,1000,"sd","13:48:12",20759300
13300,-200,7000,"sd","13:48:05",20758300
13300,-200,1700,"sd","13:48:02",20751300
13400,-100,2000,"bu","13:48:01",20749600
13300,-200,3000,"sd","13:48:00",20747600
13300,-200,2000,"sd","13:47:59",20744600
13300,-200,10100,"sd","13:47:45",20742600
13300,-200,300000,"sd","13:47:36",20732500
13400,-100,1200,"bu","13:47:28",20432500
13400,-100,100,"bu","13:47:25",20431300
13400,-100,400,"bu","13:47:18",20431200
13300,-200,10000,"sd","13:47:17",20430800
13400,-100,6900,"bu","13:47:08",20420800
13300,-200,500,"sd","13:47:07",20413900
13400,-100,8000,"bu","13:47:04",20413400
13400,-100,100,"bu","13:47:00",20405400
13300,-200,500,"sd","13:46:52",20405300
13400,-100,100,"bu","13:46:48",20404800
13300,-200,31000,"sd","13:46:43",20404700
13400,-100,1000,"bu","13:46:38",20373700
13300,-200,300,"sd","13:46:36",20372700
13300,-200,100000,"sd","13:46:31",20372400
13300,-200,5100,"sd","13:46:28",20272400
13300,-200,4100,"sd","13:46:27",20267300
13400,-100,2000,"bu","13:46:26",20263200
13400,-100,100,"bu","13:46:21",20261200
13300,-200,2000,"sd","13:46:06",20261100
13300,-200,1200,"sd","13:45:57",20259100
13400,-100,1200,"bu","13:45:53",20257900
13400,-100,100,"bu","13:45:47",20256700
13400,-100,500,"bu","13:45:36",20256600
13300,-200,200,"sd","13:45:19",20256100
13400,-100,100,"bu","13:45:18",20255900
13300,-200,5000,"sd","13:45:11",20255800
13400,-100,1600,"bu","13:45:04",20250800
13300,-200,25000,"sd","13:44:55",20249200
13400,-100,10800,"bu","13:44:47",20224200
13400,-100,24900,"bu","13:44:43",20213400
13400,-100,14000,"sd","13:44:42",20188500
13400,-100,200,"sd","13:44:40",20174500
13400,-100,50000,"sd","13:44:38",20174300
13500,0,100,"bu","13:44:36",20124300
13400,-100,15100,"sd","13:44:34",20124200
13400,-100,700,"sd","13:44:33",20109100
13400,-100,17000,"sd","13:44:31",20108400
13400,-100,200,"sd","13:44:27",20091400
13400,-100,10000,"sd","13:44:26",20091200
13400,-100,21500,"sd","13:44:25",20081200
13400,-100,1300,"sd","13:44:23",20059700
13400,-100,100,"sd","13:44:19",20058400
13400,-100,10100,"sd","13:44:16",20058300
13400,-100,500,"sd","13:44:13",20048200
13400,-100,500,"sd","13:44:12",20047700
13400,-100,23000,"sd","13:44:10",20047200
13400,-100,18000,"sd","13:44:08",20024200
13400,-100,8000,"sd","13:44:07",20006200
13400,-100,2000,"sd","13:44:05",19998200
13400,-100,203700,"sd","13:44:01",19996200
13400,-100,10000,"sd","13:44:00",19792500
13400,-100,5100,"sd","13:43:54",19782500
13400,-100,1000,"sd","13:43:53",19777400
13400,-100,5000,"sd","13:43:52",19776400
13400,-100,1000,"sd","13:43:45",19771400
13400,-100,1000,"sd","13:43:39",19770400
13400,-100,5000,"sd","13:43:37",19769400
13400,-100,50000,"sd","13:43:28",19764400
13400,-100,100000,"sd","13:43:26",19714400
13400,-100,36000,"sd","13:43:19",19614400
13400,-100,500,"sd","13:43:17",19578400
13400,-100,3000,"sd","13:43:12",19577900
13400,-100,200,"sd","13:43:06",19574900
13400,-100,1000,"sd","13:43:00",19574700
13400,-100,2000,"sd","13:42:59",19573700
13400,-100,5000,"sd","13:42:47",19571700
13400,-100,1000,"sd","13:42:46",19566700
13400,-100,5100,"sd","13:42:37",19565700
13400,-100,5000,"sd","13:42:35",19560600
13400,-100,10000,"sd","13:42:33",19555600
13400,-100,100,"sd","13:42:29",19545600
13400,-100,3000,"sd","13:42:24",19545500
13400,-100,100,"sd","13:42:08",19542500
13500,0,500,"bu","13:42:04",19542400
13400,-100,700,"sd","13:41:56",19541900
13400,-100,50000,"sd","13:41:53",19541200
13400,-100,400,"sd","13:41:50",19491200
13400,-100,3300,"sd","13:41:32",19490800
13500,0,600,"bu","13:41:27",19487500
13400,-100,5100,"sd","13:41:20",19486900
13400,-100,100,"sd","13:41:05",19481800
13400,-100,18000,"sd","13:41:04",19481700
13400,-100,50000,"sd","13:41:02",19463700
13400,-100,100,"sd","13:41:01",19413700
13400,-100,200,"sd","13:40:51",19413600
13400,-100,8000,"sd","13:40:50",19413400
13400,-100,45000,"sd","13:40:40",19405400
13500,0,200,"bu","13:40:38",19360400
13400,-100,500,"sd","13:40:35",19360200
13400,-100,50000,"sd","13:40:33",19359700
13400,-100,2000,"sd","13:40:32",19309700
13400,-100,1000,"sd","13:40:28",19307700
13400,-100,1000,"sd","13:40:24",19306700
13400,-100,10000,"sd","13:40:22",19305700
13400,-100,400,"sd","13:40:17",19295700
13400,-100,500,"sd","13:40:11",19295300
13400,-100,5100,"sd","13:40:03",19294800
13400,-100,1000,"sd","13:39:53",19289700
13400,-100,500,"sd","13:39:50",19288700
13400,-100,500,"sd","13:39:42",19288200
13400,-100,10000,"sd","13:39:40",19287700
13400,-100,1000,"sd","13:39:30",19277700
13400,-100,2500,"sd","13:39:15",19276700
13400,-100,4500,"sd","13:38:46",19274200
13500,0,100,"bu","13:38:27",19269700
13400,-100,1500,"sd","13:38:17",19269600
13500,0,10000,"bu","13:37:58",19268100
13500,0,300,"bu","13:37:50",19258100
13500,0,2000,"bu","13:37:41",19257800
13400,-100,2000,"sd","13:37:40",19255800
13500,0,2000,"bu","13:37:38",19253800
13500,0,1000,"bu","13:37:24",19251800
13400,-100,200,"sd","13:37:14",19250800
13400,-100,5000,"sd","13:37:13",19250600
13400,-100,500,"sd","13:37:10",19245600
13400,-100,3000,"sd","13:36:32",19245100
13400,-100,3000,"sd","13:36:24",19242100
13400,-100,5000,"sd","13:36:23",19239100
13400,-100,4500,"sd","13:36:16",19234100
13400,-100,500,"sd","13:36:05",19229600
13400,-100,2000,"sd","13:35:45",19229100
13500,0,3000,"bu","13:35:43",19227100
13500,0,500,"bu","13:35:40",19224100
13500,0,4500,"bu","13:35:39",19223600
13400,-100,5000,"sd","13:35:37",19219100
13400,-100,200,"sd","13:35:33",19214100
13500,0,100,"bu","13:35:17",19213900
13400,-100,100,"sd","13:35:11",19213800
13400,-100,1000,"sd","13:35:07",19213700
13400,-100,1000,"sd","13:35:02",19212700
13400,-100,4400,"sd","13:34:59",19211700
13400,-100,1000,"sd","13:34:52",19207300
13500,0,200,"bu","13:34:32",19206300
13500,0,800,"bu","13:34:18",19206100
13500,0,2000,"bu","13:34:16",19205300
13400,-100,21000,"sd","13:34:11",19203300
13400,-100,100,"sd","13:34:05",19182300
13400,-100,1000,"sd","13:34:00",19182200
13400,-100,300,"sd","13:33:48",19181200
13400,-100,4500,"sd","13:33:42",19180900
13400,-100,5000,"sd","13:33:22",19176400
13400,-100,500,"sd","13:33:16",19171400
13400,-100,300,"sd","13:32:50",19170900
13500,0,10000,"bu","13:32:48",19170600
13400,-100,100,"sd","13:32:44",19160600
13500,0,6000,"bu","13:32:39",19160500
13400,-100,200,"sd","13:32:30",19154500
13400,-100,4400,"sd","13:32:25",19154300
13400,-100,2000,"sd","13:32:16",19149900
13500,0,2000,"bu","13:32:14",19147900
13500,0,5000,"bu","13:32:12",19145900
13500,0,3000,"bu","13:32:03",19140900
13500,0,200,"bu","13:32:01",19137900
13500,0,6400,"bu","13:32:00",19137700
13500,0,4000,"bu","13:31:59",19131300
13500,0,1000,"bu","13:31:57",19127300
13500,0,3000,"bu","13:31:54",19126300
13500,0,4600,"bu","13:31:52",19123300
13500,0,7400,"bu","13:31:50",19118700
13500,0,3500,"bu","13:31:49",19111300
13500,0,3100,"bu","13:31:47",19107800
13500,0,1000,"bu","13:31:45",19104700
13500,0,4500,"bu","13:31:41",19103700
13500,0,1000,"bu","13:31:40",19099200
13500,0,20500,"bu","13:31:39",19098200
13500,0,300,"bu","13:31:36",19077700
13500,0,1400,"bu","13:31:33",19077400
13500,0,15600,"bu","13:31:32",19076000
13500,0,3000,"bu","13:31:31",19060400
13500,0,7500,"bu","13:31:29",19057400
13500,0,11000,"bu","13:31:28",19049900
13500,0,30000,"bu","13:31:26",19038900
13500,0,15000,"bu","13:31:25",19008900
13500,0,5000,"bu","13:31:24",18993900
13500,0,1000,"bu","13:31:23",18988900
13500,0,500,"bu","13:31:22",18987900
13500,0,5000,"bu","13:31:21",18987400
13400,-100,3000,"sd","13:31:20",18982400
13500,0,900,"bu","13:31:18",18979400
13500,0,20000,"bu","13:31:17",18978500
13500,0,1000,"bu","13:31:16",18958500
13500,0,10000,"bu","13:31:15",18957500
13500,0,10800,"bu","13:31:12",18947500
13400,-100,500,"sd","13:31:11",18936700
13500,0,1500,"bu","13:31:10",18936200
13500,0,20000,"bu","13:31:09",18934700
13500,0,20000,"bu","13:31:08",18914700
13500,0,700,"bu","13:31:06",18894700
13500,0,10000,"bu","13:31:05",18894000
13500,0,250000,"bu","13:31:02",18884000
13500,0,5000,"bu","13:30:53",18634000
13500,0,70000,"bu","13:30:52",18629000
13500,0,2500,"bu","13:30:51",18559000
13500,0,1000,"bu","13:30:41",18556500
13500,0,1800,"bu","13:30:25",18555500
13500,0,1000,"bu","13:30:24",18553700
13500,0,800,"bu","13:30:14",18552700
13500,0,500,"bu","13:30:13",18551900
13500,0,2000,"bu","13:30:10",18551400
13500,0,400,"bu","13:30:08",18549400
13500,0,200,"bu","13:29:53",18549000
13500,0,200,"bu","13:29:52",18548800
13500,0,300,"bu","13:29:44",18548600
13500,0,300,"bu","13:29:43",18548300
13500,0,2000,"bu","13:29:23",18548000
13400,-100,30000,"sd","13:29:22",18546000
13500,0,500,"bu","13:29:20",18516000
13500,0,1400,"bu","13:29:18",18515500
13500,0,7000,"bu","13:29:17",18514100
13500,0,10000,"bu","13:29:12",18507100
13500,0,500,"bu","13:29:06",18497100
13500,0,250000,"bu","13:29:02",18496600
13500,0,100,"bu","13:28:52",18246600
13500,0,400,"bu","13:28:44",18246500
13400,-100,500,"sd","13:28:43",18246100
13400,-100,4400,"sd","13:28:34",18245600
13400,-100,200,"sd","13:28:20",18241200
13500,0,10000,"bu","13:28:12",18241000
13500,0,200,"bu","13:27:38",18231000
13500,0,100,"bu","13:27:33",18230800
13400,-100,3000,"sd","13:27:21",18230700
13400,-100,4300,"sd","13:27:17",18227700
13400,-100,6400,"sd","13:26:50",18223400
13400,-100,5000,"sd","13:26:43",18217000
13500,0,100,"bu","13:26:36",18212000
13400,-100,1500,"sd","13:26:03",18211900
13400,-100,6400,"sd","13:26:01",18210400
13400,-100,84000,"sd","13:25:49",18204000
13400,-100,500,"sd","13:25:48",18120000
13400,-100,50000,"sd","13:25:40",18119500
13400,-100,10500,"sd","13:25:29",18069500
13400,-100,500,"sd","13:24:55",18059000
13400,-100,100,"sd","13:24:46",18058500
13400,-100,4400,"sd","13:24:45",18058400
13400,-100,1000,"sd","13:24:36",18054000
13400,-100,15000,"sd","13:24:34",18053000
13400,-100,2600,"sd","13:24:11",18038000
13400,-100,200,"sd","13:24:06",18035400
13400,-100,500,"sd","13:23:40",18035200
13400,-100,500,"sd","13:23:29",18034700
13400,-100,4400,"sd","13:23:28",18034200
13500,0,500,"bu","13:23:27",18029800
13400,-100,7000,"sd","13:23:25",18029300
13400,-100,20000,"sd","13:23:10",18022300
13400,-100,50000,"sd","13:23:08",18002300
13500,0,200,"bu","13:23:01",17952300
13400,-100,5000,"sd","13:22:52",17952100
13400,-100,18000,"sd","13:22:49",17947100
13500,0,5000,"bu","13:22:47",17929100
13500,0,5100,"bu","13:22:42",17924100
13500,0,100,"bu","13:22:41",17919000
13500,0,200,"bu","13:22:35",17918900
13500,0,1000,"bu","13:22:28",17918700
13500,0,1000,"bu","13:22:19",17917700
13500,0,300,"bu","13:22:16",17916700
13500,0,200,"bu","13:22:00",17916400
13500,0,5000,"bu","13:21:59",17916200
13500,0,6500,"bu","13:21:53",17911200
13500,0,6700,"bu","13:21:21",17904700
13500,0,1000,"bu","13:21:12",17898000
13500,0,100,"bu","13:21:02",17897000
13500,0,100,"bu","13:20:46",17896900
13500,0,1000,"bu","13:20:44",17896800
13500,0,5000,"bu","13:20:16",17895800
13500,0,2000,"bu","13:20:13",17890800
13500,0,4000,"bu","13:20:02",17888800
13400,-100,200,"sd","13:20:01",17884800
13500,0,500,"bu","13:19:58",17884600
13500,0,1000,"bu","13:19:51",17884100
13500,0,7000,"bu","13:19:43",17883100
13500,0,100,"bu","13:19:40",17876100
13500,0,300,"bu","13:18:56",17876000
13500,0,2000,"bu","13:18:24",17875700
13500,0,100,"bu","13:18:12",17873700
13500,0,1000,"bu","13:18:03",17873600
13400,-100,5200,"sd","13:17:45",17872600
13500,0,4000,"bu","13:17:44",17867400
13500,0,3000,"bu","13:17:31",17863400
13500,0,5000,"bu","13:17:18",17860400
13400,-100,30000,"sd","13:17:15",17855400
13400,-100,4400,"sd","13:17:04",17825400
13400,-100,149900,"sd","13:16:54",17821000
13500,0,500,"bu","13:16:52",17671100
13500,0,1000,"bu","13:16:33",17670600
13500,0,2000,"bu","13:16:31",17669600
13500,0,500,"bu","13:16:19",17667600
13400,-100,4400,"sd","13:15:47",17667100
13400,-100,4100,"sd","13:15:45",17662700
13400,-100,50000,"sd","13:15:30",17658600
13500,0,5000,"bu","13:15:28",17608600
13400,-100,2000,"sd","13:15:24",17603600
13400,-100,500,"sd","13:15:10",17601600
13400,-100,100,"sd","13:14:54",17601100
13400,-100,20000,"sd","13:14:53",17601000
13400,-100,200,"sd","13:14:51",17581000
13400,-100,10000,"sd","13:14:38",17580800
13400,-100,6400,"sd","13:14:31",17570800
13400,-100,6300,"sd","13:14:27",17564400
13400,-100,100000,"sd","13:14:11",17558100
13400,-100,100,"sd","13:14:10",17458100
13500,0,3000,"bu","13:14:06",17458000
13400,-100,1000,"sd","13:13:59",17455000
13400,-100,4000,"sd","13:13:56",17454000
13400,-100,5000,"sd","13:13:42",17450000
13400,-100,12000,"sd","13:13:40",17445000
13400,-100,2000,"sd","13:13:24",17433000
13400,-100,100,"sd","13:13:21",17431000
13400,-100,6700,"sd","13:13:14",17430900
13400,-100,2000,"sd","13:12:57",17424200
13400,-100,2500,"sd","13:12:51",17422200
13400,-100,600,"sd","13:12:45",17419700
13400,-100,1000,"sd","13:12:37",17419100
13400,-100,4700,"sd","13:12:24",17418100
13400,-100,12000,"sd","13:12:20",17413400
13400,-100,100,"bu","13:12:19",17401400
13400,-100,30000,"bu","13:12:18",17401300
13400,-100,15000,"bu","13:12:17",17371300
13400,-100,1100,"bu","13:12:16",17356300
13400,-100,200,"bu","13:12:15",17355200
13400,-100,5000,"bu","13:12:14",17355000
13400,-100,3500,"bu","13:12:13",17350000
13400,-100,2100,"bu","13:12:12",17346500
13400,-100,1000,"bu","13:12:11",17344400
13400,-100,5500,"bu","13:12:10",17343400
13400,-100,300,"bu","13:12:09",17337900
13400,-100,2000,"bu","13:12:08",17337600
13400,-100,100,"bu","13:12:07",17335600
13400,-100,4300,"bu","13:12:05",17335500
13400,-100,2000,"bu","13:12:04",17331200
13400,-100,3100,"bu","13:12:03",17329200
13400,-100,6000,"bu","13:12:02",17326100
13400,-100,9000,"bu","13:12:00",17320100
13400,-100,200,"bu","13:11:59",17311100
13400,-100,1500,"bu","13:11:58",17310900
13400,-100,3000,"bu","13:11:56",17309400
13400,-100,200,"bu","13:11:55",17306400
13400,-100,1300,"bu","13:11:54",17306200
13400,-100,120000,"bu","13:11:52",17304900
13400,-100,3000,"bu","13:11:50",17184900
13400,-100,11100,"bu","13:11:45",17181900
13400,-100,500,"bu","13:11:44",17170800
13400,-100,20000,"bu","13:11:38",17170300
13400,-100,500,"bu","13:11:36",17150300
13400,-100,2000,"bu","13:11:35",17149800
13300,-200,9200,"sd","13:11:34",17147800
13300,-200,1000,"sd","13:11:33",17138600
13400,-100,900,"bu","13:11:26",17137600
13400,-100,1000,"bu","13:11:25",17136700
13400,-100,1000,"bu","13:11:18",17135700
13400,-100,600,"bu","13:11:13",17134700
13400,-100,400,"bu","13:11:08",17134100
13400,-100,200,"bu","13:11:06",17133700
13400,-100,500,"bu","13:11:01",17133500
13400,-100,100,"bu","13:11:00",17133000
13400,-100,11500,"bu","13:10:49",17132900
13400,-100,1000,"bu","13:10:47",17121400
13400,-100,5000,"bu","13:10:28",17120400
13400,-100,1200,"bu","13:10:24",17115400
13400,-100,10000,"bu","13:10:20",17114200
13400,-100,100,"bu","13:10:11",17104200
13400,-100,500,"bu","13:10:07",17104100
13400,-100,1000,"bu","13:10:04",17103600
13400,-100,200,"bu","13:10:03",17102600
13400,-100,100,"bu","13:10:00",17102400
13400,-100,400,"bu","13:09:59",17102300
13400,-100,200,"bu","13:09:56",17101900
13400,-100,1000,"bu","13:09:55",17101700
13400,-100,2000,"bu","13:09:54",17100700
13400,-100,1000,"bu","13:09:52",17098700
13400,-100,280900,"sd","13:09:49",17097700
13400,-100,1000,"sd","13:09:47",16816800
13400,-100,50000,"sd","13:09:41",16815800
13400,-100,30000,"sd","13:09:37",16765800
13500,0,1000,"bu","13:09:34",16735800
13400,-100,200,"sd","13:09:30",16734800
13400,-100,100,"sd","13:09:29",16734600
13400,-100,500,"sd","13:09:28",16734500
13400,-100,1000,"sd","13:09:26",16734000
13400,-100,4400,"sd","13:09:22",16733000
13400,-100,39000,"sd","13:09:09",16728600
13400,-100,3000,"sd","13:09:08",16689600
13400,-100,2000,"sd","13:08:59",16686600
13400,-100,1000,"sd","13:08:58",16684600
13400,-100,5000,"sd","13:08:51",16683600
13400,-100,3000,"sd","13:08:43",16678600
13400,-100,2000,"sd","13:08:42",16675600
13400,-100,30000,"sd","13:08:41",16673600
13400,-100,2000,"sd","13:08:40",16643600
13400,-100,8000,"sd","13:08:39",16641600
13400,-100,500,"sd","13:08:31",16633600
13400,-100,6000,"sd","13:08:27",16633100
13400,-100,2200,"sd","13:08:20",16627100
13400,-100,20000,"sd","13:08:13",16624900
13400,-100,13300,"sd","13:08:06",16604900
13400,-100,2000,"sd","13:08:04",16591600
13400,-100,90500,"sd","13:08:03",16589600
13400,-100,6500,"sd","13:08:01",16499100
13400,-100,1100,"sd","13:08:00",16492600
13400,-100,500,"sd","13:07:57",16491500
13400,-100,1000,"sd","13:07:56",16491000
13400,-100,101500,"sd","13:07:54",16490000
13400,-100,1000,"sd","13:07:47",16388500
13400,-100,3000,"sd","13:07:46",16387500
13400,-100,22800,"sd","13:07:40",16384500
13400,-100,1900,"sd","13:07:30",16361700
13400,-100,20000,"sd","13:07:25",16359800
13400,-100,500,"sd","13:07:22",16339800
13400,-100,10000,"sd","13:07:18",16339300
13400,-100,200,"sd","13:07:14",16329300
13400,-100,500,"sd","13:07:11",16329100
13400,-100,100,"sd","13:07:10",16328600
13400,-100,100,"sd","13:07:06",16328500
13400,-100,10500,"sd","13:07:05",16328400
13400,-100,30000,"sd","13:07:02",16317900
13400,-100,3000,"sd","13:06:58",16287900
13400,-100,214000,"sd","13:06:54",16284900
13400,-100,100,"sd","13:06:53",16070900
13400,-100,200,"sd","13:06:51",16070800
13400,-100,4400,"sd","13:06:49",16070600
13400,-100,305000,"sd","13:06:44",16066200
13400,-100,10000,"sd","13:06:42",15761200
13400,-100,10000,"sd","13:06:34",15751200
13400,-100,1000,"sd","13:06:33",15741200
13400,-100,4000,"sd","13:06:28",15740200
13400,-100,100,"sd","13:06:21",15736200
13500,0,2000,"bu","13:06:13",15736100
13400,-100,2000,"sd","13:06:10",15734100
13400,-100,20000,"sd","13:06:05",15732100
13400,-100,2000,"sd","13:06:04",15712100
13400,-100,200,"sd","13:05:53",15710100
13400,-100,2500,"sd","13:05:48",15709900
13400,-100,200,"sd","13:05:40",15707400
13400,-100,4400,"sd","13:05:33",15707200
13400,-100,800,"sd","13:05:27",15702800
13400,-100,72000,"sd","13:05:08",15702000
13400,-100,100000,"sd","13:04:53",15630000
13500,0,1000,"bu","13:04:49",15530000
13400,-100,600,"sd","13:04:45",15529000
13400,-100,84000,"sd","13:04:43",15528400
13400,-100,5000,"sd","13:04:35",15444400
13400,-100,22000,"sd","13:04:28",15439400
13400,-100,500,"sd","13:04:20",15417400
13400,-100,1000,"sd","13:04:19",15416900
13400,-100,4300,"sd","13:04:16",15415900
13400,-100,150000,"sd","13:04:13",15411600
13400,-100,50000,"sd","13:04:12",15261600
13400,-100,500,"sd","13:04:03",15211600
13400,-100,77500,"sd","13:03:58",15211100
13400,-100,4900,"sd","13:03:55",15133600
13400,-100,700,"sd","13:03:42",15128700
13500,0,1000,"bu","13:03:41",15128000
13400,-100,40000,"sd","13:03:34",15127000
13400,-100,300,"sd","13:03:33",15087000
13400,-100,4400,"sd","13:03:00",15086700
13400,-100,6300,"sd","13:02:31",15082300
13400,-100,2400,"sd","13:02:26",15076000
13500,0,500,"bu","13:02:24",15073600
13400,-100,100,"sd","13:02:17",15073100
13500,0,100,"bu","13:02:16",15073000
13400,-100,130000,"sd","13:02:03",15072900
13500,0,20000,"bu","13:01:55",14942900
13500,0,900,"bu","13:01:38",14922900
13400,-100,400000,"sd","13:01:00",14922000
13400,-100,400,"sd","13:00:58",14522000
13400,-100,1000,"sd","13:00:54",14521600
13400,-100,4400,"sd","13:00:27",14520600
13500,0,10100,"bu","13:00:26",14516200
13400,-100,2000,"sd","13:00:22",14506100
13400,-100,2000,"sd","13:00:21",14504100
13500,0,79900,"bu","13:00:16",14502100
13500,0,700,"bu","13:00:10",14422200
13500,0,79200,"bu","13:00:09",14421500
13500,0,15300,"bu","13:00:08",14342300
13500,0,1200,"bu","13:00:06",14327000
13400,-100,100,"sd","13:00:05",14325800
13500,0,3700,"bu","13:00:04",14325700
13500,0,200,"bu","13:00:03",14322000
13500,0,100,"bu","11:28:48",14321800
13500,0,1000,"bu","11:28:42",14321700
13500,0,300,"bu","11:28:14",14320700
13400,-100,900,"sd","11:28:03",14320400
13500,0,100,"bu","11:28:02",14319500
13400,-100,400,"sd","11:27:58",14319400
13500,0,40000,"bu","11:27:43",14319000
13500,0,2000,"bu","11:27:37",14279000
13400,-100,100,"sd","11:27:18",14277000
13500,0,5000,"bu","11:27:10",14276900
13500,0,2000,"bu","11:27:01",14271900
13500,0,10000,"bu","11:26:55",14269900
13500,0,3000,"bu","11:26:52",14259900
13500,0,50000,"bu","11:26:51",14256900
13500,0,500,"bu","11:26:39",14206900
13500,0,5000,"bu","11:26:15",14206400
13500,0,300,"bu","11:25:51",14201400
13500,0,5000,"bu","11:25:34",14201100
13500,0,1000,"bu","11:25:32",14196100
13500,0,100,"bu","11:25:27",14195100
13500,0,5000,"bu","11:25:13",14195000
13500,0,1000,"bu","11:25:11",14190000
13500,0,300,"bu","11:24:52",14189000
13500,0,300,"bu","11:24:49",14188700
13500,0,6300,"bu","11:24:48",14188400
13500,0,10000,"sd","11:24:47",14182100
13500,0,10500,"sd","11:24:42",14172100
13500,0,10000,"sd","11:24:37",14161600
13500,0,3000,"sd","11:24:35",14151600
13500,0,11800,"sd","11:24:32",14148600
13500,0,500,"sd","11:24:27",14136800
13500,0,500,"sd","11:24:19",14136300
13500,0,600,"sd","11:24:16",14135800
13500,0,300000,"sd","11:24:10",14135200
13500,0,4600,"sd","11:24:02",13835200
13500,0,10000,"sd","11:23:45",13830600
13500,0,2000,"sd","11:23:43",13820600
13500,0,2000,"sd","11:23:32",13818600
13500,0,1000,"sd","11:23:17",13816600
13500,0,1100,"sd","11:23:01",13815600
13500,0,20000,"sd","11:22:59",13814500
13500,0,1000,"sd","11:22:57",13794500
13500,0,30000,"sd","11:22:53",13793500
13500,0,1000,"sd","11:22:49",13763500
13500,0,4600,"sd","11:22:44",13762500
13500,0,5000,"sd","11:22:29",13757900
13500,0,16300,"sd","11:22:11",13752900
13500,0,3000,"sd","11:22:01",13736600
13500,0,7500,"sd","11:21:56",13733600
13500,0,50000,"sd","11:21:54",13726100
13500,0,17500,"sd","11:21:37",13676100
13500,0,50000,"sd","11:21:31",13658600
13500,0,4600,"sd","11:21:29",13608600
13500,0,5000,"sd","11:21:10",13604000
13500,0,1000,"sd","11:20:54",13599000
13500,0,200,"sd","11:20:41",13598000
13500,0,300,"sd","11:20:38",13597800
13500,0,1000,"sd","11:20:23",13597500
13500,0,4600,"sd","11:20:12",13596500
13500,0,3000,"sd","11:19:59",13591900
13500,0,36500,"sd","11:19:19",13588900
13600,100,2500,"bu","11:18:35",13552400
13600,100,500,"bu","11:18:21",13549900
13600,100,100,"bu","11:18:11",13549400
13500,0,2000,"sd","11:17:53",13549300
13500,0,4000,"sd","11:17:50",13547300
13500,0,1000,"sd","11:17:47",13543300
13500,0,4600,"sd","11:17:38",13542300
13500,0,1000,"sd","11:17:35",13537700
13500,0,1000,"sd","11:17:05",13536700
13500,0,1500,"sd","11:16:57",13535700
13500,0,500,"sd","11:16:55",13534200
13500,0,500,"sd","11:16:46",13533700
13500,0,1000,"sd","11:16:40",13533200
13500,0,2500,"sd","11:16:33",13532200
13500,0,4700,"sd","11:16:21",13529700
13500,0,200,"sd","11:16:17",13525000
13500,0,81000,"sd","11:16:00",13524800
13500,0,200,"sd","11:15:55",13443800
13500,0,10000,"sd","11:15:48",13443600
13500,0,2000,"sd","11:15:30",13433600
13500,0,1000,"sd","11:15:22",13431600
13500,0,5000,"sd","11:15:20",13430600
13500,0,4600,"sd","11:15:05",13425600
13500,0,10000,"sd","11:14:47",13421000
13500,0,5000,"sd","11:14:30",13411000
13500,0,1400,"sd","11:14:25",13406000
13500,0,100,"sd","11:14:23",13404600
13500,0,10000,"sd","11:14:03",13404500
13500,0,4600,"sd","11:13:48",13394500
13500,0,300,"sd","11:13:36",13389900
13500,0,15000,"sd","11:13:24",13389600
13600,100,1600,"bu","11:13:21",13374600
13600,100,1000,"bu","11:13:06",13373000
13600,100,2000,"bu","11:12:38",13372000
13500,0,10000,"sd","11:12:36",13370000
13600,100,100,"bu","11:12:14",13360000
13600,100,1800,"bu","11:11:45",13359900
13500,0,2000,"sd","11:11:44",13358100
13600,100,400,"bu","11:11:01",13356100
13600,100,100,"bu","11:10:42",13355700
13500,0,5000,"sd","11:10:33",13355600
13500,0,10000,"sd","11:10:25",13350600
13500,0,1000,"sd","11:10:16",13340600
13600,100,2000,"bu","11:09:58",13339600
13600,100,100,"bu","11:09:27",13337600
13600,100,3000,"bu","11:09:07",13337500
13600,100,2000,"bu","11:08:49",13334500
13500,0,1000,"sd","11:08:47",13332500
13500,0,7300,"sd","11:08:44",13331500
13500,0,4600,"sd","11:08:40",13324200
13500,0,400,"sd","11:08:27",13319600
13500,0,4000,"sd","11:08:12",13319200
13500,0,500,"sd","11:07:52",13315200
13500,0,1000,"sd","11:07:45",13314700
13500,0,1000,"sd","11:07:44",13313700
13500,0,1000,"sd","11:07:42",13312700
13500,0,1000,"sd","11:07:41",13311700
13500,0,1000,"sd","11:07:40",13310700
13500,0,6000,"sd","11:07:39",13309700
13500,0,1000,"sd","11:07:38",13303700
13500,0,1000,"sd","11:07:36",13302700
13500,0,1000,"sd","11:07:35",13301700
13500,0,1000,"sd","11:07:32",13300700
13500,0,1000,"sd","11:07:30",13299700
13500,0,3000,"sd","11:07:29",13298700
13500,0,1000,"sd","11:07:27",13295700
13500,0,4600,"sd","11:07:23",13294700
13500,0,5000,"sd","11:07:13",13290100
13500,0,12400,"sd","11:07:06",13285100
13500,0,5500,"bu","11:07:05",13272700
13500,0,3500,"bu","11:07:03",13267200
13400,-100,57900,"sd","11:07:02",13263700
13500,0,500,"bu","11:07:01",13205800
13500,0,19400,"bu","11:06:59",13205300
13500,0,13000,"bu","11:06:58",13185900
13500,0,26000,"bu","11:06:55",13172900
13500,0,700,"bu","11:06:53",13146900
13500,0,1000,"bu","11:06:52",13146200
13500,0,30000,"bu","11:06:49",13145200
13500,0,7000,"bu","11:06:47",13115200
13500,0,10000,"bu","11:06:46",13108200
13500,0,500,"bu","11:06:45",13098200
13500,0,20000,"bu","11:06:42",13097700
13500,0,10000,"bu","11:06:36",13077700
13500,0,50000,"bu","11:06:33",13067700
13500,0,6000,"bu","11:06:31",13017700
13500,0,10000,"bu","11:06:29",13011700
13500,0,600,"bu","11:06:26",13001700
13400,-100,200,"sd","11:06:21",13001100
13500,0,5000,"bu","11:06:12",13000900
13500,0,300,"bu","11:06:11",12995900
13500,0,100,"bu","11:06:10",12995600
13500,0,500,"bu","11:06:06",12995500
13500,0,600,"bu","11:06:04",12995000
13500,0,5000,"bu","11:06:00",12994400
13400,-100,500,"sd","11:05:55",12989400
13400,-100,200,"sd","11:05:48",12988900
13400,-100,100,"sd","11:05:14",12988700
13500,0,100,"bu","11:04:55",12988600
13500,0,100,"bu","11:04:40",12988500
13500,0,500,"bu","11:04:35",12988400
13500,0,5000,"bu","11:04:28",12987900
13400,-100,1100,"sd","11:04:16",12982900
13500,0,100,"bu","11:04:14",12981800
13500,0,5000,"bu","11:04:13",12981700
13400,-100,300,"sd","11:04:00",12976700
13500,0,100,"bu","11:03:56",12976400
13500,0,7200,"bu","11:03:40",12976300
13500,0,5000,"bu","11:03:34",12969100
13500,0,200,"bu","11:03:32",12964100
13400,-100,500,"sd","11:03:13",12963900
13400,-100,1000,"sd","11:03:05",12963400
13400,-100,1400,"sd","11:02:58",12962400
13400,-100,2700,"sd","11:02:51",12961000
13400,-100,6000,"sd","11:02:47",12958300
13400,-100,500,"sd","11:02:46",12952300
13400,-100,21400,"sd","11:02:39",12951800
13400,-100,4600,"sd","11:02:16",12930400
13400,-100,900,"sd","11:02:11",12925800
13500,0,5300,"bu","11:02:02",12924900
13500,0,50000,"bu","11:01:55",12919600
13400,-100,4000,"sd","11:01:52",12869600
13500,0,1000,"bu","11:01:40",12865600
13500,0,3100,"bu","11:01:27",12864600
13500,0,500,"bu","11:01:13",12861500
13500,0,100,"bu","11:01:02",12861000
13500,0,500,"bu","11:00:57",12860900
13400,-100,20000,"sd","11:00:43",12860400
13400,-100,600,"sd","11:00:42",12840400
13400,-100,900,"sd","11:00:24",12839800
13500,0,100,"bu","11:00:23",12838900
13500,0,700,"bu","11:00:20",12838800
13500,0,5000,"bu","11:00:09",12838100
13500,0,5500,"bu","10:59:59",12833100
13500,0,200,"bu","10:59:53",12827600
13500,0,1000,"bu","10:59:42",12827400
13500,0,100,"bu","10:59:31",12826400
13500,0,32900,"bu","10:59:28",12826300
13500,0,200,"bu","10:59:21",12793400
13500,0,100,"bu","10:59:19",12793200
13500,0,100,"bu","10:59:05",12793100
13500,0,800,"bu","10:58:53",12793000
13500,0,1000,"bu","10:58:23",12792200
13400,-100,1500,"sd","10:58:22",12791200
13400,-100,1000,"sd","10:58:18",12789700
13500,0,500,"bu","10:58:15",12788700
13400,-100,1500,"sd","10:58:04",12788200
13400,-100,10000,"sd","10:57:50",12786700
13400,-100,200,"sd","10:57:40",12776700
13400,-100,200,"sd","10:57:20",12776500
13400,-100,4600,"sd","10:57:10",12776300
13400,-100,200,"sd","10:57:09",12771700
13400,-100,500,"sd","10:57:02",12771500
13400,-100,500,"sd","10:56:35",12771000
13400,-100,2000,"sd","10:56:23",12770500
13500,0,100,"bu","10:56:22",12768500
13400,-100,2000,"sd","10:56:06",12768400
13500,0,400,"bu","10:55:49",12766400
13500,0,100,"bu","10:55:27",12766000
13500,0,200,"bu","10:55:11",12765900
13500,0,100,"bu","10:55:07",12765700
13500,0,20000,"bu","10:55:04",12765600
13500,0,3300,"bu","10:54:43",12745600
13500,0,500,"bu","10:54:41",12742300
13500,0,1000,"bu","10:54:31",12741800
13500,0,100,"bu","10:54:25",12740800
13500,0,100,"bu","10:54:23",12740700
13500,0,500,"bu","10:54:16",12740600
13500,0,100,"sd","10:54:11",12740100
13500,0,1000,"sd","10:54:09",12740000
13500,0,500,"sd","10:54:04",12739000
13500,0,100,"sd","10:53:51",12738500
13500,0,6500,"sd","10:53:47",12738400
13500,0,700,"bu","10:53:42",12731900
13500,0,500,"bu","10:53:34",12731200
13500,0,29600,"bu","10:53:33",12730700
13500,0,6000,"bu","10:53:29",12701100
13500,0,1700,"bu","10:53:25",12695100
13500,0,200,"bu","10:53:13",12693400
13500,0,6200,"bu","10:53:06",12693200
13500,0,1000,"bu","10:53:02",12687000
13500,0,3100,"bu","10:53:00",12686000
13500,0,800,"bu","10:52:56",12682900
13500,0,100,"bu","10:52:42",12682100
13500,0,9200,"bu","10:52:31",12682000
13500,0,3000,"sd","10:52:26",12672800
13500,0,109000,"sd","10:52:25",12669800
13500,0,500,"sd","10:52:23",12560800
13500,0,1000,"sd","10:52:22",12560300
13500,0,500,"sd","10:52:15",12559300
13500,0,800,"sd","10:52:14",12558800
13500,0,3000,"sd","10:52:06",12558000
13500,0,4700,"sd","10:52:03",12555000
13500,0,1000,"sd","10:51:45",12550300
13500,0,2500,"sd","10:51:33",12549300
13500,0,1000,"sd","10:51:32",12546800
13500,0,3700,"sd","10:51:30",12545800
13500,0,6000,"sd","10:51:18",12542100
13500,0,200,"sd","10:51:15",12536100
13500,0,10000,"sd","10:51:11",12535900
13500,0,500,"sd","10:51:08",12525900
13500,0,300,"sd","10:51:06",12525400
13500,0,2500,"sd","10:50:56",12525100
13500,0,4700,"sd","10:50:45",12522600
13500,0,4000,"sd","10:50:25",12517900
13500,0,1500,"sd","10:50:11",12513900
13500,0,100,"sd","10:50:08",12512400
13500,0,2700,"sd","10:49:55",12512300
13500,0,500,"sd","10:49:40",12509600
13600,100,100,"bu","10:49:34",12509100
13500,0,20000,"sd","10:49:31",12509000
13600,100,2000,"bu","10:49:27",12489000
13500,0,30000,"sd","10:49:20",12487000
13500,0,6100,"sd","10:49:19",12457000
13500,0,3000,"sd","10:49:15",12450900
13500,0,100,"sd","10:48:57",12447900
13500,0,1000,"sd","10:48:46",12447800
13500,0,1000,"sd","10:48:27",12446800
13500,0,7200,"sd","10:48:25",12445800
13500,0,500,"sd","10:48:24",12438600
13500,0,7700,"sd","10:48:15",12438100
13500,0,4800,"sd","10:48:11",12430400
13500,0,500,"sd","10:48:10",12425600
13500,0,500,"sd","10:48:05",12425100
13500,0,4200,"sd","10:47:50",12424600
13500,0,5000,"sd","10:47:34",12420400
13500,0,5000,"sd","10:47:26",12415400
13500,0,500,"sd","10:47:21",12410400
13500,0,100,"sd","10:47:19",12409900
13500,0,1000,"sd","10:47:11",12409800
13500,0,5200,"sd","10:46:55",12408800
13500,0,100,"sd","10:46:46",12403600
13500,0,900,"sd","10:46:39",12403500
13500,0,300,"sd","10:46:36",12402600
13500,0,1300,"sd","10:46:34",12402300
13500,0,200,"sd","10:46:32",12401000
13500,0,15000,"sd","10:46:25",12400800
13500,0,5000,"sd","10:46:05",12385800
13500,0,100,"sd","10:45:55",12380800
13500,0,5500,"sd","10:45:53",12380700
13500,0,700,"sd","10:45:43",12375200
13500,0,6100,"sd","10:45:39",12374500
13500,0,4800,"sd","10:45:38",12368400
13500,0,100,"sd","10:45:33",12363600
13500,0,100,"sd","10:45:29",12363500
13500,0,500,"sd","10:45:25",12363400
13500,0,3000,"sd","10:45:24",12362900
13500,0,5000,"sd","10:45:21",12359900
13500,0,1000,"sd","10:45:20",12354900
13500,0,400,"sd","10:45:17",12353900
13500,0,500,"sd","10:44:57",12353500
13500,0,500,"sd","10:44:55",12353000
13500,0,3400,"sd","10:44:54",12352500
13500,0,300,"bu","10:44:51",12349100
13500,0,100,"bu","10:44:49",12348800
13500,0,200,"bu","10:44:45",12348700
13500,0,1900,"bu","10:44:42",12348500
13500,0,100,"bu","10:44:41",12346600
13500,0,100,"bu","10:44:33",12346500
13500,0,100,"bu","10:44:32",12346400
13500,0,500,"bu","10:44:30",12346300
13500,0,2000,"bu","10:44:27",12345800
13400,-100,6000,"sd","10:44:24",12343800
13500,0,1100,"sd","10:44:21",12337800
13500,0,300,"sd","10:44:18",12336700
13500,0,3000,"sd","10:44:16",12336400
13500,0,1000,"sd","10:44:15",12333400
13500,0,14700,"bu","10:44:14",12332400
13500,0,1000,"bu","10:44:03",12317700
13500,0,2000,"bu","10:44:01",12316700
13500,0,1000,"bu","10:43:58",12314700
13500,0,9000,"bu","10:43:55",12313700
13500,0,3000,"bu","10:43:54",12304700
13500,0,500,"bu","10:43:47",12301700
13500,0,1000,"bu","10:43:45",12301200
13500,0,200,"bu","10:43:43",12300200
13500,0,14900,"bu","10:43:41",12300000
13500,0,30200,"bu","10:43:40",12285100
13500,0,2500,"bu","10:43:38",12254900
13500,0,1000,"bu","10:43:37",12252400
13500,0,1500,"bu","10:43:26",12251400
13500,0,500,"bu","10:43:25",12249900
13500,0,10000,"bu","10:43:24",12249400
13500,0,2000,"bu","10:43:23",12239400
13500,0,50000,"bu","10:43:21",12237400
13500,0,5000,"bu","10:43:17",12187400
13500,0,800,"bu","10:42:57",12182400
13500,0,500,"bu","10:42:54",12181600
13500,0,4500,"bu","10:42:53",12181100
13500,0,2800,"bu","10:42:51",12176600
13500,0,100,"bu","10:42:49",12173800
13500,0,24000,"bu","10:42:37",12173700
13500,0,7300,"bu","10:42:36",12149700
13400,-100,8000,"sd","10:42:31",12142400
13500,0,200,"bu","10:42:28",12134400
13500,0,100,"bu","10:42:23",12134200
13500,0,10800,"bu","10:42:13",12134100
13500,0,500,"bu","10:42:05",12123300
13500,0,30100,"bu","10:42:00",12122800
13500,0,20000,"bu","10:41:54",12092700
13500,0,500,"bu","10:41:44",12072700
13500,0,200,"bu","10:41:33",12072200
13500,0,200,"bu","10:41:21",12072000
13500,0,1000,"bu","10:41:15",12071800
13500,0,23700,"bu","10:40:59",12070800
13500,0,30000,"sd","10:40:55",12047100
13500,0,95000,"sd","10:40:53",12017100
13500,0,34900,"sd","10:40:52",11922100
13500,0,17600,"sd","10:40:51",11887200
13500,0,50000,"sd","10:40:50",11869600
13500,0,12100,"sd","10:40:47",11819600
13500,0,500,"sd","10:40:42",11807500
13500,0,1300,"sd","10:40:36",11807000
13500,0,25000,"sd","10:40:34",11805700
13500,0,3000,"sd","10:40:33",11780700
13500,0,14800,"sd","10:40:32",11777700
13500,0,1100,"sd","10:40:31",11762900
13500,0,9000,"sd","10:40:30",11761800
13500,0,2000,"sd","10:40:27",11752800
13500,0,2000,"sd","10:40:25",11750800
13500,0,100000,"sd","10:40:19",11748800
13500,0,10000,"sd","10:40:18",11648800
13500,0,300,"sd","10:40:17",11638800
13500,0,35000,"sd","10:40:14",11638500
13500,0,10200,"sd","10:40:12",11603500
13500,0,2000,"sd","10:40:07",11593300
13500,0,500,"sd","10:39:57",11591300
13500,0,1500,"sd","10:39:54",11590800
13500,0,16000,"sd","10:39:45",11589300
13500,0,12000,"sd","10:39:44",11573300
13500,0,3000,"sd","10:39:43",11561300
13500,0,100000,"sd","10:39:42",11558300
13500,0,1100,"sd","10:39:39",11458300
13500,0,57000,"sd","10:39:33",11457200
13600,100,1600,"bu","10:39:32",11400200
13600,100,5200,"bu","10:39:15",11398600
13500,0,100,"sd","10:39:09",11393400
13500,0,600,"sd","10:39:07",11393300
13500,0,20000,"sd","10:38:30",11392700
13600,100,5700,"bu","10:38:29",11372700
13500,0,200,"sd","10:38:25",11367000
13500,0,2000,"sd","10:38:21",11366800
13500,0,1000,"sd","10:38:09",11364800
13500,0,5000,"sd","10:38:06",11363800
13500,0,500,"sd","10:38:04",11358800
13500,0,4800,"sd","10:37:58",11358300
13500,0,100,"sd","10:37:43",11353500
13500,0,1900,"sd","10:37:32",11353400
13500,0,500,"sd","10:37:03",11351500
13500,0,4200,"sd","10:36:57",11351000
13600,100,4000,"bu","10:36:19",11346800
13600,100,300,"bu","10:36:17",11342800
13600,100,3000,"bu","10:36:04",11342500
13600,100,1000,"bu","10:35:57",11339500
13600,100,1300,"bu","10:35:07",11338500
13500,0,500,"sd","10:35:02",11337200
13500,0,500,"sd","10:34:53",11336700
13500,0,100,"sd","10:34:27",11336200
13600,100,200,"bu","10:34:16",11336100
13500,0,100100,"sd","10:34:12",11335900
13600,100,10000,"bu","10:33:57",11235800
13600,100,1000,"bu","10:33:22",11225800
13500,0,500,"sd","10:33:08",11224800
13600,100,3000,"bu","10:32:52",11224300
13600,100,500,"bu","10:32:37",11221300
13600,100,600,"bu","10:32:28",11220800
13600,100,200,"bu","10:32:21",11220200
13600,100,2300,"bu","10:32:05",11220000
13600,100,2900,"bu","10:32:00",11217700
13600,100,20000,"bu","10:31:50",11214800
13600,100,1000,"bu","10:31:40",11194800
13600,100,50000,"bu","10:31:28",11193800
13600,100,1500,"bu","10:31:23",11143800
13600,100,8500,"bu","10:30:47",11142300
13600,100,24800,"bu","10:30:42",11133800
13600,100,500,"bu","10:30:19",11109000
13600,100,5300,"bu","10:29:35",11108500
13600,100,600,"bu","10:29:15",11103200
13600,100,10000,"bu","10:29:11",11102600
13600,100,100,"bu","10:29:04",11092600
13600,100,100,"bu","10:29:00",11092500
13600,100,200000,"bu","10:28:57",11092400
13600,100,300,"bu","10:28:40",10892400
13600,100,500,"bu","10:28:33",10892100
13600,100,3100,"bu","10:28:25",10891600
13600,100,1000,"bu","10:28:23",10888500
13600,100,100,"bu","10:28:17",10887500
13600,100,100,"bu","10:28:06",10887400
13600,100,2000,"bu","10:28:00",10887300
13600,100,500,"bu","10:27:59",10885300
13600,100,2800,"bu","10:27:44",10884800
13600,100,900,"bu","10:27:38",10882000
13600,100,1000,"bu","10:27:36",10881100
13600,100,2900,"bu","10:27:28",10880100
13600,100,105700,"sd","10:26:43",10877200
13600,100,4000,"sd","10:26:41",10771500
13600,100,3000,"sd","10:26:37",10767500
13600,100,70200,"sd","10:26:36",10764500
13600,100,1000,"sd","10:26:34",10694300
13600,100,16000,"sd","10:26:33",10693300
13600,100,2000,"sd","10:26:31",10677300
13600,100,15100,"sd","10:26:30",10675300
13600,100,3000,"sd","10:26:28",10660200
13700,200,7800,"bu","10:26:26",10657200
13600,100,100000,"sd","10:26:24",10649400
13600,100,172000,"sd","10:26:20",10549400
13600,100,30000,"sd","10:26:17",10377400
13600,100,4000,"sd","10:26:07",10347400
13600,100,50000,"sd","10:25:57",10343400
13600,100,25000,"sd","10:25:44",10293400
13700,200,2000,"bu","10:25:24",10268400
13700,200,100,"bu","10:25:17",10266400
13700,200,1000,"bu","10:24:55",10266300
13600,100,100,"sd","10:24:51",10265300
13700,200,2000,"bu","10:24:50",10265200
13600,100,100,"sd","10:24:33",10263200
13700,200,4800,"bu","10:24:32",10263100
13700,200,2500,"bu","10:24:25",10258300
13600,100,100,"sd","10:24:22",10255800
13700,200,2000,"bu","10:24:11",10255700
13700,200,7000,"bu","10:24:07",10253700
13700,200,100,"bu","10:23:07",10246700
13600,100,100,"sd","10:22:40",10246600
13600,100,4800,"sd","10:22:36",10246500
13600,100,5000,"sd","10:22:30",10241700
13700,200,29000,"bu","10:22:14",10236700
13600,100,800,"sd","10:22:11",10207700
13700,200,10000,"bu","10:22:05",10206900
13600,100,5000,"sd","10:21:27",10196900
13700,200,100,"bu","10:21:14",10191900
13700,200,900,"bu","10:20:54",10191800
13700,200,200,"bu","10:20:31",10190900
13700,200,5000,"bu","10:20:27",10190700
13700,200,500,"bu","10:20:08",10185700
13700,200,600,"bu","10:20:01",10185200
13700,200,100,"bu","10:19:27",10184600
13700,200,100000,"bu","10:19:22",10184500
13700,200,7000,"bu","10:19:19",10084500
13700,200,3100,"bu","10:19:17",10077500
13700,200,1000,"bu","10:19:10",10074400
13700,200,100,"bu","10:19:04",10073400
13700,200,3000,"bu","10:19:03",10073300
13700,200,100,"bu","10:18:56",10070300
13700,200,10000,"bu","10:18:53",10070200
13600,100,400,"sd","10:18:52",10060200
13700,200,4000,"bu","10:18:45",10059800
13700,200,200,"bu","10:18:41",10055800
13600,100,1000,"sd","10:18:39",10055600
13600,100,500,"sd","10:18:12",10054600
13600,100,1000,"sd","10:17:55",10054100
13700,200,2000,"bu","10:17:50",10053100
13700,200,1200,"bu","10:17:45",10051100
13700,200,4000,"bu","10:17:38",10049900
13700,200,100,"bu","10:17:14",10045900
13700,200,2000,"bu","10:16:42",10045800
13700,200,1000,"bu","10:15:47",10043800
13700,200,10000,"bu","10:15:46",10042800
13700,200,100,"bu","10:15:43",10032800
13700,200,300,"bu","10:15:42",10032700
13700,200,200,"bu","10:15:29",10032400
13700,200,5000,"bu","10:15:28",10032200
13600,100,2000,"sd","10:15:22",10027200
13700,200,1200,"bu","10:15:20",10025200
13700,200,21000,"sd","10:15:15",10024000
13800,300,100,"bu","10:15:13",10003000
13700,200,18800,"sd","10:15:11",10002900
13700,200,5000,"bu","10:15:09",9984100
13700,200,5500,"bu","10:15:08",9979100
13700,200,2700,"bu","10:15:07",9973600
13700,200,400,"bu","10:15:05",9970900
13700,200,5000,"bu","10:15:04",9970500
13700,200,39000,"bu","10:15:01",9965500
13700,200,10000,"bu","10:14:58",9926500
13700,200,10000,"bu","10:14:55",9916500
13700,200,3000,"bu","10:14:48",9906500
13700,200,3000,"bu","10:14:45",9903500
13700,200,3600,"bu","10:14:44",9900500
13700,200,2000,"bu","10:14:34",9896900
13700,200,500,"bu","10:14:30",9894900
13700,200,10000,"bu","10:14:26",9894400
13700,200,200,"bu","10:14:23",9884400
13700,200,1000,"bu","10:14:22",9884200
13700,200,10400,"bu","10:14:15",9883200
13700,200,2100,"bu","10:14:13",9872800
13700,200,5000,"bu","10:14:07",9870700
13700,200,30000,"bu","10:14:05",9865700
13700,200,8000,"bu","10:14:02",9835700
13700,200,30900,"bu","10:14:00",9827700
13700,200,1200,"bu","10:13:55",9796800
13700,200,2000,"bu","10:13:52",9795600
13700,200,8500,"bu","10:13:51",9793600
13700,200,500,"bu","10:13:44",9785100
13700,200,17300,"bu","10:13:42",9784600
13700,200,5000,"bu","10:13:41",9767300
13700,200,500,"bu","10:13:39",9762300
13700,200,20000,"bu","10:13:38",9761800
13700,200,3100,"bu","10:13:37",9741800
13700,200,4000,"bu","10:13:36",9738700
13700,200,5300,"bu","10:13:35",9734700
13700,200,21000,"bu","10:13:34",9729400
13700,200,500,"bu","10:13:33",9708400
13700,200,1000,"bu","10:13:32",9707900
13700,200,1000,"bu","10:13:31",9706900
13700,200,40000,"bu","10:13:30",9705900
13700,200,10000,"bu","10:13:29",9665900
13700,200,5000,"bu","10:13:28",9655900
13700,200,100000,"bu","10:13:26",9650900
13700,200,10000,"bu","10:13:25",9550900
13700,200,100000,"bu","10:13:24",9540900
13700,200,20000,"bu","10:13:23",9440900
13700,200,1500,"bu","10:13:22",9420900
13700,200,1000,"bu","10:13:18",9419400
13700,200,1000,"bu","10:13:17",9418400
13600,100,200,"sd","10:13:16",9417400
13700,200,5200,"bu","10:13:15",9417200
13700,200,1300,"bu","10:13:10",9412000
13700,200,20000,"bu","10:13:09",9410700
13700,200,14000,"bu","10:13:08",9390700
13700,200,6000,"bu","10:13:03",9376700
13700,200,50000,"bu","10:13:01",9370700
13700,200,3800,"bu","10:12:59",9320700
13700,200,10000,"bu","10:12:58",9316900
13700,200,5000,"bu","10:12:57",9306900
13600,100,40000,"sd","10:12:53",9301900
13700,200,10000,"bu","10:12:50",9261900
13700,200,300,"bu","10:12:44",9251900
13700,200,300,"bu","10:12:40",9251600
13700,200,4000,"bu","10:12:31",9251300
13700,200,2000,"bu","10:12:28",9247300
13700,200,1900,"bu","10:12:25",9245300
13700,200,1000,"bu","10:12:22",9243400
13700,200,100,"bu","10:12:15",9242400
13600,100,100,"sd","10:12:13",9242300
13700,200,100,"bu","10:12:11",9242200
13700,200,200,"bu","10:12:09",9242100
13700,200,300000,"bu","10:12:04",9241900
13700,200,1000,"bu","10:11:55",8941900
13600,100,1100,"sd","10:11:23",8940900
13700,200,300,"bu","10:11:14",8939800
13700,200,10000,"bu","10:11:04",8939500
13600,100,500,"sd","10:11:01",8929500
13700,200,300,"bu","10:10:51",8929000
13600,100,200,"sd","10:10:38",8928700
13600,100,800,"sd","10:10:31",8928500
13700,200,6800,"bu","10:10:11",8927700
13700,200,32800,"bu","10:10:04",8920900
13600,100,5000,"sd","10:10:02",8888100
13700,200,300,"bu","10:09:41",8883100
13700,200,200,"bu","10:09:39",8882800
13700,200,300,"bu","10:09:37",8882600
13600,100,14000,"sd","10:09:35",8882300
13700,200,3000,"bu","10:09:33",8868300
13700,200,8000,"bu","10:09:23",8865300
13700,200,10000,"bu","10:09:07",8857300
13600,100,1000,"sd","10:09:04",8847300
13600,100,1000,"sd","10:09:01",8846300
13700,200,700,"bu","10:08:50",8845300
13700,200,5000,"bu","10:08:42",8844600
13600,100,2000,"sd","10:08:41",8839600
13700,200,100000,"bu","10:08:39",8837600
13700,200,7000,"bu","10:08:35",8737600
13600,100,1500,"sd","10:08:29",8730600
13600,100,1500,"sd","10:08:25",8729100
13700,200,100,"bu","10:08:21",8727600
13600,100,1000,"sd","10:08:02",8727500
13600,100,1000,"sd","10:07:24",8726500
13600,100,6100,"sd","10:07:07",8725500
13600,100,1000,"sd","10:07:05",8719400
13700,200,10000,"bu","10:07:04",8718400
13600,100,1000,"sd","10:06:55",8708400
13700,200,100,"bu","10:06:54",8707400
13600,100,2000,"sd","10:06:49",8707300
13700,200,5000,"bu","10:06:41",8705300
13600,100,2500,"sd","10:06:32",8700300
13700,200,5000,"bu","10:06:30",8697800
13600,100,1000,"sd","10:06:28",8692800
13700,200,44400,"bu","10:06:21",8691800
13700,200,10800,"bu","10:06:15",8647400
13700,200,10000,"bu","10:05:32",8636600
13600,100,2000,"sd","10:05:30",8626600
13600,100,5000,"sd","10:05:23",8624600
13600,100,4200,"sd","10:05:13",8619600
13600,100,500,"sd","10:05:09",8615400
13600,100,600,"sd","10:05:05",8614900
13500,0,100000,"sd","10:04:59",8614300
13600,100,26900,"sd","10:04:57",8514300
13600,100,11000,"bu","10:04:56",8487400
13600,100,30000,"bu","10:04:55",8476400
13600,100,3500,"bu","10:04:54",8446400
13600,100,3700,"bu","10:04:51",8442900
13600,100,8900,"bu","10:04:49",8439200
13600,100,6000,"bu","10:04:48",8430300
13600,100,88500,"bu","10:04:47",8424300
13600,100,27000,"bu","10:04:45",8335800
13600,100,107000,"bu","10:04:44",8308800
13600,100,30000,"bu","10:04:42",8201800
13600,100,120000,"bu","10:04:41",8171800
13600,100,10000,"bu","10:04:39",8051800
13600,100,700,"bu","10:04:38",8041800
13600,100,505000,"bu","10:04:34",8041100
13600,100,1000,"bu","10:04:30",7536100
13600,100,30000,"bu","10:04:23",7535100
13500,0,200,"sd","10:04:21",7505100
13600,100,8300,"bu","10:04:11",7504900
13500,0,1000,"sd","10:04:03",7496600
13600,100,5000,"bu","10:04:00",7495600
13500,0,500,"sd","10:03:43",7490600
13500,0,100,"sd","10:03:15",7490100
13500,0,20000,"sd","10:03:10",7490000
13500,0,4000,"sd","10:03:08",7470000
13500,0,300,"sd","10:02:56",7466000
13500,0,1000,"sd","10:02:49",7465700
13500,0,1000,"sd","10:01:56",7464700
13500,0,500,"sd","10:01:23",7463700
13500,0,6500,"sd","10:01:17",7463200
13500,0,400,"sd","10:01:06",7456700
13500,0,100,"sd","10:00:55",7456300
13500,0,3000,"sd","10:00:54",7456200
13500,0,500,"sd","10:00:53",7453200
13500,0,5500,"sd","10:00:45",7452700
13500,0,7000,"sd","10:00:37",7447200
13500,0,300,"sd","10:00:21",7440200
13500,0,1000,"sd","10:00:06",7439900
13500,0,8900,"sd","10:00:04",7438900
13500,0,1000,"bu","10:00:01",7430000
13500,0,600,"bu","10:00:00",7429000
13500,0,200,"bu","09:59:56",7428400
13500,0,1400,"bu","09:59:55",7428200
13500,0,13800,"bu","09:59:52",7426800
13500,0,700,"bu","09:59:50",7413000
13500,0,22500,"bu","09:59:46",7412300
13500,0,2000,"bu","09:59:45",7389800
13500,0,100,"bu","09:59:43",7387800
13500,0,2800,"bu","09:59:42",7387700
13500,0,50000,"bu","09:59:39",7384900
13500,0,700,"bu","09:59:30",7334900
13500,0,100,"bu","09:59:28",7334200
13500,0,1200,"bu","09:59:27",7334100
13500,0,300,"bu","09:59:24",7332900
13500,0,10000,"bu","09:59:22",7332600
13500,0,10000,"bu","09:59:10",7322600
13500,0,1200,"bu","09:59:03",7312600
13500,0,1000,"bu","09:58:59",7311400
13500,0,400,"bu","09:58:56",7310400
13500,0,7000,"bu","09:58:39",7310000
13500,0,1000,"bu","09:58:37",7303000
13500,0,2200,"bu","09:58:36",7302000
13500,0,4300,"bu","09:58:21",7299800
13500,0,2100,"bu","09:58:17",7295500
13500,0,12000,"bu","09:58:13",7293400
13500,0,4000,"bu","09:58:12",7281400
13500,0,1000,"bu","09:58:00",7277400
13500,0,100,"bu","09:57:54",7276400
13500,0,1800,"bu","09:57:49",7276300
13500,0,1000,"bu","09:57:32",7274500
13500,0,500,"bu","09:57:05",7273500
13500,0,300,"bu","09:56:52",7273000
13500,0,500,"bu","09:56:50",7272700
13500,0,200,"bu","09:56:46",7272200
13500,0,300,"bu","09:56:44",7272000
13500,0,500,"bu","09:56:36",7271700
13500,0,1500,"bu","09:56:30",7271200
13500,0,200,"bu","09:56:29",7269700
13500,0,300,"bu","09:56:17",7269500
13500,0,6000,"bu","09:56:09",7269200
13500,0,300,"bu","09:56:02",7263200
13500,0,20000,"bu","09:56:01",7262900
13500,0,300,"bu","09:56:00",7242900
13500,0,10800,"sd","09:55:52",7242600
13500,0,2000,"sd","09:55:50",7231800
13500,0,3300,"sd","09:55:42",7229800
13500,0,1000,"sd","09:55:41",7226500
13500,0,5000,"sd","09:55:40",7225500
13500,0,1000,"sd","09:55:39",7220500
13500,0,1000,"sd","09:55:37",7219500
13500,0,2000,"sd","09:55:33",7218500
13500,0,1000,"sd","09:55:26",7216500
13500,0,200,"sd","09:55:24",7215500
13500,0,50000,"sd","09:55:19",7215300
13500,0,100,"sd","09:55:18",7165300
13500,0,5000,"sd","09:55:07",7165200
13500,0,600,"sd","09:55:02",7160200
13500,0,600,"sd","09:54:45",7159600
13500,0,28400,"bu","09:54:44",7159000
13500,0,3000,"bu","09:54:40",7130600
13500,0,9500,"bu","09:54:39",7127600
13500,0,600,"bu","09:54:37",7118100
13500,0,100,"bu","09:54:30",7117500
13500,0,1000,"bu","09:54:25",7117400
13500,0,2200,"bu","09:54:24",7116400
13500,0,5000,"bu","09:54:22",7114200
13500,0,9100,"bu","09:54:20",7109200
13500,0,3500,"bu","09:54:19",7100100
13500,0,200,"sd","09:54:15",7096600
13500,0,16300,"bu","09:54:11",7096400
13500,0,500,"bu","09:54:08",7080100
13500,0,100,"bu","09:54:07",7079600
13500,0,100,"bu","09:53:57",7079500
13500,0,500,"bu","09:53:55",7079400
13500,0,2000,"bu","09:53:54",7078900
13500,0,4800,"sd","09:53:53",7076900
13500,0,300,"sd","09:53:50",7072100
13500,0,200,"sd","09:53:46",7071800
13500,0,3800,"bu","09:53:42",7071600
13500,0,20000,"bu","09:53:37",7067800
13500,0,20000,"bu","09:53:36",7047800
13500,0,1000,"bu","09:53:34",7027800
13500,0,100,"bu","09:53:25",7026800
13400,-100,5000,"sd","09:53:23",7026700
13500,0,500,"bu","09:53:16",7021700
13500,0,2000,"bu","09:53:13",7021200
13500,0,20000,"bu","09:53:11",7019200
13500,0,3000,"bu","09:53:03",6999200
13500,0,400,"bu","09:52:59",6996200
13500,0,100,"bu","09:52:55",6995800
13500,0,10000,"bu","09:52:54",6995700
13500,0,5700,"bu","09:52:51",6985700
13500,0,200,"bu","09:52:33",6980000
13500,0,300,"bu","09:52:22",6979800
13500,0,987600,"sd","09:52:20",6979500
13500,0,900,"sd","09:52:08",5991900
13500,0,6000,"sd","09:52:06",5991000
13500,0,100000,"sd","09:51:57",5985000
13500,0,500,"sd","09:51:40",5885000
13500,0,4000,"sd","09:51:33",5884500
13500,0,1000,"sd","09:51:32",5880500
13600,100,100,"bu","09:50:57",5879500
13500,0,1000,"sd","09:50:51",5879400
13600,100,200,"bu","09:50:48",5878400
13600,100,1500,"bu","09:50:22",5878200
13600,100,100,"bu","09:49:15",5876700
13600,100,2000,"bu","09:48:40",5876600
13600,100,1000,"bu","09:48:26",5874600
13500,0,500,"sd","09:48:25",5873600
13600,100,1900,"bu","09:48:16",5873100
13600,100,100,"bu","09:48:06",5871200
13600,100,500,"bu","09:48:02",5871100
13600,100,10000,"bu","09:47:59",5870600
13600,100,200,"bu","09:47:55",5860600
13600,100,1000,"bu","09:47:50",5860400
13600,100,2100,"bu","09:47:49",5859400
13600,100,1000,"bu","09:47:48",5857300
13600,100,15000,"bu","09:47:35",5856300
13600,100,33100,"bu","09:47:17",5841300
13600,100,100,"bu","09:47:15",5808200
13600,100,700,"bu","09:47:07",5808100
13600,100,1000,"bu","09:46:59",5807400
13500,0,500,"sd","09:46:34",5806400
13600,100,100,"bu","09:46:27",5805900
13600,100,5000,"bu","09:46:05",5805800
13500,0,1000,"sd","09:45:57",5800800
13600,100,1000,"bu","09:45:55",5799800
13600,100,100,"bu","09:45:48",5798800
13500,0,1000,"sd","09:45:45",5798700
13600,100,2000,"bu","09:45:41",5797700
13600,100,100,"bu","09:45:40",5795700
13600,100,500,"bu","09:45:23",5795600
13600,100,5000,"bu","09:45:22",5795100
13600,100,100,"bu","09:45:09",5790100
13600,100,500,"bu","09:45:02",5790000
13600,100,100,"bu","09:44:39",5789500
13600,100,2000,"bu","09:44:33",5789400
13600,100,500,"bu","09:43:56",5787400
13600,100,2000,"bu","09:43:47",5786900
13500,0,100,"sd","09:43:46",5784900
13600,100,100,"bu","09:43:44",5784800
13600,100,7300,"bu","09:43:40",5784700
13600,100,200,"bu","09:43:30",5777400
13600,100,100,"bu","09:43:28",5777200
13600,100,100,"bu","09:42:57",5777100
13600,100,200,"bu","09:42:33",5777000
13600,100,3000,"bu","09:42:22",5776800
13600,100,200,"bu","09:42:21",5773800
13500,0,300,"sd","09:41:26",5773600
13600,100,1300,"bu","09:41:12",5773300
13500,0,1000,"sd","09:41:06",5772000
13600,100,3100,"bu","09:41:04",5771000
13600,100,500,"bu","09:40:50",5767900
13500,0,5000,"sd","09:40:36",5767400
13500,0,5800,"sd","09:39:49",5762400
13600,100,200,"bu","09:39:46",5756600
13600,100,100,"bu","09:39:20",5756400
13600,100,400,"bu","09:38:39",5756300
13500,0,200,"sd","09:38:37",5755900
13600,100,100,"bu","09:38:13",5755700
13500,0,1000,"sd","09:38:10",5755600
13500,0,257300,"sd","09:38:06",5754600
13500,0,14400,"bu","09:38:02",5497300
13500,0,10000,"bu","09:38:01",5482900
13400,-100,105000,"sd","09:37:59",5472900
13500,0,53000,"bu","09:37:56",5367900
13500,0,10900,"bu","09:37:55",5314900
13500,0,1000,"bu","09:37:53",5304000
13500,0,600,"bu","09:37:52",5303000
13500,0,100,"bu","09:37:51",5302400
13500,0,2000,"bu","09:37:49",5302300
13500,0,5400,"bu","09:37:48",5300300
13500,0,20400,"bu","09:37:46",5294900
13500,0,2000,"bu","09:37:45",5274500
13500,0,19500,"bu","09:37:43",5272500
13500,0,2000,"bu","09:37:42",5253000
13500,0,7000,"bu","09:37:39",5251000
13500,0,5000,"bu","09:37:38",5244000
13500,0,50000,"bu","09:37:35",5239000
13500,0,15300,"bu","09:37:33",5189000
13500,0,1100,"bu","09:37:27",5173700
13500,0,400,"bu","09:37:25",5172600
13500,0,20000,"bu","09:37:23",5172200
13500,0,100000,"bu","09:37:21",5152200
13500,0,500,"bu","09:37:16",5052200
13500,0,234000,"bu","09:37:10",5051700
13500,0,200,"bu","09:37:09",4817700
13500,0,100,"bu","09:37:08",4817500
13500,0,4000,"bu","09:37:02",4817400
13500,0,900,"bu","09:37:01",4813400
13500,0,1000,"bu","09:37:00",4812500
13500,0,1000,"bu","09:36:57",4811500
13500,0,100,"bu","09:36:44",4810500
13500,0,1000,"bu","09:36:34",4810400
13400,-100,1000,"sd","09:36:31",4809400
13500,0,8000,"bu","09:36:27",4808400
13500,0,100,"bu","09:36:23",4800400
13500,0,500,"bu","09:36:11",4800300
13400,-100,100,"sd","09:36:04",4799800
13500,0,1000,"bu","09:36:01",4799700
13500,0,4400,"bu","09:35:53",4798700
13500,0,8000,"bu","09:35:49",4794300
13500,0,500,"bu","09:35:45",4786300
13400,-100,1000,"sd","09:35:44",4785800
13500,0,1000,"bu","09:35:40",4784800
13500,0,300,"bu","09:35:34",4783800
13400,-100,900,"sd","09:35:30",4783500
13500,0,1000,"bu","09:35:28",4782600
13500,0,1000,"bu","09:35:14",4781600
13500,0,1000,"bu","09:35:11",4780600
13500,0,1000,"bu","09:35:08",4779600
13500,0,100,"bu","09:34:59",4778600
13500,0,3000,"bu","09:34:58",4778500
13500,0,500,"bu","09:34:33",4775500
13500,0,100,"bu","09:34:31",4775000
13400,-100,2000,"sd","09:34:25",4774900
13500,0,100,"bu","09:34:24",4772900
13400,-100,10000,"sd","09:34:16",4772800
13400,-100,700,"sd","09:33:57",4762800
13500,0,400,"bu","09:33:51",4762100
13400,-100,1000,"sd","09:33:45",4761700
13400,-100,100,"sd","09:33:38",4760700
13400,-100,10000,"sd","09:33:27",4760600
13500,0,1300,"bu","09:33:17",4750600
13400,-100,1600,"sd","09:33:03",4749300
13400,-100,2000,"sd","09:32:43",4747700
13500,0,100,"bu","09:32:40",4745700
13400,-100,4900,"sd","09:32:31",4745600
13400,-100,3000,"sd","09:32:18",4740700
13500,0,10000,"bu","09:32:12",4737700
13400,-100,500,"sd","09:32:03",4727700
13400,-100,4000,"sd","09:31:54",4727200
13500,0,10000,"bu","09:31:40",4723200
13500,0,200,"bu","09:31:38",4713200
13500,0,5500,"bu","09:31:37",4713000
13500,0,500,"bu","09:31:36",4707500
13500,0,100,"bu","09:31:34",4707000
13500,0,20000,"bu","09:31:28",4706900
13500,0,1500,"bu","09:31:24",4686900
13500,0,100,"bu","09:31:16",4685400
13500,0,9700,"bu","09:31:07",4685300
13400,-100,200,"sd","09:31:06",4675600
13500,0,800,"bu","09:31:04",4675400
13400,-100,2000,"sd","09:30:59",4674600
13400,-100,200,"sd","09:30:49",4672600
13400,-100,100,"sd","09:30:46",4672400
13400,-100,100,"sd","09:30:40",4672300
13400,-100,100,"sd","09:30:39",4672200
13400,-100,5400,"sd","09:30:35",4672100
13500,0,300,"bu","09:30:22",4666700
13400,-100,100,"sd","09:30:19",4666400
13400,-100,3300,"sd","09:30:15",4666300
13400,-100,1000,"sd","09:30:13",4663000
13400,-100,100,"sd","09:30:00",4662000
13400,-100,5000,"sd","09:29:59",4661900
13400,-100,2000,"sd","09:29:55",4656900
13400,-100,4700,"sd","09:29:50",4654900
13400,-100,100,"sd","09:29:41",4650200
13400,-100,1400,"sd","09:29:30",4650100
13400,-100,400,"sd","09:29:26",4648700
13400,-100,200,"sd","09:29:24",4648300
13400,-100,1400,"sd","09:29:20",4648100
13400,-100,3400,"sd","09:29:18",4646700
13400,-100,4500,"sd","09:29:08",4643300
13400,-100,1000,"sd","09:29:06",4638800
13400,-100,10000,"sd","09:29:05",4637800
13500,0,2000,"bu","09:29:01",4627800
13400,-100,1000,"sd","09:28:55",4625800
13500,0,3000,"bu","09:28:54",4624800
13400,-100,10000,"sd","09:28:51",4621800
13500,0,5000,"bu","09:28:49",4611800
13400,-100,1000,"sd","09:28:46",4606800
13400,-100,10000,"sd","09:28:40",4605800
13400,-100,1000,"sd","09:28:33",4595800
13400,-100,20000,"sd","09:28:27",4594800
13400,-100,200,"sd","09:28:19",4574800
13500,0,50000,"bu","09:28:05",4574600
13400,-100,100000,"sd","09:28:03",4524600
13500,0,200,"bu","09:28:00",4424600
13500,0,700,"bu","09:27:52",4424400
13500,0,600,"bu","09:27:47",4423700
13500,0,100,"bu","09:27:46",4423100
13500,0,93000,"bu","09:27:45",4423000
13500,0,6000,"sd","09:27:44",4330000
13500,0,25000,"sd","09:27:42",4324000
13500,0,60300,"sd","09:27:40",4299000
13500,0,2000,"sd","09:27:39",4238700
13500,0,23000,"sd","09:27:38",4236700
13500,0,10000,"sd","09:27:34",4213700
13500,0,10200,"sd","09:27:33",4203700
13500,0,14800,"sd","09:27:31",4193500
13500,0,4000,"sd","09:27:27",4178700
13500,0,45000,"sd","09:27:25",4174700
13500,0,20000,"sd","09:27:24",4129700
13500,0,101000,"sd","09:27:19",4109700
13500,0,7800,"sd","09:27:14",4008700
13500,0,5000,"sd","09:27:09",4000900
13500,0,1000,"sd","09:27:02",3995900
13500,0,5000,"sd","09:27:00",3994900
13500,0,400,"sd","09:26:58",3989900
13500,0,40000,"sd","09:26:57",3989500
13500,0,4000,"sd","09:26:55",3949500
13500,0,10000,"sd","09:26:54",3945500
13500,0,6300,"sd","09:26:50",3935500
13500,0,3000,"sd","09:26:49",3929200
13500,0,14000,"sd","09:26:47",3926200
13500,0,10000,"sd","09:26:43",3912200
13500,0,20000,"sd","09:26:39",3902200
13600,100,700,"bu","09:26:26",3882200
13500,0,300,"sd","09:26:25",3881500
13500,0,1000,"sd","09:26:23",3881200
13500,0,10100,"sd","09:26:20",3880200
13500,0,1000,"sd","09:26:19",3870100
13500,0,10000,"sd","09:26:17",3869100
13500,0,500,"sd","09:26:10",3859100
13500,0,3000,"sd","09:25:56",3858600
13500,0,100,"sd","09:25:41",3855600
13500,0,200,"sd","09:25:19",3855500
13500,0,1000,"sd","09:25:18",3855300
13500,0,5000,"sd","09:25:15",3854300
13500,0,500,"sd","09:25:14",3849300
13500,0,2000,"sd","09:25:11",3848800
13500,0,6000,"sd","09:25:02",3846800
13500,0,100,"sd","09:24:52",3840800
13600,100,1400,"bu","09:24:49",3840700
13500,0,900,"sd","09:24:34",3839300
13600,100,100,"bu","09:24:31",3838400
13600,100,100,"bu","09:24:24",3838300
13600,100,9500,"bu","09:24:16",3838200
13600,100,1000,"bu","09:23:56",3828700
13500,0,1000,"sd","09:23:51",3827700
13600,100,10500,"bu","09:23:46",3826700
13600,100,500,"bu","09:23:43",3816200
13600,100,1000,"bu","09:23:32",3815700
13600,100,2100,"bu","09:23:22",3814700
13600,100,1000,"bu","09:23:05",3812600
13600,100,100,"bu","09:22:59",3811600
13600,100,10000,"bu","09:22:42",3811500
13600,100,2600,"bu","09:22:41",3801500
13600,100,3700,"bu","09:22:27",3798900
13600,100,50000,"bu","09:22:25",3795200
13600,100,1000,"bu","09:22:24",3745200
13600,100,1000,"bu","09:22:19",3744200
13600,100,20000,"bu","09:22:16",3743200
13600,100,1100,"bu","09:22:15",3723200
13600,100,500,"bu","09:21:54",3722100
13600,100,10500,"bu","09:21:50",3721600
13600,100,200,"bu","09:21:47",3711100
13600,100,8500,"bu","09:21:45",3710900
13600,100,2000,"bu","09:21:38",3702400
13600,100,5000,"bu","09:21:28",3700400
13600,100,4800,"bu","09:21:22",3695400
13500,0,100,"sd","09:21:21",3690600
13600,100,4500,"bu","09:21:17",3690500
13500,0,2100,"sd","09:21:14",3686000
13500,0,2000,"sd","09:21:12",3683900
13600,100,5000,"bu","09:21:10",3681900
13600,100,300,"bu","09:21:01",3676900
13600,100,20000,"bu","09:20:49",3676600
13600,100,17000,"bu","09:20:48",3656600
13600,100,3000,"bu","09:20:38",3639600
13600,100,1400,"bu","09:20:34",3636600
13600,100,5000,"bu","09:20:31",3635200
13600,100,1000,"bu","09:20:26",3630200
13600,100,7000,"bu","09:20:25",3629200
13600,100,300,"bu","09:20:22",3622200
13600,100,20000,"bu","09:20:21",3621900
13600,100,50000,"bu","09:20:20",3601900
13600,100,700,"bu","09:20:14",3551900
13500,0,20000,"sd","09:20:07",3551200
13600,100,100,"bu","09:20:03",3531200
13600,100,2000,"bu","09:20:02",3531100
13600,100,2400,"bu","09:20:00",3529100
13600,100,10200,"bu","09:19:59",3526700
13600,100,5000,"bu","09:19:55",3516500
13600,100,100,"bu","09:19:52",3511500
13600,100,4500,"bu","09:19:46",3511400
13600,100,2000,"bu","09:19:43",3506900
13600,100,6800,"bu","09:19:41",3504900
13600,100,10000,"bu","09:19:35",3498100
13600,100,5000,"bu","09:19:25",3488100
13600,100,200,"bu","09:19:23",3483100
13600,100,500,"bu","09:19:19",3482900
13500,0,1100,"sd","09:19:15",3482400
13600,100,100,"bu","09:19:13",3481300
13600,100,3000,"bu","09:19:00",3481200
13600,100,15000,"bu","09:18:57",3478200
13600,100,4000,"bu","09:18:54",3463200
13600,100,100,"bu","09:18:51",3459200
13600,100,2000,"bu","09:18:50",3459100
13600,100,3000,"bu","09:18:44",3457100
13600,100,3000,"bu","09:18:43",3454100
13600,100,2000,"bu","09:18:39",3451100
13600,100,3400,"bu","09:18:37",3449100
13600,100,5000,"bu","09:18:35",3445700
13600,100,2000,"bu","09:18:20",3440700
13500,0,700,"sd","09:18:19",3438700
13600,100,5000,"bu","09:18:13",3438000
13600,100,36900,"sd","09:17:54",3433000
13700,200,100,"bu","09:17:47",3396100
13600,100,1000,"sd","09:17:45",3396000
13600,100,20000,"sd","09:17:40",3395000
13600,100,24800,"sd","09:17:38",3375000
13600,100,417700,"sd","09:17:37",3350200
13600,100,220000,"bu","09:17:34",2932500
13500,0,40000,"sd","09:17:33",2712500
13600,100,100000,"bu","09:17:23",2672500
13500,0,10000,"sd","09:17:12",2572500
13500,0,13800,"sd","09:17:11",2562500
13600,100,34000,"bu","09:17:10",2548700
13600,100,76000,"bu","09:17:09",2514700
13500,0,500,"sd","09:17:08",2438700
13500,0,5000,"sd","09:17:06",2438200
13500,0,8000,"sd","09:16:39",2433200
13500,0,400,"sd","09:16:29",2425200
13500,0,100,"sd","09:16:18",2424800
13500,0,8500,"sd","09:15:59",2424700
13500,0,1000,"sd","09:15:18",2416200
13500,0,100,"sd","09:15:11",2415200
13500,0,10100,"sd","09:15:09",2415100
13500,0,900,"unknown","09:14:44",2405000
13500,0,2900,"sd","09:14:36",2404100
13500,0,7100,"sd","09:14:26",2401200
13500,0,5000,"sd","09:14:25",2394100
13500,0,1500,"sd","09:14:24",2389100
13500,0,50000,"sd","09:14:18",2387600
13500,0,30000,"sd","09:13:57",2337600
13500,0,30000,"sd","09:13:49",2307600
13500,0,1000,"sd","09:13:38",2277600
13600,100,220000,"bu","09:13:34",2276600
13600,100,109900,"bu","09:13:29",2056600
13600,100,287100,"bu","09:13:28",1946700
13500,0,7000,"bu","09:13:21",1659600
13500,0,1000,"bu","09:13:17",1652600
13500,0,10000,"bu","09:13:15",1651600
13500,0,300,"bu","09:13:14",1641600
13500,0,500,"bu","09:13:12",1641300
13500,0,7000,"bu","09:13:11",1640800
13500,0,300,"bu","09:13:08",1633800
13500,0,4000,"bu","09:13:03",1633500
13500,0,15000,"bu","09:13:02",1629500
13500,0,1000,"bu","09:12:58",1614500
13500,0,26200,"bu","09:12:48",1613500
13500,0,6300,"sd","09:12:46",1587300
13500,0,10000,"sd","09:12:42",1581000
13500,0,300,"sd","09:12:33",1571000
13500,0,5000,"sd","09:12:21",1570700
13500,0,800,"sd","09:12:18",1565700
13500,0,400000,"sd","09:12:08",1564900
13500,0,5000,"sd","09:11:50",1164900
13500,0,500,"sd","09:11:25",1159900
13600,100,1000,"bu","09:11:17",1159400
13500,0,2000,"sd","09:11:14",1158400
13600,100,100,"bu","09:11:12",1156400
13600,100,6000,"bu","09:11:01",1156300
13600,100,500,"bu","09:10:55",1150300
13500,0,100,"sd","09:10:38",1149800
13600,100,100,"bu","09:10:15",1149700
13600,100,100,"bu","09:10:11",1149600
13500,0,8000,"sd","09:09:49",1149500
13500,0,200,"sd","09:09:12",1141500
13500,0,3800,"sd","09:09:08",1141300
13500,0,600,"sd","09:09:03",1137500
13500,0,500,"sd","09:08:42",1136900
13500,0,12200,"bu","09:08:28",1136400
13500,0,1000,"bu","09:08:26",1124200
13500,0,5000,"bu","09:08:21",1123200
13500,0,12000,"bu","09:08:13",1118200
13500,0,2000,"bu","09:08:12",1106200
13500,0,3700,"bu","09:08:10",1104200
13500,0,100,"bu","09:08:09",1100500
13500,0,500,"bu","09:08:07",1100400
13500,0,3000,"bu","09:08:06",1099900
13500,0,100000,"bu","09:08:00",1096900
13500,0,200,"bu","09:07:53",996900
13500,0,200,"bu","09:07:36",996700
13500,0,300,"bu","09:07:29",996500
13500,0,3000,"bu","09:07:28",996200
13500,0,1200,"bu","09:07:27",993200
13500,0,10000,"bu","09:07:24",992000
13500,0,600,"bu","09:07:19",982000
13500,0,5000,"bu","09:07:15",981400
13500,0,400,"bu","09:07:13",976400
13500,0,1000,"bu","09:07:09",976000
13400,-100,500,"sd","09:07:06",975000
13500,0,10000,"bu","09:07:04",974500
13500,0,2000,"bu","09:07:02",964500
13500,0,5000,"bu","09:07:00",962500
13500,0,4700,"bu","09:06:59",957500
13500,0,5000,"bu","09:06:46",952800
13500,0,5000,"bu","09:06:37",947800
13500,0,900,"bu","09:06:28",942800
13500,0,15900,"bu","09:06:27",941900
13500,0,5000,"sd","09:06:16",926000
13500,0,3100,"sd","09:06:08",921000
13500,0,7200,"bu","09:06:07",917900
13500,0,11000,"sd","09:06:02",910700
13500,0,1400,"sd","09:05:59",899700
13500,0,4800,"sd","09:05:58",898300
13500,0,5100,"sd","09:05:57",893500
13500,0,6000,"sd","09:05:56",888400
13500,0,300,"sd","09:05:50",882400
13500,0,3000,"sd","09:05:49",882100
13500,0,2000,"sd","09:05:45",879100
13500,0,50000,"sd","09:05:41",877100
13500,0,2500,"sd","09:05:24",827100
13500,0,100,"sd","09:05:10",824600
13500,0,500,"sd","09:05:04",824500
13500,0,7800,"sd","09:04:59",824000
13500,0,11700,"bu","09:04:44",816200
13500,0,300,"bu","09:04:42",804500
13500,0,400,"bu","09:04:40",804200
13500,0,5000,"bu","09:04:39",803800
13500,0,20000,"bu","09:04:38",798800
13500,0,1000,"bu","09:04:33",778800
13500,0,1600,"bu","09:04:31",777800
13500,0,6600,"bu","09:04:30",776200
13500,0,22200,"bu","09:04:29",769600
13500,0,20000,"bu","09:04:28",747400
13500,0,100,"bu","09:04:26",727400
13500,0,30000,"bu","09:04:25",727300
13400,-100,300,"sd","09:04:22",697300
13500,0,500,"bu","09:04:21",697000
13500,0,1200,"bu","09:04:20",696500
13500,0,300,"bu","09:04:19",695300
13500,0,24000,"bu","09:04:18",695000
13500,0,3400,"bu","09:04:15",671000
13500,0,22400,"bu","09:04:12",667600
13500,0,3000,"bu","09:04:10",645200
13500,0,1000,"bu","09:04:09",642200
13500,0,3000,"bu","09:04:08",641200
13500,0,6700,"bu","09:04:06",638200
13500,0,5000,"bu","09:04:02",631500
13500,0,2000,"bu","09:04:00",626500
13500,0,100,"bu","09:03:55",624500
13500,0,200,"bu","09:03:50",624400
13500,0,2000,"bu","09:03:49",624200
13500,0,5800,"bu","09:03:45",622200
13500,0,6500,"bu","09:03:44",616400
13500,0,2100,"bu","09:03:43",609900
13500,0,1000,"bu","09:03:42",607800
13500,0,5000,"bu","09:03:41",606800
13500,0,1000,"bu","09:03:40",601800
13500,0,108000,"bu","09:03:39",600800
13500,0,2000,"bu","09:03:38",492800
13500,0,15000,"bu","09:03:35",490800
13500,0,5000,"bu","09:03:33",475800
13500,0,25200,"bu","09:03:31",470800
13500,0,600,"bu","09:03:30",445600
13500,0,25800,"bu","09:03:28",445000
13500,0,20000,"bu","09:03:27",419200
13500,0,10000,"bu","09:03:25",399200
13500,0,100,"bu","09:03:24",389200
13400,-100,2000,"sd","09:03:23",389100
13500,0,2200,"bu","09:03:20",387100
13500,0,100,"bu","09:03:18",384900
13500,0,50000,"bu","09:03:14",384800
13500,0,100,"bu","09:03:13",334800
13500,0,100000,"bu","09:03:03",334700
13500,0,200,"bu","09:03:02",234700
13400,-100,100,"sd","09:02:58",234500
13500,0,100,"bu","09:02:57",234400
13500,0,60000,"bu","09:02:49",234300
13400,-100,1000,"sd","09:02:39",174300
13500,0,61700,"bu","09:02:30",173300
13400,-100,2000,"sd","09:02:21",111600
13400,-100,1000,"sd","09:02:17",109600
13400,-100,1000,"sd","09:01:54",108600
13400,-100,1000,"sd","09:01:39",107600
13400,-100,2000,"sd","09:01:19",106600
13400,-100,4000,"sd","09:01:10",104600
13500,0,2000,"bu","09:00:45",100600
13500,0,100,"bu","09:00:41",98600
13500,0,100,"bu","09:00:36",98500
13500,0,200,"bu","09:00:29",98400
13400,-100,9900,"sd","02:00:28",98200
13400,-100,7000,"sd","09:00:20",88300
13500,0,1000,"bu","09:00:18",81300
13500,0,900,"bu","09:00:15",80300
13500,0,800,"bu","09:00:14",79400
13500,0,1000,"bu","09:00:11",78600
13500,0,17700,"bu","09:00:10",77600
13500,0,3800,"bu","09:00:06",59900
13400,-100,16000,"sd","09:00:05",56100
13500,0,300,"bu","09:00:04",40100
13500,0,38100,"sd","09:00:03",39800
13500,0,1700,"bu","09:00:01",1700
