"price","change","match_qtty","side","time","total_vol"
4100,-200,500,"sd","14:46:46",1085300
4100,-200,23300,"unknown","14:45:02",1084800
4100,-200,50000,"sd","14:29:48",1061500
4100,-200,500,"sd","14:28:02",1011500
4100,-200,20000,"sd","14:26:31",1011000
4200,-100,100,"bu","14:18:34",991000
4200,-100,1000,"bu","14:17:12",990900
4200,-100,200,"bu","14:16:44",989900
4100,-200,300,"sd","14:13:45",989700
4200,-100,700,"bu","14:12:59",989400
4200,-100,100,"bu","14:12:30",988700
4100,-200,400,"sd","14:12:25",988600
4200,-100,1900,"bu","14:11:56",988200
4200,-100,100,"bu","14:11:42",986300
4200,-100,100,"bu","14:10:44",986200
4200,-100,1000,"bu","14:09:11",986100
4200,-100,1000,"bu","14:08:47",985100
4200,-100,3000,"bu","14:07:41",984100
4200,-100,100,"bu","14:07:16",981100
4200,-100,5000,"bu","14:05:37",981000
4200,-100,100,"bu","14:04:44",976000
4200,-100,400,"bu","14:03:59",975900
4200,-100,2000,"bu","14:03:30",975500
4200,-100,1000,"bu","14:03:04",973500
4200,-100,100,"bu","14:01:51",972500
4100,-200,20000,"sd","14:00:31",972400
4100,-200,1000,"sd","13:58:57",952400
4100,-200,2000,"sd","13:53:20",951400
4100,-200,3000,"sd","13:52:02",949400
4100,-200,1000,"sd","13:50:48",946400
4200,-100,100,"bu","13:46:43",945400
4100,-200,800,"sd","13:45:52",945300
4100,-200,2000,"sd","13:40:48",944500
4100,-200,1000,"sd","13:38:42",942500
4200,-100,100,"bu","13:38:35",941500
4100,-200,7000,"sd","13:33:06",941400
4200,-100,2500,"bu","13:32:49",934400
4200,-100,5000,"bu","13:32:21",931900
4200,-100,600,"bu","13:30:52",926900
4200,-100,1000,"sd","13:28:55",926300
4200,-100,10000,"sd","13:28:49",925300
4200,-100,200,"sd","13:27:13",915300
4200,-100,1300,"sd","13:27:05",915100
4200,-100,2000,"bu","13:27:03",913800
4200,-100,1000,"bu","13:26:51",911800
4200,-100,35000,"bu","13:26:48",910800
4200,-100,500,"bu","13:26:41",875800
4200,-100,20000,"bu","13:26:02",875300
4200,-100,10000,"bu","13:21:19",855300
4200,-100,200,"bu","13:15:45",845300
4200,-100,200,"bu","13:15:32",845100
4200,-100,10000,"bu","13:15:27",844900
4200,-100,100,"bu","13:12:55",834900
4100,-200,2000,"sd","13:12:51",834800
4100,-200,8100,"sd","13:12:29",832800
4100,-200,100,"sd","13:09:28",824700
4100,-200,1100,"sd","13:08:29",824600
4100,-200,900,"bu","13:08:12",823500
4100,-200,700,"sd","13:07:22",822600
4100,-200,5000,"sd","13:07:15",821900
4100,-200,1000,"sd","13:06:51",816900
4100,-200,10000,"sd","13:06:40",815900
4100,-200,30000,"sd","13:05:20",805900
4100,-200,100,"sd","13:05:02",775900
4100,-200,900,"sd","13:04:57",775800
4100,-200,2000,"sd","13:04:06",774900
4100,-200,5500,"sd","13:03:42",772900
4200,-100,200,"bu","13:01:26",767400
4200,-100,200,"bu","13:00:43",767200
4100,-200,100,"sd","13:00:38",767000
4100,-200,9500,"sd","13:00:09",766900
4100,-200,26200,"sd","13:00:08",757400
4100,-200,18000,"sd","13:00:05",731200
4100,-200,10000,"sd","11:27:45",713200
4100,-200,10000,"sd","11:27:31",703200
4200,-100,100,"bu","11:24:40",693200
4200,-100,100,"bu","11:22:03",693100
4200,-100,4000,"bu","11:20:20",693000
4200,-100,100,"bu","11:20:17",689000
4100,-200,100,"sd","11:18:55",688900
4200,-100,1000,"bu","11:17:00",688800
4200,-100,200,"bu","11:16:50",687800
4200,-100,9800,"bu","11:16:22",687600
4200,-100,3000,"bu","11:15:17",677800
4200,-100,2000,"bu","11:12:22",674800
4200,-100,100,"bu","11:10:55",672800
4100,-200,100,"sd","11:09:32",672700
4200,-100,100,"bu","11:09:14",672600
4100,-200,70000,"sd","11:06:15",672500
4100,-200,1000,"sd","11:02:00",602500
4100,-200,1000,"sd","11:01:41",601500
4200,-100,500,"bu","11:00:51",600500
4200,-100,100,"bu","11:00:45",600000
4200,-100,1700,"bu","11:00:42",599900
4200,-100,100,"bu","10:59:47",598200
4100,-200,5000,"sd","10:59:21",598100
4100,-200,52300,"sd","10:58:58",593100
4200,-100,2000,"bu","10:58:22",540800
4200,-100,11500,"bu","10:57:51",538800
4200,-100,5000,"bu","10:57:27",527300
4200,-100,200,"bu","10:57:17",522300
4100,-200,1500,"sd","10:56:55",522100
4100,-200,4500,"sd","10:55:54",520600
4100,-200,200,"sd","10:54:36",516100
4100,-200,100,"sd","10:54:35",515900
4200,-100,10000,"bu","10:54:11",515800
4200,-100,100,"bu","10:53:11",505800
4200,-100,700,"sd","10:52:23",505700
4200,-100,3000,"sd","10:51:05",505000
4200,-100,10000,"sd","10:50:58",502000
4200,-100,500,"sd","10:47:55",492000
4200,-100,100,"sd","10:47:49",491500
4200,-100,700,"bu","10:47:17",491400
4200,-100,17000,"bu","10:47:04",490700
4200,-100,2700,"bu","10:46:53",473700
4200,-100,10000,"sd","10:46:51",471000
4200,-100,13900,"sd","10:46:37",461000
4200,-100,1000,"sd","10:45:53",447100
4200,-100,10000,"sd","10:45:39",446100
4200,-100,10000,"sd","10:45:28",436100
4200,-100,15000,"sd","10:45:25",426100
4300,0,200,"bu","10:43:49",411100
4300,0,3000,"bu","10:31:27",410900
4300,0,1000,"bu","10:24:09",407900
4300,0,100,"bu","10:21:17",406900
4300,0,100,"bu","10:18:32",406800
4300,0,2000,"bu","10:15:32",406700
4200,-100,2000,"sd","10:15:17",404700
4200,-100,3000,"sd","10:14:28",402700
4200,-100,2000,"sd","10:13:48",399700
4300,0,2000,"bu","10:12:19",397700
4200,-100,10000,"sd","10:09:34",395700
4200,-100,5000,"sd","10:08:41",385700
4200,-100,100,"sd","10:07:40",380700
4200,-100,2000,"sd","10:04:30",380600
4200,-100,6100,"sd","10:02:42",378600
4200,-100,2000,"sd","10:02:13",372500
4200,-100,1000,"sd","09:59:56",370500
4200,-100,400,"sd","09:58:28",369500
4300,0,10000,"bu","09:54:51",369100
4300,0,100,"bu","09:51:02",359100
4300,0,1000,"bu","09:49:57",359000
4300,0,1000,"bu","09:41:25",358000
4300,0,5000,"bu","09:41:18",357000
4300,0,200,"bu","09:36:47",352000
4200,-100,2000,"sd","09:36:10",351800
4200,-100,2000,"sd","09:36:06",349800
4200,-100,79800,"bu","09:32:31",347800
4200,-100,500,"bu","09:32:04",268000
4200,-100,500,"bu","09:30:59",267500
4200,-100,100,"bu","09:30:31",267000
4200,-100,26200,"bu","09:30:00",266900
4200,-100,5000,"sd","09:29:54",240700
4200,-100,100000,"sd","09:29:40",235700
4300,0,1000,"bu","09:28:51",135700
4300,0,9500,"bu","09:28:45",134700
4300,0,1000,"sd","09:28:35",125200
4300,0,13000,"sd","09:28:31",124200
4300,0,500,"sd","09:28:05",111200
4300,0,30000,"sd","09:27:04",110700
4300,0,2500,"sd","09:26:25",80700
4400,100,5000,"bu","09:26:24",78200
4400,100,100,"bu","09:25:47",73200
4400,100,1000,"bu","09:24:16",73100
4400,100,600,"bu","09:22:53",72100
4300,0,5000,"sd","09:21:58",71500
4400,100,600,"bu","09:18:09",66500
4300,0,10000,"sd","09:16:26",65900
4400,100,100,"bu","09:14:31",55900
4300,0,5700,"sd","09:10:05",55800
4300,0,4200,"sd","09:09:52",50100
4300,0,1000,"sd","09:08:51",45900
4300,0,13300,"sd","09:07:32",44900
4300,0,500,"bu","09:07:20",31600
4300,0,500,"bu","09:07:01",31100
4300,0,600,"bu","09:06:47",30600
4300,0,200,"bu","09:06:43",30000
4300,0,5000,"bu","09:06:24",29800
4300,0,900,"bu","09:04:25",24800
4300,0,100,"bu","09:04:20",23900
4300,0,100,"bu","09:03:47",23800
4300,0,5000,"bu","09:02:43",23700
4300,0,2000,"bu","09:02:08",18700
4300,0,1000,"bu","09:01:37",16700
4300,0,100,"bu","09:01:15",15700
4300,0,200,"bu","09:01:14",15600
4300,0,15400,"bu","09:00:10",15400
