"price","change","match_qtty","side","time","total_vol"
46100,900,100,"bu","14:28:36",59600
46100,900,500,"bu","14:28:36",59500
46100,900,700,"bu","14:26:34",59000
46100,900,300,"bu","14:26:34",58300
46050,850,400,"bu","14:23:52",58000
46050,850,200,"sd","14:21:54",57600
46050,850,700,"sd","14:20:52",57400
46050,850,300,"sd","14:20:52",56700
46050,850,700,"sd","14:20:25",56400
46050,850,1000,"sd","14:20:25",55700
46050,850,100,"sd","14:20:25",54700
46050,850,200,"sd","14:20:25",54600
46050,850,800,"sd","14:05:35",54400
46050,850,200,"sd","14:05:35",53600
46050,850,100,"sd","13:59:40",53400
46000,800,100,"sd","13:53:22",53300
46000,800,100,"sd","13:52:58",53200
46000,800,500,"sd","13:52:58",53100
46000,800,400,"sd","13:52:58",52600
46000,800,100,"sd","13:51:56",52200
46050,850,100,"sd","13:51:06",52100
46050,850,100,"sd","13:50:20",52000
46050,850,100,"sd","13:47:38",51900
46050,850,100,"sd","13:45:40",51800
46050,850,100,"sd","13:45:40",51700
46050,850,500,"sd","13:42:59",51600
46050,850,500,"sd","13:42:59",51100
46100,900,200,"bu","13:35:06",50600
46100,900,300,"bu","13:35:06",50400
46100,900,200,"bu","13:34:04",50100
46100,900,800,"bu","13:34:04",49900
46000,800,400,"bu","13:30:34",49100
46000,800,100,"bu","13:29:21",48700
46000,800,500,"bu","13:29:21",48600
46000,800,500,"bu","13:28:38",48100
45900,700,400,"sd","13:26:39",47600
45900,700,400,"sd","13:26:39",47200
45900,700,100,"sd","13:23:38",46800
45900,700,500,"sd","13:23:38",46700
45900,700,500,"sd","13:23:38",46200
45900,700,200,"sd","13:23:38",45700
45900,700,300,"sd","13:22:28",45500
45900,700,500,"sd","13:22:28",45200
45900,700,200,"sd","13:22:28",44700
46000,800,500,"sd","13:17:54",44500
46000,800,500,"sd","13:17:54",44000
46000,800,500,"sd","13:16:48",43500
46000,800,500,"sd","13:16:48",43000
46000,800,1000,"sd","13:16:48",42500
46000,800,500,"sd","13:16:48",41500
46000,800,500,"bu","13:14:33",41000
45900,700,300,"sd","13:13:31",40500
45900,700,200,"sd","13:13:31",40200
45900,700,100,"sd","13:13:11",40000
45900,700,200,"sd","13:06:09",39900
45900,700,500,"sd","13:06:09",39700
45900,700,500,"sd","13:06:09",39200
45900,700,200,"sd","13:06:09",38700
46000,800,500,"sd","13:06:09",38500
46000,800,500,"sd","13:06:09",38000
46000,800,400,"sd","13:06:09",37500
46000,800,400,"sd","13:06:09",37100
45900,700,100,"sd","13:04:39",36700
45900,700,200,"sd","13:04:10",36600
45900,700,100,"sd","13:04:10",36400
45900,700,300,"sd","13:04:05",36300
45900,700,100,"sd","13:04:02",36000
45900,700,200,"sd","13:04:02",35900
45900,700,200,"sd","13:03:48",35700
46000,800,100,"sd","13:02:52",35500
46000,800,400,"sd","13:02:42",35400
46000,800,500,"sd","13:02:42",35000
46000,800,500,"sd","13:02:42",34500
46000,800,500,"sd","13:02:42",34000
46000,800,500,"sd","13:02:42",33500
46000,800,500,"sd","13:02:42",33000
46000,800,500,"sd","13:02:42",32500
46000,800,400,"sd","13:02:42",32000
46000,800,200,"sd","13:02:42",31600
46000,800,100,"sd","13:01:29",31400
46000,800,200,"sd","13:00:04",31300
46000,800,500,"sd","13:00:04",31100
46000,800,200,"sd","13:00:02",30600
46000,800,300,"sd","11:28:00",30400
46000,800,200,"sd","11:27:50",30100
46000,800,200,"sd","11:27:40",29900
46000,800,100,"sd","11:27:31",29700
46000,800,300,"sd","11:27:31",29600
46000,800,100,"sd","11:27:21",29300
46000,800,100,"sd","11:26:44",29200
45900,700,100,"sd","11:22:02",29100
45900,700,500,"sd","11:21:45",29000
45900,700,500,"sd","11:21:45",28500
45900,700,400,"sd","11:21:45",28000
45900,700,100,"sd","11:20:38",27600
45900,700,300,"sd","11:20:38",27500
46000,800,500,"sd","11:17:50",27200
46000,800,500,"sd","11:17:50",26700
46000,800,500,"sd","11:17:50",26200
46000,800,400,"sd","11:17:50",25700
46000,800,100,"sd","11:17:26",25300
46000,800,500,"sd","11:17:26",25200
46000,800,500,"sd","11:14:19",24700
46000,800,500,"sd","11:14:19",24200
46000,800,500,"sd","11:14:19",23700
46000,800,500,"sd","11:14:19",23200
46000,800,500,"bu","11:12:59",22700
46000,800,2000,"bu","11:08:45",22200
46000,800,300,"sd","11:04:43",20200
46000,800,500,"sd","11:04:43",19900
46000,800,500,"sd","11:04:43",19400
46000,800,500,"sd","11:04:43",18900
46000,800,200,"sd","11:04:43",18400
46100,900,400,"sd","11:01:36",18200
46100,900,400,"sd","11:01:36",17800
46100,900,400,"sd","11:01:36",17400
46100,900,500,"sd","11:01:36",17000
46100,900,500,"sd","11:01:36",16500
46200,1000,400,"sd","11:00:05",16000
46200,1000,200,"bu","10:59:40",15600
46100,900,500,"bu","10:59:28",15400
46100,900,500,"bu","10:59:28",14900
46100,900,500,"bu","10:59:28",14400
46100,900,500,"bu","10:59:28",13900
46100,900,500,"bu","10:59:28",13400
46100,900,500,"bu","10:59:27",12900
46100,900,500,"bu","10:59:27",12400
46100,900,500,"bu","10:59:27",11900
46000,800,200,"bu","10:59:03",11400
46000,800,300,"sd","10:59:01",11200
46000,800,500,"sd","10:59:01",10900
46000,800,1500,"bu","10:58:40",10400
46000,800,500,"bu","10:58:40",8900
46000,800,400,"bu","10:57:58",8400
46000,800,300,"bu","10:57:47",8000
46000,800,200,"bu","10:57:47",7700
45850,650,400,"unknown","10:57:47",7500
45850,650,100,"unknown","10:57:47",7100
45800,600,300,"sd","10:57:03",7000
45800,600,100,"bu","10:56:46",6700
45800,600,300,"bu","10:56:46",6600
45800,600,500,"sd","10:51:54",6300
45850,650,100,"bu","10:50:34",5800
45800,600,100,"bu","10:50:34",5700
45800,600,100,"bu","10:50:34",5600
45300,100,100,"unknown","10:45:05",5500
45300,100,100,"bu","10:45:00",5400
45300,100,200,"bu","10:44:28",5300
45250,50,100,"bu","10:44:28",5100
45200,0,200,"bu","10:40:31",5000
45150,-50,100,"bu","10:40:31",4800
45100,-100,400,"bu","10:24:59",4700
45100,-100,900,"bu","10:15:49",4300
45100,-100,100,"bu","10:15:49",3400
45000,-200,100,"bu","10:08:58",3300
44950,-250,100,"sd","10:08:26",3200
45100,-100,3000,"bu","09:47:28",3100
45200,0,100,"sd","09:42:30",100
