"price","change","match_qtty","side","time","total_vol"
3770,10,13600,"sd","14:45:01",2310300
3760,0,1100,"sd","14:29:51",2296700
3760,0,1000,"sd","14:29:51",2295600
3760,0,1000,"sd","14:29:25",2294600
3760,0,5000,"sd","14:29:05",2293600
3770,10,3000,"bu","14:28:45",2288600
3770,10,200,"bu","14:28:42",2285600
3770,10,1000,"sd","14:28:10",2285400
3770,10,200,"sd","14:28:10",2284400
3770,10,100,"sd","14:28:10",2284200
3770,10,5000,"sd","14:28:10",2284100
3770,10,2400,"sd","14:28:10",2279100
3780,20,3000,"sd","14:28:10",2276700
3780,20,1000,"sd","14:28:10",2273700
3770,10,3000,"sd","14:27:34",2272700
3780,20,1000,"bu","14:27:34",2269700
3780,20,1000,"bu","14:26:43",2268700
3780,20,3900,"sd","14:26:38",2267700
3780,20,600,"sd","14:26:38",2263800
3780,20,500,"sd","14:26:38",2263200
3780,20,2600,"sd","14:24:13",2262700
3780,20,5000,"sd","14:23:56",2260100
3780,20,1800,"sd","14:23:15",2255100
3780,20,2200,"sd","14:23:15",2253300
3780,20,100,"sd","14:22:52",2251100
3780,20,1000,"bu","14:20:38",2251000
3780,20,700,"bu","14:20:38",2250000
3780,20,300,"bu","14:20:02",2249300
3770,10,2000,"sd","14:19:35",2249000
3770,10,2600,"sd","14:18:45",2247000
3770,10,200,"sd","14:18:45",2244400
3770,10,100,"sd","14:18:45",2244200
3770,10,600,"sd","14:18:45",2244100
3770,10,3000,"sd","14:17:06",2243500
3780,20,200,"bu","14:17:05",2240500
3780,20,100,"sd","14:16:19",2240300
3780,20,200,"sd","14:16:19",2240200
3790,30,900,"bu","14:13:53",2240000
3790,30,200,"bu","14:13:17",2239100
3780,20,1000,"sd","14:12:41",2238900
3780,20,2000,"sd","14:11:28",2237900
3780,20,100,"sd","14:11:28",2235900
3780,20,700,"sd","14:11:28",2235800
3780,20,3300,"sd","14:10:41",2235100
3780,20,3000,"sd","14:10:41",2231800
3780,20,1000,"sd","14:10:41",2228800
3780,20,3000,"sd","14:10:41",2227800
3780,20,1000,"sd","14:10:41",2224800
3780,20,100,"sd","14:10:41",2223800
3780,20,500,"sd","14:10:41",2223700
3780,20,100,"sd","14:10:41",2223200
3790,30,400,"sd","14:10:18",2223100
3790,30,200,"sd","14:10:11",2222700
3790,30,400,"sd","14:09:48",2222500
3790,30,400,"sd","14:09:48",2222100
3790,30,100,"sd","14:09:48",2221700
3790,30,2000,"sd","14:09:48",2221600
3790,30,400,"sd","14:09:48",2219600
3790,30,1700,"sd","14:09:48",2219200
3800,40,10000,"sd","14:09:02",2217500
3800,40,1000,"sd","14:09:02",2207500
3800,40,8000,"sd","14:09:02",2206500
3800,40,100,"sd","14:09:02",2198500
3800,40,1000,"sd","14:09:02",2198400
3800,40,300,"sd","14:09:02",2197400
3800,40,2200,"sd","14:09:02",2197100
3800,40,200,"sd","14:09:02",2194900
3800,40,100,"sd","14:08:57",2194700
3800,40,7900,"sd","14:08:57",2194600
3800,40,3100,"sd","14:08:45",2186700
3800,40,1000,"sd","14:08:45",2183600
3800,40,1000,"sd","14:08:45",2182600
3800,40,14900,"sd","14:08:45",2181600
3800,40,600,"sd","14:08:39",2166700
3800,40,50000,"sd","14:08:35",2166100
3800,40,6000,"sd","14:08:22",2116100
3800,40,10000,"sd","14:08:19",2110100
3800,40,50000,"sd","14:08:18",2100100
3800,40,100,"sd","14:08:04",2050100
3800,40,6900,"sd","14:07:58",2050000
3800,40,2500,"sd","14:06:48",2043100
3800,40,600,"sd","14:06:44",2040600
3800,40,2800,"sd","14:06:34",2040000
3800,40,300,"sd","14:06:19",2037200
3810,50,26500,"bu","14:05:17",2036900
3810,50,100,"bu","14:04:29",2010400
3800,40,200,"sd","14:03:47",2010300
3800,40,5000,"sd","14:03:41",2010100
3800,40,5000,"sd","14:03:09",2005100
3800,40,300,"sd","14:02:49",2000100
3800,40,500,"sd","14:02:20",1999800
3800,40,144300,"sd","14:02:15",1999300
3800,40,16300,"sd","14:02:15",1855000
3800,40,800,"sd","14:02:15",1838700
3800,40,200,"sd","14:02:12",1837900
3800,40,100,"sd","14:02:12",1837700
3800,40,300,"sd","14:02:12",1837600
3800,40,1000,"sd","14:02:12",1837300
3800,40,8800,"sd","14:02:12",1836300
3800,40,14600,"sd","14:02:12",1827500
3800,40,3200,"sd","14:01:43",1812900
3810,50,3700,"bu","14:00:36",1809700
3810,50,2000,"bu","14:00:36",1806000
3810,50,200,"bu","14:00:36",1804000
3810,50,200,"bu","14:00:36",1803800
3810,50,1000,"bu","14:00:36",1803600
3810,50,100,"bu","14:00:36",1802600
3810,50,500,"bu","14:00:36",1802500
3810,50,1000,"bu","14:00:36",1802000
3810,50,30000,"bu","14:00:36",1801000
3810,50,1600,"bu","14:00:36",1771000
3810,50,400,"bu","13:58:04",1769400
3800,40,1000,"sd","13:57:45",1769000
3800,40,1000,"sd","13:57:32",1768000
3800,40,2300,"sd","13:57:26",1767000
3800,40,300,"sd","13:57:15",1764700
3800,40,20900,"sd","13:57:12",1764400
3800,40,2000,"sd","13:55:59",1743500
3800,40,1500,"sd","13:54:41",1741500
3800,40,1000,"sd","13:54:38",1740000
3800,40,5000,"sd","13:54:16",1739000
3800,40,4000,"sd","13:54:02",1734000
3800,40,1400,"sd","13:52:28",1730000
3800,40,1000,"sd","13:52:05",1728600
3800,40,10000,"sd","13:51:57",1727600
3800,40,1000,"sd","13:51:51",1717600
3810,50,1000,"bu","13:51:43",1716600
3800,40,300,"sd","13:50:52",1715600
3810,50,300,"bu","13:50:13",1715300
3810,50,1300,"bu","13:48:50",1715000
3800,40,200,"sd","13:48:17",1713700
3810,50,100,"bu","13:46:45",1713500
3810,50,300,"bu","13:46:07",1713400
3810,50,500,"bu","13:46:07",1713100
3810,50,100,"bu","13:45:31",1712600
3800,40,10000,"sd","13:42:44",1712500
3800,40,10100,"sd","13:42:26",1702500
3800,40,1500,"sd","13:40:41",1692400
3810,50,100,"bu","13:40:33",1690900
3800,40,15000,"sd","13:40:20",1690800
3800,40,30000,"sd","13:39:33",1675800
3800,40,1000,"sd","13:38:04",1645800
3800,40,500,"sd","13:37:30",1644800
3810,50,100,"bu","13:37:19",1644300
3810,50,500,"bu","13:37:19",1644200
3810,50,5000,"bu","13:37:19",1643700
3810,50,100,"bu","13:37:19",1638700
3810,50,100,"bu","13:37:19",1638600
3810,50,500,"bu","13:37:19",1638500
3810,50,500,"bu","13:37:19",1638000
3810,50,500,"bu","13:37:19",1637500
3810,50,5600,"bu","13:37:19",1637000
3810,50,1100,"bu","13:37:19",1631400
3810,50,200,"bu","13:36:54",1630300
3800,40,1000,"sd","13:36:29",1630100
3800,40,1000,"sd","13:35:17",1629100
3800,40,2000,"sd","13:35:06",1628100
3800,40,2000,"sd","13:34:38",1626100
3810,50,200,"bu","13:34:27",1624100
3810,50,500,"bu","13:34:27",1623900
3810,50,500,"bu","13:34:27",1623400
3810,50,1700,"bu","13:34:27",1622900
3800,40,6000,"sd","13:34:19",1621200
3810,50,100,"bu","13:32:24",1615200
3810,50,4700,"bu","13:32:03",1615100
3810,50,300,"bu","13:32:03",1610400
3810,50,200,"bu","13:32:02",1610100
3810,50,200,"bu","13:31:39",1609900
3810,50,200,"bu","13:30:24",1609700
3810,50,300,"bu","13:30:18",1609500
3810,50,200,"bu","13:30:18",1609200
3800,40,6200,"sd","13:30:16",1609000
3800,40,900,"sd","13:30:16",1602800
3810,50,200,"bu","13:29:27",1601900
3810,50,100,"bu","13:28:14",1601700
3800,40,1000,"sd","13:27:43",1601600
3800,40,500,"sd","13:27:38",1600600
3800,40,500,"sd","13:27:26",1600100
3810,50,100,"bu","13:27:25",1599600
3800,40,3000,"sd","13:27:16",1599500
3800,40,2000,"sd","13:26:34",1596500
3800,40,200,"sd","13:25:58",1594500
3800,40,2000,"sd","13:25:56",1594300
3800,40,15000,"sd","13:25:27",1592300
3800,40,1100,"sd","13:25:13",1577300
3810,50,100,"bu","13:25:03",1576200
3810,50,100,"bu","13:24:30",1576100
3810,50,200,"bu","13:24:30",1576000
3800,40,2500,"sd","13:24:12",1575800
3800,40,100,"sd","13:23:56",1573300
3800,40,1000,"sd","13:23:38",1573200
3800,40,10000,"sd","13:23:26",1572200
3810,50,400,"bu","13:23:19",1562200
3810,50,200,"bu","13:23:14",1561800
3810,50,200,"bu","13:23:13",1561600
3810,50,5000,"bu","13:22:46",1561400
3810,50,500,"bu","13:22:46",1556400
3810,50,5000,"bu","13:22:46",1555900
3810,50,100,"bu","13:22:46",1550900
3810,50,500,"bu","13:22:46",1550800
3810,50,1000,"bu","13:22:46",1550300
3810,50,2500,"bu","13:22:46",1549300
3810,50,400,"bu","13:22:46",1546800
3810,50,500,"bu","13:22:46",1546400
3810,50,200,"bu","13:22:46",1545900
3810,50,400,"bu","13:22:46",1545700
3810,50,100,"bu","13:22:46",1545300
3810,50,1000,"bu","13:22:46",1545200
3810,50,500,"bu","13:22:46",1544200
3810,50,500,"bu","13:22:46",1543700
3810,50,100,"bu","13:22:46",1543200
3810,50,3000,"bu","13:22:46",1543100
3810,50,1000,"bu","13:22:46",1540100
3810,50,100,"bu","13:22:46",1539100
3810,50,1000,"bu","13:22:46",1539000
3810,50,100,"bu","13:22:46",1538000
3810,50,200,"bu","13:22:46",1537900
3810,50,1100,"bu","13:22:46",1537700
3810,50,100,"bu","13:22:05",1536600
3800,40,400,"sd","13:22:01",1536500
3800,40,100,"sd","13:21:58",1536100
3800,40,200,"sd","13:21:55",1536000
3800,40,2100,"sd","13:21:00",1535800
3800,40,5000,"sd","13:20:05",1533700
3800,40,500,"sd","13:18:00",1528700
3800,40,2000,"sd","13:17:59",1528200
3800,40,1000,"sd","13:17:28",1526200
3800,40,20000,"sd","13:17:07",1525200
3800,40,5000,"sd","13:16:38",1505200
3800,40,25000,"sd","13:16:23",1500200
3800,40,6000,"sd","13:16:17",1475200
3800,40,2000,"sd","13:15:55",1469200
3800,40,70200,"sd","13:14:38",1467200
3810,50,500,"bu","13:13:35",1397000
3800,40,100,"sd","13:13:34",1396500
3800,40,200,"sd","13:12:48",1396400
3810,50,1000,"bu","13:11:40",1396200
3810,50,1000,"bu","13:11:23",1395200
3810,50,5000,"bu","13:10:30",1394200
3800,40,500,"sd","13:09:10",1389200
3800,40,20000,"sd","13:08:39",1388700
3800,40,1000,"sd","13:08:32",1368700
3800,40,20000,"sd","13:08:20",1367700
3810,50,200,"bu","13:06:11",1347700
3800,40,400,"bu","13:04:52",1347500
3800,40,500,"bu","13:04:52",1347100
3800,40,1000,"bu","13:04:52",1346600
3800,40,400,"bu","13:04:52",1345600
3800,40,5000,"bu","13:04:52",1345200
3800,40,100,"bu","13:04:52",1340200
3800,40,300,"bu","13:04:52",1340100
3800,40,11000,"bu","13:04:52",1339800
3800,40,100,"bu","13:04:52",1328800
3800,40,2000,"bu","13:04:52",1328700
3800,40,20000,"bu","13:04:52",1326700
3800,40,1000,"bu","13:04:52",1306700
3800,40,37100,"bu","13:04:52",1305700
3780,20,2400,"sd","13:04:30",1268600
3790,30,100,"sd","13:03:54",1266200
3800,40,200,"bu","13:03:43",1266100
3800,40,5000,"bu","13:03:30",1265900
3790,30,100,"sd","13:03:01",1260900
3790,30,400,"sd","13:02:32",1260800
3790,30,300,"sd","13:02:04",1260400
3790,30,2000,"sd","13:02:04",1260100
3790,30,300,"sd","13:02:04",1258100
3790,30,100,"sd","13:01:46",1257800
3800,40,100,"bu","13:00:18",1257700
3800,40,1500,"bu","13:00:05",1257600
3800,40,100,"sd","13:00:05",1256100
3800,40,500,"sd","13:00:05",1256000
3800,40,1000,"sd","13:00:05",1255500
3800,40,800,"sd","13:00:05",1254500
3800,40,13100,"sd","13:00:05",1253700
3800,40,3500,"sd","13:00:05",1240600
3800,40,100,"sd","13:00:04",1237100
3800,40,1000,"sd","13:00:04",1237000
3800,40,5000,"sd","13:00:02",1236000
3800,40,200,"sd","13:00:02",1231000
3800,40,1000,"sd","13:00:01",1230800
3800,40,100000,"sd","13:00:00",1229800
3800,40,4500,"sd","11:29:57",1129800
3800,40,1500,"sd","11:29:45",1125300
3800,40,100,"sd","11:29:29",1123800
3800,40,1500,"sd","11:29:28",1123700
3800,40,2000,"sd","11:29:10",1122200
3800,40,100,"sd","11:28:59",1120200
3800,40,1000,"sd","11:28:50",1120100
3800,40,100,"sd","11:28:48",1119100
3800,40,500,"sd","11:28:30",1119000
3800,40,10000,"sd","11:28:13",1118500
3800,40,10000,"sd","11:28:12",1108500
3800,40,20000,"sd","11:27:59",1098500
3810,50,2000,"bu","11:27:38",1078500
3800,40,5000,"sd","11:27:30",1076500
3800,40,3000,"sd","11:27:07",1071500
3800,40,20000,"sd","11:26:46",1068500
3800,40,2400,"sd","11:25:52",1048500
3800,40,500,"sd","11:24:53",1046100
3800,40,2000,"sd","11:24:28",1045600
3800,40,100,"sd","11:24:02",1043600
3810,50,100,"bu","11:23:14",1043500
3800,40,1000,"sd","11:22:17",1043400
3800,40,600,"sd","11:21:39",1042400
3800,40,20000,"sd","11:21:27",1041800
3800,40,20000,"sd","11:20:58",1021800
3800,40,200,"sd","11:20:51",1001800
3810,50,400,"bu","11:19:56",1001600
3800,40,100,"sd","11:17:51",1001200
3810,50,1000,"bu","11:14:40",1001100
3800,40,27000,"sd","11:14:16",1000100
3800,40,8000,"sd","11:13:15",973100
3800,40,1700,"sd","11:13:03",965100
3800,40,10000,"sd","11:11:54",963400
3810,50,300,"bu","11:11:51",953400
3800,40,100,"sd","11:11:45",953100
3800,40,100,"sd","11:11:42",953000
3810,50,2000,"bu","11:11:41",952900
3800,40,100,"sd","11:11:37",950900
3800,40,100,"sd","11:11:31",950800
3800,40,300,"sd","11:10:07",950700
3810,50,900,"bu","11:10:05",950400
3810,50,8900,"sd","11:09:08",949500
3810,50,100,"sd","11:08:31",940600
3810,50,2000,"sd","11:07:37",940500
3810,50,1000,"sd","11:07:06",938500
3810,50,100,"bu","11:06:22",937500
3810,50,200,"bu","11:06:22",937400
3810,50,500,"bu","11:06:22",937200
3810,50,200,"bu","11:06:22",936700
3810,50,500,"bu","11:06:22",936500
3810,50,300,"bu","11:06:22",936000
3810,50,300,"bu","11:06:22",935700
3810,50,500,"bu","11:06:22",935400
3810,50,100,"bu","11:06:22",934900
3810,50,5000,"bu","11:06:22",934800
3810,50,5000,"bu","11:06:22",929800
3810,50,10000,"bu","11:06:22",924800
3810,50,500,"bu","11:06:22",914800
3810,50,800,"bu","11:06:22",914300
3810,50,200,"bu","11:02:16",913500
3800,40,2500,"sd","11:02:04",913300
3800,40,2500,"sd","11:02:04",910800
3800,40,1000,"bu","11:01:03",908300
3810,50,200,"bu","10:59:22",907300
3810,50,100,"bu","10:59:22",907100
3810,50,200,"bu","10:59:22",907000
3800,40,200,"sd","10:59:18",906800
3800,40,300,"sd","10:58:58",906600
3800,40,400,"sd","10:58:58",906300
3800,40,4000,"sd","10:58:49",905900
3800,40,300,"sd","10:58:29",901900
3800,40,500,"bu","10:57:50",901600
3800,40,14800,"bu","10:57:50",901100
3790,30,100,"sd","10:57:44",886300
3800,40,14000,"bu","10:57:35",886200
3800,40,500,"bu","10:57:12",872200
3800,40,5000,"bu","10:57:12",871700
3800,40,5000,"bu","10:57:12",866700
3800,40,1000,"bu","10:57:12",861700
3800,40,400,"bu","10:57:12",860700
3800,40,18100,"bu","10:57:12",860300
3800,40,200,"bu","10:56:32",842200
3800,40,1000,"bu","10:56:32",842000
3800,40,1000,"bu","10:56:32",841000
3800,40,1000,"bu","10:56:32",840000
3800,40,500,"bu","10:56:32",839000
3800,40,200,"bu","10:56:32",838500
3800,40,300,"bu","10:56:32",838300
3800,40,100,"bu","10:56:32",838000
3800,40,2000,"bu","10:56:32",837900
3800,40,500,"bu","10:56:32",835900
3800,40,1000,"bu","10:56:32",835400
3800,40,5700,"bu","10:56:32",834400
3800,40,6500,"bu","10:56:32",828700
3800,40,1000,"bu","10:56:15",822200
3800,40,300,"bu","10:53:07",821200
3800,40,5000,"bu","10:47:10",820900
3800,40,300,"bu","10:46:45",815900
3780,20,200,"sd","10:44:03",815600
3800,40,100,"bu","10:42:48",815400
3800,40,1700,"sd","10:41:54",815300
3800,40,500,"bu","10:41:40",813600
3800,40,1000,"bu","10:41:40",813100
3800,40,500,"bu","10:41:40",812100
3800,40,500,"bu","10:41:40",811600
3800,40,100,"bu","10:41:40",811100
3800,40,20000,"bu","10:41:40",811000
3800,40,100,"bu","10:41:40",791000
3800,40,100,"bu","10:41:40",790900
3800,40,1000,"bu","10:41:40",790800
3800,40,2000,"bu","10:41:40",789800
3800,40,200,"bu","10:41:40",787800
3800,40,4000,"bu","10:41:40",787600
3800,40,2200,"bu","10:41:40",783600
3800,40,2600,"bu","10:41:40",781400
3800,40,1000,"bu","10:41:40",778800
3800,40,2100,"bu","10:41:40",777800
3800,40,1000,"bu","10:41:40",775700
3800,40,15000,"bu","10:41:40",774700
3800,40,10000,"bu","10:41:40",759700
3800,40,200,"bu","10:41:40",749700
3800,40,200,"bu","10:41:40",749500
3800,40,1800,"bu","10:41:40",749300
3800,40,100,"bu","10:41:40",747500
3800,40,1900,"bu","10:41:40",747400
3790,30,1500,"bu","10:41:40",745500
3790,30,400,"bu","10:41:40",744000
3790,30,1000,"bu","10:41:40",743600
3790,30,7300,"bu","10:41:40",742600
3780,20,23800,"sd","10:40:21",735300
3780,20,3600,"sd","10:39:21",711500
3780,20,1000,"sd","10:39:03",707900
3790,30,2700,"bu","10:38:57",706900
3790,30,200,"bu","10:38:57",704200
3780,20,10000,"sd","10:38:49",704000
3780,20,2000,"sd","10:38:20",694000
3780,20,1000,"sd","10:38:20",692000
3780,20,1800,"sd","10:37:34",691000
3780,20,200,"sd","10:37:34",689200
3780,20,200,"sd","10:36:40",689000
3780,20,100,"sd","10:36:40",688800
3780,20,4000,"sd","10:35:03",688700
3780,20,900,"sd","10:33:35",684700
3780,20,700,"sd","10:33:35",683800
3780,20,5000,"sd","10:33:35",683100
3780,20,3400,"sd","10:33:35",678100
3780,20,1000,"sd","10:33:26",674700
3780,20,900,"sd","10:33:26",673700
3780,20,100,"sd","10:33:02",672800
3780,20,600,"sd","10:32:29",672700
3780,20,200,"sd","10:32:29",672100
3780,20,300,"sd","10:32:29",671900
3780,20,200,"sd","10:32:07",671600
3780,20,300,"sd","10:32:05",671400
3780,20,1000,"sd","10:32:05",671100
3780,20,800,"sd","10:31:41",670100
3780,20,100,"sd","10:30:51",669300
3780,20,100,"sd","10:30:44",669200
3780,20,300,"sd","10:30:32",669100
3790,30,100,"bu","10:25:53",668800
3780,20,15000,"sd","10:24:43",668700
3790,30,400,"bu","10:24:42",653700
3780,20,10100,"sd","10:22:40",653300
3780,20,2000,"sd","10:21:02",643200
3780,20,20000,"sd","10:20:35",641200
3800,40,2000,"bu","10:20:32",621200
3800,40,500,"bu","10:17:51",619200
3780,20,500,"sd","10:16:27",618700
3780,20,100,"bu","10:15:20",618200
3780,20,1000,"bu","10:14:56",618100
3780,20,100,"sd","10:13:28",617100
3780,20,1000,"sd","10:13:28",617000
3780,20,37800,"sd","10:13:28",616000
3780,20,1000,"sd","10:12:33",578200
3780,20,9800,"sd","10:11:17",577200
3790,30,200,"sd","10:11:17",567400
3790,30,200,"bu","10:11:07",567200
3790,30,600,"bu","10:11:07",567000
3790,30,200,"bu","10:10:49",566400
3790,30,200,"sd","10:10:06",566200
3800,40,5600,"bu","10:08:06",566000
3800,40,1000,"bu","10:08:06",560400
3800,40,100,"bu","10:08:06",559400
3800,40,100,"bu","10:08:06",559300
3800,40,10000,"bu","10:08:06",559200
3800,40,200,"bu","10:08:06",549200
3800,40,1000,"bu","10:08:06",549000
3800,40,500,"bu","10:08:06",548000
3800,40,100,"bu","10:08:06",547500
3800,40,1000,"bu","10:08:06",547400
3800,40,200,"bu","10:08:06",546400
3800,40,200,"bu","10:08:06",546200
3780,20,100,"bu","10:07:42",546000
3780,20,1300,"bu","10:07:42",545900
3770,10,100,"sd","10:07:15",544600
3780,20,500,"sd","10:05:55",544500
3780,20,500,"sd","10:03:38",544000
3800,40,800,"bu","09:59:26",543500
3800,40,100,"bu","09:58:25",542700
3800,40,1000,"bu","09:58:25",542600
3800,40,20100,"bu","09:58:25",541600
3800,40,5000,"bu","09:58:25",521500
3800,40,900,"bu","09:58:25",516500
3800,40,500,"bu","09:58:25",515600
3800,40,700,"bu","09:58:25",515100
3800,40,1400,"bu","09:58:25",514400
3800,40,1000,"bu","09:58:25",513000
3800,40,800,"bu","09:58:25",512000
3800,40,4000,"bu","09:58:25",511200
3800,40,100,"bu","09:58:25",507200
3800,40,200,"bu","09:58:25",507100
3800,40,100,"bu","09:58:25",506900
3800,40,200,"bu","09:58:25",506800
3800,40,10700,"bu","09:58:25",506600
3790,30,1100,"bu","09:58:25",495900
3790,30,100,"bu","09:58:25",494800
3800,40,1000,"bu","09:58:25",494700
3790,30,3000,"bu","09:58:25",493700
3790,30,1000,"bu","09:58:25",490700
3800,40,1000,"bu","09:58:25",489700
3790,30,100,"bu","09:58:25",488700
3800,40,500,"bu","09:58:25",488600
3790,30,700,"bu","09:58:25",488100
3800,40,1000,"bu","09:58:25",487400
3790,30,2300,"bu","09:58:25",486400
3800,40,100,"bu","09:58:25",484100
3790,30,500,"bu","09:58:25",484000
3800,40,100,"bu","09:58:25",483500
3790,30,20700,"bu","09:58:25",483400
3790,30,500,"bu","09:56:35",462700
3790,30,500,"bu","09:56:07",462200
3790,30,10000,"bu","09:55:30",461700
3790,30,249300,"bu","09:50:49",451700
3790,30,1200,"bu","09:50:49",202400
3790,30,200,"bu","09:50:49",201200
3790,30,100,"bu","09:50:49",201000
3790,30,1000,"bu","09:50:49",200900
3790,30,400,"bu","09:50:49",199900
3790,30,100,"bu","09:50:49",199500
3790,30,1400,"bu","09:50:49",199400
3790,30,200,"bu","09:50:49",198000
3780,20,200,"bu","09:50:49",197800
3780,20,100,"bu","09:50:49",197600
3780,20,3500,"bu","09:50:49",197500
3780,20,100,"bu","09:50:49",194000
3780,20,400,"bu","09:50:49",193900
3780,20,600,"bu","09:50:49",193500
3780,20,1800,"bu","09:50:49",192900
3780,20,500,"bu","09:50:49",191100
3770,10,16300,"bu","09:50:49",190600
3770,10,100,"bu","09:50:49",174300
3770,10,10000,"bu","09:50:49",174200
3770,10,1000,"bu","09:50:49",164200
3770,10,100,"bu","09:50:49",163200
3770,10,300,"bu","09:50:49",163100
3770,10,500,"bu","09:50:49",162800
3770,10,1000,"bu","09:50:49",162300
3770,10,9600,"bu","09:50:49",161300
3760,0,100,"sd","09:48:12",151700
3760,0,100,"sd","09:48:12",151600
3760,0,200,"sd","09:48:12",151500
3760,0,5600,"sd","09:48:12",151300
3760,0,500,"sd","09:47:41",145700
3760,0,100,"sd","09:47:27",145200
3760,0,700,"sd","09:46:05",145100
3760,0,400,"sd","09:46:01",144400
3760,0,700,"bu","09:44:27",144000
3760,0,2000,"bu","09:44:27",143300
3760,0,200,"sd","09:43:09",141300
3760,0,500,"sd","09:42:53",141100
3760,0,1300,"bu","09:42:40",140600
3760,0,4800,"bu","09:42:29",139300
3760,0,200,"bu","09:41:49",134500
3750,-10,900,"sd","09:41:30",134300
3750,-10,500,"sd","09:41:30",133400
3750,-10,1100,"sd","09:41:30",132900
3760,0,800,"sd","09:41:10",131800
3760,0,800,"sd","09:41:10",131000
3760,0,100,"sd","09:41:10",130200
3760,0,100,"sd","09:41:10",130100
3760,0,1000,"sd","09:41:10",130000
3760,0,900,"sd","09:41:10",129000
3770,10,100,"bu","09:40:31",128100
3760,0,100,"sd","09:40:21",128000
3760,0,5000,"sd","09:39:57",127900
3760,0,300,"sd","09:39:57",122900
3760,0,4700,"sd","09:39:57",122600
3760,0,300,"sd","09:39:13",117900
3770,10,6000,"bu","09:38:51",117600
3770,10,800,"bu","09:38:08",111600
3770,10,100,"bu","09:37:51",110800
3770,10,31400,"bu","09:37:06",110700
3770,10,10000,"bu","09:37:06",79300
3770,10,8600,"bu","09:37:06",69300
3770,10,100,"bu","09:36:24",60700
3770,10,400,"bu","09:34:24",60600
3770,10,100,"bu","09:32:04",60200
3770,10,100,"bu","09:31:48",60100
3770,10,200,"sd","09:29:31",60000
3770,10,100,"sd","09:29:31",59800
3770,10,3300,"sd","09:29:31",59700
3770,10,2200,"sd","09:29:15",56400
3770,10,500,"sd","09:28:18",54200
3770,10,100,"sd","09:27:50",53700
3770,10,100,"sd","09:26:41",53600
3780,20,100,"bu","09:26:25",53500
3780,20,300,"bu","09:24:12",53400
3770,10,200,"sd","09:23:40",53100
3770,10,100,"sd","09:22:45",52900
3780,20,100,"bu","09:22:38",52800
3770,10,500,"sd","09:21:46",52700
3780,20,100,"bu","09:21:11",52200
3780,20,400,"bu","09:21:03",52100
3780,20,200,"bu","09:21:03",51700
3780,20,700,"bu","09:21:03",51500
3780,20,300,"bu","09:20:01",50800
3780,20,100,"bu","09:20:01",50500
3780,20,100,"bu","09:19:03",50400
3770,10,200,"bu","09:17:37",50300
3770,10,2800,"bu","09:17:37",50100
3760,0,100,"sd","09:17:37",47300
3760,0,600,"sd","09:16:56",47200
3760,0,200,"sd","09:16:56",46600
3760,0,300,"sd","09:16:56",46400
3760,0,1000,"sd","09:16:56",46100
3760,0,4800,"bu","09:16:12",45100
3760,0,1000,"bu","09:15:52",40300
3760,0,1000,"bu","09:15:48",39300
3760,0,200,"bu","09:15:41",38300
3760,0,1000,"bu","09:15:28",38100
3760,0,5000,"bu","09:15:26",37100
3760,0,32100,"bu","09:15:00",32100
