"price","change","match_qtty","side","time","total_vol"
18350,900,4700,"unknown","14:45:01",502400
18400,950,100,"bu","14:29:58",497700
18400,950,100,"bu","14:29:57",497600
18400,950,100,"bu","14:29:53",497500
18400,950,100,"bu","14:29:49",497400
18400,950,100,"bu","14:29:46",497300
18400,950,1000,"bu","14:29:42",497200
18400,950,100,"bu","14:28:49",496200
18400,950,100,"bu","14:28:31",496100
18400,950,4300,"bu","14:28:26",496000
18400,950,700,"bu","14:28:26",491700
18400,950,100,"bu","14:28:10",491000
18400,950,100,"bu","14:27:26",490900
18400,950,100,"bu","14:26:30",490800
18350,900,1000,"bu","14:25:58",490700
18300,850,100,"bu","14:25:19",489700
18300,850,100,"bu","14:25:16",489600
18300,850,100,"bu","14:24:45",489500
18300,850,100,"bu","14:24:43",489400
18300,850,100,"bu","14:24:38",489300
18250,800,1000,"bu","14:24:35",489200
18250,800,400,"bu","14:24:35",488200
18250,800,100,"bu","14:24:24",487800
18250,800,100,"bu","14:24:22",487700
18250,800,100,"bu","14:24:19",487600
18250,800,400,"bu","14:24:18",487500
18250,800,100,"bu","14:24:16",487100
18250,800,500,"bu","14:24:14",487000
18250,800,200,"bu","14:24:09",486500
18250,800,100,"bu","14:23:52",486300
18250,800,100,"sd","14:22:59",486200
18250,800,700,"sd","14:22:59",486100
18250,800,1500,"sd","14:22:59",485400
18250,800,300,"sd","14:21:52",483900
18250,800,1500,"sd","14:21:31",483600
18250,800,1500,"sd","14:21:24",482100
18250,800,700,"sd","14:19:35",480600
18300,850,1700,"bu","14:19:03",479900
18300,850,200,"sd","14:19:02",478200
18300,850,2500,"sd","14:19:02",478000
18300,850,600,"sd","14:19:02",475500
18250,800,3000,"sd","14:18:29",474900
18250,800,500,"sd","14:18:10",471900
18250,800,500,"sd","14:17:53",471400
18300,850,400,"bu","14:16:24",470900
18250,800,600,"sd","14:15:23",470500
18250,800,3000,"sd","14:15:23",469900
18250,800,1200,"sd","14:15:23",466900
18250,800,200,"sd","14:15:23",465700
18250,800,300,"sd","14:14:10",465500
18250,800,500,"sd","14:12:22",465200
18300,850,100,"bu","14:11:35",464700
18300,850,100,"bu","14:10:26",464600
18300,850,200,"bu","14:10:26",464500
18300,850,100,"bu","14:10:08",464300
18300,850,100,"bu","14:09:18",464200
18300,850,100,"bu","14:07:34",464100
18300,850,100,"bu","14:06:23",464000
18300,850,100,"sd","14:06:14",463900
18300,850,100,"sd","14:05:24",463800
18350,900,300,"bu","14:05:00",463700
18350,900,800,"bu","14:05:00",463400
18350,900,600,"bu","14:05:00",462600
18300,850,100,"bu","14:04:11",462000
18300,850,200,"sd","14:02:23",461900
18300,850,100,"sd","14:02:10",461700
18300,850,400,"sd","14:02:10",461600
18300,850,100,"sd","14:02:03",461200
18300,850,300,"sd","14:01:53",461100
18300,850,700,"sd","14:01:01",460800
18350,900,500,"bu","13:59:19",460100
18350,900,300,"bu","13:55:33",459600
18350,900,1000,"bu","13:53:57",459300
18300,850,100,"bu","13:52:53",458300
18300,850,600,"bu","13:52:53",458200
18300,850,2300,"bu","13:52:37",457600
18250,800,2000,"sd","13:50:37",455300
18250,800,2000,"sd","13:50:03",453300
18200,750,700,"sd","13:47:46",451300
18200,750,1500,"sd","13:45:53",450600
18200,750,100,"sd","13:45:53",449100
18200,750,500,"sd","13:45:53",449000
18200,750,1000,"sd","13:45:53",448500
18200,750,500,"sd","13:45:53",447500
18250,800,500,"sd","13:45:53",447000
18250,800,1000,"sd","13:45:53",446500
18250,800,500,"sd","13:45:53",445500
18250,800,200,"sd","13:45:53",445000
18250,800,5000,"sd","13:45:53",444800
18250,800,1200,"sd","13:45:53",439800
18300,850,4000,"sd","13:45:53",438600
18300,850,300,"sd","13:45:00",434600
18350,900,500,"bu","13:44:52",434300
18300,850,500,"sd","13:44:32",433800
18300,850,700,"bu","13:41:02",433300
18300,850,100,"sd","13:40:44",432600
18300,850,100,"sd","13:40:44",432500
18300,850,100,"sd","13:40:44",432400
18350,900,100,"sd","13:40:38",432300
18350,900,500,"sd","13:40:33",432200
18350,900,500,"bu","13:40:29",431700
18350,900,400,"bu","13:40:29",431200
18300,850,500,"sd","13:39:59",430800
18300,850,1500,"sd","13:39:59",430300
18300,850,500,"sd","13:38:43",428800
18350,900,200,"bu","13:38:32",428300
18350,900,100,"bu","13:37:59",428100
18350,900,100,"bu","13:36:51",428000
18350,900,200,"sd","13:36:36",427900
18350,900,100,"sd","13:34:14",427700
18350,900,100,"bu","13:33:09",427600
18350,900,500,"bu","13:32:43",427500
18350,900,400,"bu","13:32:42",427000
18350,900,100,"bu","13:32:42",426600
18350,900,100,"bu","13:32:08",426500
18300,850,100,"sd","13:31:09",426400
18350,900,600,"bu","13:31:07",426300
18350,900,400,"bu","13:31:07",425700
18350,900,500,"bu","13:31:07",425300
18350,900,500,"bu","13:31:07",424800
18300,850,500,"bu","13:30:57",424300
18300,850,1000,"bu","13:30:29",423800
18250,800,400,"sd","13:30:08",422800
18300,850,200,"sd","13:28:37",422400
18300,850,500,"bu","13:27:45",422200
18300,850,300,"bu","13:27:45",421700
18300,850,1500,"bu","13:27:45",421400
18250,800,600,"sd","13:26:30",419900
18250,800,500,"sd","13:26:03",419300
18250,800,100,"sd","13:25:55",418800
18250,800,600,"sd","13:25:46",418700
18250,800,300,"sd","13:25:06",418100
18300,850,1000,"bu","13:24:14",417800
18300,850,500,"bu","13:24:14",416800
18250,800,300,"sd","13:24:10",416300
18300,850,100,"bu","13:23:19",416000
18300,850,400,"sd","13:22:59",415900
18300,850,100,"sd","13:22:51",415500
18300,850,200,"sd","13:22:51",415400
18300,850,1000,"sd","13:21:54",415200
18300,850,400,"sd","13:21:39",414200
18300,850,100,"sd","13:21:39",413800
18300,850,200,"sd","13:21:39",413700
18300,850,400,"sd","13:20:39",413500
18300,850,500,"sd","13:20:27",413100
18300,850,300,"sd","13:20:15",412600
18300,850,900,"sd","13:19:49",412300
18300,850,1000,"sd","13:19:31",411400
18400,950,200,"bu","13:18:00",410400
18400,950,100,"bu","13:18:00",410200
18350,900,700,"bu","13:18:00",410100
18350,900,500,"sd","13:17:52",409400
18350,900,300,"sd","13:17:52",408900
18350,900,400,"sd","13:17:35",408600
18350,900,100,"sd","13:17:35",408200
18350,900,200,"sd","13:17:07",408100
18350,900,700,"sd","13:17:03",407900
18350,900,300,"sd","13:17:03",407200
18350,900,500,"sd","13:16:04",406900
18350,900,4000,"sd","13:15:21",406400
18450,1000,200,"bu","13:13:46",402400
18450,1000,2000,"bu","13:13:46",402200
18450,1000,1200,"bu","13:13:46",400200
18450,1000,100,"bu","13:13:08",399000
18400,950,300,"bu","13:12:48",398900
18400,950,600,"bu","13:12:13",398600
18400,950,900,"bu","13:12:13",398000
18400,950,100,"bu","13:11:56",397100
18400,950,1000,"bu","13:11:56",397000
18400,950,100,"bu","13:11:56",396000
18400,950,200,"bu","13:11:56",395900
18400,950,600,"bu","13:11:56",395700
18350,900,200,"sd","13:11:28",395100
18400,950,800,"bu","13:10:45",394900
18400,950,200,"bu","13:10:45",394100
18350,900,1000,"bu","13:10:01",393900
18350,900,1000,"bu","13:10:00",392900
18350,900,3500,"bu","13:10:00",391900
18350,900,100,"bu","13:09:39",388400
18350,900,100,"bu","13:09:37",388300
18350,900,100,"bu","13:09:22",388200
18350,900,100,"bu","13:09:22",388100
18300,850,500,"sd","13:09:13",388000
18300,850,100,"sd","13:07:05",387500
18300,850,500,"bu","13:06:24",387400
18300,850,100,"sd","13:06:13",386900
18350,900,100,"bu","13:06:11",386800
18350,900,200,"bu","13:06:11",386700
18300,850,600,"bu","13:05:57",386500
18300,850,1900,"bu","13:05:52",385900
18300,850,1000,"bu","13:05:52",384000
18300,850,2000,"bu","13:05:52",383000
18300,850,200,"bu","13:05:52",381000
18300,850,400,"bu","13:05:52",380800
18250,800,1000,"sd","13:05:51",380400
18250,800,1000,"sd","13:05:51",379400
18250,800,1000,"sd","13:04:23",378400
18300,850,100,"bu","13:03:13",377400
18250,800,600,"bu","13:02:55",377300
18250,800,1000,"bu","13:02:49",376700
18200,750,2200,"sd","13:02:47",375700
18200,750,500,"sd","13:02:47",373500
18200,750,300,"sd","13:02:47",373000
18200,750,100,"sd","13:02:28",372700
18250,800,300,"sd","13:02:10",372600
18250,800,500,"sd","13:02:10",372300
18250,800,600,"sd","13:02:10",371800
18250,800,300,"sd","13:00:30",371200
18250,800,100,"sd","13:00:17",370900
18250,800,400,"sd","13:00:17",370800
18250,800,200,"sd","13:00:04",370400
18250,800,100,"sd","13:00:02",370200
18400,950,500,"bu","11:27:58",370100
18200,750,100,"bu","11:25:31",369600
18200,750,100,"bu","11:25:02",369500
18200,750,100,"bu","11:23:50",369400
18200,750,100,"sd","11:23:48",369300
18200,750,1500,"sd","11:23:48",369200
18200,750,100,"sd","11:22:09",367700
18200,750,1400,"sd","11:22:00",367600
18050,600,700,"sd","11:21:47",366200
18050,600,200,"sd","11:21:47",365500
18050,600,1500,"sd","11:21:47",365300
18200,750,100,"sd","11:21:47",363800
18200,750,800,"sd","11:21:47",363700
18200,750,400,"sd","11:21:29",362900
18200,750,100,"sd","11:21:29",362500
18300,850,500,"sd","11:21:09",362400
18300,850,100,"sd","11:21:09",361900
18300,850,500,"sd","11:21:09",361800
18350,900,200,"sd","11:20:44",361300
18350,900,1000,"sd","11:20:19",361100
18350,900,1500,"sd","11:20:01",360100
18350,900,400,"sd","11:19:00",358600
18350,900,700,"sd","11:19:00",358200
18350,900,200,"sd","11:18:35",357500
18350,900,300,"sd","11:18:35",357300
18400,950,100,"sd","11:17:45",357000
18400,950,200,"sd","11:17:45",356900
18400,950,400,"sd","11:17:45",356700
18400,950,2200,"sd","11:17:45",356300
18400,950,700,"sd","11:17:45",354100
18400,950,200,"sd","11:17:19",353400
18400,950,100,"sd","11:16:36",353200
18400,950,100,"sd","11:15:58",353100
18400,950,500,"sd","11:15:44",353000
18400,950,500,"sd","11:15:44",352500
18450,1000,1000,"bu","11:13:52",352000
18450,1000,700,"bu","11:12:59",351000
18450,1000,100,"sd","11:12:43",350300
18450,1000,1000,"sd","11:12:43",350200
18450,1000,500,"sd","11:12:43",349200
18450,1000,100,"sd","11:12:43",348700
18450,1000,11600,"sd","11:12:43",348600
18500,1050,100,"bu","11:09:51",337000
18500,1050,100,"bu","11:08:55",336900
18500,1050,300,"bu","11:07:30",336800
18500,1050,100,"sd","11:07:06",336500
18500,1050,1000,"sd","11:06:46",336400
18500,1050,1000,"sd","11:06:46",335400
18500,1050,900,"sd","11:06:46",334400
18500,1050,500,"sd","11:06:46",333500
18500,1050,100,"sd","11:06:46",333000
18500,1050,2500,"sd","11:06:46",332900
18500,1050,3000,"sd","11:06:45",330400
18550,1100,1000,"bu","11:06:41",327400
18500,1050,1000,"sd","11:05:43",326400
18500,1050,200,"sd","11:05:14",325400
18500,1050,100,"sd","11:04:14",325200
18550,1100,100,"bu","11:04:05",325100
18600,1150,1400,"bu","11:01:52",325000
18550,1100,2000,"sd","11:01:47",323600
18550,1100,500,"sd","11:01:47",321600
18600,1150,200,"bu","11:01:31",321100
18600,1150,200,"bu","11:00:54",320900
18600,1150,100,"bu","11:00:54",320700
18600,1150,1000,"bu","11:00:54",320600
18600,1150,5000,"bu","11:00:54",319600
18600,1150,100,"bu","11:00:54",314600
18600,1150,1000,"bu","11:00:54",314500
18600,1150,2600,"bu","11:00:54",313500
18600,1150,400,"bu","11:00:30",310900
18600,1150,100,"bu","11:00:06",310500
18550,1100,500,"sd","10:59:21",310400
18550,1100,1000,"sd","10:59:21",309900
18550,1100,200,"sd","10:59:21",308900
18600,1150,1000,"bu","10:58:46",308700
18600,1150,600,"bu","10:58:29",307700
18550,1100,1800,"sd","10:58:22",307100
18550,1100,1000,"sd","10:58:22",305300
18550,1100,200,"sd","10:58:22",304300
18600,1150,300,"bu","10:57:57",304100
18600,1150,200,"bu","10:57:57",303800
18600,1150,200,"bu","10:57:19",303600
18600,1150,1000,"bu","10:56:58",303400
18600,1150,1000,"bu","10:56:26",302400
18600,1150,1000,"bu","10:56:16",301400
18600,1150,100,"sd","10:56:05",300400
18600,1150,1200,"sd","10:56:03",300300
18600,1150,100,"sd","10:56:02",299100
18650,1200,200,"bu","10:55:51",299000
18600,1150,1500,"sd","10:55:45",298800
18600,1150,500,"sd","10:55:45",297300
18600,1150,100,"sd","10:55:45",296800
18600,1150,2900,"sd","10:55:45",296700
18600,1150,100,"sd","10:55:42",293800
18600,1150,1600,"sd","10:55:41",293700
18600,1150,400,"sd","10:55:40",292100
18600,1150,600,"sd","10:55:40",291700
18600,1150,100,"sd","10:55:37",291100
18600,1150,1000,"sd","10:55:33",291000
18600,1150,100,"sd","10:55:30",290000
18600,1150,200,"sd","10:55:29",289900
18600,1150,10000,"sd","10:55:29",289700
18600,1150,100,"sd","10:55:29",279700
18600,1150,500,"sd","10:55:29",279600
18600,1150,1800,"sd","10:55:29",279100
18600,1150,5000,"sd","10:55:29",277300
18600,1150,1500,"sd","10:54:59",272300
18600,1150,3500,"sd","10:54:56",270800
18600,1150,1500,"sd","10:54:56",267300
18600,1150,500,"sd","10:54:41",265800
18600,1150,1000,"sd","10:54:40",265300
18600,1150,1600,"sd","10:54:39",264300
18600,1150,2100,"sd","10:54:39",262700
18600,1150,100,"sd","10:54:18",260600
18600,1150,1000,"sd","10:53:28",260500
18650,1200,2000,"bu","10:53:22",259500
18600,1150,500,"sd","10:53:07",257500
18600,1150,100,"sd","10:53:05",257000
18600,1150,100,"sd","10:52:55",256900
18600,1150,500,"sd","10:52:50",256800
18600,1150,600,"sd","10:52:16",256300
18600,1150,100,"sd","10:52:16",255700
18600,1150,1300,"sd","10:52:16",255600
18650,1200,1200,"bu","10:52:13",254300
18650,1200,500,"bu","10:52:13",253100
18650,1200,500,"bu","10:52:13",252600
18650,1200,100,"bu","10:52:13",252100
18650,1200,700,"bu","10:52:13",252000
18650,1200,300,"bu","10:51:57",251300
18650,1200,1000,"bu","10:51:57",251000
18650,1200,300,"bu","10:51:57",250000
18650,1200,200,"bu","10:51:57",249700
18650,1200,100,"bu","10:51:57",249500
18650,1200,100,"bu","10:51:57",249400
18650,1200,100,"bu","10:51:47",249300
18600,1150,100,"sd","10:51:42",249200
18650,1200,100,"bu","10:51:35",249100
18600,1150,600,"sd","10:51:35",249000
18600,1150,2700,"sd","10:51:35",248400
18600,1150,500,"sd","10:51:32",245700
18600,1150,100,"sd","10:51:08",245200
18600,1150,100,"sd","10:51:07",245100
18600,1150,200,"sd","10:51:07",245000
18600,1150,100,"sd","10:50:46",244800
18650,1200,100,"bu","10:50:04",244700
18650,1200,1600,"bu","10:49:57",244600
18650,1200,100,"bu","10:49:57",243000
18650,1200,300,"bu","10:49:57",242900
18650,1200,100,"bu","10:49:39",242600
18650,1200,200,"bu","10:49:33",242500
18600,1150,700,"sd","10:49:31",242300
18650,1200,100,"bu","10:49:17",241600
18600,1150,600,"sd","10:48:56",241500
18600,1150,400,"sd","10:48:56",240900
18650,1200,100,"bu","10:48:55",240500
18600,1150,1000,"sd","10:48:52",240400
18600,1150,500,"sd","10:48:41",239400
18600,1150,300,"sd","10:48:41",238900
18600,1150,200,"sd","10:48:41",238600
18600,1150,100,"sd","10:48:39",238400
18600,1150,500,"sd","10:48:38",238300
18600,1150,1600,"sd","10:48:38",237800
18600,1150,400,"sd","10:48:38",236200
18600,1150,500,"sd","10:48:38",235800
18650,1200,200,"bu","10:48:21",235300
18650,1200,100,"bu","10:48:21",235100
18650,1200,400,"bu","10:48:03",235000
18650,1200,500,"bu","10:47:49",234600
18650,1200,500,"bu","10:47:49",234100
18650,1200,1000,"bu","10:47:49",233600
18650,1200,100,"bu","10:47:36",232600
18650,1200,100,"bu","10:47:35",232500
18600,1150,200,"sd","10:47:29",232400
18600,1150,100,"sd","10:47:26",232200
18600,1150,100,"sd","10:47:21",232100
18600,1150,100,"sd","10:47:20",232000
18600,1150,700,"sd","10:47:20",231900
18600,1150,300,"sd","10:47:11",231200
18600,1150,300,"sd","10:47:11",230900
18650,1200,100,"bu","10:47:05",230600
18650,1200,3700,"bu","10:47:05",230500
18650,1200,1000,"bu","10:47:05",226800
18650,1200,100,"bu","10:47:05",225800
18650,1200,400,"bu","10:47:05",225700
18650,1200,300,"bu","10:47:05",225300
18650,1200,2300,"bu","10:47:05",225000
18650,1200,200,"bu","10:47:05",222700
18650,1200,500,"bu","10:47:05",222500
18650,1200,1500,"bu","10:47:05",222000
18600,1150,1000,"sd","10:47:05",220500
18600,1150,200,"sd","10:46:47",219500
18600,1150,500,"sd","10:46:41",219300
18600,1150,100,"sd","10:46:35",218800
18650,1200,200,"bu","10:46:35",218700
18650,1200,500,"bu","10:46:35",218500
18650,1200,100,"bu","10:46:35",218000
18650,1200,800,"bu","10:46:35",217900
18650,1200,400,"bu","10:46:35",217100
18600,1150,100,"sd","10:46:25",216700
18650,1200,100,"bu","10:46:12",216600
18600,1150,800,"sd","10:46:05",216500
18600,1150,600,"sd","10:46:05",215700
18600,1150,1100,"sd","10:46:05",215100
18650,1200,200,"bu","10:45:44",214000
18650,1200,800,"bu","10:45:44",213800
18650,1200,200,"bu","10:45:39",213000
18650,1200,300,"bu","10:45:39",212800
18650,1200,500,"bu","10:45:39",212500
18650,1200,100,"bu","10:45:29",212000
18600,1150,500,"bu","10:45:28",211900
18600,1150,1000,"bu","10:45:28",211400
18600,1150,500,"bu","10:45:28",210400
18600,1150,100,"bu","10:45:28",209900
18600,1150,100,"bu","10:45:28",209800
18600,1150,500,"bu","10:45:28",209700
18600,1150,500,"bu","10:45:28",209200
18600,1150,100,"bu","10:45:28",208700
18600,1150,200,"bu","10:45:28",208600
18600,1150,400,"bu","10:45:28",208400
18600,1150,1000,"bu","10:45:26",208000
18600,1150,100,"bu","10:45:21",207000
18550,1100,1000,"bu","10:45:15",206900
18550,1100,300,"bu","10:45:15",205900
18550,1100,100,"bu","10:45:15",205600
18550,1100,400,"bu","10:45:15",205500
18550,1100,1000,"bu","10:45:06",205100
18550,1100,400,"bu","10:45:01",204100
18550,1100,600,"bu","10:45:01",203700
18500,1050,1000,"sd","10:44:53",203100
18550,1100,400,"bu","10:44:51",202100
18550,1100,500,"bu","10:44:51",201700
18550,1100,100,"bu","10:44:51",201200
18550,1100,400,"bu","10:44:51",201100
18550,1100,100,"bu","10:44:51",200700
18500,1050,1000,"sd","10:44:46",200600
18500,1050,500,"bu","10:44:41",199600
18500,1050,300,"bu","10:44:41",199100
18500,1050,500,"bu","10:44:41",198800
18500,1050,200,"bu","10:44:41",198300
18500,1050,100,"bu","10:44:41",198100
18500,1050,200,"bu","10:44:41",198000
18500,1050,6000,"bu","10:44:41",197800
18500,1050,1400,"bu","10:44:41",191800
18500,1050,1000,"bu","10:44:41",190400
18500,1050,500,"bu","10:44:41",189400
18500,1050,500,"bu","10:44:41",188900
18450,1000,100,"sd","10:44:31",188400
18500,1050,1000,"bu","10:44:10",188300
18500,1050,500,"bu","10:44:10",187300
18500,1050,200,"bu","10:44:01",186800
18500,1050,1000,"bu","10:43:36",186600
18500,1050,600,"bu","10:43:25",185600
18500,1050,100,"bu","10:43:18",185000
18450,1000,200,"sd","10:43:13",184900
18450,1000,5000,"bu","10:43:12",184700
18450,1000,2000,"bu","10:43:12",179700
18450,1000,1100,"bu","10:43:12",177700
18450,1000,400,"bu","10:43:03",176600
18450,1000,500,"bu","10:42:45",176200
18400,950,100,"bu","10:42:36",175700
18400,950,400,"bu","10:42:36",175600
18400,950,100,"sd","10:42:27",175200
18400,950,3400,"sd","10:41:57",175100
18400,950,500,"bu","10:41:57",171700
18400,950,100,"bu","10:41:55",171200
18400,950,1000,"sd","10:41:54",171100
18500,1050,400,"bu","10:41:53",170100
18500,1050,2200,"bu","10:41:41",169700
18500,1050,100,"bu","10:41:41",167500
18500,1050,1000,"bu","10:41:41",167400
18450,1000,500,"unknown","10:41:41",166400
18400,950,500,"unknown","10:41:41",165900
18400,950,600,"unknown","10:41:41",165400
18400,950,1000,"unknown","10:41:41",164800
18400,950,3800,"bu","10:41:41",163800
18400,950,1200,"bu","10:41:26",160000
18400,950,500,"bu","10:41:21",158800
18400,950,100,"bu","10:41:12",158300
18350,900,1300,"sd","10:40:58",158200
18400,950,100,"bu","10:40:45",156900
18350,900,500,"bu","10:40:40",156800
18350,900,100,"bu","10:40:40",156300
18350,900,500,"bu","10:40:40",156200
18350,900,400,"bu","10:40:40",155700
18350,900,1000,"bu","10:40:36",155300
18300,850,100,"sd","10:40:34",154300
18350,900,2000,"bu","10:40:30",154200
18300,850,500,"sd","10:40:29",152200
18300,850,500,"sd","10:40:29",151700
18350,900,100,"bu","10:40:23",151200
18350,900,1500,"bu","10:40:22",151100
18300,850,100,"bu","10:40:13",149600
18300,850,400,"bu","10:40:13",149500
18300,850,2600,"bu","10:40:10",149100
18300,850,400,"bu","10:40:10",146500
18300,850,100,"bu","10:40:09",146100
18300,850,500,"bu","10:40:06",146000
18300,850,200,"bu","10:39:45",145500
18300,850,100,"bu","10:39:45",145300
18300,850,500,"bu","10:39:45",145200
18300,850,700,"bu","10:39:45",144700
18300,850,500,"bu","10:39:28",144000
18300,850,1500,"bu","10:39:21",143500
18200,750,100,"sd","10:39:18",142000
18300,850,100,"bu","10:39:11",141900
18200,750,700,"bu","10:39:01",141800
18200,750,300,"bu","10:39:00",141100
18200,750,500,"bu","10:39:00",140800
18200,750,500,"bu","10:39:00",140300
18200,750,800,"bu","10:39:00",139800
18200,750,2900,"bu","10:39:00",139000
18200,750,1500,"bu","10:38:53",136100
18200,750,400,"bu","10:38:46",134600
18200,750,1000,"bu","10:38:46",134200
18150,700,1000,"bu","10:38:46",133200
18150,700,100,"bu","10:38:46",132200
18150,700,500,"bu","10:38:46",132100
18150,700,500,"bu","10:38:46",131600
18150,700,400,"bu","10:38:46",131100
18100,650,500,"bu","10:38:45",130700
18100,650,100,"bu","10:38:44",130200
18050,600,2000,"bu","10:38:38",130100
18050,600,300,"bu","10:38:38",128100
18050,600,200,"bu","10:38:38",127800
18050,600,300,"bu","10:38:32",127600
18000,550,1000,"bu","10:38:25",127300
18000,550,400,"bu","10:38:25",126300
18000,550,200,"bu","10:38:25",125900
18000,550,100,"bu","10:38:24",125700
18000,550,500,"bu","10:38:24",125600
18000,550,100,"bu","10:38:24",125100
18000,550,1000,"bu","10:38:23",125000
18000,550,900,"bu","10:38:22",124000
18000,550,100,"bu","10:38:22",123100
18000,550,200,"bu","10:38:22",123000
18000,550,1000,"bu","10:38:22",122800
18000,550,800,"bu","10:38:22",121800
18000,550,400,"bu","10:38:22",121000
18000,550,900,"bu","10:38:21",120600
18000,550,500,"bu","10:38:21",119700
18000,550,1400,"bu","10:38:20",119200
18000,550,2000,"bu","10:38:20",117800
18000,550,1000,"bu","10:38:20",115800
18000,550,2000,"bu","10:38:20",114800
18000,550,100,"bu","10:38:20",112800
18000,550,1000,"bu","10:38:20",112700
18000,550,2900,"bu","10:38:20",111700
18000,550,1000,"bu","10:38:20",108800
18000,550,500,"bu","10:38:19",107800
18000,550,1200,"bu","10:38:16",107300
18000,550,3400,"bu","10:38:15",106100
18000,550,2000,"bu","10:38:15",102700
18000,550,800,"bu","10:38:15",100700
18000,550,100,"bu","10:38:13",99900
18000,550,100,"bu","10:38:13",99800
18000,550,600,"bu","10:38:13",99700
18000,550,1400,"bu","10:38:11",99100
18000,550,100,"bu","10:38:11",97700
18000,550,400,"bu","10:38:08",97600
18000,550,100,"bu","10:38:08",97200
18000,550,400,"bu","10:38:02",97100
18000,550,300,"bu","10:38:02",96700
18000,550,300,"bu","10:38:02",96400
18000,550,1000,"bu","10:38:02",96100
17950,500,100,"sd","10:37:57",95100
17950,500,500,"bu","10:37:08",95000
17900,450,100,"bu","10:36:45",94500
17900,450,3000,"bu","10:36:45",94400
17900,450,100,"bu","10:36:45",91400
17900,450,100,"bu","10:36:45",91300
17900,450,2300,"bu","10:36:45",91200
17900,450,1000,"bu","10:36:27",88900
17900,450,3000,"bu","10:36:21",87900
17800,350,700,"sd","10:36:00",84900
17800,350,500,"sd","10:36:00",84200
17800,350,800,"sd","10:36:00",83700
17850,400,1100,"bu","10:35:59",82900
17850,400,1700,"bu","10:35:56",81800
17850,400,200,"bu","10:35:56",80100
17850,400,100,"bu","10:35:56",79900
17850,400,1000,"bu","10:35:56",79800
17800,350,100,"bu","10:35:42",78800
17800,350,1000,"bu","10:35:42",78700
17800,350,3000,"bu","10:35:42",77700
17800,350,5000,"bu","10:35:42",74700
17800,350,1000,"bu","10:35:42",69700
17800,350,200,"bu","10:35:42",68700
17800,350,1000,"bu","10:35:42",68500
17800,350,1000,"bu","10:35:42",67500
17800,350,1900,"bu","10:35:42",66500
17800,350,500,"bu","10:34:57",64600
17750,300,500,"sd","10:34:13",64100
17750,300,300,"sd","10:32:03",63600
17800,350,2600,"bu","10:31:08",63300
17800,350,400,"bu","10:31:08",60700
17800,350,600,"bu","10:31:08",60300
17800,350,500,"bu","10:31:08",59700
17800,350,100,"bu","10:31:08",59200
17800,350,800,"bu","10:31:08",59100
17800,350,200,"bu","10:30:14",58300
17800,350,100,"bu","10:30:14",58100
17800,350,900,"bu","10:29:44",58000
17750,300,1000,"bu","10:29:03",57100
17750,300,1000,"bu","10:29:03",56100
17750,300,500,"bu","10:26:30",55100
17750,300,500,"bu","10:26:01",54600
17750,300,500,"bu","10:26:01",54100
17750,300,500,"bu","10:24:33",53600
17750,300,100,"bu","10:22:48",53100
17750,300,100,"sd","10:20:53",53000
17750,300,500,"sd","10:17:37",52900
17750,300,100,"sd","10:17:37",52400
17750,300,400,"sd","10:17:37",52300
17750,300,500,"sd","10:17:26",51900
17750,300,100,"sd","10:17:18",51400
17750,300,400,"sd","10:17:18",51300
17750,300,500,"sd","10:14:14",50900
17800,350,1000,"bu","10:11:49",50400
17800,350,1000,"bu","10:10:34",49400
17750,300,100,"sd","10:09:43",48400
17750,300,100,"sd","10:09:43",48300
17800,350,1000,"bu","10:09:34",48200
17750,300,300,"sd","10:09:12",47200
17750,300,200,"sd","10:09:12",46900
17750,300,100,"sd","10:05:56",46700
17750,300,500,"bu","10:03:31",46600
17750,300,300,"sd","10:03:16",46100
17750,300,200,"sd","10:03:16",45800
17750,300,2000,"sd","10:03:16",45600
17750,300,500,"bu","10:02:31",43600
17750,300,800,"bu","10:02:31",43100
17750,300,200,"bu","10:02:28",42300
17750,300,300,"bu","10:02:28",42100
17750,300,100,"bu","10:02:04",41800
17750,300,600,"bu","10:01:12",41700
17750,300,100,"bu","10:01:12",41100
17750,300,300,"bu","10:01:12",41000
17750,300,500,"bu","09:59:51",40700
17750,300,200,"sd","09:56:14",40200
17750,300,100,"sd","09:56:04",40000
17750,300,700,"sd","09:56:00",39900
17750,300,200,"sd","09:56:00",39200
17750,300,100,"sd","09:55:56",39000
17750,300,100,"sd","09:55:55",38900
17750,300,300,"sd","09:55:55",38800
17750,300,500,"sd","09:54:18",38500
17750,300,200,"bu","09:53:51",38000
17750,300,800,"sd","09:53:45",37800
17750,300,100,"bu","09:53:43",37000
17750,300,100,"bu","09:53:43",36900
17750,300,800,"bu","09:52:53",36800
17750,300,200,"bu","09:52:53",36000
17700,250,100,"sd","09:51:51",35800
17700,250,400,"sd","09:51:51",35700
17800,350,1100,"bu","09:47:35",35300
17800,350,200,"bu","09:47:35",34200
17800,350,700,"bu","09:47:35",34000
17800,350,300,"bu","09:46:36",33300
17800,350,1000,"bu","09:46:36",33000
17800,350,700,"bu","09:46:36",32000
17800,350,300,"bu","09:45:46",31300
17800,350,1000,"bu","09:45:46",31000
17800,350,100,"bu","09:45:46",30000
17800,350,100,"bu","09:45:46",29900
17800,350,1000,"bu","09:45:46",29800
17800,350,100,"bu","09:45:46",28800
17800,350,400,"bu","09:45:46",28700
17800,350,1000,"bu","09:43:09",28300
17800,350,300,"bu","09:41:38",27300
17750,300,200,"bu","09:41:38",27000
17750,300,5000,"sd","09:38:46",26800
17750,300,1200,"sd","09:38:36",21800
17750,300,3000,"sd","09:37:41",20600
17750,300,800,"bu","09:37:07",17600
17750,300,200,"bu","09:36:48",16800
17750,300,800,"bu","09:36:48",16600
17750,300,100,"sd","09:34:02",15800
17750,300,100,"sd","09:34:02",15700
17750,300,100,"bu","09:33:39",15600
17750,300,1000,"bu","09:33:39",15500
17750,300,100,"bu","09:33:39",14500
17750,300,100,"bu","09:33:39",14400
17750,300,200,"bu","09:33:39",14300
17750,300,100,"bu","09:33:37",14100
17750,300,100,"bu","09:32:51",14000
17750,300,100,"bu","09:31:35",13900
17700,250,300,"bu","09:30:44",13800
17700,250,100,"sd","09:29:33",13500
17700,250,100,"sd","09:29:33",13400
17750,300,100,"bu","09:26:02",13300
17750,300,100,"bu","09:24:04",13200
17700,250,200,"sd","09:24:02",13100
17750,300,100,"bu","09:22:57",12900
17700,250,100,"sd","09:22:20",12800
17750,300,200,"bu","09:21:55",12700
17750,300,100,"bu","09:21:55",12500
17750,300,500,"bu","09:21:55",12400
17750,300,100,"bu","09:21:55",11900
17750,300,100,"bu","09:21:55",11800
17700,250,100,"sd","09:21:47",11700
17750,300,100,"sd","09:19:28",11600
17750,300,800,"sd","09:19:28",11500
17800,350,1000,"bu","09:18:53",10700
17800,350,300,"bu","09:18:30",9700
17800,350,200,"bu","09:18:30",9400
17800,350,500,"bu","09:18:30",9200
17800,350,500,"bu","09:18:30",8700
17750,300,1100,"sd","09:18:28",8200
17750,300,1000,"sd","09:18:23",7100
17750,300,100,"sd","09:18:13",6100
17750,300,1000,"bu","09:17:11",6000
17750,300,2000,"bu","09:17:05",5000
17750,300,1000,"bu","09:17:05",3000
17700,250,1000,"bu","09:16:50",2000
17650,200,1000,"sd","09:15:00",1000
