"price","change","match_qtty","side","time","total_vol"
81100,2100,35100,"sd","14:45:02",1009700
81000,2000,4500,"sd","14:29:52",974600
81000,2000,500,"sd","14:29:46",970100
81000,2000,4000,"sd","14:29:33",969600
81000,2000,5400,"sd","14:28:59",965600
81000,2000,500,"sd","14:28:59",960200
81000,2000,100,"sd","14:28:59",959700
81000,2000,100,"sd","14:28:32",959600
81000,2000,200,"bu","14:28:24",959500
81000,2000,100,"bu","14:28:24",959300
81000,2000,500,"bu","14:28:24",959200
81000,2000,1500,"bu","14:28:18",958700
81000,2000,3000,"bu","14:28:18",957200
81000,2000,200,"bu","14:28:18",954200
81000,2000,300,"bu","14:28:18",954000
81000,2000,100,"bu","14:28:18",953700
81000,2000,500,"bu","14:28:18",953600
81000,2000,400,"bu","14:28:18",953100
81000,2000,100,"bu","14:28:01",952700
81000,2000,2000,"bu","14:27:55",952600
81000,2000,1200,"bu","14:27:46",950600
81000,2000,1000,"bu","14:27:44",949400
81000,2000,700,"bu","14:27:36",948400
81000,2000,800,"bu","14:27:31",947700
81000,2000,100,"bu","14:27:25",946900
81000,2000,200,"bu","14:27:25",946800
81000,2000,2500,"bu","14:27:23",946600
81000,2000,300,"bu","14:27:14",944100
81000,2000,700,"bu","14:27:14",943800
80900,1900,100,"sd","14:27:08",943100
80900,1900,3900,"sd","14:27:07",943000
80900,1900,1100,"sd","14:27:07",939100
80900,1900,100,"sd","14:27:07",938000
80900,1900,4500,"sd","14:27:07",937900
80900,1900,100,"sd","14:27:02",933400
81000,2000,300,"bu","14:26:43",933300
81000,2000,100,"bu","14:25:59",933000
81000,2000,500,"bu","14:25:59",932900
81000,2000,200,"bu","14:25:59",932400
81000,2000,200,"bu","14:25:59",932200
81000,2000,500,"bu","14:25:35",932000
81000,2000,500,"bu","14:25:35",931500
80900,1900,200,"sd","14:25:21",931000
81000,2000,100,"bu","14:24:58",930800
81000,2000,400,"bu","14:24:50",930700
81000,2000,300,"bu","14:24:41",930300
81000,2000,200,"bu","14:24:37",930000
81000,2000,400,"bu","14:24:31",929800
80900,1900,200,"sd","14:24:24",929400
80900,1900,100,"sd","14:24:24",929200
80900,1900,300,"sd","14:24:24",929100
80900,1900,1000,"sd","14:24:20",928800
80900,1900,700,"sd","14:22:49",927800
81000,2000,200,"bu","14:22:35",927100
81000,2000,100,"bu","14:22:13",926900
81000,2000,4900,"bu","14:22:13",926800
80900,1900,1000,"sd","14:21:36",921900
81000,2000,200,"bu","14:20:40",920900
81000,2000,1000,"bu","14:20:34",920700
81000,2000,3300,"bu","14:19:41",919700
81000,2000,100,"bu","14:19:40",916400
81000,2000,1700,"sd","14:19:25",916300
81100,2100,400,"bu","14:19:21",914600
81000,2000,100,"sd","14:19:20",914200
81000,2000,200,"bu","14:18:59",914100
81000,2000,500,"bu","14:18:58",913900
81000,2000,300,"bu","14:18:39",913400
81000,2000,2000,"bu","14:18:32",913100
81000,2000,200,"bu","14:18:32",911100
81000,2000,100,"bu","14:18:32",910900
81000,2000,700,"bu","14:18:32",910800
81000,2000,300,"bu","14:18:23",910100
81000,2000,1000,"bu","14:18:05",909800
81000,2000,100,"bu","14:18:05",908800
81000,2000,100,"bu","14:18:05",908700
81000,2000,100,"bu","14:18:05",908600
81000,2000,600,"bu","14:18:02",908500
81000,2000,100,"bu","14:17:39",907900
81000,2000,200,"bu","14:16:34",907800
81000,2000,2800,"bu","14:16:34",907600
81000,2000,200,"bu","14:15:38",904800
81000,2000,100,"bu","14:15:37",904600
81000,2000,100,"bu","14:15:32",904500
81000,2000,2000,"bu","14:15:09",904400
81000,2000,400,"sd","14:14:58",902400
81000,2000,2000,"sd","14:14:58",902000
81000,2000,8700,"sd","14:14:58",900000
81000,2000,100,"sd","14:14:35",891300
81100,2100,400,"bu","14:13:22",891200
81100,2100,300,"bu","14:12:27",890800
81000,2000,600,"bu","14:12:27",890500
81000,2000,100,"bu","14:12:17",889900
81000,2000,10000,"sd","14:12:03",889800
81000,2000,2000,"sd","14:12:03",879800
81000,2000,1000,"sd","14:12:03",877800
81000,2000,800,"sd","14:12:03",876800
81000,2000,6400,"sd","14:12:03",876000
81100,2100,100,"bu","14:12:01",869600
81000,2000,1000,"sd","14:11:47",869500
81000,2000,100,"sd","14:11:24",868500
81000,2000,100,"sd","14:11:12",868400
81000,2000,100,"sd","14:10:50",868300
81000,2000,100,"sd","14:10:47",868200
81000,2000,800,"sd","14:10:08",868100
81000,2000,700,"sd","14:10:08",867300
81000,2000,200,"sd","14:09:57",866600
81100,2100,100,"bu","14:09:17",866400
81100,2100,300,"bu","14:09:17",866300
81000,2000,100,"bu","14:09:15",866000
81000,2000,100,"sd","14:09:14",865900
81000,2000,4900,"bu","14:09:13",865800
81000,2000,400,"sd","14:08:49",860900
81000,2000,400,"sd","14:08:49",860500
81000,2000,2000,"sd","14:08:49",860100
81000,2000,4000,"sd","14:08:49",858100
81000,2000,2000,"sd","14:08:49",854100
81000,2000,1000,"sd","14:08:49",852100
81000,2000,3000,"sd","14:08:49",851100
81000,2000,300,"sd","14:08:49",848100
81100,2100,1000,"bu","14:06:01",847800
81100,2100,400,"bu","14:05:59",846800
81100,2100,2000,"bu","14:05:14",846400
81100,2100,2000,"bu","14:05:08",844400
81100,2100,400,"bu","14:05:08",842400
81100,2100,2100,"bu","14:04:57",842000
81100,2100,400,"bu","14:03:54",839900
81100,2100,700,"bu","14:03:32",839500
81100,2100,500,"bu","14:03:32",838800
81100,2100,600,"bu","14:03:32",838300
81000,2000,300,"sd","14:03:15",837700
81000,2000,400,"sd","14:03:12",837400
81000,2000,100,"sd","14:03:12",837000
81000,2000,2000,"sd","14:02:21",836900
81000,2000,900,"sd","14:02:02",834900
81000,2000,2000,"sd","14:02:02",834000
81000,2000,100,"sd","14:02:02",832000
81000,2000,2700,"sd","14:01:26",831900
81000,2000,2300,"sd","14:01:26",829200
81100,2100,900,"bu","14:01:23",826900
81000,2000,600,"sd","14:00:49",826000
81000,2000,1000,"sd","14:00:31",825400
81000,2000,8500,"bu","14:00:29",824400
81000,2000,2000,"sd","14:00:23",815900
81000,2000,2200,"sd","14:00:23",813900
81000,2000,2000,"sd","14:00:23",811700
81000,2000,300,"sd","14:00:23",809700
81000,2000,100,"sd","14:00:18",809400
81000,2000,2000,"sd","14:00:18",809300
81000,2000,100,"sd","14:00:18",807300
81000,2000,3600,"sd","14:00:18",807200
81000,2000,6400,"sd","14:00:08",803600
81000,2000,7500,"sd","14:00:08",797200
81100,2100,100,"bu","13:59:44",789700
81100,2100,500,"bu","13:59:43",789600
81100,2100,500,"bu","13:57:59",789100
81100,2100,400,"sd","13:57:55",788600
81100,2100,100,"sd","13:57:42",788200
81100,2100,500,"sd","13:57:33",788100
81100,2100,500,"bu","13:56:48",787600
81100,2100,400,"bu","13:56:43",787100
81100,2100,100,"sd","13:56:32",786700
81100,2100,700,"sd","13:56:32",786600
81100,2100,300,"sd","13:56:32",785900
81200,2200,800,"bu","13:56:26",785600
81200,2200,100,"bu","13:56:26",784800
81200,2200,100,"bu","13:56:26",784700
81100,2100,100,"sd","13:56:24",784600
81100,2100,200,"sd","13:55:59",784500
81100,2100,2400,"sd","13:55:58",784300
81100,2100,2000,"sd","13:55:58",781900
81100,2100,1000,"sd","13:55:47",779900
81200,2200,4900,"bu","13:55:24",778900
81200,2200,100,"bu","13:55:24",774000
81200,2200,1000,"bu","13:55:24",773900
81200,2200,100,"bu","13:55:24",772900
81200,2200,3000,"bu","13:55:24",772800
81200,2200,100,"bu","13:55:24",769800
81200,2200,100,"bu","13:55:24",769700
81200,2200,500,"bu","13:55:24",769600
81200,2200,100,"bu","13:55:24",769100
81100,2100,100,"bu","13:55:24",769000
81100,2100,10000,"bu","13:55:24",768900
81100,2100,2600,"bu","13:55:16",758900
81100,2100,5400,"bu","13:55:16",756300
81100,2100,100,"bu","13:55:16",750900
81100,2100,200,"bu","13:55:16",750800
81100,2100,200,"bu","13:55:16",750600
81100,2100,600,"bu","13:55:16",750400
81100,2100,200,"bu","13:55:16",749800
81100,2100,500,"bu","13:55:16",749600
81100,2100,1200,"bu","13:55:16",749100
81100,2100,800,"bu","13:55:12",747900
81100,2100,100,"bu","13:55:12",747100
81100,2100,2000,"bu","13:55:12",747000
81100,2100,500,"bu","13:55:12",745000
81100,2100,200,"bu","13:55:12",744500
81100,2100,300,"bu","13:55:10",744300
81100,2100,200,"bu","13:55:10",744000
81100,2100,100,"bu","13:54:16",743800
81100,2100,2000,"bu","13:54:16",743700
81100,2100,100,"bu","13:54:16",741700
81100,2100,800,"bu","13:54:16",741600
81100,2100,100,"bu","13:54:11",740800
81100,2100,100,"bu","13:53:08",740700
81100,2100,1900,"bu","13:53:08",740600
81100,2100,2000,"bu","13:53:02",738700
81100,2100,400,"bu","13:52:55",736700
81100,2100,900,"bu","13:52:53",736300
81100,2100,5000,"bu","13:52:29",735400
81000,2000,2500,"sd","13:52:24",730400
81000,2000,2000,"sd","13:52:24",727900
81000,2000,1500,"sd","13:52:24",725900
81000,2000,200,"sd","13:52:24",724400
81000,2000,100,"sd","13:52:24",724200
81100,2100,100,"bu","13:52:03",724100
81100,2100,500,"bu","13:51:54",724000
81100,2100,1000,"bu","13:51:54",723500
81100,2100,100,"bu","13:51:54",722500
81100,2100,300,"bu","13:51:54",722400
81100,2100,4700,"bu","13:51:54",722100
81100,2100,100,"bu","13:51:54",717400
81100,2100,100,"bu","13:51:54",717300
81100,2100,1000,"bu","13:51:54",717200
81100,2100,1000,"bu","13:51:54",716200
81100,2100,200,"bu","13:51:54",715200
81100,2100,1000,"bu","13:51:54",715000
81000,2000,100,"sd","13:51:50",714000
81000,2000,1800,"sd","13:51:30",713900
81000,2000,200,"sd","13:51:30",712100
81000,2000,300,"sd","13:51:11",711900
81100,2100,100,"bu","13:51:05",711600
81100,2100,200,"bu","13:50:36",711500
81100,2100,200,"bu","13:50:36",711300
81100,2100,300,"bu","13:49:57",711100
81100,2100,100,"bu","13:49:57",710800
81000,2000,100,"sd","13:49:40",710700
81000,2000,500,"sd","13:49:27",710600
81000,2000,100,"sd","13:48:27",710100
81000,2000,100,"sd","13:47:43",710000
81000,2000,700,"sd","13:47:42",709900
81000,2000,100,"sd","13:47:42",709200
81000,2000,200,"sd","13:47:42",709100
81000,2000,100,"sd","13:47:01",708900
81000,2000,1700,"bu","13:46:55",708800
81000,2000,1000,"bu","13:46:52",707100
81000,2000,500,"bu","13:46:45",706100
81000,2000,400,"sd","13:46:43",705600
81000,2000,1000,"sd","13:46:43",705200
81000,2000,1200,"sd","13:46:43",704200
81000,2000,200,"sd","13:46:29",703000
81000,2000,600,"unknown","13:46:28",702800
81000,2000,100,"unknown","13:46:28",702200
81000,2000,200,"unknown","13:46:28",702100
81000,2000,100,"bu","13:46:28",701900
81000,2000,300,"bu","13:46:28",701800
81000,2000,1000,"bu","13:46:28",701500
81000,2000,2000,"bu","13:46:28",700500
81000,2000,400,"bu","13:46:28",698500
81000,2000,100,"bu","13:46:28",698100
81000,2000,400,"bu","13:46:28",698000
81000,2000,100,"bu","13:46:28",697600
81000,2000,500,"bu","13:46:28",697500
81000,2000,100,"bu","13:46:28",697000
81000,2000,200,"bu","13:46:28",696900
81000,2000,100,"bu","13:46:28",696700
81000,2000,200,"bu","13:46:28",696600
81000,2000,2000,"bu","13:46:28",696400
81000,2000,100,"bu","13:46:28",694400
81000,2000,100,"bu","13:46:28",694300
81000,2000,1000,"bu","13:46:18",694200
81000,2000,500,"bu","13:46:14",693200
81000,2000,500,"bu","13:46:14",692700
81000,2000,900,"bu","13:46:05",692200
81000,2000,100,"bu","13:46:05",691300
81000,2000,400,"bu","13:45:42",691200
81000,2000,400,"bu","13:45:31",690800
81000,2000,100,"bu","13:44:46",690400
81000,2000,2900,"bu","13:44:46",690300
81000,2000,1100,"bu","13:44:41",687400
81000,2000,1000,"bu","13:44:41",686300
81000,2000,100,"bu","13:44:41",685300
81000,2000,100,"bu","13:44:41",685200
81000,2000,100,"bu","13:44:41",685100
81000,2000,600,"bu","13:44:41",685000
81000,2000,100,"bu","13:44:19",684400
81000,2000,100,"bu","13:44:19",684300
81000,2000,100,"bu","13:44:19",684200
81000,2000,1000,"bu","13:44:11",684100
81000,2000,1900,"bu","13:44:05",683100
81000,2000,400,"bu","13:44:05",681200
81000,2000,200,"bu","13:41:04",680800
81000,2000,400,"bu","13:40:55",680600
81000,2000,200,"bu","13:40:55",680200
81000,2000,300,"bu","13:40:55",680000
81000,2000,500,"bu","13:40:55",679700
81000,2000,1600,"bu","13:40:55",679200
81000,2000,2700,"bu","13:40:50",677600
81000,2000,200,"bu","13:40:50",674900
81000,2000,100,"bu","13:40:50",674700
81000,2000,200,"bu","13:40:45",674600
81000,2000,100,"bu","13:40:45",674400
81000,2000,100,"bu","13:40:45",674300
81000,2000,100,"bu","13:40:45",674200
81000,2000,200,"bu","13:40:45",674100
81000,2000,700,"bu","13:40:45",673900
81000,2000,100,"bu","13:40:45",673200
81000,2000,200,"bu","13:40:41",673100
81000,2000,500,"bu","13:40:41",672900
81000,2000,100,"bu","13:40:41",672400
81000,2000,200,"bu","13:40:41",672300
81000,2000,400,"bu","13:40:41",672100
81000,2000,100,"bu","13:40:41",671700
81000,2000,600,"bu","13:40:41",671600
81000,2000,300,"bu","13:40:41",671000
81000,2000,200,"bu","13:40:41",670700
81000,2000,5200,"bu","13:40:41",670500
81000,2000,500,"bu","13:40:36",665300
81000,2000,1000,"bu","13:40:15",664800
81000,2000,300,"bu","13:40:05",663800
81000,2000,500,"bu","13:40:05",663500
81000,2000,100,"bu","13:40:05",663000
81000,2000,100,"bu","13:40:05",662900
81000,2000,100,"bu","13:40:05",662800
81000,2000,100,"bu","13:40:05",662700
81000,2000,200,"bu","13:40:05",662600
81000,2000,100,"bu","13:40:05",662400
81000,2000,100,"bu","13:40:05",662300
81000,2000,500,"bu","13:40:05",662200
81000,2000,100,"bu","13:40:05",661700
81000,2000,200,"bu","13:40:05",661600
81000,2000,300,"bu","13:40:05",661400
81000,2000,100,"bu","13:40:05",661100
81000,2000,100,"bu","13:40:05",661000
81000,2000,500,"bu","13:40:05",660900
81000,2000,100,"bu","13:40:05",660400
81000,2000,1500,"bu","13:40:05",660300
81000,2000,400,"bu","13:39:44",658800
80900,1900,300,"bu","13:38:51",658400
80900,1900,1900,"bu","13:38:51",658100
80900,1900,1000,"bu","13:38:08",656200
80900,1900,100,"bu","13:38:08",655200
81000,2000,200,"bu","13:38:00",655100
80900,1900,300,"bu","13:38:00",654900
80900,1900,500,"sd","13:37:59",654600
80900,1900,100,"sd","13:37:59",654100
80900,1900,100,"sd","13:37:59",654000
80900,1900,100,"sd","13:37:59",653900
80900,1900,500,"sd","13:37:59",653800
80900,1900,400,"sd","13:37:59",653300
80900,1900,1400,"sd","13:37:59",652900
81000,2000,400,"bu","13:36:43",651500
81000,2000,500,"bu","13:36:43",651100
81000,2000,500,"bu","13:36:43",650600
81000,2000,500,"bu","13:36:43",650100
81000,2000,100,"bu","13:36:43",649600
81000,2000,400,"bu","13:36:38",649500
81000,2000,500,"bu","13:36:38",649100
81000,2000,1100,"bu","13:36:38",648600
80900,1900,300,"sd","13:36:25",647500
80900,1900,100,"bu","13:36:02",647200
80900,1900,100,"bu","13:36:02",647100
80900,1900,100,"bu","13:36:02",647000
80900,1900,100,"bu","13:35:47",646900
80900,1900,300,"bu","13:35:47",646800
80900,1900,4600,"bu","13:35:47",646500
80900,1900,800,"bu","13:35:41",641900
80900,1900,1000,"bu","13:35:41",641100
80900,1900,300,"bu","13:35:41",640100
80900,1900,2000,"bu","13:35:41",639800
80900,1900,100,"bu","13:35:41",637800
80900,1900,100,"bu","13:35:41",637700
80900,1900,100,"bu","13:35:41",637600
80900,1900,600,"bu","13:35:41",637500
80900,1900,500,"bu","13:35:21",636900
80800,1800,2000,"sd","13:35:09",636400
80900,1900,400,"bu","13:34:56",634400
80900,1900,200,"bu","13:34:47",634000
80800,1800,100,"bu","13:34:47",633800
80800,1800,500,"sd","13:34:47",633700
80800,1800,7400,"sd","13:34:47",633200
80800,1800,200,"sd","13:34:47",625800
80900,1900,300,"bu","13:33:54",625600
80900,1900,100,"bu","13:33:54",625300
80900,1900,300,"bu","13:33:54",625200
80900,1900,200,"bu","13:33:54",624900
80700,1700,300,"sd","13:32:59",624700
80700,1700,4900,"sd","13:32:38",624400
80700,1700,5900,"sd","13:32:38",619500
80800,1800,300,"sd","13:32:38",613600
80800,1800,1900,"sd","13:32:38",613300
80800,1800,100,"bu","13:32:30",611400
80800,1800,1000,"bu","13:32:30",611300
80800,1800,200,"bu","13:32:30",610300
80800,1800,700,"bu","13:32:30",610100
80800,1800,100,"bu","13:32:30",609400
80800,1800,1000,"bu","13:32:30",609300
80800,1800,200,"bu","13:32:27",608300
80800,1800,300,"bu","13:32:25",608100
80800,1800,100,"bu","13:32:18",607800
80800,1800,400,"bu","13:31:58",607700
80700,1700,3000,"bu","13:31:05",607300
80700,1700,1100,"bu","13:31:05",604300
80700,1700,600,"bu","13:30:52",603200
80700,1700,100,"bu","13:30:52",602600
80700,1700,500,"bu","13:29:46",602500
80700,1700,100,"sd","13:29:34",602000
80700,1700,2000,"sd","13:29:34",601900
80700,1700,4000,"sd","13:29:34",599900
80700,1700,100,"sd","13:29:25",595900
80700,1700,5900,"bu","13:29:04",595800
80700,1700,300,"sd","13:28:55",589900
80700,1700,600,"sd","13:28:55",589600
80700,1700,1000,"bu","13:28:16",589000
80700,1700,3400,"bu","13:28:16",588000
80700,1700,100,"bu","13:28:01",584600
80700,1700,1400,"bu","13:27:59",584500
80700,1700,3300,"bu","13:27:24",583100
80700,1700,400,"bu","13:27:15",579800
80700,1700,300,"bu","13:27:07",579400
80700,1700,100,"bu","13:27:07",579100
80700,1700,100,"bu","13:27:07",579000
80700,1700,200,"bu","13:27:07",578900
80700,1700,4800,"bu","13:27:07",578700
80600,1600,100,"bu","13:26:56",573900
80600,1600,6100,"bu","13:26:56",573800
80500,1500,100,"sd","13:26:51",567700
80500,1500,1900,"sd","13:26:43",567600
80600,1600,100,"bu","13:26:36",565700
80600,1600,3100,"bu","13:26:07",565600
80600,1600,2700,"bu","13:25:58",562500
80500,1500,3500,"bu","13:25:47",559800
80500,1500,200,"bu","13:25:10",556300
80500,1500,5000,"sd","13:25:10",556100
80500,1500,4400,"sd","13:25:10",551100
80600,1600,2900,"sd","13:25:10",546700
80600,1600,400,"bu","13:24:44",543800
80600,1600,1700,"bu","13:24:44",543400
80600,1600,900,"bu","13:24:38",541700
80500,1500,5000,"sd","13:24:23",540800
80500,1500,2000,"bu","13:24:07",535800
80500,1500,100,"bu","13:23:44",533800
80500,1500,5000,"sd","13:23:35",533700
80500,1500,400,"sd","13:23:35",528700
80500,1500,100,"sd","13:23:35",528300
80500,1500,3400,"sd","13:23:35",528200
80600,1600,3300,"bu","13:22:45",524800
80500,1500,200,"bu","13:21:34",521500
80500,1500,6500,"bu","13:21:34",521300
80500,1500,100,"bu","13:21:12",514800
80500,1500,100,"bu","13:21:12",514700
80500,1500,300,"bu","13:21:12",514600
80500,1500,100,"bu","13:21:12",514300
80500,1500,9900,"bu","13:21:12",514200
80500,1500,100,"sd","13:20:58",504300
80500,1500,100,"sd","13:19:55",504200
80600,1600,100,"sd","13:19:54",504100
80600,1600,100,"sd","13:19:54",504000
80600,1600,400,"sd","13:19:54",503900
80600,1600,100,"sd","13:19:54",503500
80600,1600,100,"sd","13:19:54",503400
80600,1600,200,"sd","13:19:54",503300
80600,1600,200,"sd","13:19:54",503100
80600,1600,100,"sd","13:19:54",502900
80600,1600,100,"sd","13:19:54",502800
80600,1600,6700,"sd","13:19:54",502700
80600,1600,1500,"sd","13:19:41",496000
80600,1600,1500,"sd","13:19:28",494500
80600,1600,100,"sd","13:18:58",493000
80700,1700,200,"bu","13:18:02",492900
80700,1700,100,"bu","13:17:29",492700
80700,1700,200,"bu","13:17:12",492600
80600,1600,100,"sd","13:14:55",492400
80600,1600,300,"sd","13:14:55",492300
80600,1600,200,"sd","13:14:54",492000
80600,1600,200,"sd","13:14:54",491800
80600,1600,200,"sd","13:14:54",491600
80600,1600,100,"sd","13:14:39",491400
80600,1600,100,"sd","13:14:24",491300
80700,1700,100,"sd","13:13:58",491200
80700,1700,200,"sd","13:13:58",491100
80700,1700,200,"sd","13:13:58",490900
80700,1700,2000,"sd","13:13:58",490700
80700,1700,1000,"sd","13:13:58",488700
80700,1700,6200,"sd","13:13:58",487700
80800,1800,100,"bu","13:13:45",481500
80800,1800,200,"bu","13:13:32",481400
80700,1700,1000,"sd","13:13:23",481200
80700,1700,700,"sd","13:12:11",480200
80700,1700,500,"sd","13:11:51",479500
80800,1800,300,"bu","13:11:20",479000
80800,1800,300,"bu","13:11:04",478700
80800,1800,200,"bu","13:10:54",478400
80800,1800,300,"sd","13:09:53",478200
80800,1800,100,"sd","13:09:53",477900
80800,1800,300,"sd","13:08:47",477800
80800,1800,700,"sd","13:08:47",477500
80800,1800,300,"bu","13:08:36",476800
80800,1800,900,"bu","13:08:36",476500
80800,1800,500,"bu","13:08:23",475600
80700,1700,1600,"sd","13:08:20",475100
80700,1700,1000,"sd","13:08:20",473500
80700,1700,100,"sd","13:08:20",472500
80700,1700,300,"sd","13:08:20",472400
80700,1700,1000,"sd","13:08:20",472100
80700,1700,1000,"sd","13:08:20",471100
80800,1800,1300,"bu","13:08:11",470100
80800,1800,500,"bu","13:08:11",468800
80800,1800,200,"bu","13:08:11",468300
80800,1800,500,"bu","13:08:11",468100
80800,1800,100,"bu","13:08:03",467600
80800,1800,100,"bu","13:07:53",467500
80700,1700,100,"sd","13:07:39",467400
80700,1700,500,"sd","13:07:37",467300
80700,1700,300,"sd","13:07:00",466800
80700,1700,1000,"sd","13:06:44",466500
80700,1700,100,"sd","13:05:33",465500
80800,1800,100,"bu","13:05:12",465400
80800,1800,100,"sd","13:04:39",465300
80800,1800,100,"sd","13:04:39",465200
80800,1800,100,"sd","13:04:26",465100
80800,1800,100,"sd","13:04:26",465000
80800,1800,300,"sd","13:04:26",464900
80800,1800,600,"sd","13:04:22",464600
80800,1800,100,"sd","13:03:49",464000
80800,1800,200,"sd","13:03:49",463900
80800,1800,200,"sd","13:03:49",463700
80800,1800,500,"sd","13:03:31",463500
80800,1800,100,"sd","13:02:35",463000
80800,1800,400,"sd","13:02:34",462900
80800,1800,100,"sd","13:02:34",462500
80800,1800,100,"sd","13:02:03",462400
80800,1800,100,"sd","13:01:34",462300
80900,1900,100,"bu","13:00:55",462200
80900,1900,100,"bu","13:00:32",462100
80800,1800,500,"sd","13:00:05",462000
80800,1800,100,"sd","13:00:04",461500
80800,1800,100,"sd","13:00:03",461400
80800,1800,400,"sd","13:00:03",461300
80800,1800,100,"sd","13:00:02",460900
80900,1900,100,"bu","11:29:29",460800
80900,1900,100,"bu","11:28:03",460700
80900,1900,200,"bu","11:26:38",460600
80900,1900,100,"sd","11:26:37",460400
80900,1900,100,"sd","11:26:37",460300
80900,1900,100,"sd","11:26:35",460200
80900,1900,500,"sd","11:26:16",460100
81000,2000,900,"bu","11:26:05",459600
80900,1900,200,"bu","11:23:20",458700
80900,1900,300,"bu","11:23:20",458500
80900,1900,400,"bu","11:23:20",458200
80900,1900,100,"bu","11:23:20",457800
80900,1900,200,"bu","11:23:20",457700
80800,1800,100,"sd","11:22:15",457500
80800,1800,400,"sd","11:22:15",457400
80900,1900,100,"bu","11:20:56",457000
80900,1900,400,"bu","11:20:18",456900
80900,1900,200,"bu","11:19:30",456500
80900,1900,100,"sd","11:18:48",456300
80900,1900,200,"sd","11:18:48",456200
80900,1900,800,"sd","11:18:27",456000
80900,1900,100,"sd","11:18:27",455200
80900,1900,300,"sd","11:18:27",455100
80900,1900,100,"sd","11:18:24",454800
80900,1900,1600,"sd","11:16:10",454700
80900,1900,100,"sd","11:16:10",453100
80900,1900,100,"sd","11:16:10",453000
80900,1900,200,"sd","11:16:10",452900
80900,1900,100,"sd","11:16:10",452700
80900,1900,900,"sd","11:16:10",452600
81000,2000,1000,"bu","11:15:36",451700
81000,2000,100,"bu","11:15:36",450700
81000,2000,1900,"bu","11:15:36",450600
80900,1900,100,"sd","11:15:28",448700
80900,1900,400,"sd","11:15:28",448600
81000,2000,900,"bu","11:15:12",448200
80900,1900,2000,"sd","11:15:06",447300
80900,1900,100,"sd","11:15:05",445300
80900,1900,100,"sd","11:15:05",445200
80900,1900,500,"sd","11:14:47",445100
80900,1900,100,"sd","11:14:39",444600
80900,1900,3000,"sd","11:12:27",444500
81000,2000,2000,"bu","11:12:02",441500
81000,2000,1000,"bu","11:11:51",439500
81000,2000,400,"bu","11:10:41",438500
80900,1900,1300,"sd","11:10:15",438100
80900,1900,200,"sd","11:10:15",436800
80900,1900,100,"sd","11:10:15",436600
80900,1900,100,"sd","11:10:15",436500
80900,1900,200,"sd","11:10:15",436400
80900,1900,100,"sd","11:09:43",436200
80900,1900,100,"sd","11:09:43",436100
80900,1900,2000,"sd","11:08:26",436000
80900,1900,100,"sd","11:08:00",434000
80900,1900,1400,"sd","11:08:00",433900
80900,1900,100,"sd","11:08:00",432500
80900,1900,1000,"sd","11:08:00",432400
80900,1900,1000,"sd","11:08:00",431400
80900,1900,100,"sd","11:08:00",430400
80900,1900,200,"sd","11:08:00",430300
80900,1900,100,"sd","11:08:00",430100
81000,2000,400,"bu","11:05:33",430000
81000,2000,100,"bu","11:04:09",429600
81000,2000,1000,"bu","11:03:11",429500
81000,2000,500,"bu","11:03:05",428500
80900,1900,100,"sd","11:02:00",428000
81000,2000,1800,"bu","11:01:56",427900
81000,2000,2000,"bu","11:01:56",426100
81000,2000,1200,"bu","11:01:56",424100
81000,2000,7100,"bu","11:01:42",422900
81000,2000,1000,"bu","11:01:07",415800
81000,2000,1000,"bu","11:01:02",414800
81000,2000,500,"bu","11:00:59",413800
81000,2000,500,"bu","11:00:55",413300
81000,2000,700,"bu","11:00:42",412800
81000,2000,200,"bu","11:00:42",412100
81000,2000,600,"bu","11:00:42",411900
81000,2000,200,"bu","11:00:36",411300
81000,2000,300,"bu","11:00:36",411100
80900,1900,1300,"sd","11:00:01",410800
80900,1900,100,"sd","11:00:00",409500
80900,1900,400,"sd","11:00:00",409400
80900,1900,100,"sd","11:00:00",409000
80900,1900,100,"sd","11:00:00",408900
81000,2000,200,"bu","10:59:39",408800
81000,2000,100,"bu","10:59:39",408600
81000,2000,100,"bu","10:59:39",408500
81000,2000,100,"bu","10:59:39",408400
81000,2000,200,"bu","10:59:39",408300
81000,2000,100,"bu","10:59:39",408100
80900,1900,300,"sd","10:59:23",408000
80900,1900,100,"sd","10:59:22",407700
81000,2000,500,"bu","10:59:18",407600
81000,2000,500,"bu","10:59:18",407100
80900,1900,100,"sd","10:59:08",406600
80900,1900,200,"sd","10:58:55",406500
80900,1900,100,"sd","10:58:51",406300
80900,1900,100,"sd","10:58:48",406200
80900,1900,900,"sd","10:58:48",406100
80900,1900,100,"sd","10:57:47",405200
80900,1900,100,"sd","10:57:47",405100
81000,2000,1000,"bu","10:56:44",405000
80900,1900,800,"sd","10:56:23",404000
80900,1900,1000,"sd","10:56:23",403200
80900,1900,100,"sd","10:56:23",402200
81000,2000,400,"bu","10:54:09",402100
81000,2000,100,"bu","10:53:56",401700
81000,2000,400,"bu","10:53:56",401600
81000,2000,100,"bu","10:53:56",401200
81000,2000,200,"bu","10:53:56",401100
81000,2000,100,"bu","10:53:56",400900
81000,2000,100,"bu","10:53:56",400800
81000,2000,100,"bu","10:53:56",400700
81000,2000,100,"bu","10:53:44",400600
81000,2000,100,"bu","10:53:44",400500
81000,2000,100,"bu","10:53:44",400400
81000,2000,300,"bu","10:53:44",400300
81000,2000,300,"bu","10:53:44",400000
81000,2000,100,"bu","10:53:44",399700
81000,2000,100,"bu","10:53:44",399600
81000,2000,100,"bu","10:53:44",399500
81000,2000,100,"bu","10:53:44",399400
81000,2000,100,"bu","10:53:43",399300
81000,2000,500,"bu","10:53:43",399200
81000,2000,100,"bu","10:53:43",398700
81000,2000,100,"bu","10:53:43",398600
81000,2000,200,"bu","10:53:43",398500
81000,2000,1000,"bu","10:53:43",398300
81000,2000,300,"bu","10:53:43",397300
81000,2000,200,"bu","10:53:43",397000
81000,2000,100,"bu","10:53:43",396800
81000,2000,1000,"bu","10:53:43",396700
81000,2000,100,"bu","10:53:43",395700
81000,2000,100,"bu","10:53:33",395600
81000,2000,200,"bu","10:53:33",395500
81000,2000,200,"bu","10:53:33",395300
81000,2000,300,"bu","10:53:28",395100
81000,2000,300,"bu","10:53:28",394800
81000,2000,500,"bu","10:53:09",394500
81000,2000,400,"bu","10:52:23",394000
81000,2000,300,"bu","10:52:12",393600
81000,2000,200,"bu","10:52:12",393300
81000,2000,100,"bu","10:52:12",393100
81000,2000,200,"bu","10:52:12",393000
81000,2000,200,"bu","10:52:12",392800
81000,2000,200,"bu","10:52:12",392600
81000,2000,100,"bu","10:52:12",392400
81000,2000,1000,"bu","10:52:12",392300
81000,2000,100,"bu","10:52:12",391300
81000,2000,1000,"bu","10:52:12",391200
81000,2000,100,"bu","10:52:12",390200
81000,2000,100,"bu","10:52:12",390100
81000,2000,200,"bu","10:52:12",390000
81000,2000,100,"bu","10:52:12",389800
81000,2000,200,"bu","10:52:12",389700
81000,2000,900,"bu","10:52:12",389500
81000,2000,600,"bu","10:51:56",388600
81000,2000,3200,"bu","10:51:27",388000
81000,2000,500,"bu","10:51:27",384800
81000,2000,100,"bu","10:51:27",384300
81000,2000,400,"bu","10:51:27",384200
81000,2000,600,"bu","10:51:27",383800
81000,2000,2200,"bu","10:51:27",383200
81000,2000,600,"bu","10:51:18",381000
81000,2000,500,"bu","10:51:14",380400
80800,1800,1000,"sd","10:51:12",379900
80900,1900,600,"sd","10:51:12",378900
80900,1900,400,"sd","10:51:12",378300
80900,1900,200,"bu","10:51:02",377900
80900,1900,100,"bu","10:50:58",377700
80900,1900,200,"bu","10:50:55",377600
80900,1900,200,"bu","10:50:55",377400
80900,1900,200,"bu","10:50:54",377200
80900,1900,100,"bu","10:50:54",377000
80900,1900,100,"bu","10:50:54",376900
80900,1900,200,"bu","10:50:53",376800
80900,1900,100,"bu","10:50:53",376600
80900,1900,100,"bu","10:50:53",376500
80900,1900,500,"bu","10:50:53",376400
80900,1900,400,"bu","10:50:53",375900
80900,1900,300,"bu","10:50:50",375500
80900,1900,700,"bu","10:50:43",375200
80900,1900,100,"bu","10:50:42",374500
80900,1900,1000,"bu","10:50:41",374400
80900,1900,200,"bu","10:50:39",373400
80900,1900,2300,"bu","10:50:38",373200
80900,1900,3100,"bu","10:50:38",370900
80900,1900,100,"bu","10:50:38",367800
80900,1900,200,"bu","10:50:38",367700
80900,1900,500,"bu","10:50:38",367500
80900,1900,100,"bu","10:50:38",367000
80900,1900,1700,"bu","10:50:38",366900
80900,1900,300,"bu","10:50:32",365200
80900,1900,7700,"bu","10:50:32",364900
80900,1900,1500,"bu","10:50:12",357200
80900,1900,200,"bu","10:49:33",355700
80900,1900,300,"bu","10:49:27",355500
80900,1900,300,"bu","10:49:00",355200
80900,1900,100,"bu","10:49:00",354900
80900,1900,200,"bu","10:48:19",354800
80800,1800,100,"sd","10:48:08",354600
80800,1800,300,"sd","10:46:02",354500
80900,1900,100,"bu","10:46:02",354200
80900,1900,100,"bu","10:46:02",354100
80900,1900,600,"bu","10:46:02",354000
80800,1800,100,"bu","10:45:21",353400
80800,1800,100,"bu","10:45:21",353300
80800,1800,100,"bu","10:45:21",353200
80800,1800,100,"bu","10:45:15",353100
80800,1800,400,"bu","10:44:07",353000
80800,1800,100,"bu","10:43:51",352600
80800,1800,200,"sd","10:43:48",352500
80800,1800,500,"sd","10:43:48",352300
80800,1800,200,"sd","10:43:48",351800
80800,1800,1000,"sd","10:43:48",351600
80800,1800,100,"sd","10:43:48",350600
80900,1900,100,"bu","10:43:30",350500
80900,1900,1300,"bu","10:43:22",350400
80900,1900,100,"bu","10:43:22",349100
80900,1900,100,"bu","10:43:22",349000
80900,1900,100,"bu","10:43:22",348900
80900,1900,100,"bu","10:43:22",348800
80900,1900,100,"bu","10:43:22",348700
80900,1900,200,"bu","10:42:58",348600
80900,1900,200,"bu","10:42:24",348400
80900,1900,100,"bu","10:41:35",348200
80900,1900,300,"bu","10:41:35",348100
80800,1800,100,"sd","10:41:15",347800
80800,1800,300,"sd","10:41:15",347700
80800,1800,100,"sd","10:41:15",347400
80900,1900,100,"bu","10:40:59",347300
80900,1900,200,"bu","10:40:50",347200
80800,1800,200,"sd","10:40:48",347000
80900,1900,200,"bu","10:40:42",346800
80800,1800,100,"sd","10:40:28",346600
80800,1800,100,"sd","10:40:15",346500
80800,1800,1100,"sd","10:39:47",346400
80900,1900,100,"bu","10:39:43",345300
80800,1800,800,"sd","10:39:41",345200
80800,1800,200,"sd","10:39:41",344400
80900,1900,100,"bu","10:39:33",344200
80900,1900,100,"bu","10:38:43",344100
80800,1800,200,"sd","10:38:43",344000
80900,1900,100,"bu","10:38:38",343800
80800,1800,100,"sd","10:38:03",343700
80800,1800,200,"sd","10:38:03",343600
80900,1900,200,"bu","10:37:47",343400
80900,1900,200,"bu","10:36:42",343200
80900,1900,200,"bu","10:35:16",343000
80900,1900,200,"bu","10:35:10",342800
80800,1800,100,"sd","10:34:55",342600
80900,1900,100,"bu","10:34:21",342500
80900,1900,100,"bu","10:34:21",342400
80900,1900,100,"bu","10:34:21",342300
80900,1900,200,"bu","10:34:19",342200
80900,1900,100,"bu","10:34:06",342000
80900,1900,200,"bu","10:34:00",341900
80900,1900,300,"bu","10:34:00",341700
80900,1900,700,"bu","10:33:50",341400
80900,1900,1000,"bu","10:33:50",340700
80900,1900,300,"bu","10:33:50",339700
80900,1900,100,"bu","10:33:37",339400
80900,1900,300,"bu","10:33:08",339300
80900,1900,500,"bu","10:33:08",339000
80900,1900,100,"bu","10:33:08",338500
80900,1900,1000,"bu","10:33:08",338400
80900,1900,100,"bu","10:33:08",337400
80800,1800,200,"bu","10:32:52",337300
80800,1800,800,"bu","10:32:52",337100
80800,1800,1000,"bu","10:32:50",336300
80800,1800,200,"bu","10:32:48",335300
80800,1800,100,"bu","10:32:48",335100
80800,1800,200,"bu","10:32:48",335000
80800,1800,100,"bu","10:32:48",334800
80800,1800,200,"bu","10:32:48",334700
80800,1800,100,"bu","10:32:48",334500
80800,1800,500,"bu","10:32:48",334400
80800,1800,100,"bu","10:32:48",333900
80800,1800,100,"bu","10:32:48",333800
80800,1800,100,"bu","10:32:48",333700
80800,1800,100,"bu","10:32:48",333600
80800,1800,200,"bu","10:32:48",333500
80800,1800,2000,"bu","10:32:48",333300
80800,1800,200,"bu","10:32:48",331300
80800,1800,100,"bu","10:32:48",331100
80800,1800,100,"bu","10:32:48",331000
80800,1800,600,"bu","10:32:48",330900
80800,1800,100,"bu","10:32:32",330300
80800,1800,100,"bu","10:32:30",330200
80700,1700,200,"bu","10:32:08",330100
80700,1700,400,"bu","10:32:08",329900
80700,1700,2000,"bu","10:32:08",329500
80700,1700,100,"bu","10:32:08",327500
80700,1700,500,"bu","10:32:08",327400
80700,1700,3000,"bu","10:32:08",326900
80700,1700,100,"bu","10:32:08",323900
80700,1700,300,"bu","10:32:08",323800
80700,1700,8500,"bu","10:32:08",323500
80700,1700,1000,"bu","10:32:05",315000
80700,1700,500,"bu","10:31:29",314000
80700,1700,4500,"bu","10:31:29",313500
80700,1700,200,"bu","10:31:28",309000
80700,1700,100,"bu","10:31:07",308800
80700,1700,100,"bu","10:31:03",308700
80700,1700,100,"bu","10:30:51",308600
80600,1600,600,"bu","10:27:57",308500
80600,1600,900,"bu","10:27:44",307900
80600,1600,2000,"bu","10:27:44",307000
80600,1600,100,"bu","10:27:44",305000
80600,1600,2000,"bu","10:27:44",304900
80500,1500,900,"bu","10:25:14",302900
80500,1500,200,"sd","10:25:02",302000
80500,1500,200,"sd","10:25:02",301800
80500,1500,400,"sd","10:25:02",301600
80500,1500,1000,"sd","10:25:02",301200
80500,1500,300,"sd","10:25:02",300200
80500,1500,200,"sd","10:23:38",299900
80500,1500,1000,"sd","10:23:08",299700
80500,1500,100,"sd","10:23:00",298700
80500,1500,100,"sd","10:22:18",298600
80500,1500,300,"bu","10:22:01",298500
80500,1500,100,"bu","10:21:43",298200
80500,1500,2000,"bu","10:21:43",298100
80500,1500,200,"bu","10:21:43",296100
80500,1500,600,"bu","10:21:43",295900
80500,1500,1000,"bu","10:21:43",295300
80500,1500,100,"bu","10:21:43",294300
80500,1500,300,"bu","10:21:43",294200
80500,1500,1400,"bu","10:21:43",293900
80500,1500,4300,"bu","10:21:43",292500
80400,1400,500,"sd","10:20:51",288200
80400,1400,400,"sd","10:20:36",287700
80400,1400,400,"sd","10:20:36",287300
80400,1400,600,"sd","10:20:36",286900
80400,1400,1000,"sd","10:20:08",286300
80400,1400,400,"sd","10:19:35",285300
80400,1400,1000,"sd","10:19:35",284900
80400,1400,300,"sd","10:19:08",283900
80400,1400,100,"sd","10:19:08",283600
80400,1400,200,"sd","10:19:08",283500
80400,1400,200,"sd","10:19:08",283300
80400,1400,200,"sd","10:19:08",283100
80500,1500,300,"unknown","10:18:23",282900
80500,1500,1000,"sd","10:18:23",282600
80500,1500,1000,"sd","10:18:16",281600
80500,1500,3000,"sd","10:17:52",280600
80500,1500,5000,"sd","10:17:37",277600
80500,1500,300,"bu","10:17:12",272600
80500,1500,200,"bu","10:17:00",272300
80500,1500,200,"bu","10:16:50",272100
80500,1500,300,"bu","10:16:41",271900
80500,1500,8200,"bu","10:16:41",271600
80500,1500,200,"bu","10:16:41",263400
80500,1500,500,"bu","10:16:41",263200
80500,1500,200,"bu","10:16:41",262700
80500,1500,600,"bu","10:16:41",262500
80500,1500,100,"bu","10:15:46",261900
80500,1500,100,"bu","10:15:46",261800
80500,1500,200,"bu","10:15:43",261700
80500,1500,100,"bu","10:15:43",261500
80500,1500,100,"bu","10:15:12",261400
80500,1500,800,"sd","10:14:11",261300
80500,1500,300,"sd","10:14:11",260500
80300,1300,4500,"sd","10:14:11",260200
80500,1500,4100,"sd","10:14:11",255700
80300,1300,200,"sd","10:14:11",251600
80400,1400,3000,"sd","10:14:11",251400
80400,1400,300,"sd","10:14:11",248400
80400,1400,300,"sd","10:14:11",248100
80400,1400,300,"sd","10:14:11",247800
80400,1400,400,"sd","10:14:11",247500
80400,1400,600,"sd","10:14:11",247100
80400,1400,100,"sd","10:14:11",246500
80400,1400,400,"sd","10:14:11",246400
80400,1400,2500,"sd","10:14:11",246000
80500,1500,5000,"sd","10:13:34",243500
80500,1500,600,"bu","10:12:55",238500
80500,1500,300,"bu","10:12:55",237900
80500,1500,300,"bu","10:12:19",237600
80500,1500,200,"sd","10:12:13",237300
80500,1500,200,"sd","10:12:13",237100
80500,1500,200,"sd","10:12:02",236900
80500,1500,2000,"sd","10:12:02",236700
80500,1500,700,"sd","10:12:02",234700
80500,1500,2100,"sd","10:12:02",234000
80500,1500,2900,"sd","10:11:41",231900
80500,1500,100,"sd","10:11:41",229000
80600,1600,1000,"bu","10:11:39",228900
80500,1500,200,"sd","10:11:10",227900
80500,1500,500,"sd","10:11:10",227700
80500,1500,500,"sd","10:11:10",227200
80500,1500,500,"sd","10:11:10",226700
80500,1500,300,"sd","10:11:10",226200
80600,1600,100,"bu","10:11:09",225900
80500,1500,1500,"sd","10:10:23",225800
80500,1500,100,"sd","10:10:21",224300
80500,1500,300,"sd","10:10:03",224200
80500,1500,2000,"sd","10:08:10",223900
80500,1500,100,"sd","10:08:00",221900
80500,1500,200,"sd","10:06:27",221800
80500,1500,1800,"sd","10:06:27",221600
80600,1600,200,"bu","10:06:23",219800
80500,1500,200,"sd","10:06:16",219600
80500,1500,400,"sd","10:06:00",219400
80600,1600,200,"bu","10:05:42",219000
80600,1600,100,"bu","10:05:21",218800
80600,1600,100,"bu","10:05:01",218700
80600,1600,200,"bu","10:04:54",218600
80600,1600,300,"sd","10:04:53",218400
80600,1600,400,"sd","10:04:53",218100
80600,1600,200,"sd","10:04:53",217700
80600,1600,300,"sd","10:04:53",217500
80600,1600,300,"sd","10:04:53",217200
80600,1600,1000,"sd","10:04:53",216900
80600,1600,100,"sd","10:04:36",215900
80600,1600,100,"sd","10:04:36",215800
80700,1700,100,"bu","10:04:28",215700
80700,1700,100,"bu","10:04:13",215600
80700,1700,100,"bu","10:03:24",215500
80700,1700,100,"bu","10:03:12",215400
80600,1600,100,"sd","10:02:37",215300
80600,1600,200,"sd","10:02:37",215200
80600,1600,1000,"sd","10:02:35",215000
80700,1700,800,"bu","10:02:32",214000
80700,1700,300,"sd","10:01:59",213200
80700,1700,100,"sd","10:01:59",212900
80700,1700,200,"sd","10:01:59",212800
80700,1700,1200,"bu","10:01:09",212600
80700,1700,100,"bu","10:01:09",211400
80700,1700,200,"bu","10:01:09",211300
80700,1700,2100,"bu","10:01:09",211100
80700,1700,1600,"bu","10:01:05",209000
80700,1700,1300,"bu","10:01:02",207400
80700,1700,100,"bu","10:01:02",206100
80700,1700,500,"bu","10:01:02",206000
80700,1700,2500,"bu","10:01:02",205500
80700,1700,600,"bu","10:01:02",203000
80600,1600,100,"sd","10:00:51",202400
80600,1600,100,"sd","09:59:28",202300
80600,1600,400,"bu","09:59:05",202200
80600,1600,100,"sd","09:59:00",201800
80600,1600,100,"sd","09:58:57",201700
80600,1600,100,"sd","09:58:43",201600
80600,1600,100,"sd","09:58:29",201500
80700,1700,400,"bu","09:57:52",201400
80800,1800,300,"bu","09:56:11",201000
80800,1800,1100,"bu","09:55:34",200700
80800,1800,1700,"bu","09:55:30",199600
80800,1800,100,"bu","09:55:30",197900
80800,1800,200,"bu","09:55:25",197800
80700,1700,100,"bu","09:55:25",197600
80600,1600,1000,"sd","09:55:04",197500
80600,1600,100,"bu","09:55:03",196500
80600,1600,100,"bu","09:55:03",196400
80600,1600,1000,"bu","09:55:03",196300
80600,1600,1000,"bu","09:55:03",195300
80500,1500,1000,"sd","09:54:54",194300
80500,1500,100,"bu","09:54:51",193300
80500,1500,500,"bu","09:54:51",193200
80500,1500,600,"bu","09:54:19",192700
80500,1500,100,"bu","09:54:19",192100
80500,1500,200,"bu","09:54:19",192000
80500,1500,6100,"bu","09:54:19",191800
80500,1500,200,"bu","09:53:35",185700
80400,1400,200,"sd","09:53:16",185500
80400,1400,100,"sd","09:52:59",185300
80500,1500,300,"bu","09:52:07",185200
80500,1500,200,"bu","09:52:00",184900
80500,1500,500,"bu","09:52:00",184700
80500,1500,4300,"bu","09:52:00",184200
80500,1500,700,"bu","09:51:51",179900
80500,1500,300,"bu","09:51:51",179200
80500,1500,100,"bu","09:51:05",178900
80500,1500,800,"bu","09:51:05",178800
80500,1500,2500,"bu","09:51:05",178000
80500,1500,100,"bu","09:51:05",175500
80500,1500,100,"sd","09:48:25",175400
80500,1500,400,"sd","09:48:25",175300
80500,1500,100,"sd","09:46:49",174900
80500,1500,1500,"sd","09:46:40",174800
80500,1500,300,"sd","09:45:28",173300
80500,1500,1000,"sd","09:45:28",173000
80500,1500,700,"sd","09:45:28",172000
80500,1500,4300,"sd","09:44:21",171300
80500,1500,100,"sd","09:44:21",167000
80500,1500,600,"sd","09:44:21",166900
80700,1700,200,"bu","09:44:19",166300
80500,1500,500,"sd","09:44:10",166100
80500,1500,500,"sd","09:43:53",165600
80500,1500,500,"sd","09:43:34",165100
80500,1500,500,"sd","09:43:03",164600
80500,1500,1900,"sd","09:42:39",164100
80700,1700,100,"sd","09:42:39",162200
80700,1700,300,"sd","09:42:27",162100
80700,1700,500,"sd","09:42:24",161800
80800,1800,100,"bu","09:42:15",161300
80700,1700,100,"sd","09:41:51",161200
80700,1700,100,"sd","09:41:28",161100
80700,1700,900,"sd","09:41:06",161000
80700,1700,100,"sd","09:41:06",160100
80700,1700,300,"sd","09:40:45",160000
80700,1700,300,"sd","09:40:45",159700
80700,1700,1000,"sd","09:40:45",159400
80700,1700,1400,"sd","09:40:45",158400
80800,1800,500,"bu","09:39:42",157000
80800,1800,200,"bu","09:38:42",156500
80800,1800,300,"bu","09:38:42",156300
80700,1700,100,"sd","09:38:16",156000
80700,1700,100,"sd","09:37:42",155900
80800,1800,100,"sd","09:37:36",155800
80800,1800,500,"sd","09:37:22",155700
80800,1800,100,"sd","09:37:12",155200
80800,1800,1000,"sd","09:36:38",155100
80900,1900,100,"sd","09:36:31",154100
80900,1900,100,"sd","09:36:27",154000
81000,2000,1500,"bu","09:36:26",153900
81000,2000,100,"bu","09:35:35",152400
81000,2000,100,"bu","09:35:13",152300
80900,1900,300,"sd","09:35:08",152200
80900,1900,500,"sd","09:35:08",151900
81000,2000,3000,"bu","09:35:01",151400
81000,2000,200,"bu","09:35:01",148400
81000,2000,1500,"bu","09:35:01",148200
81000,2000,300,"bu","09:35:01",146700
81000,2000,200,"bu","09:34:49",146400
81000,2000,200,"bu","09:34:49",146200
81000,2000,100,"bu","09:34:34",146000
81000,2000,100,"bu","09:34:34",145900
81000,2000,200,"bu","09:34:34",145800
81000,2000,600,"bu","09:34:34",145600
81000,2000,100,"bu","09:34:17",145000
81000,2000,100,"bu","09:34:17",144900
81000,2000,300,"bu","09:34:17",144800
81000,2000,100,"bu","09:34:17",144500
81000,2000,1400,"bu","09:34:17",144400
81000,2000,600,"bu","09:34:14",143000
81000,2000,500,"bu","09:34:14",142400
81000,2000,500,"bu","09:34:14",141900
81000,2000,1400,"bu","09:34:14",141400
80900,1900,100,"sd","09:34:11",140000
80900,1900,400,"sd","09:34:05",139900
80900,1900,100,"sd","09:34:03",139500
81000,2000,600,"sd","09:33:39",139400
81000,2000,3000,"sd","09:33:36",138800
81000,2000,1600,"sd","09:33:33",135800
81000,2000,8400,"sd","09:33:33",134200
81000,2000,100,"sd","09:33:32",125800
81000,2000,1000,"sd","09:33:32",125700
81000,2000,1200,"sd","09:33:28",124700
81100,2100,400,"bu","09:33:22",123500
81100,2100,200,"bu","09:33:04",123100
81100,2100,1300,"bu","09:33:04",122900
81100,2100,300,"sd","09:33:00",121600
81100,2100,100,"sd","09:32:57",121300
81100,2100,600,"sd","09:32:57",121200
81100,2100,100,"sd","09:32:51",120600
81100,2100,100,"bu","09:32:49",120500
81100,2100,200,"bu","09:32:49",120400
81100,2100,200,"bu","09:32:45",120200
81100,2100,1000,"bu","09:32:44",120000
81100,2100,100,"sd","09:32:39",119000
81100,2100,100,"sd","09:32:32",118900
81000,2000,1100,"sd","09:32:22",118800
81100,2100,100,"sd","09:32:22",117700
81100,2100,100,"sd","09:32:22",117600
81100,2100,200,"sd","09:32:22",117500
81200,2200,100,"bu","09:32:20",117300
81200,2200,1000,"bu","09:32:20",117200
81200,2200,100,"bu","09:32:20",116200
81100,2100,1000,"bu","09:32:07",116100
81000,2000,100,"sd","09:32:05",115100
81000,2000,100,"sd","09:32:00",115000
81000,2000,200,"bu","09:31:55",114900
81000,2000,4600,"bu","09:31:55",114700
81000,2000,400,"bu","09:31:55",110100
81000,2000,100,"bu","09:31:55",109700
81000,2000,100,"bu","09:31:55",109600
81000,2000,100,"bu","09:31:55",109500
81000,2000,100,"bu","09:31:55",109400
81000,2000,300,"bu","09:31:55",109300
81000,2000,5000,"bu","09:31:55",109000
81000,2000,3000,"bu","09:31:55",104000
81000,2000,2600,"bu","09:31:55",101000
81000,2000,400,"bu","09:31:50",98400
81000,2000,1000,"bu","09:31:50",98000
81000,2000,700,"bu","09:31:50",97000
81000,2000,200,"bu","09:31:50",96300
81000,2000,1000,"bu","09:31:50",96100
81000,2000,500,"bu","09:31:50",95100
81000,2000,300,"bu","09:31:50",94600
81000,2000,200,"bu","09:31:50",94300
81000,2000,1000,"bu","09:31:50",94100
81000,2000,900,"bu","09:31:50",93100
81000,2000,100,"bu","09:31:50",92200
81000,2000,100,"bu","09:31:50",92100
81000,2000,200,"bu","09:31:50",92000
81000,2000,100,"bu","09:31:50",91800
81000,2000,100,"bu","09:31:50",91700
81000,2000,1000,"bu","09:31:50",91600
81000,2000,100,"bu","09:31:50",90600
81000,2000,300,"bu","09:31:50",90500
81000,2000,1000,"bu","09:31:50",90200
81000,2000,500,"bu","09:31:50",89200
81000,2000,300,"bu","09:31:50",88700
80900,1900,500,"bu","09:31:44",88400
80800,1800,100,"sd","09:31:31",87900
80800,1800,500,"bu","09:31:24",87800
80800,1800,500,"bu","09:31:24",87300
80800,1800,2300,"bu","09:31:24",86800
80800,1800,200,"bu","09:31:21",84500
80800,1800,2000,"bu","09:31:18",84300
80800,1800,1000,"bu","09:31:18",82300
80600,1600,1000,"sd","09:31:14",81300
80700,1700,100,"bu","09:31:13",80300
80700,1700,600,"bu","09:31:13",80200
80600,1600,200,"sd","09:31:10",79600
80600,1600,6000,"bu","09:31:05",79400
80600,1600,1000,"bu","09:31:05",73400
80600,1600,100,"bu","09:31:05",72400
80500,1500,200,"sd","09:31:05",72300
80500,1500,300,"bu","09:31:01",72100
80500,1500,2700,"bu","09:30:58",71800
80500,1500,1000,"bu","09:30:58",69100
80500,1500,100,"bu","09:30:58",68100
80500,1500,1000,"bu","09:30:58",68000
80500,1500,100,"bu","09:30:58",67000
80500,1500,100,"bu","09:30:58",66900
80500,1500,100,"bu","09:30:58",66800
80500,1500,300,"bu","09:30:58",66700
80500,1500,500,"bu","09:30:58",66400
80500,1500,100,"bu","09:30:58",65900
80500,1500,600,"bu","09:30:58",65800
80500,1500,100,"bu","09:30:58",65200
80500,1500,1000,"bu","09:30:58",65100
80500,1500,300,"bu","09:30:58",64100
80400,1400,100,"bu","09:30:55",63800
80400,1400,100,"bu","09:30:55",63700
80300,1300,200,"bu","09:30:44",63600
80300,1300,200,"bu","09:30:44",63400
80300,1300,100,"bu","09:30:40",63200
80300,1300,100,"bu","09:30:35",63100
80200,1200,500,"bu","09:30:26",63000
80200,1200,900,"bu","09:30:25",62500
80200,1200,100,"bu","09:30:25",61600
80200,1200,1900,"bu","09:30:23",61500
80200,1200,100,"bu","09:30:23",59600
80100,1100,100,"bu","09:30:20",59500
80100,1100,100,"bu","09:30:20",59400
80000,1000,300,"sd","09:30:00",59300
80000,1000,400,"sd","09:30:00",59000
80000,1000,300,"sd","09:30:00",58600
80000,1000,400,"sd","09:30:00",58300
80000,1000,100,"sd","09:30:00",57900
80000,1000,500,"sd","09:30:00",57800
80000,1000,300,"bu","09:30:00",57300
80000,1000,1000,"bu","09:30:00",57000
80000,1000,3000,"bu","09:30:00",56000
80000,1000,100,"bu","09:30:00",53000
80000,1000,100,"bu","09:30:00",52900
80000,1000,100,"bu","09:30:00",52800
80000,1000,200,"bu","09:30:00",52700
80000,1000,100,"bu","09:30:00",52500
80000,1000,100,"bu","09:30:00",52400
80000,1000,100,"bu","09:30:00",52300
80000,1000,5000,"bu","09:30:00",52200
80000,1000,200,"bu","09:30:00",47200
80000,1000,100,"bu","09:30:00",47000
80000,1000,100,"bu","09:30:00",46900
80000,1000,800,"bu","09:30:00",46800
80000,1000,100,"bu","09:30:00",46000
80000,1000,200,"bu","09:30:00",45900
80000,1000,100,"bu","09:30:00",45700
80000,1000,500,"bu","09:30:00",45600
80000,1000,300,"bu","09:30:00",45100
80000,1000,400,"bu","09:30:00",44800
80000,1000,400,"bu","09:30:00",44400
80000,1000,400,"bu","09:30:00",44000
80000,1000,200,"bu","09:30:00",43600
80000,1000,100,"bu","09:30:00",43400
80000,1000,1300,"bu","09:30:00",43300
80000,1000,1300,"bu","09:30:00",42000
80000,1000,1000,"bu","09:30:00",40700
80000,1000,200,"bu","09:30:00",39700
80000,1000,200,"bu","09:29:43",39500
80000,1000,200,"bu","09:29:33",39300
79700,700,100,"sd","09:29:27",39100
80000,1000,500,"bu","09:29:16",39000
80000,1000,200,"bu","09:29:15",38500
80000,1000,100,"bu","09:29:15",38300
79900,900,300,"bu","09:29:15",38200
79900,900,100,"bu","09:29:15",37900
79900,900,100,"bu","09:28:51",37800
79900,900,1000,"bu","09:28:51",37700
79900,900,600,"bu","09:28:51",36700
79900,900,100,"bu","09:28:51",36100
79900,900,1000,"bu","09:28:51",36000
79800,800,200,"bu","09:28:51",35000
79800,800,800,"sd","09:28:44",34800
79800,800,200,"bu","09:28:30",34000
79800,800,100,"bu","09:28:02",33800
79800,800,100,"bu","09:27:52",33700
79800,800,300,"sd","09:27:40",33600
79800,800,100,"sd","09:27:40",33300
79800,800,200,"bu","09:27:04",33200
79900,900,400,"bu","09:26:51",33000
79900,900,2000,"bu","09:26:51",32600
79900,900,100,"bu","09:26:51",30600
79900,900,900,"bu","09:26:51",30500
79900,900,100,"bu","09:25:17",29600
79800,800,100,"bu","09:25:04",29500
79900,900,2000,"bu","09:24:32",29400
79900,900,500,"bu","09:24:32",27400
79900,900,100,"bu","09:24:32",26900
79900,900,500,"bu","09:24:32",26800
79900,900,100,"bu","09:24:32",26300
79900,900,100,"bu","09:24:32",26200
79900,900,1300,"bu","09:24:32",26100
79800,800,200,"bu","09:24:32",24800
79800,800,1000,"bu","09:24:32",24600
79800,800,100,"bu","09:24:32",23600
79800,800,100,"bu","09:24:32",23500
79500,500,200,"sd","09:23:37",23400
79500,500,300,"sd","09:23:02",23200
79500,500,1200,"bu","09:22:24",22900
79500,500,700,"bu","09:22:12",21700
79500,500,4300,"bu","09:22:10",21000
79500,500,4400,"bu","09:21:45",16700
79500,500,200,"bu","09:21:05",12300
79500,500,100,"sd","09:20:57",12100
79500,500,100,"sd","09:20:57",12000
79500,500,900,"sd","09:20:57",11900
79500,500,100,"sd","09:20:33",11000
79500,500,800,"sd","09:20:21",10900
79800,800,100,"bu","09:20:19",10100
79800,800,200,"bu","09:20:19",10000
79800,800,200,"bu","09:20:17",9800
79800,800,300,"bu","09:20:17",9600
79500,500,200,"sd","09:19:47",9300
79800,800,200,"bu","09:19:13",9100
79800,800,500,"bu","09:18:30",8900
79800,800,100,"bu","09:18:30",8400
79800,800,400,"bu","09:18:30",8300
79800,800,100,"bu","09:18:27",7900
79800,800,500,"bu","09:18:05",7800
79800,800,1000,"bu","09:18:05",7300
79800,800,300,"bu","09:17:32",6300
79800,800,600,"bu","09:17:32",6000
79800,800,100,"bu","09:17:32",5400
79800,800,300,"bu","09:17:32",5300
79800,800,200,"bu","09:17:16",5000
79800,800,100,"bu","09:17:16",4800
79800,800,300,"bu","09:17:16",4700
79700,700,500,"bu","09:17:16",4400
79700,700,100,"bu","09:17:16",3900
79700,700,500,"bu","09:17:16",3800
79700,700,300,"bu","09:17:16",3300
79700,700,3000,"bu","09:15:01",3000
