"price","change","match_qtty","side","time","total_vol"
12300,0,11000,"sd","14:58:09",372500
12300,0,2000,"bu","14:49:59",361500
12300,0,17700,"bu","14:49:45",359500
12300,0,700,"sd","14:49:09",341800
12300,0,100,"bu","14:48:53",341100
12300,0,100,"bu","14:48:26",341000
12300,0,29400,"bu","14:46:59",340900
12300,0,1100,"sd","14:45:32",311500
12300,0,3300,"bu","14:44:17",310400
12300,0,2000,"bu","14:42:50",307100
12300,0,13600,"bu","14:42:15",305100
12300,0,6400,"sd","14:41:56",291500
12300,0,2400,"bu","14:37:49",285100
12300,0,14200,"bu","14:37:19",282700
12400,100,5000,"bu","14:36:37",268500
12300,0,400,"sd","14:33:15",263500
12300,0,1000,"sd","14:32:19",263100
12300,0,8800,"sd","14:32:04",262100
12300,0,3800,"bu","14:26:09",253300
12300,0,2000,"sd","14:21:35",249500
12300,0,300,"sd","14:17:34",247500
12300,0,1000,"sd","14:16:54",247200
12300,0,100,"sd","14:08:34",246200
12300,0,3200,"sd","14:03:11",246100
12300,0,400,"sd","14:02:16",242900
12300,0,600,"sd","14:01:44",242500
12300,0,200,"sd","14:01:39",241900
12300,0,1000,"sd","13:54:24",241700
12300,0,200,"sd","13:54:12",240700
12300,0,2400,"sd","13:51:45",240500
12300,0,10000,"sd","13:50:59",238100
12300,0,46400,"sd","13:50:19",228100
12300,0,1000,"bu","13:46:57",181700
12200,-100,10000,"sd","13:45:44",180700
12300,0,1000,"bu","13:45:15",170700
12300,0,1500,"bu","13:29:05",169700
12300,0,1000,"bu","13:26:41",168200
12200,-100,7200,"sd","13:13:40",167200
12200,-100,300,"sd","13:12:30",160000
12200,-100,100,"sd","13:12:24",159700
12200,-100,4700,"sd","13:06:40",159600
12200,-100,2000,"bu","13:04:30",154900
12200,-100,300,"bu","13:00:14",152900
12200,-100,300,"bu","13:00:06",152600
12100,-200,5800,"sd","13:00:02",152300
12200,-100,17600,"bu","11:25:21",146500
12200,-100,6000,"sd","11:24:48",128900
12200,-100,2000,"sd","11:24:44",122900
12200,-100,11000,"sd","11:22:23",120900
12200,-100,32100,"sd","11:21:58",109900
12200,-100,1500,"sd","11:13:53",77800
12200,-100,300,"sd","11:11:51",76300
12200,-100,22000,"sd","11:11:38",76000
12200,-100,3000,"sd","11:04:02",54000
12300,0,100,"bu","11:01:54",51000
12300,0,100,"bu","11:01:43",50900
12300,0,100,"bu","10:58:32",50800
12300,0,3000,"bu","10:42:47",50700
12300,0,2000,"bu","10:42:21",47700
12300,0,100,"bu","10:32:49",45700
12300,0,5000,"bu","10:30:44",45600
12200,-100,1000,"sd","10:17:02",40600
12300,0,4000,"bu","10:05:38",39600
12300,0,100,"bu","10:01:23",35600
12300,0,3100,"bu","10:00:35",35500
12200,-100,5000,"sd","09:58:57",32400
12200,-100,5000,"sd","09:56:11",27400
12200,-100,3000,"sd","09:56:02",22400
12200,-100,10000,"sd","09:54:11",19400
12300,0,1000,"bu","09:50:02",9400
12300,0,200,"bu","09:45:47",8400
12300,0,400,"bu","09:44:40",8200
12300,0,100,"bu","09:42:47",7800
12300,0,300,"bu","09:41:12",7700
12300,0,900,"sd","09:33:56",7400
12300,0,1000,"sd","09:33:33",6500
12300,0,2000,"sd","09:29:17",5500
12300,0,200,"sd","09:24:23",3500
12400,100,500,"bu","09:23:03",3300
12400,100,100,"bu","09:20:58",2800
12400,100,1500,"bu","09:12:50",2700
12400,100,100,"bu","09:10:07",1200
12300,0,900,"bu","09:06:32",1100
12300,0,200,"bu","09:00:29",200
