"price","change","match_qtty","side","time","total_vol"
12050,-50,10600,"unknown","14:45:01",213700
12050,-50,300,"bu","14:12:48",203100
12000,-100,1500,"bu","13:57:36",202800
12000,-100,500,"bu","13:57:36",201300
12000,-100,12100,"sd","13:48:21",200800
12000,-100,5000,"bu","13:47:56",188700
12000,-100,100,"bu","13:47:56",183700
11900,-200,10100,"sd","13:47:19",183600
11900,-200,100,"sd","13:47:19",173500
11900,-200,1000,"sd","13:47:19",173400
11900,-200,5000,"sd","13:47:19",172400
11900,-200,100,"sd","13:47:19",167400
11900,-200,200,"sd","13:47:19",167300
11950,-150,1000,"sd","13:47:19",167100
11950,-150,500,"sd","13:45:42",166100
11950,-150,1100,"bu","13:43:54",165600
11950,-150,1000,"sd","13:43:29",164500
11950,-150,1100,"sd","13:43:29",163500
11950,-150,400,"bu","13:38:02",162400
11900,-200,500,"sd","13:37:36",162000
11900,-200,800,"sd","13:37:36",161500
11900,-200,500,"sd","13:37:36",160700
11900,-200,700,"sd","13:37:36",160200
11900,-200,500,"sd","13:37:36",159500
11900,-200,1000,"sd","13:37:36",159000
11900,-200,2000,"sd","13:37:36",158000
11900,-200,1000,"sd","13:37:36",156000
11900,-200,100,"sd","13:37:36",155000
11900,-200,200,"sd","13:37:36",154900
11900,-200,200,"sd","13:37:36",154700
11900,-200,1600,"sd","13:37:36",154500
11900,-200,3400,"sd","13:35:19",152900
11900,-200,14600,"sd","13:35:19",149500
11900,-200,2000,"sd","13:35:19",134900
11950,-150,400,"bu","13:32:42",132900
11950,-150,100,"bu","13:32:42",132500
11950,-150,300,"bu","13:32:32",132400
11950,-150,900,"sd","13:31:45",132100
11950,-150,1800,"sd","13:31:45",131200
11950,-150,200,"sd","13:29:50",129400
11950,-150,300,"sd","13:26:39",129200
11950,-150,500,"sd","13:24:51",128900
11950,-150,700,"bu","13:23:16",128400
11950,-150,1400,"sd","13:23:07",127700
11950,-150,4800,"bu","13:22:41",126300
11950,-150,100,"sd","13:21:03",121500
11950,-150,1000,"sd","13:21:03",121400
11950,-150,200,"sd","13:21:03",120400
11950,-150,100,"sd","13:20:35",120200
12000,-100,1000,"bu","13:18:19",120100
12000,-100,200,"bu","11:25:23",119100
11950,-150,300,"sd","11:22:12",118900
11950,-150,2000,"sd","11:21:17",118600
11950,-150,2400,"sd","11:20:35",116600
11950,-150,100,"sd","11:20:35",114200
11950,-150,5000,"sd","11:20:35",114100
11950,-150,500,"sd","11:20:35",109100
12000,-100,200,"sd","11:18:57",108600
12000,-100,200,"sd","11:18:57",108400
12050,-50,100,"bu","11:03:09",108200
12000,-100,2000,"bu","11:02:46",108100
12000,-100,700,"bu","11:02:46",106100
12000,-100,1800,"sd","10:52:29",105400
12000,-100,200,"bu","10:47:49",103600
12000,-100,800,"bu","10:47:49",103400
12000,-100,300,"sd","10:45:57",102600
12000,-100,1900,"sd","10:42:40",102300
12000,-100,100,"sd","10:42:40",100400
12000,-100,2000,"sd","10:38:07",100300
12000,-100,100,"sd","10:38:05",98300
12000,-100,1000,"sd","10:35:07",98200
12000,-100,4500,"sd","10:33:12",97200
12000,-100,4500,"sd","10:29:15",92700
12000,-100,500,"sd","10:29:15",88200
12000,-100,1000,"sd","10:26:13",87700
12000,-100,2500,"bu","10:23:45",86700
12000,-100,7500,"bu","10:23:10",84200
12000,-100,1000,"bu","10:23:10",76700
12000,-100,500,"bu","10:23:10",75700
12000,-100,1000,"bu","10:23:10",75200
12000,-100,1000,"bu","10:05:45",74200
12000,-100,500,"bu","10:05:45",73200
12000,-100,500,"sd","10:04:48",72700
12000,-100,2000,"bu","09:58:58",72200
12000,-100,600,"bu","09:58:58",70200
12000,-100,300,"bu","09:58:58",69600
12000,-100,100,"bu","09:58:58",69300
12000,-100,500,"bu","09:58:58",69200
11950,-150,500,"sd","09:58:32",68700
11950,-150,6000,"sd","09:58:23",68200
11950,-150,2000,"sd","09:58:23",62200
11950,-150,100,"sd","09:58:23",60200
11950,-150,100,"sd","09:58:23",60100
11950,-150,5000,"sd","09:58:23",60000
11950,-150,5900,"sd","09:58:23",55000
11950,-150,500,"sd","09:56:05",49100
11950,-150,2600,"sd","09:53:20",48600
11950,-150,400,"sd","09:53:20",46000
11950,-150,500,"sd","09:52:51",45600
12000,-100,1600,"bu","09:52:00",45100
12000,-100,400,"bu","09:51:45",43500
12000,-100,2000,"bu","09:45:16",43100
12000,-100,2500,"bu","09:45:16",41100
12000,-100,1100,"bu","09:45:16",38600
12000,-100,100,"bu","09:35:05",37500
12000,-100,1800,"sd","09:34:42",37400
12000,-100,3200,"bu","09:33:50",35600
12000,-100,3800,"sd","09:33:47",32400
11950,-150,6000,"sd","09:31:50",28600
11950,-150,5000,"sd","09:31:50",22600
11950,-150,200,"sd","09:31:50",17600
11950,-150,5900,"sd","09:31:50",17400
12000,-100,900,"sd","09:31:50",11500
12000,-100,3000,"bu","09:31:21",10600
12000,-100,1100,"bu","09:31:21",7600
12000,-100,900,"sd","09:29:52",6500
12000,-100,1100,"sd","09:29:12",5600
12000,-100,300,"sd","09:29:12",4500
12000,-100,3800,"sd","09:29:12",4200
12050,-50,400,"bu","09:15:00",400
