"price","change","match_qtty","side","time","total_vol"
17250,250,22100,"unknown","14:45:04",1079000
17150,150,500,"bu","14:29:08",1056900
17150,150,300,"sd","14:29:04",1056400
17150,150,200,"sd","14:29:04",1056100
17150,150,300,"sd","14:28:55",1055900
17150,150,200,"bu","14:28:20",1055600
17200,200,2000,"bu","14:27:09",1055400
17200,200,3600,"bu","14:26:28",1053400
17200,200,500,"sd","14:26:23",1049800
17200,200,900,"sd","14:26:03",1049300
17200,200,100,"bu","14:25:52",1048400
17200,200,2000,"bu","14:24:12",1048300
17200,200,100,"bu","14:24:01",1046300
17250,250,200,"bu","14:23:58",1046200
17150,150,4900,"unknown","14:23:50",1046000
17200,200,3000,"unknown","14:23:49",1041100
17200,200,100,"unknown","14:23:46",1038100
17050,50,800,"sd","14:23:37",1038000
17200,200,2000,"unknown","14:23:36",1037200
17150,150,5000,"unknown","14:23:29",1035200
17150,150,100,"unknown","14:23:23",1030200
17200,200,1000,"unknown","14:23:21",1030100
17000,0,1000,"sd","14:23:14",1029100
17000,0,600,"sd","14:23:11",1028100
17150,150,100,"unknown","14:23:07",1027500
17000,0,5500,"sd","14:23:05",1027400
17200,200,700,"unknown","14:23:05",1021900
17000,0,200,"sd","14:22:47",1021200
17200,200,900,"unknown","14:22:46",1021000
17000,0,300,"sd","14:22:25",1020100
17100,100,3000,"sd","14:22:17",1019800
17000,0,2000,"sd","14:22:05",1016800
17100,100,5700,"sd","14:21:55",1014800
17000,0,100,"sd","14:21:52",1009100
17000,0,200,"sd","14:21:42",1009000
17100,100,10000,"sd","14:21:34",1008800
17200,200,100,"unknown","14:21:34",998800
17200,200,400,"unknown","14:21:29",998700
17000,0,500,"sd","14:21:22",998300
17100,100,500,"sd","14:21:13",997800
17150,150,100,"sd","14:21:08",997300
17100,100,1500,"sd","14:21:05",997200
17200,200,300,"bu","14:21:04",995700
17000,0,1000,"sd","14:20:57",995400
17000,0,5000,"sd","14:20:48",994400
17000,0,500,"sd","14:20:39",989400
17000,0,1000,"sd","14:20:36",988900
17050,50,200,"sd","14:20:36",987900
17000,0,100,"sd","14:20:28",987700
16950,-50,500,"sd","14:20:18",987600
17000,0,3000,"bu","14:20:17",987100
17050,50,100,"bu","14:20:17",984100
17000,0,13800,"bu","14:20:10",984000
17000,0,400,"bu","14:20:01",970200
17000,0,200,"bu","14:19:58",969800
17000,0,500,"bu","14:19:58",969600
17050,50,100,"bu","14:19:57",969100
17000,0,1000,"bu","14:19:39",969000
17000,0,100,"bu","14:19:39",968000
17000,0,3000,"bu","14:19:29",967900
17000,0,500,"bu","14:19:27",964900
17000,0,1000,"bu","14:19:23",964400
17000,0,200,"bu","14:19:22",963400
17000,0,300,"bu","14:19:06",963200
17000,0,1000,"bu","14:19:06",962900
16950,-50,4600,"sd","14:18:59",961900
17000,0,500,"bu","14:18:58",957300
17000,0,600,"bu","14:18:50",956800
17000,0,500,"bu","14:18:48",956200
17000,0,1000,"bu","14:18:48",955700
17000,0,800,"bu","14:18:48",954700
17000,0,500,"bu","14:18:47",953900
17000,0,200,"bu","14:18:39",953400
17000,0,2400,"unknown","14:18:31",953200
17100,100,500,"bu","14:18:29",950800
17000,0,1000,"unknown","14:18:29",950300
17050,50,200,"unknown","14:18:29",949300
16950,-50,200,"sd","14:18:27",949100
17000,0,200,"sd","14:18:23",948900
17000,0,2800,"bu","14:18:15",948700
17000,0,500,"bu","14:18:14",945900
17050,50,3000,"bu","14:18:14",945400
17000,0,2000,"bu","14:18:13",942400
16950,-50,300,"sd","14:18:12",940400
17000,0,100,"unknown","14:18:08",940100
17000,0,100,"unknown","14:18:01",940000
17000,0,100,"unknown","14:18:00",939900
17050,50,1000,"unknown","14:18:00",939800
16950,-50,400,"sd","14:17:58",938800
17000,0,5000,"sd","14:17:54",938400
17000,0,1000,"sd","14:17:44",933400
17000,0,500,"sd","14:17:43",932400
17050,50,3500,"unknown","14:17:43",931900
17000,0,100,"sd","14:17:27",928400
17000,0,500,"sd","14:17:26",928300
17050,50,1000,"unknown","14:17:26",927800
17000,0,1000,"sd","14:17:13",926800
17050,50,200,"sd","14:17:13",925800
17100,100,500,"bu","14:17:04",925600
17000,0,200,"sd","14:17:03",925100
17050,50,1000,"sd","14:17:03",924900
17100,100,500,"bu","14:16:56",923900
17100,100,1200,"bu","14:16:53",923400
17000,0,1000,"sd","14:16:52",922200
17050,50,2000,"sd","14:16:52",921200
17100,100,2000,"bu","14:16:48",919200
17150,150,900,"bu","14:16:48",917200
17000,0,100,"sd","14:16:41",916300
17050,50,1000,"sd","14:16:41",916200
17150,150,500,"bu","14:16:39",915200
17150,150,1000,"bu","14:16:38",914700
17150,150,1500,"bu","14:16:28",913700
17150,150,2000,"bu","14:16:13",912200
17150,150,100,"sd","14:15:53",910200
17150,150,3000,"sd","14:15:42",910100
17200,200,100,"bu","14:15:35",907100
17150,150,500,"sd","14:15:25",907000
17200,200,100,"bu","14:15:18",906500
17150,150,3000,"sd","14:15:18",906400
17150,150,2000,"sd","14:14:59",903400
17150,150,1000,"sd","14:14:11",901400
17150,150,500,"sd","14:13:49",900400
17150,150,2000,"sd","14:13:47",899900
17150,150,500,"sd","14:13:46",897900
17200,200,1000,"bu","14:13:03",897400
17200,200,2700,"bu","14:12:21",896400
17200,200,1600,"bu","14:12:21",893700
17200,200,2500,"sd","14:12:07",892100
17200,200,100,"sd","14:12:03",889600
17250,250,100,"bu","14:10:44",889500
17200,200,3700,"bu","14:10:30",889400
17200,200,1500,"bu","14:10:30",885700
17200,200,600,"bu","14:10:30",884200
17200,200,100,"bu","14:10:24",883600
17150,150,200,"sd","14:10:13",883500
17150,150,100,"sd","14:10:05",883300
17150,150,600,"sd","14:10:05",883200
17150,150,400,"sd","14:09:11",882600
17150,150,600,"sd","14:09:11",882200
17200,200,300,"bu","14:08:52",881600
17200,200,1000,"sd","14:08:07",881300
17250,250,500,"bu","14:07:10",880300
17250,250,2000,"bu","14:06:55",879800
17250,250,500,"bu","14:06:17",877800
17250,250,3500,"bu","14:06:03",877300
17200,200,100,"bu","14:05:56",873800
17200,200,500,"bu","14:05:55",873700
17200,200,1000,"bu","14:05:55",873200
17200,200,200,"bu","14:05:55",872200
17200,200,400,"bu","14:05:55",872000
17200,200,500,"bu","14:05:55",871600
17200,200,500,"bu","14:05:50",871100
17200,200,500,"bu","14:05:14",870600
17150,150,400,"sd","14:04:48",870100
17150,150,300,"sd","14:04:48",869700
17200,200,100,"bu","14:04:48",869400
17150,150,700,"bu","14:02:22",869300
17150,150,1000,"sd","14:02:13",868600
17200,200,2000,"bu","14:01:47",867600
17200,200,100,"bu","14:01:31",865600
17200,200,300,"bu","14:01:03",865500
17200,200,500,"bu","14:01:03",865200
17100,100,1800,"sd","14:01:01",864700
17100,100,2000,"sd","14:01:01",862900
17100,100,500,"sd","14:01:00",860900
17100,100,500,"sd","14:01:00",860400
17100,100,1000,"sd","14:01:00",859900
17100,100,500,"sd","14:01:00",858900
17100,100,1000,"sd","14:01:00",858400
17100,100,200,"sd","14:01:00",857400
17100,100,3000,"sd","14:00:59",857200
17100,100,1000,"sd","14:00:59",854200
17100,100,8500,"sd","14:00:59",853200
17100,100,3200,"sd","14:00:51",844700
17150,150,5000,"unknown","14:00:50",841500
17150,150,500,"unknown","14:00:50",836500
17150,150,1300,"unknown","14:00:49",836000
17150,150,1000,"sd","14:00:36",834700
17200,200,1000,"bu","14:00:19",833700
17200,200,500,"bu","14:00:18",832700
17200,200,500,"bu","14:00:06",832200
17200,200,100,"bu","14:00:05",831700
17150,150,700,"sd","13:59:55",831600
17150,150,1000,"sd","13:59:55",830900
17150,150,600,"sd","13:59:55",829900
17150,150,2000,"sd","13:59:53",829300
17150,150,2400,"sd","13:59:52",827300
17150,150,600,"sd","13:59:51",824900
17200,200,3000,"bu","13:59:44",824300
17200,200,10000,"bu","13:59:36",821300
17200,200,5000,"bu","13:59:32",811300
17200,200,100,"bu","13:59:28",806300
17200,200,12000,"bu","13:59:24",806200
17200,200,6300,"bu","13:59:16",794200
17200,200,1000,"bu","13:59:16",787900
17200,200,400,"bu","13:59:16",786900
17200,200,100,"bu","13:59:16",786500
17200,200,1000,"bu","13:59:08",786400
17200,200,3000,"bu","13:59:07",785400
17200,200,100,"bu","13:59:07",782400
17200,200,900,"bu","13:59:07",782300
17200,200,100,"bu","13:58:42",781400
17150,150,300,"sd","13:57:03",781300
17150,150,100,"sd","13:57:01",781000
17150,150,3000,"sd","13:56:58",780900
17150,150,5000,"sd","13:56:55",777900
17150,150,3000,"sd","13:56:55",772900
17150,150,4000,"sd","13:56:53",769900
17150,150,100,"sd","13:56:50",765900
17100,100,600,"sd","13:56:47",765800
17150,150,700,"sd","13:56:47",765200
17150,150,2200,"sd","13:56:44",764500
17150,150,1000,"sd","13:56:43",762300
17150,150,600,"sd","13:56:41",761300
17150,150,200,"sd","13:56:16",760700
17150,150,800,"sd","13:56:14",760500
17200,200,500,"bu","13:55:14",759700
17200,200,4000,"bu","13:55:05",759200
17200,200,200,"sd","13:54:53",755200
17200,200,300,"sd","13:54:50",755000
17200,200,1000,"bu","13:54:25",754700
17200,200,1000,"bu","13:54:24",753700
17200,200,200,"sd","13:54:23",752700
17200,200,500,"sd","13:54:22",752500
17200,200,300,"sd","13:53:59",752000
17200,200,3700,"sd","13:53:44",751700
17200,200,500,"sd","13:53:39",748000
17200,200,300,"sd","13:53:39",747500
17200,200,4000,"sd","13:53:39",747200
17200,200,200,"sd","13:53:39",743200
17200,200,300,"sd","13:53:34",743000
17200,200,4400,"sd","13:53:34",742700
17200,200,600,"sd","13:52:38",738300
17200,200,500,"sd","13:52:38",737700
17200,200,200,"sd","13:52:38",737200
17200,200,300,"sd","13:52:38",737000
17200,200,400,"sd","13:52:38",736700
17200,200,500,"sd","13:52:14",736300
17250,250,500,"bu","13:52:01",735800
17250,250,400,"bu","13:52:01",735300
17250,250,10000,"bu","13:52:01",734900
17250,250,3000,"bu","13:52:01",724900
17250,250,2300,"bu","13:52:01",721900
17250,250,1000,"sd","13:51:54",719600
17300,300,600,"bu","13:51:18",718600
17300,300,1000,"bu","13:49:48",718000
17300,300,200,"bu","13:46:54",717000
17300,300,500,"bu","13:46:54",716800
17350,350,400,"bu","13:44:01",716300
17300,300,500,"sd","13:43:43",715900
17300,300,100,"bu","13:43:24",715400
17300,300,800,"bu","13:43:24",715300
17300,300,500,"bu","13:43:24",714500
17300,300,2000,"bu","13:43:24",714000
17300,300,1000,"bu","13:43:24",712000
17300,300,5000,"bu","13:43:24",711000
17300,300,3000,"bu","13:43:24",706000
17300,300,200,"bu","13:43:24",703000
17300,300,500,"bu","13:43:24",702800
17300,300,100,"bu","13:43:24",702300
17300,300,100,"bu","13:43:24",702200
17300,300,1000,"bu","13:43:24",702100
17300,300,200,"bu","13:43:24",701100
17300,300,200,"bu","13:43:05",700900
17250,250,100,"sd","13:42:46",700700
17250,250,1000,"sd","13:42:44",700600
17300,300,3900,"bu","13:42:39",699600
17300,300,100,"bu","13:41:27",695700
17250,250,100,"bu","13:41:24",695600
17250,250,500,"bu","13:41:24",695500
17250,250,100,"bu","13:40:37",695000
17250,250,100,"bu","13:40:37",694900
17250,250,100,"bu","13:40:37",694800
17250,250,100,"bu","13:40:37",694700
17250,250,100,"bu","13:40:37",694600
17250,250,1000,"bu","13:40:37",694500
17250,250,400,"bu","13:40:37",693500
17200,200,1000,"sd","13:40:36",693100
17250,250,100,"bu","13:40:27",692100
17200,200,500,"sd","13:38:03",692000
17250,250,500,"sd","13:38:03",691500
17250,250,3000,"bu","13:37:06",691000
17250,250,3000,"sd","13:36:37",688000
17250,250,4000,"sd","13:36:37",685000
17250,250,1000,"bu","13:35:56",681000
17200,200,1500,"sd","13:35:28",680000
17200,200,600,"sd","13:35:28",678500
17250,250,900,"sd","13:35:28",677900
17250,250,1000,"sd","13:35:08",677000
17250,250,100,"bu","13:34:54",676000
17200,200,400,"sd","13:34:25",675900
17200,200,100,"sd","13:34:25",675500
17250,250,4500,"sd","13:34:25",675400
17250,250,20000,"sd","13:34:24",670900
17250,250,500,"sd","13:34:24",650900
17250,250,1000,"sd","13:32:11",650400
17250,250,400,"sd","13:32:11",649400
17300,300,500,"bu","13:29:32",649000
17250,250,300,"sd","13:29:09",648500
17250,250,400,"sd","13:28:47",648200
17250,250,600,"sd","13:28:47",647800
17300,300,100,"bu","13:28:45",647200
17300,300,100,"bu","13:28:45",647100
17300,300,300,"bu","13:28:45",647000
17250,250,200,"sd","13:28:24",646700
17250,250,300,"sd","13:28:24",646500
17250,250,400,"sd","13:28:18",646200
17250,250,2500,"sd","13:28:18",645800
17250,250,4600,"sd","13:28:18",643300
17250,250,1000,"sd","13:28:18",638700
17250,250,100,"sd","13:28:18",637700
17250,250,1400,"sd","13:28:18",637600
17300,300,500,"bu","13:28:02",636200
17250,250,600,"sd","13:27:32",635700
17250,250,400,"sd","13:27:24",635100
17250,250,500,"sd","13:26:52",634700
17250,250,1500,"sd","13:26:52",634200
17300,300,4200,"sd","13:24:19",632700
17300,300,2000,"sd","13:24:05",628500
17300,300,2000,"sd","13:23:50",626500
17300,300,1800,"bu","13:23:31",624500
17300,300,100,"bu","13:23:21",622700
17300,300,1000,"bu","13:23:11",622600
17300,300,1000,"bu","13:23:11",621600
17300,300,500,"bu","13:23:11",620600
17300,300,1000,"sd","13:23:11",620100
17300,300,300,"sd","13:23:11",619100
17300,300,1000,"sd","13:23:11",618800
17300,300,1300,"sd","13:23:11",617800
17300,300,2000,"sd","13:23:07",616500
17300,300,1100,"sd","13:19:00",614500
17300,300,600,"sd","13:18:59",613400
17300,300,300,"sd","13:18:59",612800
17300,300,1100,"sd","13:18:59",612500
17300,300,1000,"sd","13:18:50",611400
17300,300,900,"sd","13:18:30",610400
17300,300,500,"sd","13:18:30",609500
17300,300,1000,"sd","13:18:24",609000
17300,300,500,"sd","13:15:59",608000
17300,300,2000,"sd","13:15:59",607500
17300,300,2000,"sd","13:15:36",605500
17300,300,200,"sd","13:14:55",603500
17300,300,2000,"sd","13:14:20",603300
17300,300,300,"sd","13:14:06",601300
17300,300,100,"sd","13:14:01",601000
17300,300,600,"sd","13:13:40",600900
17300,300,100,"sd","13:13:39",600300
17300,300,100,"sd","13:13:39",600200
17300,300,200,"sd","13:13:39",600100
17300,300,1800,"sd","13:13:07",599900
17300,300,100,"sd","13:13:04",598100
17350,350,500,"bu","13:13:03",598000
17300,300,2000,"sd","13:12:54",597500
17300,300,500,"bu","13:12:52",595500
17300,300,100,"sd","13:12:35",595000
17300,300,700,"bu","13:12:22",594900
17300,300,2800,"bu","13:12:22",594200
17300,300,1000,"sd","13:11:59",591400
17300,300,200,"sd","13:11:59",590400
17300,300,1000,"sd","13:11:59",590200
17300,300,2000,"sd","13:11:59",589200
17300,300,500,"sd","13:11:57",587200
17300,300,800,"sd","13:10:57",586700
17300,300,1000,"sd","13:10:56",585900
17300,300,2200,"sd","13:10:06",584900
17300,300,500,"bu","13:09:51",582700
17300,300,500,"bu","13:09:41",582200
17300,300,3000,"bu","13:09:29",581700
17300,300,1000,"bu","13:09:12",578700
17300,300,1000,"bu","13:09:12",577700
17300,300,5000,"sd","13:08:56",576700
17300,300,200,"sd","13:08:17",571700
17300,300,800,"sd","13:07:58",571500
17300,300,200,"sd","13:07:58",570700
17300,300,500,"bu","13:07:14",570500
17300,300,300,"bu","13:07:14",570000
17300,300,200,"sd","13:06:42",569700
17300,300,900,"sd","13:06:42",569500
17300,300,1800,"sd","13:06:13",568600
17300,300,200,"sd","13:06:13",566800
17300,300,800,"sd","13:04:46",566600
17300,300,200,"sd","13:04:46",565800
17300,300,500,"sd","13:04:03",565600
17300,300,600,"sd","13:04:03",565100
17300,300,1000,"sd","13:04:03",564500
17300,300,1500,"sd","13:04:03",563500
17300,300,2400,"sd","13:04:03",562000
17350,350,100,"bu","13:03:35",559600
17350,350,100,"bu","13:03:35",559500
17350,350,1200,"bu","13:03:35",559400
17350,350,1000,"bu","13:03:35",558200
17350,350,4900,"bu","13:03:35",557200
17350,350,1000,"bu","13:03:35",552300
17400,400,1500,"bu","13:03:35",551300
17350,350,2000,"bu","13:03:35",549800
17400,400,1000,"bu","13:03:35",547800
17350,350,5100,"bu","13:03:35",546800
17400,400,2000,"bu","13:03:35",541700
17400,400,100,"bu","13:03:35",539700
17300,300,200,"sd","13:01:52",539600
17300,300,100,"sd","13:00:59",539400
17300,300,300,"sd","13:00:53",539300
17300,300,500,"sd","13:00:47",539000
17300,300,500,"bu","13:00:13",538500
17300,300,1000,"bu","13:00:09",538000
17300,300,200,"sd","11:29:44",537000
17300,300,100,"bu","11:29:43",536800
17300,300,100,"bu","11:29:29",536700
17300,300,4800,"bu","11:29:21",536600
17300,300,200,"bu","11:29:21",531800
17300,300,100,"bu","11:28:40",531600
17300,300,500,"bu","11:28:28",531500
17300,300,100,"bu","11:28:11",531000
17300,300,300,"bu","11:27:54",530900
17300,300,2800,"sd","11:27:54",530600
17300,300,1000,"sd","11:27:54",527800
17300,300,600,"sd","11:26:46",526800
17300,300,300,"sd","11:26:46",526200
17300,300,700,"sd","11:26:46",525900
17300,300,5000,"sd","11:25:59",525200
17300,300,300,"bu","11:25:51",520200
17300,300,5000,"sd","11:25:16",519900
17300,300,400,"sd","11:25:16",514900
17300,300,1000,"sd","11:25:16",514500
17300,300,500,"sd","11:25:16",513500
17300,300,500,"sd","11:25:16",513000
17300,300,200,"sd","11:23:40",512500
17300,300,500,"sd","11:22:09",512300
17300,300,100,"sd","11:20:37",511800
17300,300,200,"sd","11:20:18",511700
17300,300,300,"sd","11:19:00",511500
17300,300,1800,"sd","11:19:00",511200
17300,300,1100,"bu","11:17:42",509400
17300,300,1000,"bu","11:17:42",508300
17300,300,200,"bu","11:17:42",507300
17300,300,900,"bu","11:17:42",507100
17300,300,100,"bu","11:16:47",506200
17300,300,2000,"bu","11:16:32",506100
17300,300,900,"bu","11:16:15",504100
17300,300,100,"sd","11:16:02",503200
17300,300,700,"sd","11:16:02",503100
17300,300,100,"sd","11:16:02",502400
17300,300,5000,"sd","11:16:02",502300
17300,300,200,"sd","11:16:02",497300
17300,300,300,"sd","11:11:43",497100
17300,300,1000,"sd","11:11:43",496800
17300,300,1000,"sd","11:11:43",495800
17300,300,200,"sd","11:11:42",494800
17300,300,400,"sd","11:10:17",494600
17300,300,3000,"sd","11:10:17",494200
17300,300,1600,"sd","11:10:17",491200
17300,300,1100,"sd","11:10:12",489600
17300,300,100,"sd","11:10:12",488500
17300,300,400,"sd","11:10:12",488400
17300,300,400,"sd","11:10:12",488000
17350,350,1000,"sd","11:09:36",487600
17350,350,700,"sd","11:09:36",486600
17350,350,200,"sd","11:09:36",485900
17350,350,3000,"sd","11:09:36",485700
17400,400,500,"bu","11:09:29",482700
17350,350,12500,"sd","11:09:07",482200
17350,350,1200,"sd","11:09:07",469700
17350,350,6500,"sd","11:09:03",468500
17400,400,500,"bu","11:07:32",462000
17350,350,500,"sd","11:07:19",461500
17350,350,1000,"bu","11:06:38",461000
17350,350,100,"bu","11:06:38",460000
17350,350,700,"bu","11:06:38",459900
17350,350,300,"bu","11:06:33",459200
17350,350,200,"bu","11:06:33",458900
17350,350,500,"bu","11:06:28",458700
17350,350,300,"bu","11:06:26",458200
17350,350,100,"bu","11:06:26",457900
17350,350,4600,"bu","11:06:26",457800
17350,350,400,"bu","11:06:22",453200
17350,350,200,"bu","11:05:33",452800
17350,350,1000,"bu","11:05:33",452600
17350,350,600,"bu","11:05:33",451600
17350,350,8200,"bu","11:05:33",451000
17300,300,1600,"sd","11:03:19",442800
17300,300,100,"sd","11:03:19",441200
17300,300,3000,"sd","11:03:19",441100
17300,300,300,"sd","11:03:19",438100
17350,350,500,"bu","11:02:28",437800
17300,300,500,"sd","11:02:07",437300
17300,300,200,"sd","11:01:36",436800
17300,300,200,"sd","11:01:36",436600
17300,300,100,"sd","11:01:36",436400
17300,300,1000,"sd","11:01:07",436300
17300,300,500,"sd","11:00:22",435300
17300,300,1000,"bu","11:00:09",434800
17300,300,1000,"bu","11:00:09",433800
17300,300,300,"bu","10:59:59",432800
17300,300,200,"bu","10:59:37",432500
17300,300,100,"bu","10:59:37",432300
17300,300,100,"bu","10:59:23",432200
17300,300,200,"sd","10:59:13",432100
17300,300,100,"sd","10:59:13",431900
17300,300,1000,"sd","10:58:52",431800
17300,300,900,"sd","10:58:36",430800
17300,300,100,"sd","10:58:36",429900
17300,300,2000,"sd","10:58:36",429800
17350,350,100,"bu","10:58:25",427800
17350,350,200,"bu","10:58:05",427700
17350,350,1000,"sd","10:57:34",427500
17350,350,2000,"sd","10:57:27",426500
17400,400,1000,"sd","10:56:57",424500
17400,400,1200,"sd","10:56:57",423500
17400,400,1700,"sd","10:56:57",422300
17400,400,1000,"sd","10:56:47",420600
17450,450,1200,"bu","10:56:40",419600
17400,400,2000,"sd","10:56:33",418400
17400,400,300,"sd","10:56:30",416400
17400,400,500,"bu","10:56:21",416100
17400,400,100,"bu","10:56:21",415600
17400,400,100,"bu","10:56:21",415500
17400,400,100,"bu","10:56:21",415400
17400,400,1500,"bu","10:56:21",415300
17400,400,200,"bu","10:56:21",413800
17400,400,300,"bu","10:56:21",413600
17400,400,200,"bu","10:56:19",413300
17400,400,600,"bu","10:56:13",413100
17400,400,200,"bu","10:56:07",412500
17350,350,500,"bu","10:55:55",412300
17350,350,100,"bu","10:55:55",411800
17350,350,100,"bu","10:55:55",411700
17350,350,2000,"bu","10:55:54",411600
17350,350,500,"bu","10:55:54",409600
17350,350,1500,"bu","10:55:54",409100
17350,350,1000,"bu","10:55:53",407600
17350,350,1000,"bu","10:55:46",406600
17350,350,500,"bu","10:55:46",405600
17350,350,1000,"bu","10:55:46",405100
17350,350,500,"bu","10:55:46",404100
17300,300,100,"bu","10:55:38",403600
17300,300,5000,"bu","10:55:38",403500
17300,300,100,"bu","10:55:38",398500
17300,300,900,"bu","10:55:38",398400
17300,300,2000,"bu","10:55:38",397500
17300,300,400,"bu","10:55:38",395500
17300,300,500,"bu","10:55:38",395100
17300,300,100,"bu","10:55:38",394600
17300,300,100,"bu","10:55:34",394500
17300,300,9900,"bu","10:55:34",394400
17300,300,100,"bu","10:55:23",384500
17300,300,200,"bu","10:55:23",384400
17300,300,200,"bu","10:55:23",384200
17300,300,100,"bu","10:55:22",384000
17250,250,1500,"bu","10:55:16",383900
17250,250,800,"bu","10:55:16",382400
17200,200,1000,"sd","10:55:10",381600
17200,200,400,"sd","10:55:01",380600
17200,200,600,"sd","10:55:01",380200
17250,250,500,"bu","10:55:00",379600
17250,250,9600,"bu","10:55:00",379100
17250,250,300,"bu","10:55:00",369500
17250,250,100,"bu","10:55:00",369200
17250,250,100,"bu","10:55:00",369100
17250,250,1000,"bu","10:55:00",369000
17250,250,500,"bu","10:55:00",368000
17250,250,5000,"bu","10:55:00",367500
17250,250,100,"bu","10:55:00",362500
17250,250,500,"bu","10:55:00",362400
17250,250,1000,"bu","10:55:00",361900
17250,250,1000,"bu","10:55:00",360900
17250,250,100,"bu","10:55:00",359900
17250,250,200,"bu","10:55:00",359800
17200,200,400,"bu","10:54:52",359600
17200,200,100,"bu","10:54:46",359200
17200,200,200,"bu","10:54:46",359100
17200,200,200,"bu","10:54:46",358900
17200,200,1000,"bu","10:54:25",358700
17200,200,100,"bu","10:54:25",357700
17200,200,10000,"bu","10:54:25",357600
17200,200,100,"bu","10:54:25",347600
17200,200,100,"bu","10:54:25",347500
17200,200,500,"bu","10:54:25",347400
17200,200,5000,"bu","10:54:25",346900
17200,200,800,"bu","10:54:25",341900
17200,200,200,"bu","10:54:25",341100
17200,200,100,"bu","10:54:25",340900
17200,200,1000,"bu","10:54:25",340800
17200,200,100,"bu","10:54:25",339800
17200,200,1000,"bu","10:54:25",339700
17200,200,500,"bu","10:54:25",338700
17200,200,500,"bu","10:54:25",338200
17200,200,500,"bu","10:54:25",337700
17200,200,300,"bu","10:54:25",337200
17200,200,1000,"bu","10:54:25",336900
17200,200,200,"bu","10:54:25",335900
17200,200,2000,"bu","10:54:25",335700
17200,200,200,"bu","10:53:49",333700
17200,200,300,"bu","10:53:49",333500
17200,200,1700,"bu","10:53:30",333200
17200,200,500,"bu","10:53:30",331500
17200,200,1000,"bu","10:53:30",331000
17200,200,1000,"bu","10:53:30",330000
17200,200,800,"bu","10:53:30",329000
17150,150,100,"sd","10:53:25",328200
17200,200,200,"bu","10:52:49",328100
17200,200,100,"bu","10:52:48",327900
17200,200,400,"bu","10:52:48",327800
17200,200,300,"bu","10:52:48",327400
17200,200,500,"bu","10:50:03",327100
17150,150,2000,"bu","10:49:44",326600
17150,150,1000,"bu","10:49:44",324600
17150,150,500,"bu","10:49:44",323600
17150,150,1000,"bu","10:49:44",323100
17150,150,2000,"bu","10:49:44",322100
17150,150,12600,"bu","10:49:44",320100
17100,100,100,"sd","10:47:21",307500
17100,100,5000,"sd","10:47:18",307400
17100,100,2600,"sd","10:47:02",302400
17100,100,400,"sd","10:47:02",299800
17100,100,600,"sd","10:46:20",299400
17100,100,400,"sd","10:44:58",298800
17100,100,1000,"sd","10:44:55",298400
17100,100,1000,"sd","10:44:22",297400
17100,100,2000,"bu","10:43:38",296400
17100,100,500,"bu","10:43:38",294400
17100,100,3100,"bu","10:43:38",293900
17100,100,1900,"bu","10:42:46",290800
17100,100,400,"bu","10:42:46",288900
17100,100,9600,"sd","10:42:11",288500
17100,100,100,"sd","10:42:08",278900
17100,100,300,"sd","10:41:53",278800
17100,100,200,"sd","10:41:53",278500
17100,100,2000,"sd","10:41:53",278300
17100,100,2500,"sd","10:41:53",276300
17150,150,400,"bu","10:39:07",273800
17100,100,600,"bu","10:39:07",273400
17100,100,100,"sd","10:38:46",272800
17100,100,100,"sd","10:38:46",272700
17100,100,2200,"sd","10:38:46",272600
17100,100,400,"bu","10:38:07",270400
17100,100,100,"bu","10:38:07",270000
17100,100,10100,"bu","10:38:07",269900
17100,100,1000,"bu","10:38:07",259800
17100,100,200,"bu","10:38:07",258800
17100,100,5000,"bu","10:38:07",258600
17100,100,100,"bu","10:38:07",253600
17100,100,1000,"bu","10:38:07",253500
17100,100,1000,"bu","10:38:07",252500
17100,100,3900,"bu","10:38:07",251500
17100,100,200,"bu","10:37:24",247600
17100,100,500,"bu","10:35:05",247400
17050,50,100,"sd","10:33:02",246900
17100,100,400,"bu","10:28:34",246800
17100,100,100,"bu","10:28:34",246400
17050,50,1000,"bu","10:27:35",246300
17050,50,1000,"bu","10:27:35",245300
17050,50,500,"bu","10:27:04",244300
17050,50,5300,"bu","10:26:20",243800
17050,50,1000,"sd","10:25:40",238500
17050,50,2000,"bu","10:25:29",237500
17050,50,2000,"bu","10:25:29",235500
17000,0,1200,"sd","10:25:24",233500
17000,0,800,"sd","10:25:24",232300
17000,0,200,"sd","10:25:20",231500
17000,0,200,"sd","10:25:20",231300
17000,0,200,"sd","10:25:20",231100
17050,50,1500,"bu","10:25:15",230900
17000,0,1000,"sd","10:24:52",229400
17050,50,500,"bu","10:24:51",228400
17000,0,100,"sd","10:24:32",227900
17050,50,1000,"bu","10:24:20",227800
17050,50,500,"bu","10:22:52",226800
17050,50,300,"bu","10:22:35",226300
17050,50,500,"bu","10:22:11",226000
17000,0,3900,"sd","10:21:28",225500
17000,0,100,"sd","10:21:28",221600
17050,50,100,"bu","10:21:16",221500
17050,50,400,"sd","10:21:06",221400
17050,50,5000,"sd","10:21:06",221000
17050,50,200,"sd","10:21:06",216000
17050,50,1000,"sd","10:21:06",215800
17050,50,500,"sd","10:21:06",214800
17050,50,500,"sd","10:21:06",214300
17050,50,1400,"sd","10:21:06",213800
17050,50,600,"sd","10:19:11",212400
17050,50,600,"sd","10:19:11",211800
17050,50,2400,"sd","10:18:57",211200
17050,50,100,"sd","10:18:57",208800
17050,50,600,"sd","10:18:57",208700
17050,50,400,"sd","10:18:17",208100
17050,50,200,"sd","10:18:17",207700
17050,50,800,"sd","10:18:17",207500
17050,50,600,"sd","10:18:17",206700
17050,50,400,"sd","10:17:53",206100
17050,50,1100,"sd","10:17:53",205700
17100,100,1000,"sd","10:16:29",204600
17100,100,200,"sd","10:16:29",203600
17100,100,200,"sd","10:16:11",203400
17100,100,200,"sd","10:16:09",203200
17100,100,1900,"sd","10:15:31",203000
17100,100,600,"sd","10:15:06",201100
17100,100,2500,"sd","10:15:05",200500
17100,100,2500,"sd","10:15:05",198000
17100,100,5000,"sd","10:14:54",195500
17150,150,500,"bu","10:13:07",190500
17100,100,2500,"bu","10:12:33",190000
17100,100,17500,"bu","10:12:27",187500
17100,100,1000,"bu","10:10:55",170000
17100,100,300,"bu","10:10:55",169000
17100,100,1200,"bu","10:10:55",168700
17100,100,1300,"bu","10:09:31",167500
17100,100,2000,"sd","10:07:43",166200
17100,100,600,"sd","10:07:43",164200
17100,100,1700,"sd","10:07:43",163600
17100,100,3300,"sd","10:07:35",161900
17100,100,1700,"sd","10:07:35",158600
17100,100,1200,"sd","10:07:29",156900
17100,100,500,"sd","10:07:29",155700
17100,100,500,"sd","10:07:29",155200
17100,100,500,"sd","10:07:29",154700
17100,100,1700,"sd","10:07:29",154200
17100,100,600,"sd","10:07:29",152500
17100,100,1000,"sd","10:07:22",151900
17100,100,100,"sd","10:06:47",150900
17100,100,500,"sd","10:06:47",150800
17100,100,4400,"sd","10:06:47",150300
17150,150,1000,"bu","10:06:07",145900
17150,150,1000,"bu","10:05:05",144900
17150,150,1000,"bu","10:05:01",143900
17150,150,1000,"sd","10:03:53",142900
17150,150,100,"sd","10:03:53",141900
17150,150,2500,"sd","10:03:53",141800
17150,150,2000,"sd","10:03:53",139300
17150,150,7900,"sd","10:03:53",137300
17150,150,2100,"sd","10:03:19",129400
17150,150,900,"sd","10:03:19",127300
17150,150,2000,"sd","10:03:19",126400
17150,150,1000,"sd","10:02:45",124400
17150,150,2000,"sd","10:02:45",123400
17150,150,1000,"sd","10:02:35",121400
17200,200,500,"bu","10:01:46",120400
17200,200,200,"bu","10:00:48",119900
17200,200,500,"bu","09:59:15",119700
17150,150,1900,"bu","09:58:34",119200
17150,150,5000,"bu","09:58:32",117300
17150,150,2000,"bu","09:57:46",112300
17150,150,4000,"bu","09:57:42",110300
17100,100,600,"sd","09:57:20",106300
17100,100,100,"sd","09:57:20",105700
17100,100,2300,"sd","09:57:20",105600
17150,150,300,"bu","09:57:12",103300
17150,150,2000,"bu","09:56:48",103000
17150,150,3000,"bu","09:56:33",101000
17150,150,1800,"sd","09:56:31",98000
17150,150,100,"bu","09:56:29",96200
17150,150,500,"sd","09:56:25",96100
17150,150,200,"sd","09:56:25",95600
17150,150,200,"sd","09:56:25",95400
17150,150,2700,"sd","09:56:25",95200
17150,150,1300,"sd","09:56:25",92500
17150,150,400,"sd","09:56:14",91200
17150,150,1500,"sd","09:56:14",90800
17150,150,200,"sd","09:54:55",89300
17150,150,300,"sd","09:54:55",89100
17150,150,1500,"sd","09:54:55",88800
17200,200,2000,"bu","09:54:25",87300
17150,150,200,"sd","09:53:40",85300
17200,200,500,"bu","09:52:04",85100
17200,200,1200,"bu","09:51:01",84600
17200,200,1000,"bu","09:51:01",83400
17200,200,1000,"bu","09:51:01",82400
17200,200,1000,"bu","09:51:01",81400
17200,200,500,"bu","09:51:01",80400
17150,150,300,"sd","09:50:56",79900
17150,150,200,"sd","09:50:56",79600
17150,150,200,"sd","09:50:56",79400
17200,200,400,"bu","09:50:47",79200
17150,150,800,"bu","09:50:06",78800
17150,150,200,"bu","09:50:05",78000
17150,150,1700,"bu","09:50:05",77800
17150,150,700,"bu","09:49:54",76100
17150,150,100,"bu","09:48:30",75400
17100,100,400,"sd","09:47:11",75300
17100,100,500,"sd","09:47:11",74900
17100,100,300,"sd","09:47:11",74400
17100,100,500,"sd","09:47:11",74100
17100,100,5000,"sd","09:47:11",73600
17100,100,100,"sd","09:47:10",68600
17100,100,1000,"sd","09:47:10",68500
17100,100,3000,"bu","09:47:10",67500
17100,100,800,"bu","09:47:10",64500
17100,100,10000,"bu","09:47:10",63700
17100,100,6000,"bu","09:47:10",53700
17100,100,100,"bu","09:47:10",47700
17100,100,100,"bu","09:45:32",47600
17100,100,100,"bu","09:45:24",47500
17100,100,1000,"bu","09:39:26",47400
17100,100,900,"bu","09:36:06",46400
17050,50,1000,"bu","09:32:32",45500
17050,50,1900,"bu","09:32:32",44500
17050,50,3000,"bu","09:32:24",42600
17050,50,100,"bu","09:31:49",39600
17050,50,900,"bu","09:31:49",39500
17050,50,100,"bu","09:31:00",38600
17050,50,700,"sd","09:29:53",38500
17050,50,300,"sd","09:29:53",37800
17050,50,400,"sd","09:29:53",37500
17100,100,1000,"bu","09:28:38",37100
17100,100,1100,"sd","09:25:03",36100
17100,100,400,"bu","09:24:38",35000
17050,50,100,"sd","09:24:27",34600
17050,50,100,"sd","09:24:27",34500
17100,100,16500,"sd","09:24:22",34400
17200,200,100,"bu","09:24:21",17900
17100,100,3500,"bu","09:23:53",17800
17100,100,6100,"sd","09:22:56",14300
17100,100,400,"sd","09:22:56",8200
17100,100,100,"sd","09:20:01",7800
17150,150,1200,"unknown","09:19:07",7700
17150,150,300,"unknown","09:19:07",6500
17050,50,900,"sd","09:18:00",6200
17050,50,700,"sd","09:18:00",5300
17050,50,1600,"sd","09:18:00",4600
17050,50,2000,"sd","09:18:00",3000
17000,0,1000,"sd","09:15:04",1000
