"price","change","match_qtty","side","time","total_vol"
28100,400,1100,"unknown","14:45:01",79000
28100,400,200,"bu","14:28:19",77900
28200,500,2800,"bu","14:21:18",77700
27700,0,5000,"sd","14:20:44",74900
27700,0,2000,"sd","14:19:49",69900
27700,0,2000,"sd","14:19:31",67900
27800,100,1400,"bu","14:18:08",65900
27900,200,500,"unknown","14:10:13",64500
28000,300,100,"bu","14:05:36",64000
27800,100,600,"sd","14:00:55",63900
27900,200,200,"unknown","13:55:18",63300
27800,100,5000,"sd","13:55:10",63100
27800,100,200,"sd","13:54:54",58100
27900,200,100,"bu","13:54:46",57900
27800,100,300,"sd","13:51:48",57800
27800,100,100,"sd","13:51:39",57500
27900,200,600,"bu","13:51:34",57400
27900,200,2000,"bu","13:47:46",56800
27900,200,1000,"sd","13:39:40",54800
27900,200,500,"sd","13:29:12",53800
27900,200,400,"sd","13:21:00",53300
28000,300,200,"sd","13:15:32",52900
28000,300,100,"sd","13:15:17",52700
28000,300,200,"sd","13:14:18",52600
27900,200,400,"sd","13:07:23",52400
27900,200,500,"sd","13:07:11",52000
27900,200,100,"sd","13:06:53",51500
27900,200,400,"sd","13:05:07",51400
28000,300,100,"unknown","13:00:08",51000
28000,300,100,"sd","11:25:05",50900
28000,300,1900,"sd","11:07:19",50800
28000,300,100,"bu","11:03:53",48900
28000,300,300,"bu","10:57:35",48800
28000,300,300,"bu","10:56:57",48500
28000,300,300,"bu","10:56:40",48200
28000,300,100,"sd","10:34:48",47900
28000,300,100,"sd","10:28:28",47800
28300,600,200,"bu","10:24:45",47700
28000,300,1600,"sd","10:24:31",47500
28000,300,2500,"sd","10:23:39",45900
28100,400,400,"sd","10:21:32",43400
28100,400,300,"unknown","10:10:56",43000
28100,400,200,"sd","10:09:13",42700
28000,300,200,"sd","10:06:35",42500
28300,600,200,"bu","10:05:04",42300
28000,300,900,"sd","10:03:59",42100
28300,600,200,"bu","10:00:36",41200
28000,300,1300,"sd","09:56:54",41000
28000,300,100,"unknown","09:50:28",39700
28000,300,400,"sd","09:48:02",39600
28400,700,1500,"bu","09:39:54",39200
28300,600,1000,"bu","09:38:00",37700
28200,500,300,"bu","09:36:59",36700
28200,500,2300,"bu","09:36:38",36400
28200,500,400,"bu","09:36:19",34100
28100,400,2000,"sd","09:36:18",33700
28100,400,600,"bu","09:35:33",31700
28100,400,1900,"bu","09:33:40",31100
28000,300,100,"bu","09:32:54",29200
28000,300,4000,"bu","09:32:11",29100
28000,300,5000,"bu","09:28:22",25100
27800,100,100,"sd","09:19:46",20100
27900,200,4100,"bu","09:18:21",20000
28100,400,100,"sd","09:15:08",15900
28100,400,1000,"sd","09:13:05",15800
28200,500,300,"unknown","09:12:31",14800
28200,500,100,"bu","09:12:17",14500
28600,900,300,"unknown","09:00:59",14400
28600,900,500,"sd","09:00:51",14100
29400,1700,1000,"unknown","09:00:47",13600
29400,1700,1000,"unknown","09:00:31",12600
29400,1700,100,"unknown","09:00:28",11600
29400,1700,500,"unknown","09:00:26",11500
29000,1300,1400,"sd","09:00:20",11000
27800,100,100,"sd","09:00:14",9600
30300,2600,3100,"bu","09:00:06",9500
30300,2600,3000,"bu","09:00:05",6400
30300,2600,3400,"bu","09:00:04",3400
