"price","change","match_qtty","side","time","total_vol"
5960,200,507900,"unknown","14:45:09",13161500
5960,200,2300,"bu","14:30:04",12653600
5960,200,1000,"bu","14:29:47",12651300
5960,200,500,"bu","14:29:46",12650300
5960,200,4100,"bu","14:29:45",12649800
5960,200,400,"sd","14:29:41",12645700
5960,200,200,"sd","14:29:39",12645300
5960,200,500,"sd","14:29:36",12645100
5970,210,6400,"bu","14:29:36",12644600
5960,200,300,"sd","14:29:35",12638200
5970,210,500,"bu","14:29:35",12637900
5960,200,700,"sd","14:29:34",12637400
5960,200,100,"sd","14:29:34",12636700
5970,210,1000,"bu","14:29:34",12636600
5960,200,1300,"sd","14:29:33",12635600
5970,210,1700,"bu","14:29:33",12634300
5960,200,500,"sd","14:29:32",12632600
5960,200,700,"bu","14:29:29",12632100
5960,200,3000,"bu","14:29:28",12631400
5960,200,1000,"bu","14:29:24",12628400
5960,200,2300,"bu","14:29:02",12627400
5950,190,7700,"unknown","14:29:02",12625100
5950,190,2000,"unknown","14:29:01",12617400
5950,190,6300,"sd","14:29:01",12615400
5960,200,3400,"bu","14:29:01",12609100
5960,200,5000,"bu","14:29:00",12605700
5950,190,10000,"sd","14:28:55",12600700
5950,190,26500,"sd","14:28:48",12590700
5950,190,100,"bu","14:28:48",12564200
5950,190,1100,"bu","14:28:47",12564100
5940,180,100,"sd","14:28:45",12563000
5940,180,400,"sd","14:28:45",12562900
5950,190,2700,"bu","14:28:37",12562500
5950,190,17500,"bu","14:28:31",12559800
5950,190,800,"bu","14:28:31",12542300
5950,190,7300,"bu","14:28:30",12541500
5940,180,1000,"sd","14:28:30",12534200
5950,190,5000,"bu","14:28:30",12533200
5950,190,10000,"bu","14:28:25",12528200
5950,190,100,"bu","14:28:23",12518200
5940,180,4500,"sd","14:28:15",12518100
5940,180,1000,"sd","14:28:15",12513600
5950,190,400,"bu","14:28:14",12512600
5950,190,100,"bu","14:28:13",12512200
5940,180,3000,"sd","14:28:03",12512100
5940,180,2800,"bu","14:27:52",12509100
5940,180,6100,"bu","14:27:52",12506300
5940,180,100,"bu","14:27:47",12500200
5940,180,1000,"bu","14:27:44",12500100
5940,180,2000,"sd","14:27:38",12499100
5940,180,300,"sd","14:27:38",12497100
5940,180,100,"sd","14:27:38",12496800
5940,180,400,"sd","14:27:38",12496700
5940,180,100,"sd","14:27:36",12496300
5940,180,400,"sd","14:27:29",12496200
5950,190,400,"bu","14:27:29",12495800
5940,180,100,"bu","14:27:17",12495400
5940,180,600,"sd","14:27:17",12495300
5940,180,300,"sd","14:27:17",12494700
5940,180,700,"sd","14:27:16",12494400
5940,180,1800,"sd","14:27:16",12493700
5940,180,2000,"sd","14:27:00",12491900
5940,180,1100,"sd","14:26:56",12489900
5940,180,4500,"sd","14:26:56",12488800
5940,180,21000,"sd","14:26:56",12484300
5940,180,200,"sd","14:26:56",12463300
5940,180,1000,"sd","14:26:56",12463100
5940,180,1000,"sd","14:26:56",12462100
5940,180,200,"sd","14:26:56",12461100
5940,180,17200,"sd","14:26:55",12460900
5940,180,2000,"bu","14:26:55",12443700
5930,170,3700,"sd","14:26:50",12441700
5940,180,800,"bu","14:26:47",12438000
5930,170,500,"sd","14:26:46",12437200
5930,170,2000,"sd","14:26:39",12436700
5930,170,12600,"sd","14:26:39",12434700
5930,170,3000,"sd","14:26:39",12422100
5930,170,100,"sd","14:26:39",12419100
5930,170,900,"sd","14:26:38",12419000
5930,170,1600,"sd","14:26:38",12418100
5930,170,1300,"bu","14:26:36",12416500
5920,160,100,"sd","14:26:36",12415200
5930,170,500,"bu","14:26:34",12415100
5930,170,500,"bu","14:26:33",12414600
5930,170,1000,"bu","14:26:33",12414100
5930,170,600,"bu","14:26:31",12413100
5930,170,600,"bu","14:26:29",12412500
5930,170,700,"bu","14:26:24",12411900
5930,170,2000,"bu","14:26:23",12411200
5930,170,200,"bu","14:26:22",12409200
5930,170,1000,"bu","14:26:16",12409000
5930,170,3500,"bu","14:26:12",12408000
5920,160,200,"sd","14:26:07",12404500
5920,160,100,"sd","14:26:05",12404300
5920,160,5000,"sd","14:26:03",12404200
5920,160,100,"sd","14:26:03",12399200
5920,160,200,"sd","14:26:02",12399100
5920,160,400,"sd","14:26:02",12398900
5920,160,1500,"sd","14:26:00",12398500
5920,160,9800,"sd","14:26:00",12397000
5920,160,300,"sd","14:26:00",12387200
5920,160,1100,"sd","14:26:00",12386900
5930,170,2000,"bu","14:26:00",12385800
5930,170,500,"bu","14:25:59",12383800
5930,170,5000,"bu","14:25:59",12383300
5920,160,1800,"sd","14:25:58",12378300
5920,160,1000,"sd","14:25:58",12376500
5930,170,100,"bu","14:25:58",12375500
5930,170,5000,"bu","14:25:57",12375400
5920,160,2900,"sd","14:25:56",12370400
5920,160,1000,"sd","14:25:56",12367500
5920,160,100,"sd","14:25:56",12366500
5930,170,6000,"bu","14:25:55",12366400
5930,170,3700,"bu","14:25:55",12360400
5920,160,1000,"sd","14:25:53",12356700
5920,160,400,"sd","14:25:53",12355700
5930,170,1500,"bu","14:25:53",12355300
5930,170,400,"bu","14:25:52",12353800
5920,160,5000,"sd","14:25:52",12353400
5920,160,2000,"sd","14:25:51",12348400
5930,170,100,"bu","14:25:50",12346400
5930,170,1000,"bu","14:25:49",12346300
5920,160,500,"sd","14:25:49",12345300
5930,170,100,"bu","14:25:49",12344800
5920,160,200,"sd","14:25:47",12344700
5930,170,1000,"bu","14:25:47",12344500
5930,170,4500,"bu","14:25:47",12343500
5930,170,300,"bu","14:25:46",12339000
5930,170,500,"bu","14:25:46",12338700
5920,160,500,"sd","14:25:44",12338200
5930,170,30800,"bu","14:25:43",12337700
5930,170,1000,"bu","14:25:42",12306900
5930,170,5000,"bu","14:25:42",12305900
5930,170,4800,"bu","14:25:41",12300900
5930,170,200,"bu","14:25:40",12296100
5930,170,900,"bu","14:25:39",12295900
5930,170,1900,"sd","14:25:35",12295000
5930,170,500,"unknown","14:25:32",12293100
5930,170,200,"unknown","14:25:31",12292600
5930,170,100,"bu","14:25:29",12292400
5920,160,1000,"sd","14:25:29",12292300
5930,170,100,"bu","14:25:26",12291300
5920,160,900,"sd","14:25:24",12291200
5930,170,2000,"bu","14:25:22",12290300
5920,160,500,"sd","14:25:21",12288300
5930,170,7900,"bu","14:25:21",12287800
5930,170,2200,"bu","14:25:21",12279900
5920,160,100,"sd","14:25:21",12277700
5940,180,100,"bu","14:25:20",12277600
5920,160,500,"sd","14:25:18",12277500
5920,160,100,"sd","14:25:15",12277000
5930,170,300,"bu","14:25:15",12276900
5930,170,500,"bu","14:25:13",12276600
5920,160,100,"sd","14:25:12",12276100
5930,170,100,"bu","14:25:12",12276000
5920,160,100,"sd","14:25:10",12275900
5930,170,100,"bu","14:25:10",12275800
5930,170,1000,"bu","14:25:08",12275700
5930,170,1000,"bu","14:25:08",12274700
5930,170,2100,"bu","14:25:07",12273700
5930,170,30000,"bu","14:25:07",12271600
5920,160,2500,"sd","14:25:07",12241600
5930,170,2500,"bu","14:25:02",12239100
5930,170,15000,"bu","14:25:02",12236600
5930,170,17000,"bu","14:25:02",12221600
5930,170,2700,"bu","14:24:58",12204600
5930,170,1600,"bu","14:24:57",12201900
5940,180,6000,"bu","14:24:56",12200300
5930,170,10900,"bu","14:24:55",12194300
5940,180,900,"bu","14:24:54",12183400
5930,170,300,"bu","14:24:50",12182500
5900,140,100,"sd","14:24:49",12182200
5900,140,600,"sd","14:24:49",12182100
5900,140,1400,"sd","14:24:49",12181500
5940,180,300,"bu","14:24:49",12180100
5940,180,1400,"bu","14:24:47",12179800
5930,170,7000,"bu","14:24:46",12178400
5940,180,1000,"bu","14:24:44",12171400
5930,170,2000,"sd","14:24:43",12170400
5930,170,6000,"sd","14:24:43",12168400
5930,170,200,"sd","14:24:43",12162400
5900,140,500,"sd","14:24:42",12162200
5900,140,500,"sd","14:24:42",12161700
5900,140,1000,"sd","14:24:42",12161200
5940,180,200,"bu","14:24:40",12160200
5930,170,2000,"sd","14:24:38",12160000
5930,170,2700,"sd","14:24:37",12158000
5910,150,2400,"sd","14:24:36",12155300
5930,170,14300,"sd","14:24:35",12152900
5900,140,2100,"sd","14:24:34",12138600
5900,140,1000,"sd","14:24:34",12136500
5900,140,500,"sd","14:24:34",12135500
5940,180,100,"bu","14:24:30",12135000
5930,170,200,"sd","14:24:27",12134900
5940,180,800,"bu","14:24:27",12134700
5910,150,1500,"sd","14:24:26",12133900
5930,170,200,"bu","14:24:26",12132400
5930,170,5000,"bu","14:24:26",12132200
5900,140,5000,"sd","14:24:23",12127200
5900,140,500,"sd","14:24:23",12122200
5900,140,500,"sd","14:24:23",12121700
5930,170,1800,"bu","14:24:21",12121200
5920,160,800,"sd","14:24:18",12119400
5930,170,100,"bu","14:24:16",12118600
5910,150,1000,"sd","14:24:15",12118500
5930,170,8800,"bu","14:24:15",12117500
5900,140,8400,"sd","14:24:14",12108700
5900,140,500,"sd","14:24:12",12100300
5900,140,700,"sd","14:24:12",12099800
5900,140,300,"sd","14:24:12",12099100
5930,170,100,"bu","14:24:11",12098800
5940,180,1500,"bu","14:24:11",12098700
5930,170,6000,"bu","14:24:09",12097200
5950,190,2500,"bu","14:24:08",12091200
5920,160,200,"sd","14:24:07",12088700
5940,180,500,"bu","14:24:06",12088500
5930,170,600,"bu","14:24:05",12088000
5910,150,100,"sd","14:24:04",12087400
5900,140,100,"sd","14:24:02",12087300
5900,140,600,"sd","14:24:01",12087200
5900,140,5000,"sd","14:24:01",12086600
5900,140,5000,"sd","14:24:00",12081600
5940,180,100,"bu","14:23:57",12076600
5940,180,300,"bu","14:23:55",12076500
5940,180,3000,"bu","14:23:53",12076200
5920,160,1000,"sd","14:23:52",12073200
5940,180,8700,"bu","14:23:51",12072200
5900,140,11500,"sd","14:23:50",12063500
5920,160,500,"sd","14:23:49",12052000
5900,140,900,"sd","14:23:48",12051500
5900,140,5000,"sd","14:23:48",12050600
5900,140,200,"sd","14:23:48",12045600
5940,180,9000,"bu","14:23:45",12045400
5940,180,1800,"bu","14:23:44",12036400
5930,170,1000,"unknown","14:23:42",12034600
5920,160,300,"sd","14:23:39",12033600
5940,180,100,"bu","14:23:38",12033300
5930,170,2000,"sd","14:23:37",12033200
5920,160,5000,"sd","14:23:36",12031200
5910,150,1600,"sd","14:23:36",12026200
5900,140,500,"sd","14:23:35",12024600
5900,140,100,"sd","14:23:35",12024100
5900,140,400,"sd","14:23:35",12024000
5930,170,1000,"sd","14:23:34",12023600
5940,180,300,"bu","14:23:32",12022600
5940,180,5000,"bu","14:23:32",12022300
5940,180,1000,"bu","14:23:31",12017300
5940,180,10000,"bu","14:23:31",12016300
5940,180,1000,"bu","14:23:31",12006300
5930,170,1000,"sd","14:23:31",12005300
5940,180,200,"bu","14:23:30",12004300
5930,170,1000,"sd","14:23:29",12004100
5930,170,1000,"sd","14:23:27",12003100
5920,160,1000,"sd","14:23:25",12002100
5940,180,800,"bu","14:23:25",12001100
5920,160,3400,"sd","14:23:24",12000300
5920,160,10000,"sd","14:23:22",11996900
5940,180,4000,"bu","14:23:21",11986900
5910,150,1000,"sd","14:23:21",11982900
5900,140,100,"sd","14:23:21",11981900
5900,140,1500,"sd","14:23:21",11981800
5900,140,5000,"sd","14:23:21",11980300
5930,170,100,"sd","14:23:17",11975300
5940,180,7200,"bu","14:23:16",11975200
5950,190,500,"bu","14:23:16",11968000
5940,180,800,"bu","14:23:16",11967500
5940,180,6000,"bu","14:23:15",11966700
5940,180,3000,"bu","14:23:15",11960700
5930,170,800,"sd","14:23:10",11957700
5920,160,100,"sd","14:23:06",11956900
5910,150,1000,"sd","14:23:05",11956800
5900,140,10000,"sd","14:23:04",11955800
5900,140,100,"sd","14:23:04",11945800
5900,140,500,"sd","14:23:04",11945700
5940,180,5000,"bu","14:23:00",11945200
5930,170,4000,"sd","14:22:59",11940200
5950,190,5000,"bu","14:22:58",11936200
5940,180,100,"bu","14:22:54",11931200
5910,150,7600,"sd","14:22:54",11931100
5940,180,4000,"bu","14:22:53",11923500
5940,180,200,"bu","14:22:51",11919500
5930,170,1900,"sd","14:22:51",11919300
5940,180,4000,"bu","14:22:50",11917400
5920,160,400,"sd","14:22:47",11913400
5930,170,400,"sd","14:22:46",11913000
5910,150,1300,"sd","14:22:46",11912600
5940,180,7800,"bu","14:22:46",11911300
5920,160,10000,"sd","14:22:46",11903500
5900,140,200,"sd","14:22:46",11893500
5900,140,200,"sd","14:22:46",11893300
5900,140,200,"sd","14:22:46",11893100
5930,170,1000,"sd","14:22:40",11892900
5950,190,400,"bu","14:22:40",11891900
5910,150,2000,"sd","14:22:36",11891500
5940,180,1000,"bu","14:22:35",11889500
5950,190,100,"bu","14:22:28",11888500
5940,180,1000,"bu","14:22:26",11888400
5940,180,3000,"bu","14:22:26",11887400
5920,160,1000,"sd","14:22:25",11884400
5950,190,6200,"bu","14:22:25",11883400
5910,150,1000,"sd","14:22:24",11877200
5930,170,200,"sd","14:22:24",11876200
5900,140,500,"sd","14:22:24",11876000
5900,140,3000,"sd","14:22:24",11875500
5900,140,200,"sd","14:22:24",11872500
5900,140,300,"sd","14:22:23",11872300
5940,180,100,"bu","14:22:20",11872000
5940,180,2000,"bu","14:22:19",11871900
5930,170,100,"sd","14:22:19",11869900
5950,190,2900,"bu","14:22:18",11869800
5900,140,9800,"sd","14:22:18",11866900
5940,180,1700,"bu","14:22:15",11857100
5910,150,400,"sd","14:22:15",11855400
5950,190,700,"bu","14:22:14",11855000
5930,170,200,"sd","14:22:13",11854300
5940,180,1200,"bu","14:22:10",11854100
5950,190,200,"bu","14:22:09",11852900
5920,160,400,"sd","14:22:05",11852700
5940,180,7100,"bu","14:22:05",11852300
5910,150,1000,"sd","14:22:04",11845200
5900,140,400,"sd","14:22:04",11844200
5900,140,5000,"sd","14:22:04",11843800
5900,140,200,"sd","14:22:03",11838800
5900,140,1000,"sd","14:22:03",11838600
5920,160,99200,"sd","14:22:02",11837600
5910,150,6900,"sd","14:22:00",11738400
5930,170,5000,"unknown","14:21:57",11731500
5910,150,10000,"sd","14:21:56",11726500
5900,140,300,"sd","14:21:53",11716500
5950,190,11200,"bu","14:21:52",11716200
5950,190,700,"bu","14:21:50",11705000
5930,170,600,"unknown","14:21:49",11704300
5940,180,900,"bu","14:21:47",11703700
5940,180,5000,"bu","14:21:46",11702800
5920,160,1000,"sd","14:21:42",11697800
5900,140,20000,"sd","14:21:41",11696800
5900,140,50500,"sd","14:21:41",11676800
5900,140,15000,"sd","14:21:41",11626300
5920,160,100,"sd","14:21:40",11611300
5910,150,3100,"sd","14:21:38",11611200
5950,190,4600,"bu","14:21:38",11608100
5910,150,500,"sd","14:21:37",11603500
5930,170,1000,"unknown","14:21:36",11603000
5910,150,200,"sd","14:21:35",11602000
5920,160,1300,"sd","14:21:34",11601800
5910,150,8000,"sd","14:21:31",11600500
5950,190,1000,"bu","14:21:30",11592500
5920,160,300,"sd","14:21:29",11591500
5910,150,5000,"sd","14:21:27",11591200
5920,160,1000,"sd","14:21:25",11586200
5900,140,100,"sd","14:21:24",11585200
5920,160,20900,"sd","14:21:22",11585100
5900,140,100,"sd","14:21:21",11564200
5900,140,2000,"sd","14:21:21",11564100
5910,150,3000,"sd","14:21:21",11562100
5900,140,10000,"sd","14:21:21",11559100
5920,160,5000,"sd","14:21:20",11549100
5900,140,1000,"sd","14:21:19",11544100
5920,160,500,"sd","14:21:18",11543100
5950,190,400,"bu","14:21:18",11542600
5930,170,20000,"sd","14:21:15",11542200
5910,150,2700,"sd","14:21:11",11522200
5940,180,400,"sd","14:21:08",11519500
5920,160,4000,"sd","14:21:07",11519100
5900,140,2000,"sd","14:21:06",11515100
5950,190,600,"bu","14:21:05",11513100
5920,160,100,"sd","14:20:59",11512500
5910,150,800,"sd","14:20:57",11512400
5920,160,400,"bu","14:20:56",11511600
5900,140,3000,"sd","14:20:56",11511200
5900,140,2000,"sd","14:20:56",11508200
5910,150,5000,"sd","14:20:56",11506200
5900,140,10000,"sd","14:20:56",11501200
5920,160,300,"bu","14:20:54",11491200
5920,160,5000,"bu","14:20:51",11490900
5900,140,500,"sd","14:20:50",11485900
5930,170,10000,"bu","14:20:49",11485400
5920,160,6100,"bu","14:20:47",11475400
5930,170,1000,"bu","14:20:46",11469300
5950,190,500,"bu","14:20:43",11468300
5910,150,100,"sd","14:20:40",11467800
5900,140,1000,"sd","14:20:40",11467700
5890,130,3000,"sd","14:20:38",11466700
5900,140,5000,"sd","14:20:38",11463700
5920,160,10000,"bu","14:20:38",11458700
5920,160,10000,"bu","14:20:37",11448700
5900,140,51200,"sd","14:20:35",11438700
5910,150,1000,"sd","14:20:35",11387500
5900,140,200,"sd","14:20:35",11386500
5910,150,100,"sd","14:20:35",11386300
5920,160,700,"bu","14:20:32",11386200
5910,150,2400,"sd","14:20:32",11385500
5900,140,5000,"sd","14:20:30",11383100
5930,170,7600,"bu","14:20:30",11378100
5920,160,1000,"bu","14:20:25",11370500
5950,190,1000,"bu","14:20:24",11369500
5910,150,200,"sd","14:20:24",11368500
5900,140,100,"sd","14:20:22",11368300
5890,130,200,"sd","14:20:20",11368200
5920,160,7800,"bu","14:20:19",11368000
5920,160,5000,"bu","14:20:18",11360200
5900,140,10000,"sd","14:20:17",11355200
5930,170,400,"bu","14:20:17",11345200
5900,140,7200,"sd","14:20:17",11344800
5900,140,300,"sd","14:20:16",11337600
5900,140,100500,"sd","14:20:16",11337300
5910,150,500,"sd","14:20:14",11236800
5900,140,56000,"sd","14:20:12",11236300
5920,160,8200,"bu","14:20:11",11180300
5940,180,1000,"bu","14:20:11",11172100
5920,160,8700,"bu","14:20:11",11171100
5910,150,1000,"sd","14:20:08",11162400
5950,190,5000,"bu","14:20:05",11161400
5970,210,500,"bu","14:20:03",11156400
5930,170,11500,"bu","14:20:02",11155900
5900,140,1000,"sd","14:20:02",11144400
5890,130,2300,"sd","14:20:00",11143400
5920,160,100,"bu","14:20:00",11141100
5900,140,800,"sd","14:19:57",11141000
5900,140,300,"sd","14:19:57",11140200
5900,140,900,"sd","14:19:57",11139900
5910,150,5000,"sd","14:19:57",11139000
5890,130,200,"sd","14:19:52",11134000
5920,160,300,"bu","14:19:52",11133800
5930,170,100,"bu","14:19:52",11133500
5940,180,800,"bu","14:19:52",11133400
5920,160,1000,"bu","14:19:52",11132600
5950,190,1500,"bu","14:19:46",11131600
5890,130,1000,"sd","14:19:44",11130100
5970,210,2000,"bu","14:19:44",11129100
5920,160,1000,"bu","14:19:41",11127100
5920,160,1100,"bu","14:19:40",11126100
5910,150,200,"unknown","14:19:39",11125000
5900,140,100,"sd","14:19:38",11124800
5900,140,200,"sd","14:19:38",11124700
5900,140,4000,"sd","14:19:38",11124500
5910,150,300,"unknown","14:19:38",11120500
5900,140,10000,"sd","14:19:38",11120200
5900,140,2000,"sd","14:19:35",11110200
5920,160,200,"bu","14:19:34",11108200
5930,170,1000,"bu","14:19:34",11108000
5940,180,4100,"bu","14:19:33",11107000
5920,160,1400,"bu","14:19:33",11102900
5900,140,300,"sd","14:19:33",11101500
5900,140,100,"sd","14:19:32",11101200
5900,140,10000,"sd","14:19:32",11101100
5900,140,2000,"sd","14:19:31",11091100
5960,200,3000,"bu","14:19:31",11089100
5950,190,1000,"bu","14:19:29",11086100
5970,210,200,"bu","14:19:27",11085100
5930,170,500,"bu","14:19:26",11084900
5950,190,100,"bu","14:19:26",11084400
5920,160,100,"bu","14:19:24",11084300
5920,160,18400,"bu","14:19:24",11084200
5920,160,4900,"bu","14:19:24",11065800
5890,130,5000,"sd","14:19:23",11060900
5900,140,1000,"bu","14:19:22",11055900
5900,140,800,"bu","14:19:22",11054900
5900,140,4000,"bu","14:19:22",11054100
5910,150,50000,"bu","14:19:22",11050100
5920,160,200,"bu","14:19:17",11000100
5930,170,700,"bu","14:19:17",10999900
5920,160,20000,"bu","14:19:17",10999200
5930,170,800,"bu","14:19:17",10979200
5900,140,9800,"bu","14:19:16",10978400
5950,190,5000,"bu","14:19:13",10968600
5940,180,9400,"bu","14:19:12",10963600
5920,160,1000,"sd","14:19:12",10954200
5960,200,30000,"bu","14:19:10",10953200
5900,140,1000,"sd","14:19:08",10923200
5920,160,900,"sd","14:19:08",10922200
5920,160,400,"sd","14:19:07",10921300
5900,140,100,"sd","14:19:06",10920900
5900,140,5000,"sd","14:19:06",10920800
5900,140,1000,"sd","14:19:06",10915800
5910,150,500,"sd","14:19:05",10914800
5960,200,200,"bu","14:19:05",10914300
5920,160,5000,"sd","14:19:01",10914100
5920,160,100,"sd","14:19:01",10909100
5950,190,2000,"bu","14:18:56",10909000
5940,180,1000,"bu","14:18:56",10907000
5930,170,100,"sd","14:18:50",10906000
5920,160,1000,"sd","14:18:49",10905900
5900,140,10000,"sd","14:18:47",10904900
5900,140,900,"sd","14:18:47",10894900
5910,150,100,"sd","14:18:47",10894000
5960,200,1000,"bu","14:18:42",10893900
5920,160,100,"sd","14:18:42",10892900
5920,160,200,"sd","14:18:41",10892800
5920,160,50000,"sd","14:18:38",10892600
5920,160,7100,"sd","14:18:38",10842600
5950,190,3000,"bu","14:18:36",10835500
5940,180,3000,"bu","14:18:36",10832500
5940,180,900,"bu","14:18:33",10829500
5920,160,600,"sd","14:18:31",10828600
5930,170,2000,"sd","14:18:29",10828000
5960,200,500,"bu","14:18:25",10826000
5920,160,16900,"sd","14:18:24",10825500
5950,190,6000,"bu","14:18:21",10808600
5940,180,200,"bu","14:18:20",10802600
5940,180,200,"bu","14:18:18",10802400
5920,160,11100,"sd","14:18:16",10802200
5960,200,100,"bu","14:18:10",10791100
5930,170,5000,"sd","14:18:09",10791000
5950,190,1000,"bu","14:18:05",10786000
5970,210,1800,"bu","14:18:05",10785000
5940,180,2000,"bu","14:18:05",10783200
5940,180,1000,"bu","14:18:03",10781200
5960,200,3000,"bu","14:18:02",10780200
5960,200,7800,"bu","14:18:02",10777200
5930,170,400,"sd","14:18:01",10769400
5970,210,200,"bu","14:18:00",10769000
5960,200,100,"bu","14:17:56",10768800
5920,160,200,"sd","14:17:56",10768700
5930,170,500,"sd","14:17:55",10768500
5950,190,200,"bu","14:17:51",10768000
5970,210,1000,"bu","14:17:51",10767800
5940,180,4400,"unknown","14:17:51",10766800
5940,180,100,"unknown","14:17:48",10762400
5930,170,500,"sd","14:17:45",10762300
5970,210,100,"bu","14:17:44",10761800
5970,210,300,"bu","14:17:42",10761700
5960,200,8000,"bu","14:17:39",10761400
5960,200,6500,"bu","14:17:39",10753400
5930,170,500,"unknown","14:17:38",10746900
5960,200,16500,"bu","14:17:38",10746400
5950,190,2000,"bu","14:17:33",10729900
5970,210,2200,"bu","14:17:32",10727900
5940,180,100,"sd","14:17:31",10725700
5940,180,200,"sd","14:17:30",10725600
5970,210,700,"bu","14:17:27",10725400
5970,210,800,"bu","14:17:24",10724700
5960,200,500,"bu","14:17:22",10723900
5960,200,7000,"bu","14:17:21",10723400
5930,170,1000,"sd","14:17:21",10716400
5960,200,600,"bu","14:17:21",10715400
5950,190,100,"bu","14:17:19",10714800
5950,190,1000,"bu","14:17:17",10714700
5970,210,500,"bu","14:17:16",10713700
5940,180,600,"sd","14:17:16",10713200
5960,200,200,"unknown","14:17:09",10712600
5960,200,500,"unknown","14:17:09",10712400
5950,190,1000,"sd","14:17:07",10711900
5970,210,500,"bu","14:17:06",10710900
5960,200,1000,"sd","14:17:05",10710400
5960,200,2000,"sd","14:16:59",10709400
5950,190,5000,"sd","14:16:56",10707400
5960,200,500,"sd","14:16:54",10702400
5960,200,30700,"sd","14:16:48",10701900
5960,200,2100,"sd","14:16:47",10671200
5970,210,700,"bu","14:16:47",10669100
5960,200,400,"sd","14:16:45",10668400
5970,210,15800,"bu","14:16:44",10668000
5960,200,1000,"sd","14:16:37",10652200
5970,210,100,"bu","14:16:37",10651200
5970,210,1000,"bu","14:16:34",10651100
5970,210,500,"bu","14:16:23",10650100
5970,210,200,"bu","14:16:19",10649600
5970,210,100,"bu","14:16:12",10649400
5970,210,1000,"bu","14:16:10",10649300
5960,200,12000,"sd","14:16:10",10648300
5970,210,700,"bu","14:16:00",10636300
5970,210,100,"bu","14:15:55",10635600
5970,210,600,"bu","14:15:52",10635500
5970,210,700,"bu","14:15:44",10634900
5960,200,15000,"sd","14:15:42",10634200
5970,210,100,"bu","14:15:40",10619200
5970,210,100,"bu","14:15:39",10619100
5970,210,100,"bu","14:15:33",10619000
5960,200,1000,"sd","14:15:29",10618900
5960,200,20000,"sd","14:15:21",10617900
5980,220,100,"bu","14:15:16",10597900
5970,210,1000,"bu","14:15:16",10597800
5960,200,1400,"sd","14:15:15",10596800
5960,200,1200,"sd","14:15:13",10595400
5960,200,10000,"sd","14:15:12",10594200
5960,200,1000,"sd","14:15:10",10584200
5960,200,800,"sd","14:15:09",10583200
5970,210,4000,"sd","14:15:07",10582400
5970,210,400,"sd","14:15:02",10578400
5960,200,18900,"sd","14:15:01",10578000
5960,200,200,"sd","14:14:55",10559100
5960,200,200,"sd","14:14:54",10558900
5980,220,1000,"bu","14:14:52",10558700
5960,200,200,"sd","14:14:50",10557700
5960,200,900,"sd","14:14:49",10557500
5960,200,400,"sd","14:14:46",10556600
5960,200,5000,"sd","14:14:41",10556200
5960,200,2600,"sd","14:14:38",10551200
5960,200,100,"sd","14:14:36",10548600
5960,200,2000,"sd","14:14:32",10548500
5970,210,500,"bu","14:14:31",10546500
5970,210,900,"bu","14:14:17",10546000
5970,210,500,"bu","14:14:14",10545100
5970,210,1000,"bu","14:14:04",10544600
5970,210,2000,"bu","14:14:04",10543600
5970,210,600,"bu","14:13:50",10541600
5970,210,4400,"bu","14:13:49",10541000
5970,210,1100,"bu","14:13:48",10536600
5970,210,100,"bu","14:13:47",10535500
5970,210,300,"bu","14:13:46",10535400
5970,210,500,"sd","14:13:38",10535100
5970,210,1100,"sd","14:13:37",10534600
5970,210,400,"sd","14:13:36",10533500
5980,220,100,"bu","14:13:31",10533100
5980,220,1000,"bu","14:13:25",10533000
5980,220,100,"bu","14:13:25",10532000
5980,220,200,"bu","14:13:24",10531900
5980,220,1000,"bu","14:13:24",10531700
5980,220,400,"unknown","14:13:23",10530700
5980,220,1000,"sd","14:13:22",10530300
5980,220,200,"sd","14:13:22",10529300
5990,230,600,"bu","14:13:22",10529100
5980,220,100,"sd","14:13:22",10528500
5980,220,1000,"sd","14:13:21",10528400
5980,220,600,"sd","14:13:20",10527400
5990,230,400,"bu","14:13:12",10526800
5990,230,1900,"bu","14:13:09",10526400
5990,230,200,"sd","14:13:08",10524500
5990,230,400,"sd","14:13:08",10524300
5990,230,100,"bu","14:12:54",10523900
5990,230,100,"bu","14:12:54",10523800
5990,230,300,"bu","14:12:54",10523700
5990,230,400,"bu","14:12:42",10523400
5990,230,300,"bu","14:12:41",10523000
5990,230,1000,"bu","14:12:40",10522700
5990,230,300,"bu","14:12:37",10521700
5990,230,13200,"bu","14:12:23",10521400
5980,220,2300,"sd","14:12:19",10508200
5980,220,10000,"sd","14:12:19",10505900
5980,220,7700,"sd","14:12:19",10495900
5980,220,2000,"sd","14:12:16",10488200
5990,230,3800,"bu","14:12:13",10486200
5990,230,100,"bu","14:12:07",10482400
5990,230,2000,"sd","14:11:49",10482300
5990,230,10000,"sd","14:11:49",10480300
5990,230,200,"sd","14:11:49",10470300
5990,230,100,"sd","14:11:49",10470100
5990,230,200,"sd","14:11:49",10470000
6000,240,1000,"sd","14:11:49",10469800
6000,240,100,"sd","14:11:49",10468800
6000,240,1000,"sd","14:11:49",10468700
6000,240,500,"sd","14:11:49",10467700
6000,240,500,"sd","14:11:49",10467200
6000,240,200,"sd","14:11:49",10466700
6000,240,5000,"sd","14:11:49",10466500
6000,240,900,"sd","14:11:49",10461500
6000,240,5000,"sd","14:11:49",10460600
6000,240,100,"sd","14:11:49",10455600
6000,240,2000,"sd","14:11:49",10455500
6010,250,100,"sd","14:11:49",10453500
6000,240,300,"sd","14:11:49",10453400
6010,250,200,"sd","14:11:49",10453100
6010,250,41700,"sd","14:11:49",10452900
6000,240,1000,"sd","14:11:49",10411200
6000,240,3500,"sd","14:11:49",10410200
6000,240,3400,"sd","14:11:49",10406700
6000,240,500,"sd","14:11:49",10403300
6000,240,100,"sd","14:11:49",10402800
6000,240,300,"sd","14:11:49",10402700
6000,240,700,"sd","14:11:49",10402400
6010,250,100,"sd","14:11:48",10401700
6010,250,200,"sd","14:11:45",10401600
6010,250,10000,"sd","14:11:44",10401400
6020,260,200,"bu","14:11:39",10391400
6020,260,6600,"bu","14:11:38",10391200
6020,260,4000,"bu","14:11:30",10384600
6010,250,8800,"sd","14:11:29",10380600
6020,260,100,"unknown","14:11:26",10371800
6020,260,100,"sd","14:11:26",10371700
6020,260,600,"sd","14:11:26",10371600
6020,260,4200,"bu","14:11:26",10371000
6010,250,100,"sd","14:11:21",10366800
6020,260,1900,"bu","14:11:18",10366700
6010,250,39100,"sd","14:11:18",10364800
6010,250,9000,"sd","14:11:18",10325700
6010,250,1900,"sd","14:11:18",10316700
6020,260,700,"bu","14:11:17",10314800
6020,260,300,"sd","14:11:16",10314100
6020,260,900,"sd","14:11:16",10313800
6020,260,1000,"sd","14:11:16",10312900
6020,260,100,"sd","14:11:16",10311900
6020,260,300,"sd","14:11:16",10311800
6020,260,1400,"sd","14:11:16",10311500
6020,260,1200,"sd","14:11:16",10310100
6020,260,1300,"sd","14:11:00",10308900
6030,270,3000,"unknown","14:11:00",10307600
6040,280,100,"unknown","14:11:00",10304600
6040,280,5600,"sd","14:11:00",10304500
6050,290,600,"bu","14:10:55",10298900
6050,290,300,"bu","14:10:55",10298300
6050,290,100,"bu","14:10:47",10298000
6040,280,200,"sd","14:10:40",10297900
6050,290,100,"bu","14:10:40",10297700
6040,280,1000,"sd","14:10:33",10297600
6060,300,400,"bu","14:10:24",10296600
6060,300,1500,"bu","14:10:24",10296200
6060,300,1900,"bu","14:10:07",10294700
6060,300,1000,"bu","14:10:07",10292800
6060,300,100,"bu","14:10:07",10291800
6020,260,2000,"sd","14:09:43",10291700
6020,260,100,"sd","14:09:43",10289700
6020,260,5400,"sd","14:09:43",10289600
6040,280,10000,"sd","14:09:43",10284200
6040,280,400,"sd","14:09:43",10274200
6040,280,500,"sd","14:09:43",10273800
6050,290,3000,"sd","14:09:43",10273300
6020,260,1000,"sd","14:09:43",10270300
6050,290,2500,"sd","14:09:43",10269300
6020,260,1000,"sd","14:09:43",10266800
6020,260,500,"sd","14:09:43",10265800
6020,260,20000,"sd","14:09:43",10265300
6020,260,1000,"sd","14:09:43",10245300
6020,260,100,"sd","14:09:43",10244300
6070,310,28500,"bu","14:09:37",10244200
6070,310,300,"bu","14:09:37",10215700
6070,310,8000,"bu","14:09:37",10215400
6070,310,5000,"bu","14:09:37",10207400
6070,310,50000,"bu","14:09:37",10202400
6070,310,300,"bu","14:09:37",10152400
6070,310,2300,"bu","14:09:37",10152100
6060,300,5600,"bu","14:09:37",10149800
6060,300,100,"bu","14:09:36",10144200
6050,290,600,"sd","14:09:36",10144100
6060,300,100,"sd","14:09:35",10143500
6060,300,1800,"bu","14:09:35",10143400
6060,300,100,"bu","14:09:35",10141600
6060,300,3100,"bu","14:09:35",10141500
6050,290,100,"sd","14:09:28",10138400
6060,300,100,"bu","14:09:28",10138300
6060,300,100,"sd","14:09:26",10138200
6060,300,100,"sd","14:09:26",10138100
6060,300,3600,"sd","14:09:26",10138000
6060,300,3000,"sd","14:09:26",10134400
6060,300,300,"sd","14:09:22",10131400
6060,300,100,"sd","14:09:17",10131100
6060,300,100,"unknown","14:09:12",10131000
6050,290,9000,"sd","14:09:10",10130900
6060,300,4500,"sd","14:09:10",10121900
6060,300,300,"sd","14:09:08",10117400
6060,300,500,"bu","14:09:08",10117100
6060,300,3000,"bu","14:09:08",10116600
6060,300,500,"bu","14:09:08",10113600
6060,300,800,"bu","14:09:08",10113100
6060,300,200,"bu","14:09:03",10112300
6060,300,9000,"bu","14:09:01",10112100
6060,300,200,"bu","14:09:01",10103100
6060,300,600,"bu","14:09:01",10102900
6060,300,200,"bu","14:09:01",10102300
6060,300,2000,"bu","14:09:01",10102100
6060,300,200,"bu","14:09:00",10100100
6060,300,1000,"bu","14:09:00",10099900
6060,300,40000,"bu","14:09:00",10098900
6060,300,5000,"bu","14:09:00",10058900
6060,300,100,"bu","14:09:00",10053900
6060,300,1700,"bu","14:09:00",10053800
6060,300,500,"bu","14:08:50",10052100
6060,300,6700,"bu","14:08:47",10051600
6060,300,10000,"bu","14:08:45",10044900
6060,300,500,"bu","14:08:37",10034900
6060,300,600,"bu","14:08:27",10034400
6050,290,500,"sd","14:08:22",10033800
6050,290,1000,"sd","14:08:22",10033300
6050,290,500,"sd","14:08:22",10032300
6050,290,1000,"sd","14:08:22",10031800
6050,290,200,"sd","14:08:22",10030800
6050,290,700,"sd","14:08:22",10030600
6050,290,2500,"sd","14:08:22",10029900
6050,290,60000,"sd","14:08:22",10027400
6050,290,10000,"sd","14:08:22",9967400
6050,290,10000,"sd","14:08:22",9957400
6050,290,100,"sd","14:08:22",9947400
6050,290,100,"sd","14:08:22",9947300
6050,290,500,"sd","14:08:22",9947200
6050,290,43800,"sd","14:08:22",9946700
6050,290,11000,"sd","14:08:22",9902900
6040,280,1000,"sd","14:08:22",9891900
6040,280,16000,"bu","14:08:22",9890900
6050,290,15000,"bu","14:08:22",9874900
6050,290,2000,"bu","14:08:22",9859900
6050,290,1000,"bu","14:08:22",9857900
6050,290,900,"bu","14:08:22",9856900
6050,290,10000,"bu","14:08:22",9856000
6040,280,1800,"sd","14:08:15",9846000
6040,280,500,"sd","14:08:15",9844200
6040,280,300,"unknown","14:08:10",9843700
6040,280,10000,"sd","14:08:09",9843400
6050,290,100,"bu","14:08:03",9833400
6050,290,900,"bu","14:08:03",9833300
6050,290,100,"bu","14:08:03",9832400
6050,290,200,"bu","14:08:03",9832300
6050,290,10500,"bu","14:08:03",9832100
6050,290,4000,"bu","14:08:03",9821600
6050,290,2000,"bu","14:08:03",9817600
6050,290,1500,"bu","14:08:03",9815600
6050,290,300,"bu","14:08:03",9814100
6050,290,1000,"bu","14:08:03",9813800
6050,290,22000,"bu","14:08:03",9812800
6050,290,2000,"bu","14:08:03",9790800
6050,290,10000,"bu","14:08:03",9788800
6050,290,2500,"bu","14:08:03",9778800
6050,290,1900,"bu","14:08:03",9776300
6050,290,5000,"bu","14:08:03",9774400
6050,290,5000,"bu","14:08:03",9769400
6050,290,12000,"bu","14:08:03",9764400
6050,290,1000,"bu","14:08:03",9752400
6040,280,1000,"bu","14:08:03",9751400
6040,280,4500,"bu","14:08:02",9750400
6040,280,600,"bu","14:08:02",9745900
6040,280,500,"bu","14:08:02",9745300
6040,280,900,"bu","14:08:02",9744800
6040,280,14000,"bu","14:08:02",9743900
6050,290,2000,"bu","14:08:02",9729900
6050,290,10900,"bu","14:08:02",9727900
6040,280,1000,"bu","14:08:02",9717000
6030,270,1000,"sd","14:08:01",9716000
6020,260,2000,"sd","14:07:51",9715000
6030,270,100,"bu","14:07:50",9713000
6030,270,200,"bu","14:07:50",9712900
6030,270,3000,"bu","14:07:50",9712700
6030,270,100,"bu","14:07:50",9709700
6030,270,100,"bu","14:07:50",9709600
6030,270,1400,"bu","14:07:50",9709500
6030,270,100,"bu","14:07:50",9708100
6020,260,800,"sd","14:07:47",9708000
6020,260,700,"sd","14:07:46",9707200
6020,260,9200,"bu","14:07:27",9706500
6020,260,800,"bu","14:07:25",9697300
6030,270,500,"bu","14:07:24",9696500
6020,260,200,"bu","14:07:24",9696000
6020,260,5000,"bu","14:07:24",9695800
6020,260,500,"bu","14:07:24",9690800
6020,260,5000,"bu","14:07:24",9690300
6020,260,1000,"bu","14:07:24",9685300
6020,260,1700,"bu","14:07:24",9684300
6020,260,500,"bu","14:07:24",9682600
6020,260,5000,"bu","14:07:24",9682100
6020,260,5000,"bu","14:07:24",9677100
6020,260,500,"bu","14:07:24",9672100
6020,260,600,"bu","14:07:24",9671600
6020,260,7800,"bu","14:07:24",9671000
6020,260,100,"bu","14:07:24",9663200
6020,260,10000,"bu","14:07:24",9663100
6030,270,500,"bu","14:07:24",9653100
6020,260,6100,"bu","14:07:24",9652600
6010,250,100,"sd","14:07:09",9646500
6010,250,400,"bu","14:06:50",9646400
6010,250,600,"sd","14:06:49",9646000
6010,250,400,"sd","14:06:48",9645400
6010,250,1000,"bu","14:06:47",9645000
6010,250,600,"bu","14:06:47",9644000
6010,250,100,"bu","14:06:42",9643400
6010,250,4300,"bu","14:06:38",9643300
6010,250,2000,"bu","14:06:38",9639000
6010,250,3700,"bu","14:06:38",9637000
6000,240,100,"sd","14:06:23",9633300
6010,250,1000,"bu","14:06:15",9633200
6000,240,2000,"sd","14:06:09",9632200
6000,240,5000,"sd","14:06:07",9630200
6010,250,200,"bu","14:06:04",9625200
6000,240,10000,"sd","14:05:56",9625000
6010,250,100,"bu","14:05:55",9615000
6010,250,1000,"bu","14:05:41",9614900
6010,250,1000,"bu","14:05:41",9613900
6010,250,39000,"bu","14:05:41",9612900
6010,250,1000,"bu","14:05:41",9573900
6000,240,2000,"sd","14:05:31",9572900
6000,240,20000,"sd","14:05:31",9570900
6000,240,3300,"sd","14:05:31",9550900
6000,240,1800,"sd","14:05:31",9547600
6000,240,200,"sd","14:05:29",9545800
6000,240,1000,"sd","14:05:29",9545600
6000,240,200,"sd","14:05:29",9544600
6000,240,600,"sd","14:05:29",9544400
6000,240,1400,"sd","14:05:28",9543800
6000,240,600,"sd","14:05:28",9542400
6000,240,100,"sd","14:05:01",9541800
6000,240,2000,"sd","14:05:00",9541700
6000,240,1000,"bu","14:05:00",9539700
6000,240,1500,"bu","14:05:00",9538700
6000,240,500,"sd","14:04:57",9537200
6000,240,300,"sd","14:04:56",9536700
6000,240,700,"sd","14:04:56",9536400
6000,240,1700,"sd","14:04:55",9535700
6000,240,600,"bu","14:04:54",9534000
6000,240,400,"bu","14:04:54",9533400
6000,240,1000,"bu","14:04:54",9533000
6000,240,1300,"bu","14:04:54",9532000
6000,240,2000,"bu","14:04:54",9530700
6000,240,300,"bu","14:04:54",9528700
6000,240,1000,"bu","14:04:54",9528400
6000,240,1600,"bu","14:04:54",9527400
6000,240,5000,"bu","14:04:51",9525800
6000,240,5000,"bu","14:04:46",9520800
6000,240,100,"bu","14:04:45",9515800
6000,240,700,"bu","14:04:31",9515700
6000,240,2600,"bu","14:04:29",9515000
6000,240,1000,"bu","14:04:29",9512400
6000,240,100,"bu","14:04:23",9511400
5990,230,300,"sd","14:04:19",9511300
6000,240,2000,"bu","14:04:19",9511000
6000,240,1000,"bu","14:04:15",9509000
6000,240,300,"bu","14:04:14",9508000
6000,240,100,"bu","14:04:03",9507700
6000,240,200,"bu","14:03:55",9507600
6000,240,300,"sd","14:03:47",9507400
6000,240,4700,"sd","14:03:47",9507100
6000,240,300,"sd","14:03:47",9502400
6000,240,2000,"sd","14:03:45",9502100
6000,240,1000,"sd","14:03:41",9500100
6000,240,500,"sd","14:03:39",9499100
6000,240,800,"sd","14:03:39",9498600
6000,240,400,"sd","14:03:39",9497800
6000,240,10000,"sd","14:03:39",9497400
6000,240,8300,"sd","14:03:39",9487400
6000,240,100,"sd","14:03:21",9479100
6000,240,300,"sd","14:03:18",9479000
6000,240,1000,"sd","14:03:07",9478700
6000,240,700,"sd","14:03:01",9477700
6000,240,200,"sd","14:03:00",9477000
6000,240,1000,"sd","14:02:52",9476800
6020,260,200,"bu","14:02:40",9475800
6020,260,100,"bu","14:02:38",9475600
6020,260,3600,"bu","14:02:30",9475500
6020,260,100,"bu","14:02:30",9471900
6020,260,500,"bu","14:02:30",9471800
6020,260,100,"bu","14:02:30",9471300
6010,250,500,"bu","14:02:30",9471200
6010,250,200,"bu","14:02:30",9470700
6010,250,800,"sd","14:02:22",9470500
6010,250,2000,"sd","14:02:22",9469700
6010,250,1000,"sd","14:02:20",9467700
6010,250,500,"sd","14:02:04",9466700
6010,250,100,"sd","14:02:03",9466200
6010,250,300,"bu","14:02:02",9466100
6010,250,300,"bu","14:02:02",9465800
6010,250,700,"sd","14:01:46",9465500
6010,250,500,"sd","14:01:45",9464800
6000,240,8400,"sd","14:01:34",9464300
6000,240,1600,"sd","14:01:33",9455900
6000,240,400,"sd","14:01:32",9454300
6000,240,1000,"sd","14:01:26",9453900
6020,260,300,"bu","14:01:26",9452900
6010,250,2000,"unknown","14:01:26",9452600
6000,240,4000,"unknown","14:01:26",9450600
6000,240,20000,"unknown","14:01:26",9446600
6000,240,5800,"unknown","14:01:26",9426600
6000,240,2000,"unknown","14:01:26",9420800
6000,240,1000,"unknown","14:01:26",9418800
6000,240,4000,"unknown","14:01:26",9417800
6000,240,400,"bu","14:01:26",9413800
5990,230,100,"unknown","14:01:26",9413400
6020,260,400,"bu","14:01:26",9413300
6000,240,9600,"bu","14:01:21",9412900
6000,240,2500,"bu","14:01:21",9403300
6000,240,200,"bu","14:01:21",9400800
6000,240,600,"bu","14:01:21",9400600
6000,240,2000,"bu","14:01:21",9400000
6000,240,1000,"bu","14:01:21",9398000
6000,240,1300,"bu","14:01:21",9397000
6000,240,2000,"bu","14:01:21",9395700
6000,240,1000,"bu","14:01:21",9393700
6000,240,200,"bu","14:01:21",9392700
6000,240,400,"bu","14:01:21",9392500
6000,240,1400,"bu","14:01:21",9392100
6000,240,5000,"bu","14:01:21",9390700
6000,240,14200,"bu","14:01:21",9385700
6000,240,100,"bu","14:01:21",9371500
6000,240,3500,"bu","14:01:21",9371400
6000,240,2000,"bu","14:01:21",9367900
6000,240,2000,"bu","14:01:21",9365900
6000,240,1000,"bu","14:01:21",9363900
6000,240,35000,"bu","14:01:15",9362900
6000,240,40800,"bu","14:01:09",9327900
6000,240,100,"bu","14:01:09",9287100
6000,240,10000,"bu","14:01:09",9287000
6000,240,5000,"bu","14:01:09",9277000
6000,240,500,"bu","14:01:09",9272000
6000,240,100,"bu","14:01:09",9271500
6000,240,100,"bu","14:01:09",9271400
6000,240,100,"bu","14:01:09",9271300
6000,240,100,"bu","14:01:09",9271200
6000,240,100,"bu","14:01:09",9271100
6000,240,600,"bu","14:01:09",9271000
5990,230,1000,"bu","14:01:09",9270400
5990,230,500,"bu","14:01:08",9269400
5990,230,1000,"bu","14:01:08",9268900
5980,220,7300,"bu","14:01:04",9267900
5980,220,2700,"unknown","14:01:01",9260600
6000,240,100,"bu","14:00:56",9257900
5970,210,10000,"sd","14:00:55",9257800
6000,240,5000,"bu","14:00:45",9247800
6000,240,100,"bu","14:00:43",9242800
6000,240,2000,"bu","14:00:26",9242700
6000,240,1000,"bu","14:00:20",9240700
5960,200,1000,"sd","14:00:19",9239700
5970,210,5000,"sd","14:00:19",9238700
5960,200,1100,"sd","14:00:10",9233700
5960,200,10000,"sd","14:00:10",9232600
5960,200,2600,"sd","14:00:10",9222600
5960,200,6300,"sd","14:00:09",9220000
5960,200,1000,"sd","13:59:48",9213700
6000,240,300,"bu","13:59:48",9212700
6000,240,10900,"bu","13:59:46",9212400
6000,240,5200,"bu","13:59:45",9201500
6000,240,3000,"bu","13:59:45",9196300
6000,240,500,"bu","13:59:45",9193300
6000,240,100,"bu","13:59:44",9192800
5990,230,28200,"unknown","13:59:44",9192700
6000,240,2300,"bu","13:59:44",9164500
5990,230,5000,"unknown","13:59:44",9162200
6000,240,10000,"bu","13:59:44",9157200
5990,230,10000,"unknown","13:59:43",9147200
6000,240,5000,"bu","13:59:43",9137200
5990,230,1000,"unknown","13:59:43",9132200
6000,240,4000,"bu","13:59:43",9131200
6000,240,100,"bu","13:59:43",9127200
6000,240,100,"bu","13:59:41",9127100
5990,230,800,"unknown","13:59:41",9127000
5990,230,3900,"bu","13:59:41",9126200
5960,200,10000,"sd","13:59:39",9122300
5960,200,300,"bu","13:59:34",9112300
5960,200,100,"bu","13:59:34",9112000
5960,200,2300,"bu","13:59:33",9111900
5960,200,300,"bu","13:59:33",9109600
5960,200,400,"bu","13:59:33",9109300
5960,200,500,"bu","13:59:30",9108900
5950,190,600,"sd","13:59:30",9108400
5960,200,100,"bu","13:59:30",9107800
5960,200,8200,"bu","13:59:29",9107700
5960,200,1200,"bu","13:59:29",9099500
5960,200,1500,"bu","13:59:26",9098300
5960,200,7100,"bu","13:59:25",9096800
5960,200,900,"bu","13:59:24",9089700
5960,200,100,"bu","13:59:24",9088800
5950,190,700,"sd","13:59:19",9088700
5950,190,500,"sd","13:59:06",9088000
5950,190,2000,"sd","13:59:06",9087500
5950,190,1300,"sd","13:59:06",9085500
5950,190,500,"sd","13:59:06",9084200
5950,190,300,"sd","13:59:02",9083700
5950,190,6000,"bu","13:58:57",9083400
5950,190,3200,"bu","13:58:57",9077400
5950,190,400,"sd","13:58:54",9074200
5950,190,400,"sd","13:58:54",9073800
5950,190,1000,"sd","13:58:52",9073400
5950,190,600,"bu","13:58:52",9072400
5950,190,400,"bu","13:58:50",9071800
5950,190,100,"bu","13:58:50",9071400
5950,190,10000,"bu","13:58:45",9071300
5950,190,3000,"bu","13:58:42",9061300
5950,190,1900,"bu","13:58:38",9058300
5950,190,100,"sd","13:58:33",9056400
5950,190,3000,"sd","13:58:33",9056300
5940,180,200,"sd","13:58:30",9053300
5950,190,200,"sd","13:58:29",9053100
5950,190,3500,"sd","13:58:29",9052900
5950,190,10000,"sd","13:58:24",9049400
5950,190,4000,"sd","13:58:18",9039400
5940,180,5000,"sd","13:58:14",9035400
5950,190,2500,"bu","13:58:13",9030400
5940,180,1100,"sd","13:58:11",9027900
5950,190,10000,"bu","13:58:11",9026800
5950,190,200,"bu","13:58:11",9016800
5950,190,1900,"bu","13:58:10",9016600
5950,190,2000,"bu","13:58:10",9014700
5950,190,300,"bu","13:58:10",9012700
5950,190,500,"bu","13:58:09",9012400
5950,190,21200,"bu","13:58:09",9011900
5950,190,100,"bu","13:58:08",8990700
5950,190,5100,"bu","13:58:07",8990600
5950,190,7200,"bu","13:58:06",8985500
5950,190,200,"bu","13:58:05",8978300
5950,190,100,"bu","13:58:04",8978100
5950,190,200,"bu","13:58:03",8978000
5950,190,1000,"bu","13:58:02",8977800
5950,190,1300,"bu","13:57:56",8976800
5950,190,2000,"bu","13:57:54",8975500
5940,180,2000,"sd","13:57:46",8973500
5940,180,2000,"sd","13:57:30",8971500
5940,180,100,"sd","13:57:29",8969500
5940,180,200,"sd","13:57:27",8969400
5940,180,5000,"sd","13:57:26",8969200
5940,180,200,"sd","13:57:26",8964200
5940,180,2000,"sd","13:57:24",8964000
5940,180,1000,"sd","13:57:22",8962000
5940,180,100,"sd","13:57:20",8961000
5950,190,500,"bu","13:57:18",8960900
5940,180,3600,"sd","13:57:17",8960400
5940,180,100,"sd","13:57:16",8956800
5950,190,200,"bu","13:56:58",8956700
5950,190,2300,"bu","13:56:55",8956500
5950,190,100,"bu","13:56:52",8954200
5940,180,100,"unknown","13:56:51",8954100
5950,190,500,"bu","13:56:51",8954000
5940,180,1400,"unknown","13:56:50",8953500
5940,180,800,"sd","13:56:48",8952100
5940,180,1100,"sd","13:56:46",8951300
5940,180,600,"sd","13:56:46",8950200
5930,170,8000,"sd","13:56:45",8949600
5940,180,3400,"sd","13:56:43",8941600
5940,180,2000,"sd","13:56:42",8938200
5940,180,1000,"sd","13:56:40",8936200
5940,180,600,"sd","13:56:39",8935200
5950,190,5000,"bu","13:56:39",8934600
5940,180,100,"sd","13:56:38",8929600
5940,180,400,"sd","13:56:36",8929500
5940,180,4000,"sd","13:56:36",8929100
5950,190,600,"bu","13:56:35",8925100
5940,180,400,"sd","13:56:33",8924500
5950,190,400,"bu","13:56:27",8924100
5950,190,8000,"bu","13:56:23",8923700
5950,190,2500,"bu","13:56:22",8915700
5950,190,3000,"bu","13:56:22",8913200
5950,190,2200,"bu","13:56:19",8910200
5950,190,5900,"bu","13:56:14",8908000
5950,190,200,"bu","13:56:14",8902100
5950,190,200,"bu","13:56:12",8901900
5950,190,200,"bu","13:56:11",8901700
5950,190,1000,"bu","13:56:10",8901500
5950,190,500,"bu","13:56:08",8900500
5950,190,100,"sd","13:56:06",8900000
5950,190,200,"sd","13:56:04",8899900
5950,190,500,"sd","13:56:02",8899700
5960,200,500,"bu","13:55:53",8899200
5950,190,1000,"sd","13:55:49",8898700
5950,190,5000,"sd","13:55:40",8897700
5960,200,800,"bu","13:55:36",8892700
5950,190,3800,"sd","13:55:29",8891900
5970,210,800,"bu","13:55:28",8888100
5950,190,200,"sd","13:55:27",8887300
5960,200,300,"sd","13:55:26",8887100
5960,200,2300,"sd","13:55:25",8886800
5950,190,1000,"sd","13:55:25",8884500
5960,200,100,"sd","13:55:24",8883500
5960,200,5600,"sd","13:55:22",8883400
5960,200,4000,"sd","13:55:20",8877800
5970,210,1000,"sd","13:55:11",8873800
5970,210,700,"sd","13:54:59",8872800
5970,210,2000,"sd","13:54:57",8872100
5990,230,6900,"bu","13:54:53",8870100
5990,230,400,"sd","13:54:51",8863200
5990,230,70400,"sd","13:54:49",8862800
5990,230,10000,"sd","13:54:48",8792400
5990,230,800,"sd","13:54:43",8782400
5990,230,5000,"sd","13:54:34",8781600
5990,230,800,"sd","13:54:33",8776600
5990,230,1800,"bu","13:54:31",8775800
5990,230,1100,"bu","13:54:30",8774000
5990,230,300,"bu","13:54:17",8772900
5990,230,300,"bu","13:54:16",8772600
5990,230,500,"bu","13:54:15",8772300
5990,230,800,"bu","13:54:15",8771800
5990,230,1200,"sd","13:54:12",8771000
5990,230,3000,"sd","13:54:11",8769800
5990,230,700,"sd","13:54:11",8766800
5990,230,300,"sd","13:54:10",8766100
5990,230,200,"sd","13:54:10",8765800
5990,230,3800,"sd","13:54:09",8765600
5990,230,3400,"sd","13:54:07",8761800
5990,230,9800,"sd","13:54:06",8758400
5990,230,3900,"sd","13:53:54",8748600
6000,240,4100,"bu","13:53:47",8744700
6000,240,900,"bu","13:53:46",8740600
6000,240,100,"unknown","13:53:39",8739700
5990,230,9900,"sd","13:53:35",8739600
5990,230,4200,"sd","13:53:35",8729700
6000,240,400,"bu","13:53:30",8725500
6000,240,5000,"bu","13:53:29",8725100
6000,240,1000,"bu","13:53:24",8720100
6000,240,800,"sd","13:53:23",8719100
6020,260,200,"unknown","13:53:23",8718300
6000,240,2900,"sd","13:53:22",8718100
6000,240,2000,"sd","13:53:19",8715200
6000,240,100,"sd","13:53:19",8713200
6030,270,300,"bu","13:53:13",8713100
6040,280,3800,"bu","13:52:58",8712800
6030,270,1000,"unknown","13:52:58",8709000
6000,240,12200,"unknown","13:52:58",8708000
6000,240,400,"sd","13:52:56",8695800
6000,240,1000,"sd","13:52:56",8695400
6000,240,5000,"sd","13:52:56",8694400
6000,240,500,"sd","13:52:56",8689400
6000,240,900,"sd","13:52:56",8688900
6040,280,3000,"bu","13:52:45",8688000
6040,280,500,"bu","13:52:45",8685000
6040,280,60000,"bu","13:52:45",8684500
6040,280,100,"bu","13:52:45",8624500
6040,280,100,"bu","13:52:45",8624400
6040,280,3000,"bu","13:52:45",8624300
6040,280,10000,"bu","13:52:45",8621300
6030,270,15000,"bu","13:52:45",8611300
6040,280,8000,"bu","13:52:45",8596300
6040,280,300,"bu","13:52:45",8588300
6050,290,1100,"bu","13:52:21",8588000
6050,290,700,"bu","13:52:21",8586900
6000,240,100,"sd","13:52:17",8586200
6050,290,800,"bu","13:52:02",8586100
6000,240,3700,"bu","13:52:02",8585300
6000,240,300,"sd","13:52:00",8581600
6000,240,1500,"sd","13:52:00",8581300
6000,240,5000,"sd","13:52:00",8579800
6000,240,1000,"sd","13:52:00",8574800
6000,240,2000,"sd","13:52:00",8573800
6000,240,800,"sd","13:52:00",8571800
6000,240,100,"sd","13:52:00",8571000
6000,240,100,"sd","13:52:00",8570900
6000,240,5500,"sd","13:52:00",8570800
6000,240,7500,"sd","13:51:55",8565300
6050,290,8500,"bu","13:51:55",8557800
6050,290,500,"bu","13:51:55",8549300
6010,250,900,"sd","13:51:55",8548800
6010,250,1200,"sd","13:51:55",8547900
6050,290,10000,"bu","13:51:55",8546700
6050,290,1000,"bu","13:51:55",8536700
6020,260,2500,"sd","13:51:55",8535700
6020,260,2000,"sd","13:51:55",8533200
6020,260,3000,"sd","13:51:55",8531200
6030,270,3700,"sd","13:51:55",8528200
6030,270,500,"sd","13:51:55",8524500
6030,270,500,"sd","13:51:55",8524000
6030,270,1000,"sd","13:51:55",8523500
6030,270,1000,"sd","13:51:55",8522500
6030,270,1000,"sd","13:51:55",8521500
6030,270,200,"sd","13:51:55",8520500
6030,270,3800,"sd","13:51:34",8520300
6050,290,5200,"sd","13:51:34",8516500
6050,290,500,"sd","13:51:34",8511300
6050,290,200,"sd","13:51:34",8510800
6050,290,100,"sd","13:51:34",8510600
6050,290,1000,"sd","13:51:33",8510500
6050,290,4000,"bu","13:51:33",8509500
6050,290,100,"bu","13:51:25",8505500
6050,290,900,"sd","13:51:21",8505400
6050,290,100,"sd","13:51:17",8504500
6050,290,400,"bu","13:51:14",8504400
6050,290,2100,"bu","13:51:14",8504000
6050,290,4900,"bu","13:51:12",8501900
6050,290,10800,"bu","13:51:12",8497000
6040,280,1000,"bu","13:51:12",8486200
6050,290,700,"bu","13:51:00",8485200
6040,280,200,"bu","13:51:00",8484500
6040,280,2100,"bu","13:51:00",8484300
6040,280,1000,"sd","13:50:54",8482200
6050,290,500,"sd","13:50:54",8481200
6050,290,100,"sd","13:50:54",8480700
6050,290,6300,"sd","13:50:54",8480600
6070,310,11900,"bu","13:50:51",8474300
6050,290,200,"sd","13:50:46",8462400
6050,290,100,"sd","13:50:44",8462200
6050,290,6000,"sd","13:50:42",8462100
6050,290,9000,"bu","13:50:41",8456100
6050,290,1000,"bu","13:50:41",8447100
6050,290,10600,"bu","13:50:41",8446100
6050,290,1000,"bu","13:50:41",8435500
6050,290,200,"bu","13:50:41",8434500
6050,290,2000,"bu","13:50:41",8434300
6050,290,500,"bu","13:50:41",8432300
6050,290,500,"bu","13:50:41",8431800
6050,290,3700,"bu","13:50:41",8431300
6050,290,6300,"bu","13:50:39",8427600
6050,290,200,"bu","13:50:39",8421300
6050,290,100,"bu","13:50:39",8421100
6050,290,100,"bu","13:50:39",8421000
6050,290,5000,"bu","13:50:39",8420900
6050,290,1000,"bu","13:50:39",8415900
6050,290,600,"bu","13:50:39",8414900
6050,290,200,"bu","13:50:39",8414300
6050,290,500,"bu","13:50:39",8414100
6050,290,4000,"bu","13:50:27",8413600
6050,290,500,"bu","13:50:27",8409600
6050,290,7900,"bu","13:50:27",8409100
6050,290,500,"bu","13:50:27",8401200
6050,290,2300,"bu","13:50:27",8400700
6040,280,5000,"bu","13:50:27",8398400
6040,280,4800,"bu","13:50:27",8393400
6040,280,200,"sd","13:50:23",8388600
6050,290,28400,"bu","13:50:19",8388400
6050,290,7700,"bu","13:50:19",8360000
6050,290,2000,"bu","13:50:19",8352300
6050,290,100,"bu","13:50:19",8350300
6050,290,2100,"bu","13:50:19",8350200
6050,290,300,"bu","13:50:19",8348100
6050,290,500,"bu","13:50:19",8347800
6050,290,1000,"bu","13:50:19",8347300
6050,290,100,"bu","13:50:12",8346300
6050,290,300,"bu","13:50:12",8346200
6040,280,100,"unknown","13:50:09",8345900
6050,290,1000,"bu","13:50:02",8345800
6050,290,100,"bu","13:49:52",8344800
6050,290,100,"bu","13:49:46",8344700
6030,270,100,"sd","13:49:44",8344600
6030,270,100,"sd","13:49:39",8344500
6030,270,100,"bu","13:49:36",8344400
6030,270,100,"bu","13:49:36",8344300
6030,270,100,"bu","13:49:36",8344200
6030,270,300,"bu","13:49:36",8344100
6030,270,10000,"bu","13:49:36",8343800
6020,260,1000,"bu","13:49:36",8333800
6020,260,2000,"bu","13:49:36",8332800
6020,260,2200,"bu","13:49:36",8330800
6020,260,4000,"bu","13:49:32",8328600
6020,260,13800,"bu","13:49:32",8324600
6020,260,1000,"bu","13:49:32",8310800
6020,260,5000,"bu","13:49:32",8309800
6020,260,3700,"bu","13:49:32",8304800
6020,260,800,"bu","13:49:19",8301100
6020,260,200,"bu","13:49:19",8300300
6000,240,4900,"sd","13:48:57",8300100
6010,250,100,"sd","13:48:57",8295200
6010,250,100,"bu","13:48:52",8295100
6000,240,10000,"sd","13:48:51",8295000
6000,240,11600,"bu","13:48:46",8285000
6000,240,8400,"bu","13:48:45",8273400
6000,240,1000,"bu","13:48:45",8265000
6000,240,500,"bu","13:48:45",8264000
6000,240,1000,"bu","13:48:45",8263500
6000,240,200,"bu","13:48:45",8262500
6000,240,1000,"bu","13:48:45",8262300
6000,240,9900,"bu","13:48:45",8261300
6000,240,1000,"bu","13:48:45",8251400
6000,240,25000,"bu","13:48:45",8250400
6000,240,2000,"bu","13:48:45",8225400
6000,240,100,"bu","13:48:43",8223400
6000,240,8800,"bu","13:48:37",8223300
5990,230,2200,"sd","13:48:35",8214500
5990,230,2800,"sd","13:48:35",8212300
6000,240,100,"bu","13:48:34",8209500
6000,240,500,"bu","13:48:34",8209400
6000,240,500,"bu","13:48:34",8208900
6000,240,1000,"bu","13:48:34",8208400
6000,240,1000,"bu","13:48:34",8207400
6000,240,100,"bu","13:48:34",8206400
6000,240,200,"bu","13:48:34",8206300
6000,240,300,"bu","13:48:34",8206100
6000,240,1000,"bu","13:48:34",8205800
6000,240,5000,"bu","13:48:34",8204800
6000,240,2000,"bu","13:48:34",8199800
6000,240,1000,"bu","13:48:34",8197800
6000,240,1000,"bu","13:48:34",8196800
6000,240,1000,"bu","13:48:34",8195800
6000,240,1000,"bu","13:48:34",8194800
6000,240,6000,"bu","13:48:34",8193800
6000,240,1000,"bu","13:48:34",8187800
6000,240,200,"bu","13:48:34",8186800
6000,240,31300,"bu","13:48:34",8186600
6000,240,100,"bu","13:48:34",8155300
6000,240,2000,"bu","13:48:34",8155200
6000,240,5000,"bu","13:48:34",8153200
6000,240,100,"bu","13:48:34",8148200
6000,240,2700,"bu","13:48:34",8148100
6000,240,1500,"bu","13:48:34",8145400
6000,240,20100,"bu","13:48:34",8143900
6000,240,1000,"bu","13:48:34",8123800
6000,240,200,"bu","13:48:34",8122800
6000,240,1500,"bu","13:48:34",8122600
6000,240,500,"bu","13:48:34",8121100
6000,240,100,"bu","13:48:34",8120600
6000,240,10000,"bu","13:48:34",8120500
6000,240,500,"bu","13:48:34",8110500
6000,240,500,"bu","13:48:34",8110000
6000,240,4000,"bu","13:48:29",8109500
6000,240,10400,"bu","13:48:29",8105500
6000,240,1500,"bu","13:48:29",8095100
6000,240,30000,"bu","13:48:29",8093600
6000,240,8100,"bu","13:48:29",8063600
5990,230,10000,"sd","13:48:24",8055500
6000,240,100,"bu","13:48:21",8045500
5990,230,3000,"sd","13:48:17",8045400
5990,230,5000,"sd","13:48:17",8042400
5990,230,4800,"sd","13:48:17",8037400
5990,230,100,"sd","13:48:17",8032600
5990,230,700,"sd","13:48:17",8032500
5990,230,500,"sd","13:48:17",8031800
5990,230,2100,"sd","13:48:17",8031300
5990,230,2000,"bu","13:48:17",8029200
5990,230,2000,"bu","13:48:04",8027200
5980,220,500,"bu","13:48:04",8025200
5980,220,100,"bu","13:48:04",8024700
5980,220,1000,"bu","13:48:04",8024600
5980,220,26400,"bu","13:48:04",8023600
5970,210,20000,"bu","13:48:04",7997200
5960,200,3600,"sd","13:47:48",7977200
5960,200,1400,"sd","13:47:48",7973600
5980,220,400,"bu","13:47:42",7972200
5960,200,100,"sd","13:47:41",7971800
5960,200,600,"bu","13:47:40",7971700
5960,200,400,"bu","13:47:34",7971100
5960,200,100,"bu","13:47:34",7970700
5950,190,400,"sd","13:47:11",7970600
5950,190,200,"sd","13:47:07",7970200
5960,200,19800,"sd","13:47:07",7970000
5960,200,20000,"sd","13:47:04",7950200
5960,200,200,"unknown","13:47:02",7930200
5970,210,1000,"unknown","13:47:00",7930000
5970,210,2000,"unknown","13:47:00",7929000
5970,210,500,"unknown","13:47:00",7927000
5970,210,200,"unknown","13:47:00",7926500
5960,200,100,"unknown","13:47:00",7926300
5960,200,5000,"unknown","13:47:00",7926200
5960,200,5000,"unknown","13:47:00",7921200
5980,220,5700,"bu","13:47:00",7916200
5980,220,300,"bu","13:47:00",7910500
5960,200,1000,"bu","13:47:00",7910200
5960,200,5100,"bu","13:47:00",7909200
5960,200,20000,"bu","13:47:00",7904100
5950,190,3400,"bu","13:47:00",7884100
5950,190,1000,"bu","13:47:00",7880700
5980,220,500,"bu","13:47:00",7879700
5980,220,100,"bu","13:47:00",7879200
5950,190,100,"bu","13:47:00",7879100
5950,190,9100,"bu","13:47:00",7879000
5940,180,14900,"bu","13:47:00",7869900
5970,210,4000,"bu","13:47:00",7855000
5970,210,1000,"bu","13:47:00",7851000
5930,170,1000,"sd","13:46:55",7850000
5930,170,300,"sd","13:46:55",7849000
5930,170,2000,"sd","13:46:55",7848700
5930,170,500,"sd","13:46:55",7846700
5930,170,5000,"sd","13:46:55",7846200
5930,170,200,"sd","13:46:55",7841200
5930,170,2900,"sd","13:46:55",7841000
5930,170,1000,"sd","13:46:55",7838100
5930,170,7000,"sd","13:46:55",7837100
5930,170,100,"sd","13:46:55",7830100
5940,180,100,"sd","13:46:54",7830000
5940,180,1000,"sd","13:46:54",7829900
5940,180,100,"sd","13:46:54",7828900
5940,180,5000,"sd","13:46:54",7828800
5940,180,2000,"sd","13:46:54",7823800
5940,180,300,"sd","13:46:54",7821800
5940,180,600,"sd","13:46:54",7821500
5940,180,1000,"sd","13:46:54",7820900
5950,190,100,"bu","13:46:49",7819900
5940,180,1000,"sd","13:46:47",7819800
5950,190,3000,"bu","13:46:47",7818800
5950,190,100,"bu","13:46:47",7815800
5950,190,9800,"bu","13:46:39",7815700
5950,190,100,"bu","13:46:34",7805900
5950,190,500,"bu","13:46:34",7805800
5950,190,1500,"sd","13:46:21",7805300
5950,190,1000,"sd","13:46:21",7803800
5950,190,2300,"sd","13:46:21",7802800
5950,190,400,"sd","13:46:21",7800500
5950,190,1000,"sd","13:46:21",7800100
5950,190,1000,"sd","13:46:21",7799100
5950,190,70200,"sd","13:46:21",7798100
5960,200,5000,"unknown","13:46:21",7727900
5960,200,200,"sd","13:46:15",7722900
5960,200,1700,"sd","13:46:15",7722700
5960,200,100,"sd","13:46:15",7721000
5960,200,100,"sd","13:46:15",7720900
5960,200,2500,"sd","13:46:15",7720800
5960,200,2500,"sd","13:45:57",7718300
5960,200,500,"sd","13:45:57",7715800
5960,200,5000,"sd","13:45:57",7715300
5960,200,5000,"sd","13:45:57",7710300
5960,200,4000,"sd","13:45:57",7705300
5960,200,200,"sd","13:45:57",7701300
5960,200,2800,"sd","13:45:57",7701100
5970,210,300,"bu","13:45:53",7698300
5970,210,1000,"bu","13:45:41",7698000
5970,210,200,"bu","13:45:26",7697000
5970,210,8700,"bu","13:45:16",7696800
5960,200,900,"sd","13:45:11",7688100
5970,210,800,"bu","13:45:03",7687200
5960,200,400,"sd","13:44:58",7686400
5960,200,5000,"sd","13:44:57",7686000
5960,200,500,"sd","13:44:57",7681000
5960,200,800,"sd","13:44:56",7680500
5960,200,3000,"sd","13:44:56",7679700
5960,200,1100,"sd","13:44:56",7676700
5960,200,900,"sd","13:44:56",7675600
5960,200,2000,"sd","13:44:56",7674700
5960,200,500,"sd","13:44:56",7672700
5960,200,1200,"sd","13:44:56",7672200
5970,210,100,"bu","13:44:48",7671000
5970,210,1000,"bu","13:44:42",7670900
5970,210,400,"bu","13:44:35",7669900
5970,210,400,"bu","13:44:33",7669500
5970,210,100,"bu","13:44:24",7669100
5970,210,4600,"bu","13:44:14",7669000
5970,210,1000,"bu","13:44:14",7664400
5970,210,1400,"bu","13:44:14",7663400
5970,210,3000,"bu","13:44:14",7662000
5960,200,4000,"sd","13:44:05",7659000
5960,200,4000,"sd","13:44:04",7655000
5960,200,900,"sd","13:44:02",7651000
5960,200,3000,"sd","13:44:02",7650100
5960,200,400,"sd","13:44:02",7647100
5960,200,5700,"sd","13:44:02",7646700
5960,200,1000,"sd","13:43:56",7641000
5960,200,200,"sd","13:43:54",7640000
5960,200,500,"bu","13:43:32",7639800
5960,200,2000,"bu","13:43:32",7639300
5960,200,600,"bu","13:43:32",7637300
5960,200,300,"bu","13:43:31",7636700
5960,200,100,"bu","13:43:29",7636400
5960,200,200,"bu","13:43:29",7636300
5960,200,4000,"bu","13:43:29",7636100
5960,200,1600,"bu","13:43:29",7632100
5960,200,2000,"bu","13:43:27",7630500
5960,200,2000,"bu","13:43:24",7628500
5950,190,3000,"sd","13:43:18",7626500
5950,190,1000,"sd","13:43:18",7623500
5950,190,10000,"sd","13:43:18",7622500
5950,190,1000,"bu","13:43:18",7612500
5950,190,500,"bu","13:43:18",7611500
5950,190,100,"bu","13:43:18",7611000
5950,190,5000,"bu","13:43:17",7610900
5950,190,300,"bu","13:43:17",7605900
5950,190,1000,"bu","13:43:17",7605600
5950,190,5000,"bu","13:43:17",7604600
5950,190,700,"bu","13:43:17",7599600
5950,190,2200,"bu","13:43:17",7598900
5950,190,800,"bu","13:43:16",7596700
5950,190,10000,"bu","13:43:16",7595900
5950,190,400,"bu","13:43:16",7585900
5950,190,1000,"bu","13:43:16",7585500
5950,190,1000,"bu","13:43:16",7584500
5950,190,1000,"bu","13:43:16",7583500
5950,190,5000,"bu","13:43:16",7582500
5950,190,15800,"bu","13:43:16",7577500
5950,190,1100,"bu","13:43:13",7561700
5950,190,7900,"bu","13:43:13",7560600
5950,190,1800,"bu","13:43:13",7552700
5950,190,300,"bu","13:43:11",7550900
5950,190,12400,"bu","13:43:11",7550600
5950,190,500,"bu","13:43:08",7538200
5950,190,2000,"bu","13:42:56",7537700
5940,180,100,"sd","13:42:45",7535700
5940,180,1000,"sd","13:42:45",7535600
5940,180,400,"bu","13:42:45",7534600
5940,180,500,"bu","13:42:45",7534200
5940,180,1400,"bu","13:42:43",7533700
5940,180,1200,"bu","13:42:40",7532300
5940,180,1000,"bu","13:42:40",7531100
5940,180,1000,"bu","13:42:40",7530100
5940,180,18000,"bu","13:42:40",7529100
5940,180,1000,"bu","13:42:39",7511100
5940,180,20000,"bu","13:42:39",7510100
5940,180,1000,"bu","13:42:39",7490100
5940,180,2000,"bu","13:42:39",7489100
5940,180,44800,"bu","13:42:39",7487100
5940,180,2500,"bu","13:42:39",7442300
5940,180,7500,"bu","13:42:39",7439800
5930,170,1000,"sd","13:42:37",7432300
5940,180,500,"bu","13:42:33",7431300
5930,170,100,"sd","13:42:32",7430800
5940,180,2000,"bu","13:42:28",7430700
5930,170,5000,"sd","13:42:23",7428700
5930,170,100,"bu","13:42:19",7423700
5930,170,100,"bu","13:42:19",7423600
5930,170,43500,"bu","13:42:19",7423500
5920,160,3100,"sd","13:42:19",7380000
5920,160,10900,"sd","13:42:19",7376900
5920,160,3000,"sd","13:42:19",7366000
5930,170,3300,"bu","13:42:13",7363000
5930,170,3200,"bu","13:42:08",7359700
5930,170,300,"bu","13:42:08",7356500
5920,160,200,"sd","13:42:06",7356200
5920,160,200,"sd","13:42:04",7356000
5920,160,8100,"sd","13:41:52",7355800
5920,160,2500,"sd","13:41:44",7347700
5930,170,200,"unknown","13:41:44",7345200
5920,160,200,"sd","13:41:42",7345000
5920,160,24400,"sd","13:41:40",7344800
5930,170,5000,"sd","13:41:40",7320400
5930,170,1000,"sd","13:41:40",7315400
5930,170,500,"sd","13:41:40",7314400
5930,170,400,"sd","13:41:40",7313900
5930,170,13000,"sd","13:41:40",7313500
5930,170,5700,"sd","13:41:40",7300500
5930,170,500,"sd","13:41:30",7294800
5930,170,1000,"sd","13:41:30",7294300
5930,170,2000,"sd","13:41:30",7293300
5930,170,3000,"sd","13:41:30",7291300
5930,170,4000,"sd","13:41:30",7288300
5930,170,100,"sd","13:41:30",7284300
5930,170,2900,"bu","13:41:30",7284200
5930,170,800,"bu","13:41:30",7281300
5930,170,200,"bu","13:41:26",7280500
5930,170,200,"bu","13:41:26",7280300
5930,170,200,"bu","13:41:26",7280100
5930,170,900,"bu","13:41:26",7279900
5930,170,100,"bu","13:41:26",7279000
5930,170,200,"bu","13:41:26",7278900
5930,170,2000,"bu","13:41:26",7278700
5930,170,400,"bu","13:41:26",7276700
5930,170,5800,"bu","13:41:26",7276300
5920,160,500,"sd","13:41:24",7270500
5910,150,500,"sd","13:41:10",7270000
5910,150,200,"sd","13:41:10",7269500
5900,140,1000,"sd","13:40:57",7269300
5900,140,4700,"sd","13:40:49",7268300
5900,140,300,"sd","13:40:48",7263600
5900,140,100,"sd","13:40:48",7263300
5900,140,4000,"sd","13:40:47",7263200
5900,140,600,"sd","13:40:47",7259200
5920,160,20000,"sd","13:40:47",7258600
5900,140,3700,"sd","13:40:43",7238600
5900,140,14900,"sd","13:40:39",7234900
5920,160,100,"sd","13:40:39",7220000
5930,170,500,"bu","13:40:38",7219900
5930,170,2000,"bu","13:40:38",7219400
5900,140,2000,"sd","13:40:34",7217400
5900,140,1000,"sd","13:40:34",7215400
5900,140,100,"sd","13:40:34",7214400
5900,140,1000,"sd","13:40:34",7214300
5900,140,6200,"sd","13:40:34",7213300
5900,140,2000,"sd","13:40:34",7207100
5900,140,15600,"sd","13:40:34",7205100
5900,140,4000,"sd","13:40:34",7189500
5900,140,2000,"sd","13:40:34",7185500
5900,140,1800,"sd","13:40:30",7183500
5900,140,1000,"sd","13:40:30",7181700
5910,150,1000,"unknown","13:40:30",7180700
5910,150,300,"unknown","13:40:30",7179700
5910,150,100,"unknown","13:40:30",7179400
5910,150,200,"unknown","13:40:29",7179300
5910,150,100,"unknown","13:40:29",7179100
5910,150,7000,"unknown","13:40:29",7179000
5910,150,1000,"sd","13:40:29",7172000
5910,150,2000,"sd","13:40:29",7171000
5910,150,3000,"sd","13:40:29",7169000
5920,160,7500,"sd","13:40:29",7166000
5920,160,11000,"sd","13:40:28",7158500
5920,160,1000,"sd","13:40:28",7147500
5920,160,2500,"sd","13:40:27",7146500
5920,160,300,"sd","13:40:27",7144000
5920,160,500,"sd","13:40:27",7143700
5920,160,2400,"sd","13:40:27",7143200
5920,160,100,"sd","13:40:27",7140800
5920,160,2000,"sd","13:40:27",7140700
5920,160,1000,"sd","13:40:27",7138700
5930,170,3800,"bu","13:40:23",7137700
5930,170,200,"bu","13:40:23",7133900
5930,170,200,"bu","13:40:20",7133700
5930,170,500,"bu","13:40:20",7133500
5930,170,20000,"bu","13:40:16",7133000
5930,170,18000,"sd","13:40:16",7113000
5930,170,3000,"sd","13:40:16",7095000
5930,170,30000,"sd","13:40:16",7092000
5930,170,300,"sd","13:40:16",7062000
5930,170,27800,"sd","13:40:16",7061700
5940,180,4800,"bu","13:40:14",7033900
5940,180,6800,"bu","13:40:14",7029100
5930,170,100,"sd","13:40:10",7022300
5930,170,2100,"sd","13:40:08",7022200
5930,170,2000,"sd","13:40:08",7020100
5930,170,900,"sd","13:40:08",7018100
5930,170,4100,"sd","13:40:03",7017200
5930,170,800,"sd","13:40:03",7013100
5930,170,200,"sd","13:40:02",7012300
5930,170,4000,"sd","13:40:02",7012100
5930,170,200,"sd","13:40:02",7008100
5930,170,700,"sd","13:40:02",7007900
5930,170,2900,"sd","13:40:02",7007200
5930,170,2200,"sd","13:40:01",7004300
5930,170,700,"sd","13:40:01",7002100
5930,170,3900,"sd","13:40:01",7001400
5930,170,1500,"sd","13:40:01",6997500
5930,170,2000,"sd","13:40:01",6996000
5930,170,300,"sd","13:40:01",6994000
5930,170,100,"sd","13:40:01",6993700
5930,170,400,"sd","13:40:00",6993600
5930,170,100,"sd","13:40:00",6993200
5930,170,1000,"sd","13:40:00",6993100
5930,170,300,"sd","13:40:00",6992100
5930,170,100,"sd","13:40:00",6991800
5930,170,200,"sd","13:40:00",6991700
5930,170,100,"sd","13:40:00",6991500
5930,170,800,"sd","13:40:00",6991400
5930,170,8500,"sd","13:40:00",6990600
5930,170,9000,"sd","13:39:57",6982100
5940,180,1800,"bu","13:39:54",6973100
5930,170,1000,"sd","13:39:46",6971300
5940,180,200,"bu","13:39:44",6970300
5930,170,1500,"sd","13:39:42",6970100
5930,170,1000,"sd","13:39:42",6968600
5930,170,100,"sd","13:39:42",6967600
5930,170,100,"sd","13:39:42",6967500
5930,170,22300,"sd","13:39:42",6967400
5930,170,23800,"sd","13:39:38",6945100
5940,180,3000,"bu","13:39:31",6921300
5930,170,5000,"sd","13:39:30",6918300
5940,180,3600,"bu","13:39:29",6913300
5940,180,100,"bu","13:39:29",6909700
5940,180,300,"bu","13:39:29",6909600
5930,170,200,"sd","13:39:27",6909300
5930,170,5000,"sd","13:39:18",6909100
5930,170,200,"sd","13:39:15",6904100
5930,170,9100,"sd","13:39:12",6903900
5940,180,900,"sd","13:39:11",6894800
5940,180,100,"bu","13:39:02",6893900
5930,170,28200,"sd","13:39:00",6893800
5940,180,1100,"sd","13:39:00",6865600
5940,180,1500,"sd","13:38:57",6864500
5940,180,1900,"sd","13:38:56",6863000
5940,180,3000,"sd","13:38:56",6861100
5940,180,12500,"bu","13:38:56",6858100
5930,170,100,"sd","13:38:43",6845600
5940,180,900,"bu","13:38:40",6845500
5940,180,1500,"bu","13:38:31",6844600
5940,180,900,"bu","13:38:28",6843100
5940,180,2000,"bu","13:38:20",6842200
5940,180,1100,"sd","13:38:19",6840200
5940,180,1100,"sd","13:38:19",6839100
5940,180,1400,"sd","13:38:13",6838000
5940,180,2600,"sd","13:38:13",6836600
5940,180,2400,"sd","13:38:09",6834000
5940,180,2600,"sd","13:38:09",6831600
5940,180,2800,"sd","13:38:06",6829000
5940,180,2700,"sd","13:37:59",6826200
5940,180,4000,"sd","13:37:59",6823500
5940,180,2800,"sd","13:37:59",6819500
5940,180,3000,"sd","13:37:59",6816700
5940,180,1000,"sd","13:37:59",6813700
5940,180,200,"sd","13:37:59",6812700
5940,180,200,"sd","13:37:59",6812500
5940,180,700,"bu","13:37:59",6812300
5930,170,1000,"sd","13:37:57",6811600
5940,180,300,"bu","13:37:57",6810600
5940,180,3700,"bu","13:37:57",6810300
5940,180,100,"bu","13:37:57",6806600
5940,180,100,"bu","13:37:56",6806500
5940,180,2500,"bu","13:37:55",6806400
5930,170,5100,"sd","13:37:53",6803900
5930,170,100,"sd","13:37:53",6798800
5930,170,400,"sd","13:37:53",6798700
5930,170,2000,"sd","13:37:53",6798300
5930,170,200,"sd","13:37:52",6796300
5930,170,20000,"sd","13:37:52",6796100
5930,170,100,"sd","13:37:52",6776100
5930,170,10000,"sd","13:37:52",6776000
5930,170,2100,"sd","13:37:52",6766000
5940,180,100,"bu","13:37:48",6763900
5940,180,2500,"bu","13:37:46",6763800
5940,180,1700,"bu","13:37:46",6761300
5940,180,500,"bu","13:37:46",6759600
5940,180,500,"bu","13:37:46",6759100
5940,180,2000,"bu","13:37:40",6758600
5940,180,300,"bu","13:37:38",6756600
5930,170,4000,"sd","13:37:37",6756300
5940,180,20000,"bu","13:37:36",6752300
5930,170,1000,"sd","13:37:35",6732300
5930,170,200,"sd","13:37:33",6731300
5930,170,2000,"sd","13:37:30",6731100
5940,180,10000,"bu","13:37:29",6729100
5930,170,700,"sd","13:37:25",6719100
5930,170,1300,"sd","13:37:25",6718400
5930,170,200,"sd","13:37:23",6717100
5940,180,1000,"bu","13:37:20",6716900
5930,170,1500,"sd","13:37:11",6715900
5940,180,200,"bu","13:37:07",6714400
5930,170,10000,"sd","13:37:01",6714200
5940,180,100,"bu","13:37:00",6704200
5940,180,100,"bu","13:36:58",6704100
5940,180,200,"bu","13:36:49",6704000
5940,180,100,"sd","13:36:28",6703800
5940,180,500,"sd","13:36:28",6703700
5940,180,600,"sd","13:36:28",6703200
5940,180,100,"sd","13:36:28",6702600
5940,180,500,"sd","13:36:28",6702500
5940,180,100,"sd","13:36:28",6702000
5940,180,11700,"sd","13:36:28",6701900
5950,190,100,"bu","13:36:23",6690200
5950,190,2500,"bu","13:36:22",6690100
5940,180,1000,"sd","13:36:21",6687600
5950,190,1000,"bu","13:36:17",6686600
5950,190,100,"bu","13:36:11",6685600
5940,180,5000,"sd","13:36:09",6685500
5950,190,1400,"bu","13:36:05",6680500
5940,180,5000,"sd","13:36:01",6679100
5940,180,500,"sd","13:36:01",6674100
5940,180,100,"sd","13:35:55",6673600
5940,180,100,"sd","13:35:45",6673500
5940,180,100,"sd","13:35:45",6673400
5940,180,1000,"sd","13:35:44",6673300
5940,180,500,"sd","13:35:36",6672300
5940,180,5000,"bu","13:35:35",6671800
5930,170,20000,"sd","13:35:33",6666800
5940,180,400,"bu","13:35:31",6646800
5940,180,3500,"bu","13:35:31",6646400
5930,170,700,"sd","13:35:26",6642900
5930,170,1000,"sd","13:35:15",6642200
5940,180,1500,"sd","13:35:13",6641200
5940,180,1000,"sd","13:35:07",6639700
5930,170,5300,"sd","13:35:04",6638700
5940,180,400,"unknown","13:35:04",6633400
5930,170,19200,"sd","13:35:04",6633000
5940,180,500,"bu","13:35:04",6613800
5940,180,4100,"bu","13:35:02",6613300
5940,180,9000,"bu","13:35:00",6609200
5930,170,2500,"sd","13:35:00",6600200
5940,180,100,"bu","13:34:58",6597700
5940,180,1200,"sd","13:34:47",6597600
5940,180,1000,"sd","13:34:47",6596400
5940,180,50000,"sd","13:34:47",6595400
5940,180,500,"sd","13:34:47",6545400
5940,180,400,"sd","13:34:47",6544900
5940,180,2400,"sd","13:34:47",6544500
5940,180,1400,"sd","13:34:47",6542100
5940,180,100,"sd","13:34:47",6540700
5950,190,400,"sd","13:34:47",6540600
5940,180,1000,"sd","13:34:47",6540200
5950,190,5000,"sd","13:34:47",6539200
5940,180,100,"sd","13:34:47",6534200
5950,190,11200,"sd","13:34:47",6534100
5950,190,100,"sd","13:34:47",6522900
5950,190,100,"sd","13:34:47",6522800
5950,190,100,"sd","13:34:47",6522700
5950,190,500,"sd","13:34:47",6522600
5950,190,100,"sd","13:34:47",6522100
5950,190,800,"sd","13:34:47",6522000
5950,190,2500,"sd","13:34:47",6521200
5950,190,300,"sd","13:34:47",6518700
5950,190,200,"sd","13:34:47",6518400
5950,190,5000,"sd","13:34:33",6518200
5960,200,500,"bu","13:34:30",6513200
5950,190,600,"sd","13:34:29",6512700
5950,190,6400,"sd","13:34:29",6512100
5950,190,3600,"sd","13:34:24",6505700
5950,190,500,"sd","13:34:24",6502100
5950,190,1000,"sd","13:34:24",6501600
5950,190,500,"sd","13:34:24",6500600
5950,190,10000,"sd","13:34:24",6500100
5950,190,400,"sd","13:34:24",6490100
5950,190,5000,"sd","13:34:24",6489700
5950,190,600,"sd","13:34:24",6484700
5950,190,800,"sd","13:34:24",6484100
5950,190,1000,"sd","13:34:24",6483300
5950,190,100,"sd","13:34:24",6482300
5950,190,1500,"sd","13:34:24",6482200
5960,200,300,"bu","13:34:23",6480700
5960,200,300,"bu","13:34:18",6480400
5960,200,200,"bu","13:34:17",6480100
5960,200,7100,"bu","13:34:17",6479900
5960,200,500,"bu","13:34:17",6472800
5960,200,1000,"bu","13:34:17",6472300
5960,200,5000,"bu","13:34:17",6471300
5960,200,29500,"sd","13:34:17",6466300
5960,200,100,"sd","13:34:16",6436800
5960,200,5000,"sd","13:34:04",6436700
5960,200,1000,"sd","13:33:57",6431700
5960,200,3000,"sd","13:33:52",6430700
5970,210,100,"bu","13:33:25",6427700
5970,210,2100,"bu","13:33:24",6427600
5970,210,3500,"sd","13:33:22",6425500
5970,210,4400,"sd","13:33:17",6422000
5970,210,600,"sd","13:33:17",6417600
5970,210,6200,"bu","13:33:13",6417000
5970,210,3800,"sd","13:33:09",6410800
5970,210,600,"sd","13:33:09",6407000
5970,210,100,"bu","13:33:08",6406400
5970,210,10000,"bu","13:33:08",6406300
5970,210,500,"bu","13:33:08",6396300
5970,210,2500,"sd","13:33:05",6395800
5970,210,700,"sd","13:32:57",6393300
5970,210,1000,"bu","13:32:56",6392600
5970,210,200,"bu","13:32:56",6391600
5970,210,1600,"bu","13:32:56",6391400
5960,200,11400,"sd","13:32:53",6389800
5960,200,3000,"sd","13:32:53",6378400
5960,200,5600,"sd","13:32:53",6375400
5970,210,100,"bu","13:32:46",6369800
5960,200,1000,"sd","13:32:46",6369700
5970,210,10000,"bu","13:32:45",6368700
5980,220,300,"bu","13:32:33",6358700
5980,220,19700,"bu","13:32:33",6358400
5960,200,3400,"sd","13:32:31",6338700
5960,200,1000,"sd","13:32:31",6335300
5960,200,100,"sd","13:32:31",6334300
5960,200,1000,"sd","13:32:31",6334200
5960,200,10000,"sd","13:32:31",6333200
5960,200,1000,"sd","13:32:31",6323200
5960,200,700,"sd","13:32:31",6322200
5960,200,500,"sd","13:32:31",6321500
5960,200,200,"sd","13:32:31",6321000
5960,200,1000,"sd","13:32:31",6320800
5960,200,1200,"sd","13:32:31",6319800
5960,200,5000,"sd","13:32:31",6318600
5970,210,400,"unknown","13:32:31",6313600
5970,210,500,"unknown","13:32:31",6313200
5970,210,1000,"unknown","13:32:31",6312700
5970,210,1200,"unknown","13:32:31",6311700
5970,210,2400,"unknown","13:32:31",6310500
5970,210,39400,"unknown","13:32:31",6308100
5980,220,300,"bu","13:32:25",6268700
5970,210,100,"sd","13:32:20",6268400
5970,210,2700,"sd","13:32:19",6268300
5980,220,5800,"bu","13:32:19",6265600
5980,220,1000,"bu","13:32:17",6259800
5980,220,700,"bu","13:32:16",6258800
5970,210,7800,"sd","13:32:14",6258100
5970,210,200,"sd","13:32:14",6250300
5980,220,5600,"bu","13:32:13",6250100
5970,210,3000,"sd","13:32:13",6244500
5970,210,2000,"sd","13:32:13",6241500
5970,210,4700,"sd","13:32:13",6239500
5970,210,300,"sd","13:32:12",6234800
5980,220,11500,"bu","13:32:04",6234500
5980,220,1000,"bu","13:31:56",6223000
5980,220,1800,"bu","13:31:53",6222000
5980,220,1900,"bu","13:31:52",6220200
5980,220,1000,"bu","13:31:47",6218300
5980,220,3000,"bu","13:31:45",6217300
5980,220,5000,"bu","13:31:42",6214300
5980,220,4100,"bu","13:31:17",6209300
5970,210,3000,"sd","13:31:17",6205200
5970,210,2300,"sd","13:31:16",6202200
5970,210,400,"sd","13:31:16",6199900
5970,210,7300,"sd","13:31:16",6199500
5970,210,4000,"sd","13:31:14",6192200
5970,210,200,"sd","13:31:13",6188200
5980,220,3000,"bu","13:31:13",6188000
5970,210,3500,"bu","13:31:04",6185000
5970,210,200,"bu","13:31:02",6181500
5970,210,1700,"bu","13:31:00",6181300
5970,210,9500,"sd","13:30:59",6179600
5970,210,2000,"sd","13:30:59",6170100
5970,210,1000,"sd","13:30:59",6168100
5970,210,2100,"sd","13:30:59",6167100
5980,220,2000,"bu","13:30:58",6165000
5980,220,900,"bu","13:30:51",6163000
5980,220,2000,"bu","13:30:48",6162100
5970,210,300,"sd","13:30:47",6160100
5980,220,9600,"bu","13:30:35",6159800
5970,210,100,"sd","13:30:34",6150200
5970,210,500,"sd","13:30:34",6150100
5970,210,500,"sd","13:30:34",6149600
5970,210,1000,"sd","13:30:34",6149100
5970,210,2900,"sd","13:30:34",6148100
5980,220,2700,"bu","13:30:34",6145200
5980,220,100,"bu","13:30:32",6142500
5970,210,100,"sd","13:30:31",6142400
5970,210,200,"sd","13:30:21",6142300
5970,210,700,"sd","13:30:14",6142100
5970,210,200,"sd","13:30:14",6141400
5970,210,500,"sd","13:30:14",6141200
5970,210,3600,"sd","13:30:14",6140700
5980,220,300,"bu","13:30:05",6137100
5980,220,1000,"bu","13:30:04",6136800
5980,220,500,"bu","13:30:01",6135800
5980,220,4500,"sd","13:29:52",6135300
5980,220,300,"sd","13:29:48",6130800
5980,220,400,"bu","13:29:46",6130500
5980,220,3400,"bu","13:29:46",6130100
5980,220,100,"bu","13:29:46",6126700
5980,220,600,"bu","13:29:36",6126600
5980,220,200,"bu","13:29:36",6126000
5970,210,300,"sd","13:29:25",6125800
5960,200,300,"sd","13:29:10",6125500
5960,200,100,"sd","13:29:10",6125200
5970,210,500,"sd","13:29:10",6125100
5970,210,100,"sd","13:29:10",6124600
5990,230,100,"bu","13:29:05",6124500
5990,230,4800,"bu","13:29:01",6124400
5980,220,3200,"unknown","13:29:01",6119600
5980,220,2000,"bu","13:29:01",6116400
5980,220,100,"bu","13:28:59",6114400
5980,220,300,"bu","13:28:59",6114300
5980,220,1000,"sd","13:28:54",6114000
5980,220,1400,"sd","13:28:54",6113000
5980,220,900,"sd","13:28:53",6111600
5980,220,1000,"sd","13:28:53",6110700
5980,220,100,"sd","13:28:48",6109700
5980,220,100,"bu","13:28:44",6109600
5980,220,2000,"bu","13:28:44",6109500
5980,220,2500,"bu","13:28:44",6107500
5980,220,2000,"bu","13:28:33",6105000
5980,220,100,"bu","13:28:31",6103000
5960,200,100,"sd","13:28:30",6102900
5960,200,1600,"sd","13:28:30",6102800
5960,200,500,"sd","13:28:19",6101200
5960,200,200,"sd","13:28:19",6100700
5960,200,800,"sd","13:28:19",6100500
5960,200,4000,"sd","13:28:11",6099700
5960,200,200,"bu","13:28:11",6095700
5960,200,200,"bu","13:28:10",6095500
5950,190,500,"sd","13:28:10",6095300
5950,190,500,"sd","13:28:10",6094800
5960,200,2700,"bu","13:28:08",6094300
5960,200,100,"sd","13:28:04",6091600
5960,200,400,"sd","13:28:03",6091500
5960,200,800,"sd","13:28:02",6091100
5960,200,700,"sd","13:27:59",6090300
5960,200,2000,"sd","13:27:59",6089600
5960,200,3000,"unknown","13:27:50",6087600
5980,220,400,"bu","13:27:47",6084600
5950,190,500,"sd","13:27:45",6084200
5950,190,500,"sd","13:27:45",6083700
5950,190,300,"sd","13:27:45",6083200
5950,190,7700,"sd","13:27:45",6082900
5950,190,1300,"sd","13:27:43",6075200
5970,210,1000,"sd","13:27:43",6073900
5970,210,2000,"bu","13:27:42",6072900
5970,210,2000,"bu","13:27:42",6070900
5950,190,1000,"sd","13:27:39",6068900
5970,210,5000,"bu","13:27:38",6067900
5950,190,500,"sd","13:27:38",6062900
5950,190,3600,"sd","13:27:37",6062400
5960,200,1900,"sd","13:27:37",6058800
5960,200,100,"bu","13:27:35",6056900
5950,190,900,"sd","13:27:34",6056800
5950,190,100,"sd","13:27:32",6055900
5950,190,700,"bu","13:27:30",6055800
5950,190,200,"bu","13:27:28",6055100
5950,190,500,"bu","13:27:28",6054900
5930,170,2000,"sd","13:27:27",6054400
5940,180,8000,"sd","13:27:27",6052400
5950,190,1000,"sd","13:27:24",6044400
5950,190,3000,"sd","13:27:24",6043400
5950,190,200,"sd","13:27:24",6040400
5950,190,2000,"sd","13:27:24",6040200
5950,190,200,"sd","13:27:24",6038200
5950,190,1000,"sd","13:27:24",6038000
5950,190,500,"sd","13:27:24",6037000
5950,190,700,"sd","13:27:24",6036500
5970,210,1000,"bu","13:27:24",6035800
5980,220,400,"bu","13:27:13",6034800
5980,220,1500,"bu","13:27:13",6034400
5980,220,400,"bu","13:27:13",6032900
5980,220,2700,"bu","13:27:13",6032500
5950,190,800,"sd","13:27:11",6029800
5960,200,200,"sd","13:27:11",6029000
5950,190,500,"sd","13:27:09",6028800
5980,220,1500,"sd","13:27:02",6028300
5980,220,5000,"sd","13:27:02",6026800
5980,220,1000,"sd","13:27:02",6021800
5980,220,700,"sd","13:27:02",6020800
5990,230,200,"bu","13:27:02",6020100
5980,220,1500,"sd","13:27:01",6019900
5980,220,100,"sd","13:26:58",6018400
5990,230,200,"bu","13:26:56",6018300
5990,230,400,"sd","13:26:51",6018100
5990,230,200,"sd","13:26:51",6017700
5990,230,300,"sd","13:26:50",6017500
5990,230,500,"sd","13:26:49",6017200
5990,230,500,"sd","13:26:49",6016700
6000,240,10000,"bu","13:26:48",6016200
5990,230,1000,"sd","13:26:44",6006200
5990,230,1000,"sd","13:26:43",6005200
6000,240,2400,"bu","13:26:43",6004200
5990,230,1000,"sd","13:26:38",6001800
5990,230,500,"sd","13:26:37",6000800
5990,230,100,"sd","13:26:37",6000300
6000,240,300,"bu","13:26:36",6000200
6000,240,500,"bu","13:26:31",5999900
6000,240,100,"bu","13:26:29",5999400
6000,240,1200,"bu","13:26:28",5999300
6000,240,1000,"sd","13:26:26",5998100
6000,240,200,"sd","13:26:26",5997100
6000,240,5000,"sd","13:26:26",5996900
6000,240,5000,"sd","13:26:26",5991900
6000,240,2000,"sd","13:26:26",5986900
6000,240,300,"sd","13:26:26",5984900
6000,240,400,"sd","13:26:26",5984600
6000,240,1000,"sd","13:26:26",5984200
6000,240,10000,"sd","13:26:26",5983200
6000,240,1000,"sd","13:26:26",5973200
6000,240,1000,"sd","13:26:26",5972200
6000,240,7000,"sd","13:26:26",5971200
6000,240,500,"sd","13:26:26",5964200
6000,240,500,"sd","13:26:26",5963700
6000,240,1000,"sd","13:26:26",5963200
6000,240,1000,"sd","13:26:26",5962200
6000,240,1000,"sd","13:26:26",5961200
6000,240,15000,"sd","13:26:26",5960200
6000,240,4300,"sd","13:26:26",5945200
6000,240,100,"sd","13:26:26",5940900
6000,240,1900,"sd","13:26:23",5940800
6000,240,900,"sd","13:26:23",5938900
6020,260,100,"sd","13:26:23",5938000
6030,270,2000,"sd","13:26:23",5937900
6030,270,100,"sd","13:26:23",5935900
6040,280,100,"bu","13:26:22",5935800
6030,270,400,"sd","13:26:22",5935700
6040,280,5700,"bu","13:26:20",5935300
6040,280,4300,"bu","13:26:20",5929600
6040,280,200,"bu","13:26:17",5925300
6040,280,1000,"sd","13:26:12",5925100
6040,280,200,"sd","13:26:12",5924100
6040,280,700,"sd","13:26:12",5923900
6040,280,600,"sd","13:26:12",5923200
6040,280,700,"sd","13:26:11",5922600
6040,280,1100,"sd","13:26:11",5921900
6040,280,2000,"sd","13:26:11",5920800
6040,280,2900,"sd","13:26:11",5918800
6040,280,100,"sd","13:26:11",5915900
6040,280,3000,"sd","13:26:11",5915800
6040,280,8900,"sd","13:26:09",5912800
6040,280,200,"sd","13:26:09",5903900
6040,280,900,"sd","13:26:09",5903700
6040,280,2000,"sd","13:26:09",5902800
6050,290,300,"bu","13:26:08",5900800
6040,280,100,"sd","13:26:06",5900500
6040,280,10000,"sd","13:26:06",5900400
6050,290,100,"bu","13:26:05",5890400
6050,290,100,"bu","13:26:05",5890300
6040,280,3000,"sd","13:26:04",5890200
6050,290,2600,"bu","13:25:59",5887200
6050,290,2000,"bu","13:25:58",5884600
6050,290,500,"bu","13:25:57",5882600
6050,290,800,"sd","13:25:56",5882100
6050,290,50000,"sd","13:25:56",5881300
6050,290,500,"sd","13:25:56",5831300
6050,290,400,"sd","13:25:56",5830800
6050,290,100,"sd","13:25:56",5830400
6050,290,2000,"sd","13:25:56",5830300
6050,290,2000,"sd","13:25:56",5828300
6050,290,100,"sd","13:25:56",5826300
6060,300,400,"bu","13:25:54",5826200
6060,300,3400,"sd","13:25:50",5825800
6060,300,12700,"sd","13:25:49",5822400
6060,300,1200,"sd","13:25:49",5809700
6060,300,36100,"sd","13:25:49",5808500
6060,300,500,"sd","13:25:49",5772400
6060,300,10000,"sd","13:25:49",5771900
6070,310,1100,"bu","13:25:48",5761900
6060,300,6600,"sd","13:25:43",5760800
6060,300,1000,"sd","13:25:43",5754200
6060,300,2000,"sd","13:25:43",5753200
6060,300,400,"sd","13:25:43",5751200
6060,300,100,"sd","13:25:39",5750800
6070,310,900,"sd","13:25:35",5750700
6070,310,2000,"sd","13:25:35",5749800
6070,310,800,"sd","13:25:35",5747800
6070,310,2000,"sd","13:25:35",5747000
6070,310,20000,"sd","13:25:35",5745000
6070,310,7100,"sd","13:25:35",5725000
6070,310,200,"sd","13:25:35",5717900
6070,310,1700,"sd","13:25:35",5717700
6070,310,100,"sd","13:25:35",5716000
6070,310,5000,"sd","13:25:34",5715900
6070,310,4500,"sd","13:25:30",5710900
6070,310,500,"sd","13:25:27",5706400
6070,310,700,"sd","13:25:26",5705900
6070,310,800,"sd","13:25:24",5705200
6070,310,5000,"sd","13:25:24",5704400
6070,310,500,"sd","13:25:24",5699400
6070,310,900,"sd","13:25:21",5698900
6070,310,1000,"sd","13:25:18",5698000
6070,310,400,"sd","13:25:18",5697000
6080,320,5000,"bu","13:25:18",5696600
6070,310,1000,"sd","13:25:18",5691600
6070,310,10000,"sd","13:25:14",5690600
6070,310,100,"sd","13:25:14",5680600
6070,310,1500,"sd","13:25:13",5680500
6070,310,500,"sd","13:25:11",5679000
6070,310,100,"sd","13:25:09",5678500
6070,310,500,"sd","13:25:07",5678400
6070,310,15200,"sd","13:25:04",5677900
6070,310,2500,"sd","13:25:04",5662700
6070,310,2000,"sd","13:25:04",5660200
6070,310,100,"sd","13:25:04",5658200
6070,310,2300,"sd","13:25:04",5658100
6070,310,2900,"sd","13:25:04",5655800
6070,310,1000,"sd","13:25:03",5652900
6070,310,500,"sd","13:25:03",5651900
6070,310,15000,"sd","13:25:03",5651400
6070,310,800,"sd","13:25:03",5636400
6070,310,100,"sd","13:25:03",5635600
6070,310,8000,"sd","13:25:03",5635500
6070,310,500,"sd","13:25:03",5627500
6070,310,100,"sd","13:25:03",5627000
6070,310,2000,"sd","13:25:03",5626900
6080,320,1200,"bu","13:25:00",5624900
6070,310,100,"sd","13:24:51",5623700
6080,320,600,"bu","13:24:50",5623600
6080,320,200,"bu","13:24:49",5623000
6070,310,100,"sd","13:24:48",5622800
6080,320,1000,"sd","13:24:45",5622700
6080,320,1100,"sd","13:24:45",5621700
6080,320,900,"sd","13:24:44",5620600
6080,320,100,"sd","13:24:44",5619700
6080,320,200,"sd","13:24:42",5619600
6080,320,100,"sd","13:24:42",5619400
6080,320,100,"sd","13:24:42",5619300
6080,320,2000,"sd","13:24:42",5619200
6080,320,400,"sd","13:24:42",5617200
6080,320,2200,"sd","13:24:42",5616800
6080,320,7800,"sd","13:24:42",5614600
6080,320,2000,"sd","13:24:42",5606800
6080,320,1000,"sd","13:24:42",5604800
6080,320,300,"sd","13:24:42",5603800
6080,320,100,"sd","13:24:42",5603500
6080,320,500,"sd","13:24:42",5603400
6080,320,1000,"sd","13:24:42",5602900
6080,320,600,"sd","13:24:42",5601900
6080,320,400,"sd","13:24:41",5601300
6080,320,100,"sd","13:24:41",5600900
6080,320,500,"sd","13:24:37",5600800
6080,320,200,"sd","13:24:34",5600300
6080,320,300,"sd","13:24:33",5600100
6080,320,700,"sd","13:24:32",5599800
6080,320,100,"sd","13:24:32",5599100
6080,320,2200,"sd","13:24:32",5599000
6080,320,5000,"sd","13:24:29",5596800
6080,320,600,"sd","13:24:28",5591800
6080,320,1800,"sd","13:24:28",5591200
6090,330,1000,"bu","13:24:26",5589400
6080,320,2000,"sd","13:24:25",5588400
6080,320,2000,"sd","13:24:24",5586400
6080,320,1000,"sd","13:24:23",5584400
6080,320,26000,"sd","13:24:20",5583400
6080,320,500,"sd","13:24:18",5557400
6080,320,10000,"sd","13:24:15",5556900
6080,320,900,"sd","13:24:08",5546900
6080,320,400,"sd","13:24:03",5546000
6080,320,300,"sd","13:23:58",5545600
6090,330,500,"bu","13:23:53",5545300
6090,330,200,"bu","13:23:50",5544800
6090,330,3100,"bu","13:23:42",5544600
6090,330,1000,"bu","13:23:42",5541500
6090,330,900,"bu","13:23:42",5540500
6090,330,100,"bu","13:23:40",5539600
6090,330,100,"bu","13:23:40",5539500
6080,320,36300,"sd","13:23:32",5539400
6090,330,1200,"bu","13:23:27",5503100
6090,330,1000,"bu","13:23:27",5501900
6090,330,1500,"bu","13:23:24",5500900
6090,330,1000,"bu","13:23:24",5499400
6090,330,300,"bu","13:23:24",5498400
6090,330,300,"bu","13:23:24",5498100
6090,330,100,"bu","13:23:21",5497800
6090,330,100,"bu","13:23:14",5497700
6090,330,1900,"bu","13:23:14",5497600
6090,330,3100,"bu","13:23:07",5495700
6090,330,200,"bu","13:23:07",5492600
6080,320,100,"sd","13:22:58",5492400
6090,330,1000,"bu","13:22:55",5492300
6090,330,2000,"bu","13:22:52",5491300
6090,330,1000,"bu","13:22:52",5489300
6080,320,500,"sd","13:22:48",5488300
6090,330,1000,"bu","13:22:46",5487800
6080,320,100,"sd","13:22:45",5486800
6080,320,300,"sd","13:22:43",5486700
6090,330,500,"bu","13:22:40",5486400
6080,320,10000,"sd","13:22:35",5485900
6070,310,1000,"sd","13:22:23",5475900
6100,340,2600,"bu","13:22:21",5474900
6100,340,3000,"bu","13:22:21",5472300
6100,340,100,"bu","13:22:21",5469300
6090,330,1200,"unknown","13:22:21",5469200
6090,330,100,"unknown","13:22:21",5468000
6100,340,2000,"bu","13:22:21",5467900
6090,330,5000,"unknown","13:22:21",5465900
6100,340,1000,"bu","13:22:21",5460900
6090,330,500,"unknown","13:22:21",5459900
6100,340,500,"bu","13:22:21",5459400
6080,320,10000,"unknown","13:22:21",5458900
6100,340,5000,"bu","13:22:21",5448900
6080,320,1000,"unknown","13:22:21",5443900
6100,340,500,"bu","13:22:21",5442900
6080,320,500,"unknown","13:22:21",5442400
6100,340,3500,"bu","13:22:20",5441900
6100,340,500,"bu","13:22:20",5438400
6080,320,200,"bu","13:22:20",5437900
6100,340,500,"bu","13:22:20",5437700
6100,340,1000,"bu","13:22:20",5437200
6100,340,1000,"bu","13:22:20",5436200
6100,340,100,"bu","13:22:20",5435200
6100,340,1000,"bu","13:22:20",5435100
6100,340,19200,"bu","13:22:20",5434100
6080,320,200,"bu","13:22:17",5414900
6080,320,100,"bu","13:22:11",5414700
6080,320,1000,"bu","13:22:01",5414600
6080,320,400,"sd","13:22:01",5413600
6080,320,1000,"sd","13:22:01",5413200
6080,320,5000,"sd","13:22:00",5412200
6080,320,500,"sd","13:22:00",5407200
6080,320,500,"sd","13:22:00",5406700
6090,330,1100,"sd","13:22:00",5406200
6090,330,1500,"sd","13:22:00",5405100
6090,330,300,"sd","13:22:00",5403600
6090,330,200,"sd","13:22:00",5403300
6090,330,10000,"sd","13:21:58",5403100
6090,330,10000,"sd","13:21:57",5393100
6090,330,4000,"sd","13:21:57",5383100
6090,330,4800,"sd","13:21:57",5379100
6090,330,10900,"sd","13:21:57",5374300
6090,330,3000,"sd","13:21:57",5363400
6090,330,100,"sd","13:21:57",5360400
6090,330,500,"sd","13:21:57",5360300
6090,330,12500,"sd","13:21:57",5359800
6090,330,1900,"sd","13:21:57",5347300
6090,330,2000,"sd","13:21:57",5345400
6090,330,6400,"sd","13:21:57",5343400
6090,330,20000,"sd","13:21:57",5337000
6090,330,4000,"sd","13:21:57",5317000
6090,330,6800,"bu","13:21:57",5313000
6080,320,17500,"sd","13:21:54",5306200
6080,320,100,"sd","13:21:54",5288700
6080,320,1000,"sd","13:21:54",5288600
6080,320,1400,"sd","13:21:54",5287600
6080,320,100,"sd","13:21:54",5286200
6080,320,5000,"sd","13:21:50",5286100
6080,320,100,"sd","13:21:43",5281100
6080,320,3400,"sd","13:21:42",5281000
6080,320,4600,"sd","13:21:42",5277600
6080,320,400,"sd","13:21:41",5273000
6080,320,900,"sd","13:21:40",5272600
6080,320,40000,"sd","13:21:36",5271700
6080,320,500,"sd","13:21:36",5231700
6090,330,100,"bu","13:21:32",5231200
6080,320,100,"sd","13:21:31",5231100
6080,320,3000,"sd","13:21:29",5231000
6090,330,4100,"bu","13:21:29",5228000
6080,320,1900,"bu","13:21:23",5223900
6080,320,1100,"bu","13:21:23",5222000
6080,320,2500,"bu","13:21:23",5220900
6080,320,200,"bu","13:21:22",5218400
6080,320,3000,"bu","13:21:18",5218200
6080,320,10000,"bu","13:21:18",5215200
6080,320,1700,"bu","13:21:18",5205200
6080,320,300,"bu","13:21:18",5203500
6080,320,200,"bu","13:21:17",5203200
6080,320,1000,"bu","13:21:17",5203000
6080,320,200,"bu","13:21:13",5202000
6080,320,100,"bu","13:21:12",5201800
6080,320,100,"bu","13:21:11",5201700
6080,320,900,"sd","13:21:04",5201600
6080,320,500,"sd","13:21:04",5200700
6080,320,5000,"sd","13:21:04",5200200
6080,320,500,"sd","13:21:04",5195200
6080,320,500,"sd","13:21:04",5194700
6080,320,100,"sd","13:21:04",5194200
6080,320,100,"sd","13:21:04",5194100
6080,320,1100,"sd","13:21:04",5194000
6080,320,200,"sd","13:21:04",5192900
6080,320,3400,"sd","13:21:04",5192700
6080,320,200,"sd","13:21:04",5189300
6080,320,3500,"sd","13:21:04",5189100
6090,330,200,"bu","13:21:00",5185600
6080,320,2500,"sd","13:20:57",5185400
6080,320,400,"sd","13:20:57",5182900
6080,320,100,"sd","13:20:57",5182500
6080,320,1000,"sd","13:20:57",5182400
6080,320,2000,"sd","13:20:57",5181400
6080,320,100,"sd","13:20:57",5179400
6080,320,100,"sd","13:20:57",5179300
6080,320,2000,"sd","13:20:57",5179200
6080,320,900,"sd","13:20:57",5177200
6080,320,200,"sd","13:20:57",5176300
6080,320,500,"sd","13:20:57",5176100
6080,320,200,"sd","13:20:57",5175600
6080,320,1000,"sd","13:20:49",5175400
6090,330,3000,"bu","13:20:47",5174400
6090,330,500,"bu","13:20:45",5171400
6080,320,100,"sd","13:20:40",5170900
6090,330,2000,"bu","13:20:37",5170800
6090,330,300,"bu","13:20:35",5168800
6090,330,500,"bu","13:20:29",5168500
6090,330,100,"sd","13:20:25",5168000
6090,330,1000,"sd","13:20:25",5167900
6090,330,1000,"sd","13:20:25",5166900
6090,330,400,"sd","13:20:25",5165900
6090,330,2600,"sd","13:20:24",5165500
6090,330,400,"sd","13:20:24",5162900
6090,330,600,"sd","13:20:16",5162500
6090,330,400,"sd","13:20:16",5161900
6090,330,1600,"sd","13:20:13",5161500
6090,330,400,"sd","13:20:13",5159900
6090,330,1000,"sd","13:20:10",5159500
6100,340,4400,"bu","13:20:10",5158500
6100,340,1000,"bu","13:20:10",5154100
6100,340,500,"bu","13:20:10",5153100
6100,340,2800,"bu","13:20:10",5152600
6090,330,100,"sd","13:20:05",5149800
6100,340,200,"bu","13:20:01",5149700
6100,340,300,"bu","13:20:01",5149500
6090,330,300,"unknown","13:20:00",5149200
6090,330,800,"bu","13:19:59",5148900
6090,330,5200,"bu","13:19:57",5148100
6090,330,1000,"bu","13:19:57",5142900
6090,330,1000,"bu","13:19:53",5141900
6100,340,2100,"bu","13:19:52",5140900
6090,330,200,"bu","13:19:52",5138800
6090,330,400,"sd","13:19:48",5138600
6090,330,100,"sd","13:19:48",5138200
6090,330,100,"sd","13:19:48",5138100
6090,330,100,"sd","13:19:48",5138000
6090,330,100,"sd","13:19:48",5137900
6100,340,600,"bu","13:19:33",5137800
6100,340,3000,"bu","13:19:33",5137200
6090,330,4000,"bu","13:19:24",5134200
6090,330,1000,"bu","13:19:19",5130200
6080,320,1000,"sd","13:19:06",5129200
6110,350,3000,"bu","13:19:05",5128200
6100,340,200,"unknown","13:19:05",5125200
6100,340,300,"unknown","13:19:05",5125000
6100,340,100,"unknown","13:19:05",5124700
6100,340,1000,"unknown","13:19:05",5124600
6100,340,300,"unknown","13:19:05",5123600
6100,340,2000,"unknown","13:19:05",5123300
6100,340,1000,"unknown","13:19:05",5121300
6100,340,3000,"unknown","13:19:05",5120300
6100,340,2000,"unknown","13:19:05",5117300
6100,340,3900,"unknown","13:19:05",5115300
6100,340,1500,"unknown","13:19:05",5111400
6100,340,1000,"unknown","13:19:05",5109900
6100,340,2000,"unknown","13:19:05",5108900
6090,330,1000,"unknown","13:19:05",5106900
6100,340,36000,"unknown","13:19:05",5105900
6090,330,1000,"unknown","13:19:05",5069900
6100,340,1000,"unknown","13:19:05",5068900
6090,330,800,"bu","13:19:05",5067900
6100,340,2000,"bu","13:19:05",5067100
6110,350,2300,"bu","13:19:05",5065100
6100,340,1000,"bu","13:19:05",5062800
6110,350,200,"bu","13:19:05",5061800
6100,340,100,"bu","13:19:05",5061600
6110,350,2000,"bu","13:19:05",5061500
6100,340,1700,"bu","13:19:05",5059500
6090,330,11000,"bu","13:19:05",5057800
6110,350,100,"bu","13:19:05",5046800
6090,330,12500,"bu","13:19:05",5046700
6110,350,5000,"bu","13:19:05",5034200
6090,330,1000,"bu","13:19:05",5029200
6080,320,200,"sd","13:19:03",5028200
6090,330,1600,"bu","13:19:01",5028000
6090,330,100,"bu","13:18:59",5026400
6080,320,2000,"bu","13:18:57",5026300
6080,320,500,"bu","13:18:57",5024300
6080,320,1000,"bu","13:18:57",5023800
6080,320,1000,"bu","13:18:57",5022800
6080,320,100,"bu","13:18:57",5021800
6080,320,800,"bu","13:18:46",5021700
6080,320,2600,"bu","13:18:43",5020900
6080,320,1500,"bu","13:18:43",5018300
6090,330,3900,"bu","13:18:39",5016800
6090,330,1000,"bu","13:18:39",5012900
6090,330,1000,"bu","13:18:39",5011900
6090,330,100,"bu","13:18:39",5010900
6090,330,1000,"bu","13:18:39",5010800
6090,330,4600,"bu","13:18:39",5009800
6080,320,2000,"unknown","13:18:39",5005200
6080,320,100,"unknown","13:18:39",5003200
6080,320,1300,"bu","13:18:38",5003100
6080,320,300,"bu","13:18:36",5001800
6080,320,300,"bu","13:18:28",5001500
6080,320,100,"bu","13:18:24",5001200
6060,300,700,"sd","13:18:19",5001100
6090,330,4300,"bu","13:18:18",5000400
6090,330,300,"bu","13:18:17",4996100
6060,300,200,"sd","13:18:14",4995800
6090,330,10000,"bu","13:18:10",4995600
6090,330,1700,"bu","13:18:08",4985600
6060,300,100,"sd","13:18:07",4983900
6060,300,1000,"sd","13:18:03",4983800
6090,330,1500,"bu","13:18:00",4982800
6090,330,6900,"bu","13:17:58",4981300
6090,330,2300,"bu","13:17:58",4974400
6090,330,100,"bu","13:17:57",4972100
6090,330,4200,"bu","13:17:57",4972000
6070,310,400,"sd","13:17:56",4967800
6070,310,200,"sd","13:17:56",4967400
6070,310,10000,"sd","13:17:56",4967200
6070,310,400,"sd","13:17:56",4957200
6070,310,10000,"sd","13:17:56",4956800
6070,310,1000,"sd","13:17:56",4946800
6080,320,2000,"sd","13:17:56",4945800
6080,320,1200,"sd","13:17:56",4943800
6080,320,2000,"sd","13:17:56",4942600
6080,320,500,"sd","13:17:56",4940600
6080,320,1000,"sd","13:17:56",4940100
6080,320,1000,"sd","13:17:56",4939100
6080,320,5600,"sd","13:17:55",4938100
6080,320,300,"sd","13:17:55",4932500
6080,320,400,"sd","13:17:55",4932200
6060,300,28000,"sd","13:17:55",4931800
6070,310,1000,"sd","13:17:55",4903800
6090,330,200,"sd","13:17:55",4902800
6090,330,400,"sd","13:17:55",4902600
6090,330,100,"sd","13:17:55",4902200
6090,330,400,"sd","13:17:55",4902100
6090,330,15000,"sd","13:17:55",4901700
6090,330,1600,"sd","13:17:55",4886700
6090,330,9800,"sd","13:17:55",4885100
6100,340,300,"bu","13:17:54",4875300
6100,340,300,"bu","13:17:54",4875000
6100,340,700,"bu","13:17:54",4874700
6100,340,2000,"bu","13:17:50",4874000
6100,340,100,"bu","13:17:50",4872000
6100,340,10000,"bu","13:17:50",4871900
6090,330,2000,"sd","13:17:50",4861900
6100,340,300,"bu","13:17:50",4859900
6100,340,1000,"bu","13:17:50",4859600
6100,340,4000,"bu","13:17:50",4858600
6100,340,700,"bu","13:17:50",4854600
6100,340,4000,"bu","13:17:50",4853900
6100,340,10000,"bu","13:17:50",4849900
6100,340,200,"bu","13:17:50",4839900
6100,340,19300,"bu","13:17:50",4839700
6100,340,1000,"bu","13:17:50",4820400
6100,340,500,"bu","13:17:50",4819400
6100,340,10000,"bu","13:17:50",4818900
6100,340,1000,"bu","13:17:50",4808900
6100,340,10000,"bu","13:17:50",4807900
6100,340,1000,"bu","13:17:50",4797900
6100,340,100,"bu","13:17:50",4796900
6100,340,3800,"bu","13:17:50",4796800
6100,340,7100,"bu","13:17:50",4793000
6100,340,1000,"bu","13:17:50",4785900
6100,340,200,"bu","13:17:50",4784900
6100,340,3300,"bu","13:17:50",4784700
6090,330,2000,"sd","13:17:44",4781400
6100,340,400,"bu","13:17:43",4779400
6100,340,100,"bu","13:17:43",4779000
6100,340,1000,"bu","13:17:43",4778900
6100,340,15000,"bu","13:17:43",4777900
6100,340,1000,"bu","13:17:43",4762900
6100,340,9700,"bu","13:17:43",4761900
6100,340,500,"bu","13:17:43",4752200
6100,340,1000,"bu","13:17:43",4751700
6100,340,3000,"bu","13:17:43",4750700
6100,340,100,"bu","13:17:43",4747700
6100,340,5700,"bu","13:17:43",4747600
6100,340,500,"bu","13:17:43",4741900
6100,340,4000,"bu","13:17:43",4741400
6100,340,10300,"bu","13:17:43",4737400
6100,340,10000,"bu","13:17:43",4727100
6100,340,5300,"bu","13:17:43",4717100
6100,340,1900,"bu","13:17:43",4711800
6100,340,1000,"bu","13:17:43",4709900
6100,340,500,"bu","13:17:43",4708900
6100,340,200,"bu","13:17:43",4708400
6100,340,5400,"bu","13:17:43",4708200
6100,340,1000,"bu","13:17:43",4702800
6100,340,1800,"bu","13:17:43",4701800
6100,340,300,"bu","13:17:43",4700000
6100,340,16000,"bu","13:17:43",4699700
6100,340,19100,"bu","13:17:43",4683700
6100,340,200,"bu","13:17:43",4664600
6100,340,1500,"bu","13:17:42",4664400
6100,340,100,"bu","13:17:42",4662900
6100,340,100,"bu","13:17:42",4662800
6100,340,700,"bu","13:17:42",4662700
6100,340,60000,"bu","13:17:42",4662000
6100,340,11000,"bu","13:17:42",4602000
6100,340,1100,"bu","13:17:42",4591000
6100,340,500,"bu","13:17:42",4589900
6100,340,100,"bu","13:17:42",4589400
6100,340,100,"bu","13:17:42",4589300
6100,340,1000,"bu","13:17:42",4589200
6100,340,5500,"bu","13:17:42",4588200
6100,340,500,"bu","13:17:42",4582700
6100,340,100,"bu","13:17:42",4582200
6100,340,500,"bu","13:17:42",4582100
6100,340,500,"bu","13:17:42",4581600
6100,340,1100,"bu","13:17:42",4581100
6100,340,500,"bu","13:17:42",4580000
6100,340,100,"bu","13:17:42",4579500
6090,330,500,"sd","13:17:41",4579400
6100,340,700,"bu","13:17:41",4578900
6090,330,100,"sd","13:17:39",4578200
6090,330,1000,"sd","13:17:36",4578100
6090,330,1000,"sd","13:17:34",4577100
6090,330,1000,"bu","13:17:28",4576100
6090,330,100,"bu","13:17:28",4575100
6090,330,1000,"bu","13:17:28",4575000
6090,330,25800,"bu","13:17:28",4574000
6090,330,500,"bu","13:17:28",4548200
6090,330,100,"bu","13:17:28",4547700
6090,330,100,"bu","13:17:28",4547600
6090,330,600,"bu","13:17:28",4547500
6090,330,3000,"bu","13:17:28",4546900
6090,330,6400,"bu","13:17:28",4543900
6080,320,1000,"sd","13:17:28",4537500
6080,320,200,"sd","13:17:27",4536500
6080,320,100,"sd","13:17:25",4536300
6090,330,1600,"bu","13:17:24",4536200
6080,320,5000,"sd","13:17:22",4534600
6080,320,1000,"sd","13:17:21",4529600
6090,330,1000,"bu","13:17:19",4528600
6090,330,800,"bu","13:17:19",4527600
6090,330,200,"bu","13:17:19",4526800
6090,330,3000,"bu","13:17:19",4526600
6080,320,2000,"sd","13:17:17",4523600
6080,320,300,"sd","13:17:04",4521600
6080,320,400,"sd","13:17:04",4521300
6090,330,4300,"sd","13:17:04",4520900
6090,330,1100,"unknown","13:17:03",4516600
6090,330,500,"bu","13:17:03",4515500
6090,330,1000,"bu","13:17:03",4515000
6090,330,500,"bu","13:17:03",4514000
6090,330,500,"bu","13:17:03",4513500
6090,330,3000,"bu","13:17:03",4513000
6090,330,500,"bu","13:17:03",4510000
6090,330,2000,"bu","13:17:03",4509500
6090,330,2000,"bu","13:17:03",4507500
6090,330,100,"bu","13:17:03",4505500
6080,320,600,"sd","13:17:02",4505400
6080,320,500,"sd","13:17:02",4504800
6080,320,1900,"sd","13:17:02",4504300
6090,330,500,"bu","13:16:59",4502400
6090,330,200,"bu","13:16:58",4501900
6090,330,600,"bu","13:16:57",4501700
6090,330,1600,"bu","13:16:57",4501100
6090,330,1200,"bu","13:16:57",4499500
6090,330,100,"bu","13:16:57",4498300
6090,330,500,"bu","13:16:57",4498200
6090,330,200,"bu","13:16:57",4497700
6090,330,800,"bu","13:16:57",4497500
6080,320,2000,"sd","13:16:54",4496700
6080,320,3000,"bu","13:16:46",4494700
6080,320,1800,"bu","13:16:46",4491700
6080,320,200,"bu","13:16:46",4489900
6080,320,800,"bu","13:16:46",4489700
6080,320,200,"bu","13:16:43",4488900
6080,320,300,"bu","13:16:43",4488700
6090,330,5000,"bu","13:16:34",4488400
6090,330,100,"bu","13:16:34",4483400
6090,330,900,"sd","13:16:33",4483300
6090,330,3100,"sd","13:16:31",4482400
6090,330,200,"sd","13:16:31",4479300
6090,330,8100,"sd","13:16:31",4479100
6090,330,2600,"sd","13:16:25",4471000
6090,330,100,"sd","13:16:25",4468400
6090,330,1000,"bu","13:16:25",4468300
6090,330,7500,"bu","13:16:25",4467300
