"price","change","match_qtty","side","time","total_vol"
30800,-500,650300,"unknown","14:45:01",7624500
30950,-350,1000,"bu","14:29:58",6974200
30900,-400,500,"sd","14:29:58",6973200
30900,-400,600,"sd","14:29:56",6972700
30900,-400,500,"sd","14:29:55",6972100
30950,-350,4700,"bu","14:29:55",6971600
30950,-350,5300,"bu","14:29:55",6966900
30900,-400,1500,"sd","14:29:52",6961600
30900,-400,400,"sd","14:29:52",6960100
30900,-400,4200,"sd","14:29:51",6959700
30900,-400,200,"sd","14:29:51",6955500
30900,-400,100,"sd","14:29:51",6955300
30900,-400,200,"sd","14:29:51",6955200
30950,-350,2700,"bu","14:29:49",6955000
30950,-350,500,"bu","14:29:49",6952300
30900,-400,100,"sd","14:29:47",6951800
30900,-400,200,"sd","14:29:47",6951700
30900,-400,400,"sd","14:29:47",6951500
30900,-400,500,"sd","14:29:42",6951100
30950,-350,100,"bu","14:29:41",6950600
30950,-350,100,"bu","14:29:39",6950500
30950,-350,300,"bu","14:29:37",6950400
30950,-350,500,"sd","14:29:36",6950100
30950,-350,300,"sd","14:29:36",6949600
30950,-350,200,"sd","14:29:36",6949300
30950,-350,4800,"bu","14:29:34",6949100
30950,-350,1000,"bu","14:29:31",6944300
30950,-350,1000,"bu","14:29:30",6943300
30950,-350,100,"bu","14:29:30",6942300
30950,-350,2100,"sd","14:29:30",6942200
30950,-350,1000,"sd","14:29:30",6940100
30950,-350,100,"bu","14:29:23",6939100
30900,-400,100,"sd","14:29:23",6939000
30900,-400,100,"sd","14:29:23",6938900
30950,-350,100,"bu","14:29:22",6938800
30950,-350,600,"bu","14:29:22",6938700
30950,-350,3100,"bu","14:29:22",6938100
30950,-350,5000,"bu","14:29:21",6935000
30950,-350,300,"bu","14:29:20",6930000
30950,-350,100,"bu","14:29:17",6929700
30950,-350,300,"sd","14:29:17",6929600
30950,-350,100,"sd","14:29:17",6929300
30950,-350,1100,"sd","14:29:17",6929200
30950,-350,500,"sd","14:29:12",6928100
30950,-350,1000,"sd","14:29:11",6927600
31000,-300,100,"bu","14:29:11",6926600
30950,-350,17400,"sd","14:29:10",6926500
30950,-350,900,"sd","14:29:10",6909100
30950,-350,300,"sd","14:29:10",6908200
30950,-350,100,"sd","14:29:10",6907900
30950,-350,1300,"sd","14:29:10",6907800
30950,-350,500,"sd","14:29:08",6906500
30950,-350,200,"sd","14:29:05",6906000
30950,-350,100,"sd","14:29:05",6905800
30950,-350,100,"sd","14:29:05",6905700
30950,-350,300,"sd","14:29:05",6905600
30950,-350,300,"sd","14:29:05",6905300
30950,-350,700,"sd","14:29:05",6905000
31000,-300,1000,"bu","14:29:04",6904300
30950,-350,1000,"sd","14:29:02",6903300
30950,-350,100,"sd","14:29:02",6902300
30950,-350,200,"sd","14:29:02",6902200
30950,-350,100,"sd","14:29:02",6902000
30950,-350,100,"sd","14:29:02",6901900
30950,-350,200,"sd","14:29:02",6901800
30950,-350,1000,"sd","14:29:02",6901600
30950,-350,200,"sd","14:29:02",6900600
30950,-350,2100,"sd","14:29:02",6900400
30950,-350,500,"sd","14:29:02",6898300
30950,-350,400,"sd","14:29:01",6897800
31000,-300,700,"bu","14:28:59",6897400
30950,-350,300,"sd","14:28:56",6896700
30950,-350,100,"sd","14:28:56",6896400
30950,-350,500,"sd","14:28:56",6896300
30950,-350,100,"sd","14:28:56",6895800
30950,-350,100,"sd","14:28:56",6895700
30950,-350,100,"sd","14:28:56",6895600
30950,-350,800,"sd","14:28:56",6895500
30950,-350,1200,"sd","14:28:55",6894700
30950,-350,800,"sd","14:28:55",6893500
30950,-350,200,"sd","14:28:54",6892700
30950,-350,200,"sd","14:28:54",6892500
30950,-350,100,"sd","14:28:54",6892300
30950,-350,500,"sd","14:28:54",6892200
30950,-350,300,"sd","14:28:54",6891700
30950,-350,3000,"sd","14:28:54",6891400
30950,-350,200,"sd","14:28:54",6888400
30950,-350,500,"sd","14:28:54",6888200
30950,-350,2000,"sd","14:28:54",6887700
31000,-300,100,"bu","14:28:53",6885700
31000,-300,1000,"bu","14:28:50",6885600
30950,-350,1000,"sd","14:28:46",6884600
30950,-350,5000,"sd","14:28:45",6883600
30950,-350,300,"sd","14:28:43",6878600
30950,-350,3000,"sd","14:28:41",6878300
30950,-350,50000,"sd","14:28:39",6875300
30950,-350,1000,"sd","14:28:39",6825300
30950,-350,2000,"sd","14:28:38",6824300
31000,-300,300,"bu","14:28:38",6822300
30950,-350,1000,"sd","14:28:38",6822000
31000,-300,300,"bu","14:28:37",6821000
31000,-300,1000,"bu","14:28:35",6820700
30950,-350,34200,"sd","14:28:33",6819700
30950,-350,1000,"sd","14:28:33",6785500
30950,-350,200,"sd","14:28:33",6784500
30950,-350,500,"sd","14:28:33",6784300
30950,-350,500,"sd","14:28:33",6783800
30950,-350,100,"sd","14:28:33",6783300
30950,-350,100,"sd","14:28:33",6783200
30950,-350,100,"sd","14:28:33",6783100
30950,-350,500,"sd","14:28:33",6783000
30950,-350,2800,"sd","14:28:33",6782500
31000,-300,200,"bu","14:28:33",6779700
31000,-300,100,"bu","14:28:27",6779500
30950,-350,4000,"sd","14:28:26",6779400
31000,-300,400,"bu","14:28:23",6775400
30950,-350,2000,"sd","14:28:21",6775000
31000,-300,100,"bu","14:28:20",6773000
31000,-300,2000,"bu","14:28:19",6772900
31000,-300,4700,"bu","14:28:19",6770900
31000,-300,500,"bu","14:28:18",6766200
31000,-300,300,"bu","14:28:16",6765700
31000,-300,800,"bu","14:28:12",6765400
31000,-300,2000,"bu","14:28:11",6764600
31000,-300,5000,"bu","14:28:11",6762600
31000,-300,1000,"bu","14:28:04",6757600
31000,-300,100,"bu","14:28:03",6756600
31000,-300,200,"bu","14:28:03",6756500
31000,-300,2000,"bu","14:28:00",6756300
30950,-350,3000,"sd","14:27:57",6754300
30950,-350,100,"sd","14:27:55",6751300
30950,-350,8200,"sd","14:27:55",6751200
30950,-350,100,"sd","14:27:55",6743000
30950,-350,200,"sd","14:27:55",6742900
30950,-350,100,"sd","14:27:55",6742700
30950,-350,100,"sd","14:27:55",6742600
30950,-350,1000,"sd","14:27:55",6742500
30950,-350,200,"sd","14:27:55",6741500
31000,-300,1000,"bu","14:27:55",6741300
31000,-300,700,"sd","14:27:52",6740300
31000,-300,1500,"sd","14:27:51",6739600
31000,-300,100,"sd","14:27:51",6738100
31000,-300,2000,"sd","14:27:51",6738000
31000,-300,500,"sd","14:27:51",6736000
31000,-300,300,"sd","14:27:51",6735500
31000,-300,600,"sd","14:27:51",6735200
31000,-300,400,"sd","14:27:50",6734600
31000,-300,1000,"sd","14:27:49",6734200
31000,-300,1000,"sd","14:27:49",6733200
31000,-300,100,"sd","14:27:46",6732200
31000,-300,100,"sd","14:27:46",6732100
31000,-300,500,"sd","14:27:46",6732000
31000,-300,100,"sd","14:27:46",6731500
31000,-300,500,"sd","14:27:46",6731400
31000,-300,1000,"sd","14:27:46",6730900
31000,-300,1000,"sd","14:27:46",6729900
31000,-300,200,"sd","14:27:46",6728900
31000,-300,100,"sd","14:27:46",6728700
31000,-300,1000,"sd","14:27:46",6728600
31000,-300,1000,"sd","14:27:46",6727600
31000,-300,300,"sd","14:27:46",6726600
31000,-300,800,"sd","14:27:46",6726300
31000,-300,100,"sd","14:27:46",6725500
31000,-300,900,"sd","14:27:46",6725400
31000,-300,400,"sd","14:27:46",6724500
31000,-300,5000,"sd","14:27:46",6724100
31000,-300,200,"sd","14:27:46",6719100
31000,-300,1700,"sd","14:27:46",6718900
31000,-300,4000,"sd","14:27:45",6717200
31000,-300,100,"sd","14:27:45",6713200
31000,-300,1200,"sd","14:27:41",6713100
31000,-300,1000,"sd","14:27:40",6711900
31000,-300,100,"sd","14:27:40",6710900
31000,-300,11100,"sd","14:27:40",6710800
31000,-300,3000,"sd","14:27:37",6699700
31050,-250,500,"bu","14:27:33",6696700
31050,-250,500,"bu","14:27:26",6696200
31050,-250,200,"bu","14:27:26",6695700
31000,-300,2000,"sd","14:27:26",6695500
31000,-300,45900,"sd","14:27:26",6693500
31000,-300,2000,"sd","14:27:26",6647600
31000,-300,100,"sd","14:27:26",6645600
31000,-300,500,"sd","14:27:26",6645500
31000,-300,1200,"sd","14:27:26",6645000
31000,-300,500,"sd","14:27:26",6643800
31000,-300,100,"sd","14:27:26",6643300
31000,-300,1000,"sd","14:27:26",6643200
31000,-300,15000,"sd","14:27:26",6642200
31000,-300,100,"sd","14:27:26",6627200
31000,-300,200,"sd","14:27:26",6627100
31000,-300,100,"sd","14:27:26",6626900
31000,-300,200,"sd","14:27:26",6626800
31000,-300,1000,"sd","14:27:26",6626600
31000,-300,100,"sd","14:27:26",6625600
31000,-300,20000,"sd","14:27:26",6625500
31000,-300,3000,"sd","14:27:26",6605500
31000,-300,100,"sd","14:27:26",6602500
31000,-300,100,"sd","14:27:26",6602400
31050,-250,200,"bu","14:27:25",6602300
31050,-250,500,"bu","14:27:23",6602100
31050,-250,300,"bu","14:27:20",6601600
31050,-250,1000,"bu","14:27:20",6601300
31050,-250,1000,"sd","14:27:11",6600300
31050,-250,200,"sd","14:27:09",6599300
31050,-250,500,"sd","14:27:09",6599100
31050,-250,100,"sd","14:27:09",6598600
31050,-250,100,"bu","14:27:02",6598500
31050,-250,300,"sd","14:27:00",6598400
31050,-250,100,"sd","14:27:00",6598100
31050,-250,1500,"sd","14:27:00",6598000
31050,-250,3000,"sd","14:27:00",6596500
31050,-250,100,"unknown","14:26:53",6593500
31050,-250,900,"bu","14:26:53",6593400
31050,-250,1500,"bu","14:26:50",6592500
31000,-300,1900,"sd","14:26:49",6591000
31000,-300,1000,"sd","14:26:49",6589100
31000,-300,2100,"sd","14:26:49",6588100
31050,-250,2000,"bu","14:26:49",6586000
31050,-250,500,"bu","14:26:47",6584000
31050,-250,100,"bu","14:26:45",6583500
31050,-250,100,"bu","14:26:44",6583400
31050,-250,500,"bu","14:26:44",6583300
31050,-250,500,"bu","14:26:44",6582800
31050,-250,3900,"bu","14:26:43",6582300
31050,-250,6100,"bu","14:26:43",6578400
31050,-250,200,"bu","14:26:40",6572300
31050,-250,400,"bu","14:26:40",6572100
31050,-250,200,"bu","14:26:37",6571700
31050,-250,200,"bu","14:26:34",6571500
31050,-250,200,"bu","14:26:31",6571300
31050,-250,1000,"sd","14:26:25",6571100
31050,-250,500,"sd","14:26:25",6570100
31050,-250,300,"sd","14:26:25",6569600
31050,-250,500,"sd","14:26:25",6569300
31050,-250,200,"sd","14:26:25",6568800
31050,-250,100,"sd","14:26:25",6568600
31050,-250,100,"sd","14:26:25",6568500
31050,-250,200,"sd","14:26:22",6568400
31050,-250,100,"sd","14:26:22",6568200
31050,-250,100,"sd","14:26:22",6568100
31050,-250,600,"sd","14:26:22",6568000
31050,-250,200,"sd","14:26:22",6567400
31100,-200,500,"bu","14:26:21",6567200
31050,-250,700,"sd","14:26:20",6566700
31050,-250,500,"sd","14:26:14",6566000
31100,-200,100,"bu","14:26:10",6565500
31100,-200,2000,"bu","14:26:09",6565400
31050,-250,100,"sd","14:26:01",6563400
31050,-250,1500,"sd","14:25:48",6563300
31050,-250,500,"sd","14:25:46",6561800
31050,-250,900,"sd","14:25:43",6561300
31050,-250,900,"bu","14:25:42",6560400
31050,-250,300,"sd","14:25:42",6559500
31050,-250,300,"sd","14:25:41",6559200
31050,-250,100,"sd","14:25:34",6558900
31050,-250,2000,"bu","14:25:30",6558800
31050,-250,500,"bu","14:25:30",6556800
31050,-250,100,"bu","14:25:30",6556300
31050,-250,2000,"bu","14:25:30",6556200
31050,-250,300,"bu","14:25:24",6554200
31000,-300,6900,"sd","14:25:21",6553900
31000,-300,200,"sd","14:25:21",6547000
31000,-300,300,"sd","14:25:21",6546800
31000,-300,1000,"sd","14:25:21",6546500
31000,-300,100,"sd","14:25:21",6545500
31000,-300,1500,"sd","14:25:21",6545400
31050,-250,300,"bu","14:25:16",6543900
31000,-300,1000,"sd","14:25:09",6543600
31000,-300,1500,"sd","14:25:08",6542600
31000,-300,300,"sd","14:25:04",6541100
31000,-300,5700,"sd","14:25:04",6540800
31000,-300,100,"sd","14:25:04",6535100
31000,-300,100,"sd","14:25:04",6535000
31000,-300,2000,"sd","14:25:04",6534900
31000,-300,500,"sd","14:25:04",6532900
31000,-300,100,"sd","14:25:04",6532400
31000,-300,200,"sd","14:25:04",6532300
31000,-300,100,"sd","14:25:04",6532100
31000,-300,2000,"sd","14:25:04",6532000
31000,-300,100,"sd","14:25:04",6530000
31000,-300,100,"sd","14:25:04",6529900
31000,-300,500,"sd","14:25:04",6529800
31000,-300,2000,"sd","14:25:04",6529300
31000,-300,100,"sd","14:25:04",6527300
31000,-300,1000,"sd","14:25:04",6527200
31000,-300,100,"sd","14:25:04",6526200
31000,-300,300,"sd","14:25:04",6526100
31050,-250,300,"bu","14:24:57",6525800
31000,-300,1700,"sd","14:24:56",6525500
31000,-300,500,"sd","14:24:56",6523800
31000,-300,100,"sd","14:24:56",6523300
31000,-300,100,"sd","14:24:56",6523200
31000,-300,2000,"sd","14:24:56",6523100
31000,-300,100,"sd","14:24:56",6521100
31000,-300,500,"sd","14:24:56",6521000
31000,-300,600,"sd","14:24:56",6520500
31000,-300,200,"sd","14:24:56",6519900
31000,-300,1000,"sd","14:24:56",6519700
31000,-300,2000,"sd","14:24:56",6518700
31000,-300,700,"sd","14:24:56",6516700
31000,-300,1000,"sd","14:24:56",6516000
31000,-300,2000,"sd","14:24:56",6515000
31000,-300,500,"sd","14:24:56",6513000
31000,-300,1000,"sd","14:24:56",6512500
31000,-300,1000,"sd","14:24:56",6511500
31000,-300,100,"sd","14:24:56",6510500
31000,-300,1000,"sd","14:24:56",6510400
31000,-300,3900,"sd","14:24:56",6509400
31050,-250,100,"bu","14:24:55",6505500
31050,-250,500,"bu","14:24:55",6505400
31050,-250,2800,"bu","14:24:55",6504900
31050,-250,300,"bu","14:24:55",6502100
31050,-250,1300,"bu","14:24:55",6501800
31050,-250,500,"bu","14:24:54",6500500
31050,-250,1000,"bu","14:24:44",6500000
31000,-300,5000,"sd","14:24:40",6499000
31000,-300,1100,"sd","14:24:32",6494000
31000,-300,200,"sd","14:24:32",6492900
31000,-300,200,"sd","14:24:32",6492700
31000,-300,100,"sd","14:24:32",6492500
31000,-300,500,"sd","14:24:32",6492400
31000,-300,100,"sd","14:24:32",6491900
31000,-300,500,"sd","14:24:32",6491800
31000,-300,100,"sd","14:24:32",6491300
31000,-300,100,"sd","14:24:32",6491200
31000,-300,500,"sd","14:24:32",6491100
31000,-300,500,"sd","14:24:32",6490600
31000,-300,200,"sd","14:24:32",6490100
31000,-300,500,"sd","14:24:32",6489900
31000,-300,9400,"sd","14:24:32",6489400
31000,-300,400,"sd","14:24:28",6480000
31050,-250,2000,"bu","14:24:22",6479600
31050,-250,100,"bu","14:24:20",6477600
31000,-300,10200,"sd","14:24:17",6477500
31000,-300,5000,"sd","14:24:17",6467300
31000,-300,100,"sd","14:24:17",6462300
31000,-300,2000,"sd","14:24:17",6462200
31000,-300,1000,"sd","14:24:17",6460200
31000,-300,500,"sd","14:24:17",6459200
31000,-300,1000,"sd","14:24:17",6458700
31000,-300,200,"sd","14:24:17",6457700
31000,-300,100,"sd","14:24:17",6457500
31000,-300,200,"sd","14:24:17",6457400
31000,-300,100,"sd","14:24:17",6457200
31000,-300,600,"sd","14:24:17",6457100
31000,-300,1000,"sd","14:24:17",6456500
31050,-250,100,"bu","14:24:16",6455500
31000,-300,18400,"sd","14:24:09",6455400
31000,-300,1600,"sd","14:24:09",6437000
31000,-300,1000,"sd","14:24:07",6435400
31000,-300,900,"sd","14:24:07",6434400
31000,-300,900,"sd","14:24:07",6433500
31000,-300,600,"sd","14:24:07",6432600
31000,-300,400,"sd","14:24:07",6432000
31000,-300,100,"sd","14:24:07",6431600
31000,-300,200,"sd","14:24:07",6431500
31000,-300,600,"sd","14:24:06",6431300
31000,-300,500,"sd","14:24:06",6430700
31000,-300,300,"sd","14:24:06",6430200
31050,-250,500,"sd","14:24:06",6429900
31000,-300,200,"sd","14:24:06",6429400
31000,-300,200,"sd","14:24:06",6429200
31050,-250,500,"sd","14:24:06",6429000
31050,-250,300,"sd","14:24:06",6428500
31050,-250,100,"sd","14:24:06",6428200
31050,-250,100,"sd","14:24:06",6428100
31050,-250,100,"sd","14:24:06",6428000
31050,-250,100,"sd","14:24:06",6427900
31050,-250,100,"sd","14:24:06",6427800
31050,-250,300,"sd","14:24:06",6427700
31050,-250,300,"sd","14:24:06",6427400
31050,-250,1000,"sd","14:24:05",6427100
31050,-250,900,"sd","14:24:05",6426100
31050,-250,1000,"sd","14:24:05",6425200
31100,-200,200,"bu","14:24:03",6424200
31100,-200,200,"bu","14:24:01",6424000
31050,-250,500,"sd","14:23:53",6423800
31050,-250,6300,"sd","14:23:51",6423300
31050,-250,1600,"sd","14:23:51",6417000
31050,-250,500,"sd","14:23:51",6415400
31050,-250,100,"sd","14:23:51",6414900
31050,-250,200,"sd","14:23:51",6414800
31050,-250,200,"sd","14:23:51",6414600
31050,-250,1100,"sd","14:23:51",6414400
31100,-200,3600,"bu","14:23:47",6413300
31100,-200,400,"bu","14:23:47",6409700
31100,-200,1000,"bu","14:23:47",6409300
31100,-200,1000,"bu","14:23:47",6408300
31100,-200,4000,"bu","14:23:47",6407300
31100,-200,1500,"bu","14:23:43",6403300
31050,-250,1900,"sd","14:23:39",6401800
31050,-250,100,"sd","14:23:39",6399900
31100,-200,3000,"bu","14:23:37",6399800
31100,-200,300,"bu","14:23:36",6396800
31100,-200,1000,"bu","14:23:33",6396500
31050,-250,1100,"sd","14:23:33",6395500
31050,-250,100,"sd","14:23:33",6394400
31050,-250,200,"sd","14:23:33",6394300
31050,-250,200,"sd","14:23:33",6394100
31050,-250,200,"sd","14:23:33",6393900
31050,-250,48200,"sd","14:23:33",6393700
31100,-200,200,"bu","14:23:32",6345500
31050,-250,100,"sd","14:23:28",6345300
31100,-200,2500,"bu","14:23:28",6345200
31100,-200,1500,"bu","14:23:27",6342700
31100,-200,500,"bu","14:23:27",6341200
31100,-200,200,"bu","14:23:27",6340700
31100,-200,300,"bu","14:23:25",6340500
31100,-200,1200,"bu","14:23:25",6340200
31100,-200,300,"bu","14:23:24",6339000
31100,-200,1000,"bu","14:23:14",6338700
31100,-200,2500,"bu","14:23:13",6337700
31100,-200,500,"bu","14:23:13",6335200
31100,-200,1500,"bu","14:23:09",6334700
31100,-200,500,"bu","14:23:09",6333200
31100,-200,100,"bu","14:23:08",6332700
31050,-250,1700,"sd","14:23:07",6332600
31050,-250,300,"sd","14:23:07",6330900
31050,-250,1000,"sd","14:23:07",6330600
31050,-250,10000,"sd","14:23:07",6329600
31050,-250,1000,"sd","14:23:07",6319600
31050,-250,2000,"sd","14:23:07",6318600
31100,-200,100,"bu","14:23:03",6316600
31100,-200,900,"bu","14:23:03",6316500
31100,-200,1900,"bu","14:22:49",6315600
31100,-200,1000,"bu","14:22:43",6313700
31100,-200,1200,"bu","14:22:37",6312700
31100,-200,1800,"bu","14:22:37",6311500
31100,-200,1300,"bu","14:22:37",6309700
31100,-200,2000,"bu","14:22:37",6308400
31100,-200,300,"bu","14:22:37",6306400
31100,-200,100,"bu","14:22:37",6306100
31100,-200,1000,"bu","14:22:37",6306000
31100,-200,300,"bu","14:22:37",6305000
31100,-200,100,"bu","14:22:28",6304700
31100,-200,1300,"bu","14:22:26",6304600
31100,-200,500,"bu","14:22:26",6303300
31100,-200,300,"bu","14:22:26",6302800
31100,-200,7900,"bu","14:22:26",6302500
31100,-200,1200,"bu","14:22:24",6294600
31100,-200,100,"bu","14:22:11",6293400
31100,-200,800,"bu","14:22:10",6293300
31100,-200,900,"bu","14:22:10",6292500
31050,-250,4000,"sd","14:22:08",6291600
31050,-250,500,"bu","14:22:00",6287600
31050,-250,2800,"bu","14:22:00",6287100
31050,-250,700,"bu","14:22:00",6284300
31050,-250,100,"bu","14:22:00",6283600
31050,-250,100,"bu","14:21:57",6283500
31050,-250,2000,"bu","14:21:57",6283400
31050,-250,3000,"bu","14:21:54",6281400
31000,-300,3000,"sd","14:21:52",6278400
31000,-300,500,"sd","14:21:52",6275400
31000,-300,500,"sd","14:21:52",6274900
31000,-300,500,"sd","14:21:52",6274400
31050,-250,2000,"bu","14:21:51",6273900
31050,-250,100,"bu","14:21:51",6271900
31050,-250,200,"bu","14:21:51",6271800
31050,-250,700,"bu","14:21:51",6271600
31050,-250,700,"bu","14:21:51",6270900
31000,-300,100,"sd","14:21:43",6270200
31000,-300,5000,"sd","14:21:39",6270100
31000,-300,1100,"sd","14:21:37",6265100
31050,-250,500,"bu","14:21:33",6264000
31000,-300,1800,"sd","14:21:31",6263500
31000,-300,3200,"sd","14:21:31",6261700
31000,-300,1000,"sd","14:21:29",6258500
31050,-250,100,"bu","14:21:28",6257500
31050,-250,500,"bu","14:21:28",6257400
31000,-300,800,"sd","14:21:27",6256900
31000,-300,100,"sd","14:21:27",6256100
31000,-300,4400,"sd","14:21:27",6256000
31000,-300,100,"bu","14:21:18",6251600
31000,-300,700,"bu","14:21:18",6251500
31000,-300,1700,"bu","14:21:18",6250800
31000,-300,1000,"bu","14:21:18",6249100
31000,-300,9100,"bu","14:21:18",6248100
30950,-350,2200,"sd","14:21:18",6239000
31000,-300,1000,"bu","14:21:18",6236800
30950,-350,100,"sd","14:21:18",6235800
31000,-300,2000,"bu","14:21:18",6235700
30950,-350,1000,"sd","14:21:18",6233700
31000,-300,2900,"bu","14:21:17",6232700
31000,-300,500,"bu","14:21:17",6229800
31000,-300,500,"bu","14:21:17",6229300
31000,-300,300,"bu","14:21:17",6228800
31000,-300,100,"bu","14:21:17",6228500
31000,-300,700,"bu","14:21:17",6228400
31000,-300,500,"bu","14:21:15",6227700
31000,-300,800,"bu","14:21:15",6227200
31000,-300,200,"bu","14:21:15",6226400
31000,-300,2000,"bu","14:21:14",6226200
31000,-300,5000,"bu","14:21:06",6224200
31000,-300,1000,"bu","14:21:04",6219200
30950,-350,2100,"sd","14:21:03",6218200
30950,-350,700,"sd","14:21:03",6216100
30950,-350,300,"sd","14:21:01",6215400
30950,-350,400,"sd","14:21:01",6215100
31000,-300,300,"bu","14:21:00",6214700
31000,-300,1000,"bu","14:20:59",6214400
31000,-300,10000,"bu","14:20:58",6213400
31000,-300,100,"bu","14:20:56",6203400
31000,-300,300,"bu","14:20:55",6203300
31000,-300,100,"bu","14:20:54",6203000
31000,-300,300,"bu","14:20:54",6202900
31000,-300,100,"bu","14:20:54",6202600
31000,-300,500,"bu","14:20:50",6202500
31000,-300,100,"bu","14:20:50",6202000
31000,-300,300,"bu","14:20:50",6201900
31000,-300,100,"bu","14:20:49",6201600
31000,-300,1000,"bu","14:20:48",6201500
31000,-300,500,"bu","14:20:48",6200500
30950,-350,4600,"sd","14:20:47",6200000
30950,-350,100,"sd","14:20:47",6195400
30950,-350,100,"sd","14:20:47",6195300
30950,-350,300,"sd","14:20:47",6195200
30950,-350,100,"sd","14:20:47",6194900
30950,-350,100,"sd","14:20:47",6194800
30950,-350,500,"sd","14:20:47",6194700
30950,-350,500,"sd","14:20:46",6194200
30950,-350,500,"sd","14:20:46",6193700
31000,-300,2100,"bu","14:20:46",6193200
31000,-300,200,"bu","14:20:46",6191100
31000,-300,100,"bu","14:20:46",6190900
31000,-300,300,"bu","14:20:46",6190800
31000,-300,5000,"bu","14:20:46",6190500
31000,-300,1000,"bu","14:20:46",6185500
31000,-300,1000,"bu","14:20:46",6184500
31000,-300,300,"bu","14:20:46",6183500
31000,-300,100,"bu","14:20:39",6183200
31000,-300,3000,"bu","14:20:33",6183100
30950,-350,500,"sd","14:20:30",6180100
30950,-350,4500,"sd","14:20:30",6179600
31000,-300,1600,"bu","14:20:29",6175100
31000,-300,1400,"bu","14:20:29",6173500
31000,-300,600,"bu","14:20:29",6172100
31000,-300,500,"bu","14:20:29",6171500
31000,-300,100,"bu","14:20:29",6171000
31000,-300,100,"bu","14:20:29",6170900
31000,-300,8000,"bu","14:20:29",6170800
31000,-300,700,"bu","14:20:29",6162800
30950,-350,500,"sd","14:20:21",6162100
30950,-350,200,"sd","14:20:20",6161600
30950,-350,500,"sd","14:20:20",6161400
30950,-350,100,"sd","14:20:20",6160900
30950,-350,200,"sd","14:20:20",6160800
30950,-350,800,"sd","14:20:17",6160600
30950,-350,1000,"sd","14:20:17",6159800
30950,-350,2000,"sd","14:20:17",6158800
30950,-350,1500,"sd","14:20:17",6156800
30950,-350,100,"sd","14:20:17",6155300
30950,-350,200,"sd","14:20:17",6155200
30950,-350,2400,"sd","14:20:17",6155000
30950,-350,1100,"sd","14:20:16",6152600
31000,-300,300,"bu","14:20:14",6151500
31000,-300,300,"bu","14:20:14",6151200
31000,-300,300,"bu","14:20:14",6150900
31000,-300,100,"bu","14:20:12",6150600
31000,-300,100,"bu","14:20:02",6150500
30950,-350,6500,"unknown","14:19:57",6150400
31000,-300,100,"bu","14:19:56",6143900
31000,-300,300,"bu","14:19:56",6143800
31000,-300,300,"bu","14:19:56",6143500
31000,-300,200,"bu","14:19:56",6143200
31000,-300,200,"bu","14:19:56",6143000
31000,-300,300,"bu","14:19:53",6142800
30950,-350,1700,"bu","14:19:53",6142500
30900,-400,1000,"sd","14:19:53",6140800
30900,-400,200,"sd","14:19:52",6139800
30900,-400,100,"sd","14:19:52",6139600
30900,-400,100,"sd","14:19:52",6139500
30900,-400,600,"sd","14:19:52",6139400
30950,-350,5000,"bu","14:19:51",6138800
30950,-350,3000,"sd","14:19:46",6133800
30950,-350,300,"sd","14:19:46",6130800
30950,-350,500,"sd","14:19:45",6130500
31000,-300,100,"bu","14:19:42",6130000
30900,-400,400,"sd","14:19:40",6129900
30900,-400,1000,"sd","14:19:40",6129500
30900,-400,500,"sd","14:19:40",6128500
30950,-350,1900,"unknown","14:19:40",6128000
30900,-400,100,"bu","14:19:37",6126100
30900,-400,200,"bu","14:19:37",6126000
30900,-400,500,"bu","14:19:37",6125800
30900,-400,300,"bu","14:19:37",6125300
30900,-400,200,"bu","14:19:37",6125000
30900,-400,200,"bu","14:19:36",6124800
30850,-450,900,"sd","14:19:35",6124600
30850,-450,100,"sd","14:19:35",6123700
30900,-400,300,"bu","14:19:34",6123600
30900,-400,1100,"bu","14:19:34",6123300
30900,-400,3600,"bu","14:19:34",6122200
30900,-400,1000,"bu","14:19:34",6118600
30900,-400,1000,"bu","14:19:32",6117600
30900,-400,200,"bu","14:19:32",6116600
30900,-400,600,"bu","14:19:31",6116400
30900,-400,1000,"bu","14:19:29",6115800
30900,-400,5000,"bu","14:19:29",6114800
30900,-400,700,"bu","14:19:26",6109800
30900,-400,500,"bu","14:19:26",6109100
30900,-400,200,"bu","14:19:24",6108600
30900,-400,800,"sd","14:19:23",6108400
30900,-400,200,"sd","14:19:23",6107600
30900,-400,300,"sd","14:19:23",6107400
30900,-400,1000,"sd","14:19:23",6107100
30900,-400,5000,"sd","14:19:23",6106100
30900,-400,100,"sd","14:19:23",6101100
30900,-400,1000,"sd","14:19:23",6101000
30900,-400,200,"sd","14:19:23",6100000
30900,-400,2000,"sd","14:19:23",6099800
30900,-400,500,"sd","14:19:23",6097800
30900,-400,300,"sd","14:19:23",6097300
30900,-400,1000,"sd","14:19:23",6097000
30900,-400,3000,"sd","14:19:23",6096000
30900,-400,300,"sd","14:19:23",6093000
30900,-400,100,"sd","14:19:23",6092700
30900,-400,500,"sd","14:19:23",6092600
30900,-400,300,"sd","14:19:23",6092100
30950,-350,100,"sd","14:19:23",6091800
30950,-350,500,"sd","14:19:23",6091700
30900,-400,500,"sd","14:19:23",6091200
30950,-350,5300,"sd","14:19:23",6090700
30900,-400,500,"sd","14:19:23",6085400
30900,-400,5000,"sd","14:19:23",6084900
30900,-400,500,"sd","14:19:23",6079900
30900,-400,100,"sd","14:19:23",6079400
30900,-400,32000,"sd","14:19:23",6079300
30900,-400,100,"sd","14:19:23",6047300
30900,-400,500,"sd","14:19:23",6047200
30900,-400,20100,"sd","14:19:23",6046700
30900,-400,1500,"sd","14:19:23",6026600
30900,-400,100,"sd","14:19:23",6025100
30900,-400,100,"sd","14:19:23",6025000
30900,-400,200,"sd","14:19:23",6024900
30900,-400,100,"sd","14:19:23",6024700
30900,-400,100,"sd","14:19:23",6024600
30900,-400,1100,"sd","14:19:23",6024500
30900,-400,100,"sd","14:19:23",6023400
30900,-400,100,"sd","14:19:23",6023300
30900,-400,500,"sd","14:19:23",6023200
30900,-400,500,"sd","14:19:23",6022700
31000,-300,1000,"bu","14:19:23",6022200
31000,-300,100,"bu","14:19:20",6021200
31000,-300,1500,"bu","14:19:19",6021100
30950,-350,500,"sd","14:19:18",6019600
30950,-350,500,"sd","14:19:17",6019100
30950,-350,900,"bu","14:19:15",6018600
30950,-350,2800,"bu","14:19:15",6017700
30950,-350,100,"bu","14:19:14",6014900
30900,-400,300,"sd","14:19:14",6014800
30900,-400,100,"sd","14:19:14",6014500
30900,-400,800,"sd","14:19:14",6014400
30950,-350,2000,"bu","14:19:13",6013600
30950,-350,5000,"bu","14:19:12",6011600
30950,-350,100,"bu","14:19:12",6006600
31000,-300,200,"bu","14:19:10",6006500
31000,-300,100,"bu","14:19:08",6006300
30900,-400,14200,"sd","14:19:07",6006200
30900,-400,700,"sd","14:19:07",5992000
30950,-350,500,"sd","14:19:07",5991300
30950,-350,2000,"sd","14:19:07",5990800
30950,-350,1000,"sd","14:19:07",5988800
30950,-350,300,"sd","14:19:07",5987800
30950,-350,5000,"sd","14:19:07",5987500
30950,-350,11300,"sd","14:19:07",5982500
31000,-300,5000,"bu","14:19:07",5971200
31000,-300,100,"bu","14:19:04",5966200
31000,-300,5000,"bu","14:19:04",5966100
31000,-300,300,"bu","14:19:03",5961100
31000,-300,500,"bu","14:19:01",5960800
30950,-350,3700,"sd","14:19:00",5960300
30950,-350,100,"sd","14:19:00",5956600
30950,-350,200,"sd","14:19:00",5956500
30950,-350,800,"sd","14:18:58",5956300
30950,-350,4200,"sd","14:18:58",5955500
30950,-350,700,"sd","14:18:56",5951300
31000,-300,3000,"bu","14:18:56",5950600
31000,-300,3100,"bu","14:18:54",5947600
31000,-300,200,"bu","14:18:54",5944500
31000,-300,1000,"bu","14:18:54",5944300
31000,-300,900,"bu","14:18:54",5943300
31000,-300,700,"bu","14:18:54",5942400
31000,-300,1500,"bu","14:18:54",5941700
31000,-300,2600,"bu","14:18:54",5940200
30950,-350,100,"sd","14:18:51",5937600
30900,-400,1300,"sd","14:18:44",5937500
30900,-400,100,"sd","14:18:44",5936200
30900,-400,900,"sd","14:18:44",5936100
30950,-350,800,"sd","14:18:44",5935200
30950,-350,400,"sd","14:18:44",5934400
31000,-300,100,"bu","14:18:42",5934000
30950,-350,100,"sd","14:18:40",5933900
30950,-350,400,"sd","14:18:40",5933800
31000,-300,1000,"bu","14:18:40",5933400
30950,-350,100,"bu","14:18:31",5932400
30900,-400,100,"sd","14:18:31",5932300
30900,-400,100,"sd","14:18:31",5932200
30900,-400,100,"sd","14:18:31",5932100
30900,-400,100,"sd","14:18:31",5932000
30950,-350,1000,"bu","14:18:29",5931900
30950,-350,200,"sd","14:18:24",5930900
30950,-350,100,"sd","14:18:24",5930700
30950,-350,200,"sd","14:18:24",5930600
30950,-350,100,"sd","14:18:24",5930400
30950,-350,500,"sd","14:18:24",5930300
30950,-350,5000,"sd","14:18:24",5929800
30950,-350,6800,"sd","14:18:24",5924800
30950,-350,200,"sd","14:18:24",5918000
30950,-350,300,"sd","14:18:24",5917800
30950,-350,500,"sd","14:18:24",5917500
31000,-300,400,"bu","14:18:21",5917000
31000,-300,100,"bu","14:18:21",5916600
31000,-300,1000,"bu","14:18:20",5916500
31000,-300,1000,"bu","14:18:17",5915500
31000,-300,1000,"bu","14:18:16",5914500
31000,-300,300,"bu","14:18:14",5913500
31000,-300,200,"bu","14:18:12",5913200
31000,-300,1000,"sd","14:18:12",5913000
31000,-300,1300,"sd","14:18:12",5912000
31000,-300,500,"sd","14:18:10",5910700
31000,-300,700,"sd","14:18:10",5910200
31000,-300,100,"sd","14:18:10",5909500
31000,-300,800,"sd","14:18:10",5909400
31000,-300,10000,"sd","14:18:10",5908600
31000,-300,100,"sd","14:18:10",5898600
31000,-300,700,"sd","14:18:10",5898500
31000,-300,800,"sd","14:18:10",5897800
31000,-300,200,"sd","14:18:10",5897000
31000,-300,400,"sd","14:18:10",5896800
31000,-300,500,"sd","14:18:10",5896400
31000,-300,200,"sd","14:18:10",5895900
31000,-300,300,"sd","14:18:10",5895700
31000,-300,1000,"sd","14:18:10",5895400
31000,-300,200,"sd","14:18:10",5894400
31000,-300,200,"sd","14:18:10",5894200
31000,-300,500,"sd","14:18:10",5894000
31000,-300,11000,"sd","14:18:10",5893500
31000,-300,500,"sd","14:18:10",5882500
31000,-300,1000,"sd","14:18:10",5882000
31000,-300,200,"sd","14:18:10",5881000
31000,-300,100,"sd","14:18:10",5880800
31000,-300,100,"sd","14:18:05",5880700
31000,-300,900,"sd","14:18:05",5880600
31000,-300,100,"sd","14:18:02",5879700
31000,-300,1000,"sd","14:18:02",5879600
31000,-300,100,"sd","14:18:02",5878600
31000,-300,100,"sd","14:18:02",5878500
31000,-300,300,"sd","14:18:02",5878400
31000,-300,500,"sd","14:18:02",5878100
31000,-300,500,"sd","14:18:02",5877600
31000,-300,100,"sd","14:18:02",5877100
31000,-300,1000,"sd","14:18:02",5877000
31000,-300,1000,"sd","14:18:02",5876000
31000,-300,1000,"sd","14:18:02",5875000
31000,-300,2000,"sd","14:18:02",5874000
31000,-300,200,"sd","14:18:02",5872000
31000,-300,100,"sd","14:18:02",5871800
31000,-300,100,"sd","14:18:02",5871700
31000,-300,1000,"sd","14:18:02",5871600
31000,-300,200,"sd","14:18:02",5870600
31000,-300,5500,"sd","14:18:02",5870400
31000,-300,100,"sd","14:18:02",5864900
31000,-300,500,"sd","14:18:02",5864800
31000,-300,300,"sd","14:18:02",5864300
31000,-300,1000,"sd","14:18:02",5864000
31000,-300,400,"sd","14:18:02",5863000
31000,-300,100,"sd","14:18:02",5862600
31000,-300,100,"sd","14:18:02",5862500
31000,-300,100,"sd","14:18:02",5862400
31000,-300,3000,"sd","14:18:02",5862300
31000,-300,1000,"sd","14:18:02",5859300
31000,-300,200,"sd","14:18:02",5858300
31000,-300,100,"sd","14:18:02",5858100
31000,-300,5000,"sd","14:18:02",5858000
31000,-300,100,"sd","14:18:02",5853000
31000,-300,300,"sd","14:18:02",5852900
31000,-300,5000,"sd","14:18:02",5852600
31000,-300,400,"sd","14:18:02",5847600
31000,-300,1000,"sd","14:18:02",5847200
31000,-300,500,"sd","14:18:02",5846200
31000,-300,2000,"sd","14:18:02",5845700
31000,-300,5000,"sd","14:18:02",5843700
31000,-300,100,"sd","14:18:02",5838700
31000,-300,300,"sd","14:18:02",5838600
31000,-300,1000,"sd","14:18:02",5838300
31000,-300,100,"sd","14:18:02",5837300
31000,-300,100,"sd","14:18:02",5837200
31000,-300,1000,"sd","14:18:02",5837100
31000,-300,200,"sd","14:18:02",5836100
31000,-300,100,"sd","14:18:02",5835900
31000,-300,500,"sd","14:18:02",5835800
31000,-300,2000,"sd","14:18:02",5835300
31000,-300,500,"sd","14:18:02",5833300
31000,-300,500,"sd","14:18:02",5832800
31000,-300,500,"sd","14:18:02",5832300
31000,-300,500,"sd","14:18:02",5831800
31000,-300,1000,"sd","14:18:02",5831300
31000,-300,900,"sd","14:18:02",5830300
31000,-300,8600,"sd","14:18:02",5829400
31000,-300,1000,"sd","14:18:02",5820800
31000,-300,100,"sd","14:18:02",5819800
31000,-300,1000,"sd","14:18:02",5819700
31000,-300,4000,"sd","14:18:02",5818700
31000,-300,1000,"sd","14:18:02",5814700
31000,-300,100,"sd","14:18:02",5813700
31000,-300,100,"sd","14:18:02",5813600
31000,-300,5000,"sd","14:18:02",5813500
31000,-300,2000,"sd","14:18:02",5808500
31000,-300,4300,"sd","14:18:02",5806500
31000,-300,100,"sd","14:18:02",5802200
31000,-300,600,"sd","14:18:02",5802100
31000,-300,200,"sd","14:18:02",5801500
31000,-300,1000,"sd","14:18:02",5801300
31000,-300,500,"sd","14:18:02",5800300
31000,-300,100,"sd","14:18:02",5799800
31000,-300,100,"sd","14:18:02",5799700
31000,-300,200,"sd","14:18:02",5799600
31000,-300,100,"sd","14:18:02",5799400
31000,-300,2000,"sd","14:18:02",5799300
31000,-300,400,"sd","14:18:02",5797300
31000,-300,1000,"sd","14:18:02",5796900
31000,-300,1000,"sd","14:18:02",5795900
31000,-300,200,"sd","14:18:02",5794900
31000,-300,100,"sd","14:18:02",5794700
31000,-300,2000,"sd","14:18:02",5794600
31000,-300,3000,"sd","14:18:02",5792600
31000,-300,200,"sd","14:18:02",5789600
31000,-300,100,"sd","14:18:02",5789400
31000,-300,200,"sd","14:18:02",5789300
31000,-300,300,"sd","14:18:02",5789100
31000,-300,3100,"sd","14:18:02",5788800
31000,-300,2000,"sd","14:18:02",5785700
31000,-300,500,"sd","14:18:02",5783700
31000,-300,200,"sd","14:18:02",5783200
31000,-300,300,"sd","14:18:02",5783000
31000,-300,1000,"sd","14:18:02",5782700
31000,-300,500,"sd","14:18:02",5781700
31000,-300,200,"sd","14:18:02",5781200
31000,-300,500,"sd","14:18:02",5781000
31000,-300,100,"sd","14:18:02",5780500
31000,-300,1000,"sd","14:18:02",5780400
31000,-300,500,"sd","14:18:02",5779400
31000,-300,400,"sd","14:18:02",5778900
31000,-300,1000,"sd","14:18:02",5778500
31000,-300,200,"sd","14:18:02",5777500
31000,-300,4000,"sd","14:18:02",5777300
31000,-300,200,"sd","14:18:02",5773300
31000,-300,200,"sd","14:18:02",5773100
31000,-300,3000,"sd","14:18:02",5772900
31000,-300,200,"sd","14:18:02",5769900
31000,-300,400,"sd","14:18:02",5769700
31000,-300,1000,"sd","14:18:02",5769300
31000,-300,2500,"sd","14:18:02",5768300
31000,-300,1800,"sd","14:18:02",5765800
31000,-300,600,"sd","14:18:02",5764000
31000,-300,2000,"sd","14:18:02",5763400
31000,-300,300,"sd","14:18:02",5761400
31000,-300,200,"sd","14:18:02",5761100
31000,-300,200,"sd","14:18:02",5760900
31000,-300,5500,"sd","14:18:02",5760700
31000,-300,100,"sd","14:18:02",5755200
31000,-300,500,"sd","14:18:02",5755100
31000,-300,3000,"sd","14:18:02",5754600
31000,-300,500,"sd","14:18:02",5751600
31000,-300,200,"sd","14:18:02",5751100
31000,-300,5000,"sd","14:18:02",5750900
31000,-300,500,"sd","14:18:02",5745900
31000,-300,100,"sd","14:18:02",5745400
31000,-300,400,"sd","14:18:02",5745300
31000,-300,5000,"sd","14:18:02",5744900
31000,-300,2200,"sd","14:18:02",5739900
31000,-300,100,"sd","14:18:02",5737700
31000,-300,300,"sd","14:18:02",5737600
31000,-300,1000,"sd","14:18:02",5737300
31000,-300,200,"sd","14:18:02",5736300
31000,-300,5000,"sd","14:18:02",5736100
31000,-300,5000,"sd","14:18:02",5731100
31000,-300,1000,"sd","14:18:02",5726100
31000,-300,1000,"sd","14:18:02",5725100
31000,-300,2000,"sd","14:18:02",5724100
31000,-300,2000,"sd","14:18:02",5722100
31000,-300,300,"sd","14:18:02",5720100
31000,-300,2000,"sd","14:18:02",5719800
31000,-300,1000,"sd","14:18:02",5717800
31000,-300,1000,"sd","14:18:02",5716800
31000,-300,200,"sd","14:18:02",5715800
31000,-300,100,"sd","14:18:02",5715600
31000,-300,100,"sd","14:18:02",5715500
31000,-300,500,"sd","14:18:02",5715400
31000,-300,700,"sd","14:18:02",5714900
31000,-300,100,"sd","14:18:02",5714200
31000,-300,200,"sd","14:18:02",5714100
31000,-300,1000,"sd","14:18:02",5713900
31000,-300,500,"sd","14:18:02",5712900
31000,-300,200,"sd","14:18:02",5712400
31000,-300,5000,"sd","14:18:02",5712200
31000,-300,500,"sd","14:18:02",5707200
31000,-300,500,"sd","14:18:02",5706700
31000,-300,1000,"sd","14:18:02",5706200
31000,-300,1000,"sd","14:18:02",5705200
31000,-300,3000,"sd","14:18:02",5704200
31050,-250,1000,"sd","14:18:02",5701200
31050,-250,100,"sd","14:18:02",5700200
31050,-250,500,"sd","14:18:02",5700100
31050,-250,600,"sd","14:18:02",5699600
31050,-250,8600,"sd","14:18:02",5699000
31050,-250,700,"sd","14:18:02",5690400
31050,-250,1000,"sd","14:18:01",5689700
31050,-250,1000,"sd","14:17:59",5688700
31050,-250,100,"sd","14:17:57",5687700
31050,-250,500,"bu","14:17:55",5687600
31050,-250,2000,"bu","14:17:55",5687100
31050,-250,2700,"bu","14:17:55",5685100
31050,-250,100,"bu","14:17:54",5682400
31050,-250,500,"bu","14:17:54",5682300
31000,-300,1000,"sd","14:17:53",5681800
31000,-300,100,"sd","14:17:53",5680800
31000,-300,400,"sd","14:17:53",5680700
31000,-300,100,"sd","14:17:53",5680300
31000,-300,300,"sd","14:17:53",5680200
31000,-300,500,"sd","14:17:53",5679900
31000,-300,1000,"sd","14:17:53",5679400
31000,-300,5000,"sd","14:17:53",5678400
31000,-300,1000,"sd","14:17:53",5673400
31000,-300,1000,"sd","14:17:53",5672400
31000,-300,7000,"sd","14:17:53",5671400
31000,-300,100,"sd","14:17:53",5664400
31000,-300,200,"sd","14:17:53",5664300
31000,-300,100,"sd","14:17:53",5664100
31000,-300,1500,"sd","14:17:53",5664000
31000,-300,700,"sd","14:17:53",5662500
31050,-250,500,"bu","14:17:46",5661800
31000,-300,300,"sd","14:17:46",5661300
31000,-300,100,"sd","14:17:46",5661000
31000,-300,500,"sd","14:17:46",5660900
31000,-300,100,"sd","14:17:46",5660400
31000,-300,400,"sd","14:17:43",5660300
31000,-300,600,"sd","14:17:43",5659900
31000,-300,400,"sd","14:17:42",5659300
31000,-300,100,"sd","14:17:42",5658900
31000,-300,400,"sd","14:17:42",5658800
31000,-300,500,"sd","14:17:42",5658400
31000,-300,500,"sd","14:17:30",5657900
31000,-300,200,"sd","14:17:30",5657400
31000,-300,100,"sd","14:17:30",5657200
31000,-300,1700,"sd","14:17:30",5657100
31050,-250,900,"sd","14:17:30",5655400
31050,-250,300,"sd","14:17:30",5654500
31050,-250,200,"sd","14:17:30",5654200
31050,-250,300,"sd","14:17:30",5654000
31050,-250,2000,"sd","14:17:25",5653700
31050,-250,100,"sd","14:17:21",5651700
31050,-250,1100,"sd","14:17:20",5651600
31050,-250,500,"bu","14:17:19",5650500
31050,-250,1000,"bu","14:17:19",5650000
31000,-300,5000,"sd","14:17:19",5649000
31050,-250,100,"bu","14:17:12",5644000
31050,-250,5300,"sd","14:17:07",5643900
31050,-250,300,"sd","14:17:07",5638600
31050,-250,2000,"sd","14:17:07",5638300
31050,-250,500,"sd","14:17:07",5636300
31050,-250,200,"sd","14:17:07",5635800
31050,-250,200,"sd","14:17:07",5635600
31050,-250,200,"sd","14:17:07",5635400
31050,-250,700,"sd","14:17:07",5635200
31050,-250,100,"sd","14:17:05",5634500
31050,-250,400,"sd","14:17:05",5634400
31050,-250,1900,"sd","14:17:05",5634000
31050,-250,3000,"sd","14:17:05",5632100
31050,-250,300,"sd","14:17:02",5629100
31100,-200,1500,"bu","14:17:02",5628800
31050,-250,900,"sd","14:17:01",5627300
31050,-250,20000,"sd","14:16:58",5626400
31050,-250,3000,"sd","14:16:53",5606400
31050,-250,200,"sd","14:16:53",5603400
31050,-250,200,"sd","14:16:53",5603200
31050,-250,200,"sd","14:16:53",5603000
31050,-250,27800,"sd","14:16:45",5602800
31050,-250,200,"sd","14:16:40",5575000
31050,-250,2300,"sd","14:16:39",5574800
31050,-250,10000,"sd","14:16:35",5572500
31050,-250,2000,"sd","14:16:32",5562500
31050,-250,5000,"sd","14:16:26",5560500
31050,-250,10000,"bu","14:16:24",5555500
31050,-250,1000,"bu","14:16:24",5545500
31050,-250,500,"bu","14:16:24",5544500
31050,-250,1000,"bu","14:16:24",5544000
31050,-250,3500,"bu","14:16:24",5543000
31050,-250,3000,"bu","14:16:24",5539500
31050,-250,300,"bu","14:16:24",5536500
31050,-250,100,"bu","14:16:24",5536200
31000,-300,5700,"sd","14:16:21",5536100
31000,-300,3700,"sd","14:16:21",5530400
31000,-300,3000,"sd","14:16:16",5526700
31000,-300,900,"sd","14:16:16",5523700
31000,-300,10000,"sd","14:16:16",5522800
31050,-250,200,"bu","14:16:14",5512800
31050,-250,800,"bu","14:16:14",5512600
31000,-300,20000,"sd","14:16:13",5511800
31000,-300,500,"sd","14:16:13",5491800
31000,-300,500,"sd","14:16:13",5491300
31000,-300,100,"sd","14:16:13",5490800
31000,-300,100,"sd","14:16:13",5490700
31000,-300,200,"sd","14:16:13",5490600
31000,-300,100,"sd","14:16:13",5490400
31000,-300,200,"sd","14:16:13",5490300
31000,-300,2000,"sd","14:16:13",5490100
31000,-300,6300,"sd","14:16:13",5488100
31000,-300,3000,"sd","14:16:13",5481800
31050,-250,100,"bu","14:16:12",5478800
31000,-300,10000,"sd","14:16:11",5478700
31000,-300,500,"sd","14:16:10",5468700
31050,-250,300,"bu","14:16:05",5468200
31050,-250,200,"bu","14:16:05",5467900
31050,-250,100,"bu","14:16:05",5467700
31000,-300,5000,"sd","14:16:02",5467600
31000,-300,9300,"sd","14:16:01",5462600
31000,-300,2000,"sd","14:16:00",5453300
31050,-250,100,"bu","14:15:58",5451300
31050,-250,500,"bu","14:15:56",5451200
31050,-250,100,"bu","14:15:54",5450700
31050,-250,4900,"bu","14:15:54",5450600
31050,-250,100,"bu","14:15:54",5445700
31000,-300,13900,"sd","14:15:52",5445600
31000,-300,500,"sd","14:15:52",5431700
31000,-300,900,"sd","14:15:52",5431200
31000,-300,300,"sd","14:15:52",5430300
31000,-300,200,"sd","14:15:52",5430000
31000,-300,5000,"sd","14:15:52",5429800
31000,-300,2000,"sd","14:15:52",5424800
31000,-300,100,"sd","14:15:52",5422800
31000,-300,2000,"sd","14:15:52",5422700
31000,-300,1000,"sd","14:15:52",5420700
31000,-300,100,"sd","14:15:52",5419700
31000,-300,3000,"sd","14:15:52",5419600
31000,-300,15000,"sd","14:15:52",5416600
31000,-300,100,"sd","14:15:52",5401600
31000,-300,400,"sd","14:15:52",5401500
31000,-300,500,"sd","14:15:52",5401100
31000,-300,500,"sd","14:15:52",5400600
31000,-300,2500,"sd","14:15:52",5400100
31000,-300,300,"sd","14:15:52",5397600
31000,-300,100,"sd","14:15:52",5397300
31000,-300,500,"sd","14:15:52",5397200
31000,-300,1000,"sd","14:15:52",5396700
31000,-300,100,"sd","14:15:52",5395700
31050,-250,100,"bu","14:15:50",5395600
31000,-300,100,"sd","14:15:50",5395500
31050,-250,100,"bu","14:15:49",5395400
31000,-300,800,"sd","14:15:48",5395300
31000,-300,400,"sd","14:15:47",5394500
31000,-300,400,"sd","14:15:47",5394100
31000,-300,3000,"sd","14:15:47",5393700
31000,-300,100,"sd","14:15:47",5390700
31000,-300,500,"sd","14:15:47",5390600
31000,-300,300,"sd","14:15:47",5390100
31000,-300,300,"sd","14:15:47",5389800
31000,-300,100,"sd","14:15:47",5389500
31000,-300,200,"sd","14:15:47",5389400
31000,-300,100,"sd","14:15:47",5389200
31000,-300,700,"sd","14:15:47",5389100
31000,-300,100,"sd","14:15:47",5388400
31000,-300,100,"sd","14:15:47",5388300
31000,-300,100,"sd","14:15:47",5388200
31050,-250,100,"bu","14:15:45",5388100
31050,-250,100,"bu","14:15:45",5388000
31050,-250,300,"bu","14:15:44",5387900
31050,-250,100,"bu","14:15:43",5387600
31050,-250,300,"bu","14:15:38",5387500
31050,-250,500,"sd","14:15:34",5387200
31050,-250,1000,"sd","14:15:34",5386700
31050,-250,2000,"sd","14:15:34",5385700
31050,-250,500,"sd","14:15:34",5383700
31050,-250,1000,"sd","14:15:34",5383200
31050,-250,1000,"sd","14:15:34",5382200
31050,-250,500,"sd","14:15:34",5381200
31050,-250,5000,"sd","14:15:34",5380700
31050,-250,2000,"sd","14:15:34",5375700
31050,-250,300,"sd","14:15:34",5373700
31050,-250,5000,"sd","14:15:34",5373400
31050,-250,500,"sd","14:15:32",5368400
31050,-250,700,"sd","14:15:32",5367900
31050,-250,100,"sd","14:15:32",5367200
31050,-250,100,"sd","14:15:32",5367100
31050,-250,100,"sd","14:15:32",5367000
31050,-250,500,"sd","14:15:32",5366900
31050,-250,3000,"sd","14:15:32",5366400
31050,-250,1300,"sd","14:15:32",5363400
31050,-250,25500,"sd","14:15:32",5362100
31050,-250,100,"sd","14:15:32",5336600
31050,-250,1500,"sd","14:15:32",5336500
31050,-250,3100,"sd","14:15:32",5335000
31050,-250,200,"sd","14:15:32",5331900
31050,-250,500,"sd","14:15:32",5331700
31050,-250,500,"sd","14:15:32",5331200
31050,-250,5000,"sd","14:15:32",5330700
31050,-250,1000,"sd","14:15:32",5325700
31050,-250,1000,"sd","14:15:32",5324700
31050,-250,5000,"sd","14:15:32",5323700
31050,-250,1100,"sd","14:15:32",5318700
31050,-250,1000,"sd","14:15:32",5317600
31050,-250,100,"sd","14:15:32",5316600
31050,-250,100,"sd","14:15:32",5316500
31050,-250,500,"sd","14:15:28",5316400
31050,-250,400,"sd","14:15:26",5315900
31050,-250,2000,"sd","14:15:20",5315500
31050,-250,5000,"sd","14:15:17",5313500
31050,-250,6600,"sd","14:15:16",5308500
31050,-250,10000,"sd","14:15:16",5301900
31050,-250,100,"sd","14:15:16",5291900
31050,-250,2000,"sd","14:15:16",5291800
31050,-250,200,"sd","14:15:16",5289800
31050,-250,5000,"sd","14:15:16",5289600
31050,-250,300,"sd","14:15:16",5284600
31050,-250,100,"sd","14:15:16",5284300
31050,-250,700,"sd","14:15:16",5284200
31100,-200,100,"bu","14:15:07",5283500
31050,-250,300,"sd","14:15:05",5283400
31050,-250,1700,"sd","14:15:05",5283100
31100,-200,100,"bu","14:15:03",5281400
31050,-250,1300,"sd","14:15:02",5281300
31050,-250,200,"sd","14:15:02",5279500
31050,-250,500,"sd","14:15:02",5280000
31100,-200,1000,"bu","14:14:59",5279300
31100,-200,500,"bu","14:14:56",5278300
31100,-200,1000,"bu","14:14:53",5277800
31100,-200,1800,"bu","14:14:50",5276800
31100,-200,1200,"bu","14:14:50",5275000
31100,-200,200,"bu","14:14:49",5273800
31100,-200,200,"bu","14:14:46",5273600
31100,-200,100,"sd","14:14:46",5273400
31100,-200,1000,"sd","14:14:46",5273300
31100,-200,500,"sd","14:14:46",5272300
31100,-200,1000,"sd","14:14:46",5271800
31100,-200,100,"sd","14:14:46",5270800
31100,-200,3000,"sd","14:14:46",5270700
31100,-200,2700,"sd","14:14:46",5267700
31100,-200,2000,"sd","14:14:45",5265000
31100,-200,400,"sd","14:14:45",5263000
31150,-150,800,"bu","14:14:45",5262600
31100,-200,500,"sd","14:14:43",5261800
31100,-200,1000,"sd","14:14:43",5261300
31100,-200,1400,"sd","14:14:43",5260300
31100,-200,300,"sd","14:14:43",5258900
31100,-200,200,"sd","14:14:43",5258600
31100,-200,500,"sd","14:14:43",5258400
31100,-200,100,"sd","14:14:43",5257900
31100,-200,1000,"sd","14:14:43",5257800
31100,-200,200,"sd","14:14:43",5256800
31100,-200,1300,"sd","14:14:43",5256600
31100,-200,200,"sd","14:14:43",5255300
31100,-200,1000,"sd","14:14:40",5255100
31100,-200,100,"sd","14:14:40",5254100
31100,-200,100,"sd","14:14:40",5254000
31100,-200,100,"sd","14:14:40",5253900
31100,-200,10000,"sd","14:14:40",5253800
31100,-200,1000,"sd","14:14:40",5243800
31100,-200,100,"sd","14:14:40",5242800
31100,-200,1000,"sd","14:14:40",5242700
31100,-200,2000,"sd","14:14:40",5241700
31100,-200,500,"sd","14:14:40",5239700
31100,-200,500,"sd","14:14:40",5239200
31100,-200,100,"sd","14:14:40",5238700
31100,-200,500,"sd","14:14:40",5238600
31100,-200,1000,"sd","14:14:40",5238100
31100,-200,500,"sd","14:14:40",5237100
31100,-200,1500,"sd","14:14:40",5236600
31100,-200,1000,"sd","14:14:40",5235100
31100,-200,2500,"sd","14:14:40",5234100
31100,-200,200,"sd","14:14:40",5231600
31100,-200,100,"sd","14:14:40",5231400
31100,-200,100,"sd","14:14:40",5231300
31100,-200,3300,"sd","14:14:40",5231200
31100,-200,1000,"sd","14:14:40",5227900
31100,-200,2000,"sd","14:14:40",5226900
31100,-200,1000,"sd","14:14:40",5224900
31100,-200,200,"sd","14:14:40",5223900
31100,-200,1000,"sd","14:14:40",5223700
31100,-200,500,"sd","14:14:40",5222700
31100,-200,400,"sd","14:14:40",5222200
31100,-200,300,"sd","14:14:40",5221800
31100,-200,900,"sd","14:14:40",5221500
31100,-200,500,"sd","14:14:40",5220600
31100,-200,200,"sd","14:14:40",5220100
31100,-200,200,"sd","14:14:40",5219900
31100,-200,10000,"sd","14:14:40",5219700
31100,-200,100,"sd","14:14:40",5209700
31100,-200,200,"sd","14:14:40",5209600
31100,-200,500,"sd","14:14:40",5209400
31100,-200,3000,"sd","14:14:40",5208900
31100,-200,100,"sd","14:14:40",5205900
31100,-200,1000,"sd","14:14:40",5205800
31100,-200,3000,"sd","14:14:40",5204800
31100,-200,500,"sd","14:14:40",5201800
31100,-200,200,"sd","14:14:40",5201300
31100,-200,200,"sd","14:14:40",5201100
31100,-200,200,"sd","14:14:40",5200900
31100,-200,5000,"sd","14:14:40",5200700
31100,-200,600,"sd","14:14:40",5195700
31100,-200,100,"sd","14:14:40",5195100
31100,-200,10000,"sd","14:14:40",5195000
31100,-200,400,"sd","14:14:40",5185000
31100,-200,100,"sd","14:14:40",5184600
31100,-200,200,"sd","14:14:40",5184500
31150,-150,1000,"bu","14:14:35",5184300
31100,-200,100,"sd","14:14:33",5183300
31100,-200,200,"sd","14:14:33",5183200
31100,-200,100,"sd","14:14:31",5183000
31100,-200,100,"sd","14:14:31",5182900
31100,-200,1000,"sd","14:14:31",5182800
31100,-200,300,"sd","14:14:31",5181800
31100,-200,200,"sd","14:14:30",5181500
31100,-200,300,"sd","14:14:30",5181300
31100,-200,1000,"sd","14:14:30",5181000
31100,-200,1500,"sd","14:14:30",5180000
31100,-200,100,"sd","14:14:30",5178500
31100,-200,800,"sd","14:14:30",5178400
31100,-200,500,"sd","14:14:30",5177600
31100,-200,500,"sd","14:14:30",5177100
31100,-200,200,"sd","14:14:30",5176600
31100,-200,500,"sd","14:14:30",5176400
31100,-200,1000,"sd","14:14:30",5175900
31100,-200,200,"sd","14:14:30",5174900
31100,-200,3200,"sd","14:14:30",5174700
31150,-150,400,"bu","14:14:28",5171500
31150,-150,100,"bu","14:14:24",5171100
31100,-200,2000,"sd","14:14:22",5171000
31100,-200,2000,"sd","14:14:21",5169000
31100,-200,500,"sd","14:14:10",5167000
31150,-150,4000,"bu","14:14:07",5166500
31150,-150,1000,"bu","14:14:07",5162500
31150,-150,100,"bu","14:14:05",5161500
31100,-200,500,"sd","14:14:04",5161400
31150,-150,100,"bu","14:14:03",5160900
31100,-200,1800,"sd","14:14:03",5160800
31100,-200,200,"sd","14:14:03",5159000
31100,-200,400,"sd","14:14:03",5158800
31100,-200,100,"sd","14:14:03",5158400
31100,-200,500,"sd","14:14:03",5158300
31150,-150,500,"bu","14:14:01",5157800
31150,-150,100,"bu","14:13:55",5157300
31150,-150,100,"bu","14:13:53",5157200
31150,-150,3000,"bu","14:13:51",5157100
31150,-150,100,"bu","14:13:51",5154100
31150,-150,300,"bu","14:13:42",5154000
31150,-150,100,"bu","14:13:38",5153700
31150,-150,3900,"sd","14:13:37",5153600
31150,-150,500,"sd","14:13:37",5149700
31150,-150,200,"sd","14:13:37",5149200
31150,-150,300,"sd","14:13:34",5149000
31150,-150,300,"sd","14:13:34",5148700
31150,-150,1100,"sd","14:13:34",5148400
31150,-150,100,"sd","14:13:34",5147300
31150,-150,100,"sd","14:13:34",5147200
31150,-150,100,"sd","14:13:34",5147100
31150,-150,200,"sd","14:13:31",5147000
31150,-150,1400,"sd","14:13:31",5146800
31150,-150,100,"sd","14:13:30",5145400
31150,-150,500,"sd","14:13:27",5145300
31150,-150,500,"sd","14:13:26",5144800
31150,-150,100,"sd","14:13:25",5144300
31150,-150,2500,"sd","14:13:20",5144200
31150,-150,900,"sd","14:13:17",5141700
31150,-150,2000,"sd","14:13:13",5140800
31150,-150,2000,"sd","14:13:13",5138800
31150,-150,3000,"sd","14:13:11",5136800
31150,-150,500,"sd","14:13:05",5133800
31150,-150,3000,"sd","14:13:01",5133300
31150,-150,3000,"sd","14:13:00",5130300
31150,-150,500,"sd","14:13:00",5127300
31200,-100,100,"bu","14:12:55",5126800
31150,-150,400,"bu","14:12:55",5126700
31150,-150,100,"bu","14:12:54",5126300
31150,-150,4000,"bu","14:12:52",5126200
31150,-150,100,"bu","14:12:52",5122200
31150,-150,400,"sd","14:12:52",5122100
31150,-150,1000,"bu","14:12:50",5121700
31150,-150,600,"bu","14:12:50",5120700
31150,-150,500,"bu","14:12:47",5120100
31150,-150,200,"sd","14:12:46",5119600
31150,-150,700,"sd","14:12:46",5119400
31150,-150,300,"bu","14:12:35",5118700
31150,-150,600,"sd","14:12:31",5118400
31150,-150,400,"sd","14:12:31",5117800
31150,-150,200,"sd","14:12:31",5117400
31150,-150,500,"sd","14:12:31",5117200
31150,-150,1000,"sd","14:12:31",5116700
31150,-150,2400,"sd","14:12:31",5115700
31150,-150,100,"sd","14:12:31",5113300
31150,-150,500,"sd","14:12:31",5113200
31150,-150,1000,"sd","14:12:31",5112700
31150,-150,200,"sd","14:12:31",5111700
31150,-150,100,"sd","14:12:31",5111500
31150,-150,100,"sd","14:12:31",5111400
31150,-150,200,"sd","14:12:31",5111300
31150,-150,500,"sd","14:12:31",5111100
31150,-150,500,"sd","14:12:31",5110600
31150,-150,500,"sd","14:12:31",5110100
31150,-150,1000,"sd","14:12:31",5109600
31150,-150,300,"sd","14:12:31",5108600
31150,-150,400,"sd","14:12:31",5108300
31150,-150,100,"sd","14:12:31",5107900
31200,-100,100,"bu","14:12:28",5107800
31150,-150,500,"sd","14:12:27",5107700
31150,-150,500,"sd","14:12:27",5107200
31150,-150,100,"sd","14:12:27",5106700
31150,-150,500,"sd","14:12:27",5106600
31150,-150,300,"sd","14:12:27",5106100
31150,-150,100,"sd","14:12:27",5105800
31150,-150,100,"sd","14:12:27",5105700
31150,-150,200,"sd","14:12:27",5105600
31150,-150,500,"sd","14:12:27",5105400
31150,-150,800,"sd","14:12:27",5104900
31150,-150,1500,"sd","14:12:27",5104100
31150,-150,200,"sd","14:12:27",5102600
31150,-150,9300,"sd","14:12:26",5102400
31150,-150,1000,"sd","14:12:26",5093100
31150,-150,100,"sd","14:12:26",5092100
31150,-150,200,"sd","14:12:26",5092000
31150,-150,200,"sd","14:12:26",5091800
31150,-150,1000,"sd","14:12:26",5091600
31150,-150,500,"sd","14:12:26",5090600
31150,-150,300,"sd","14:12:26",5090100
31150,-150,2000,"sd","14:12:26",5089800
31150,-150,1000,"sd","14:12:26",5087800
31150,-150,1000,"sd","14:12:26",5086800
31150,-150,100,"sd","14:12:26",5085800
31150,-150,300,"sd","14:12:26",5085700
31150,-150,500,"sd","14:12:26",5085400
31150,-150,200,"sd","14:12:26",5084900
31150,-150,1000,"sd","14:12:26",5084700
31150,-150,200,"sd","14:12:26",5083700
31150,-150,5000,"sd","14:12:26",5083500
31150,-150,100,"sd","14:12:26",5078500
31150,-150,600,"sd","14:12:26",5078400
31150,-150,600,"sd","14:12:26",5077800
31150,-150,1000,"sd","14:12:26",5077200
31150,-150,1000,"sd","14:12:26",5076200
31150,-150,2800,"sd","14:12:26",5075200
31200,-100,100,"bu","14:12:23",5072400
31150,-150,500,"sd","14:12:23",5072300
31150,-150,500,"sd","14:12:23",5071800
31150,-150,500,"sd","14:12:23",5071300
31150,-150,500,"sd","14:12:23",5070800
31150,-150,10000,"sd","14:12:23",5070300
31150,-150,3000,"sd","14:12:23",5060300
31150,-150,300,"sd","14:12:23",5057300
31150,-150,300,"sd","14:12:23",5057000
31150,-150,200,"sd","14:12:23",5056700
31150,-150,100,"sd","14:12:23",5056500
31150,-150,500,"sd","14:12:23",5056400
31150,-150,200,"sd","14:12:23",5055900
31150,-150,500,"sd","14:12:23",5055700
31150,-150,300,"sd","14:12:23",5055200
31150,-150,500,"sd","14:12:23",5054900
31150,-150,100,"sd","14:12:23",5054400
31150,-150,100,"sd","14:12:23",5054300
31150,-150,1000,"sd","14:12:23",5054200
31150,-150,200,"sd","14:12:23",5053200
31150,-150,100,"sd","14:12:23",5053000
31150,-150,300,"sd","14:12:23",5052900
31150,-150,1100,"sd","14:12:23",5052600
31200,-100,100,"bu","14:12:17",5051500
31200,-100,300,"bu","14:12:12",5051400
31200,-100,500,"bu","14:12:10",5051100
31150,-150,2000,"sd","14:12:04",5050600
31200,-100,2000,"bu","14:12:00",5048600
31150,-150,500,"sd","14:11:57",5046600
31200,-100,100,"bu","14:11:52",5046100
31200,-100,300,"bu","14:11:47",5046000
31200,-100,500,"bu","14:11:36",5045700
31200,-100,400,"bu","14:11:35",5045200
31200,-100,1000,"bu","14:11:35",5044800
31150,-150,400,"sd","14:11:31",5043800
31150,-150,500,"sd","14:11:31",5043400
31150,-150,100,"sd","14:11:31",5042900
31150,-150,2000,"sd","14:11:31",5042800
31150,-150,1000,"sd","14:11:31",5040800
31150,-150,100,"sd","14:11:31",5039800
31150,-150,500,"sd","14:11:31",5039700
31150,-150,100,"sd","14:11:31",5039200
31150,-150,100,"sd","14:11:31",5039100
31150,-150,100,"sd","14:11:31",5039000
31150,-150,100,"sd","14:11:31",5038900
31200,-100,400,"bu","14:11:29",5038800
31200,-100,1700,"bu","14:11:26",5038400
31150,-150,600,"sd","14:11:25",5036700
31150,-150,3300,"sd","14:11:25",5036100
31200,-100,300,"bu","14:11:25",5032800
31150,-150,100,"sd","14:11:25",5032500
31200,-100,1000,"bu","14:11:25",5032400
31150,-150,500,"sd","14:11:19",5031400
31200,-100,1200,"bu","14:11:18",5030900
31200,-100,100,"bu","14:11:08",5029700
31200,-100,3700,"bu","14:11:08",5029600
31200,-100,1300,"bu","14:11:08",5025900
31200,-100,1000,"bu","14:10:54",5024600
31200,-100,500,"bu","14:10:51",5023600
31200,-100,300,"bu","14:10:45",5023100
31200,-100,500,"bu","14:10:30",5022800
31200,-100,100,"bu","14:10:30",5022300
31200,-100,200,"bu","14:10:28",5022200
31200,-100,700,"bu","14:10:27",5022000
31200,-100,1500,"bu","14:10:27",5021300
31200,-100,2000,"bu","14:10:27",5019800
31200,-100,100,"sd","14:10:27",5017800
31200,-100,400,"sd","14:10:27",5017700
31200,-100,300,"sd","14:10:27",5017300
31200,-100,200,"sd","14:10:27",5017000
31200,-100,100,"sd","14:10:27",5016800
31200,-100,200,"sd","14:10:27",5016700
31200,-100,500,"sd","14:10:27",5016500
31200,-100,100,"sd","14:10:27",5016000
31200,-100,100,"sd","14:10:23",5015900
31200,-100,1000,"sd","14:10:22",5015800
31250,-50,1700,"sd","14:10:16",5014800
31250,-50,1000,"bu","14:10:12",5013100
31250,-50,1500,"bu","14:10:12",5012100
31250,-50,800,"bu","14:10:12",5010600
31200,-100,500,"sd","14:10:10",5009800
31200,-100,300,"sd","14:10:09",5009300
31200,-100,100,"sd","14:10:09",5009000
31200,-100,100,"sd","14:10:09",5008900
31200,-100,300,"sd","14:10:09",5008800
31200,-100,100,"sd","14:10:09",5008500
31200,-100,5000,"sd","14:10:09",5008400
31200,-100,200,"sd","14:10:09",5003400
31200,-100,500,"sd","14:10:09",5003200
31200,-100,200,"sd","14:10:09",5002700
31200,-100,3200,"sd","14:10:09",5002500
31250,-50,300,"bu","14:10:06",4999300
31250,-50,100,"bu","14:10:04",4999000
31250,-50,2100,"bu","14:10:04",4998900
31250,-50,5000,"bu","14:10:03",4996800
31250,-50,800,"bu","14:10:03",4991800
31250,-50,3900,"bu","14:10:03",4991000
31250,-50,900,"bu","14:10:03",4987100
31250,-50,2000,"bu","14:10:03",4986200
31250,-50,200,"bu","14:10:03",4984200
31200,-100,500,"sd","14:09:59",4984000
31200,-100,1500,"sd","14:09:50",4983500
31200,-100,1000,"sd","14:09:42",4982000
31200,-100,100,"sd","14:09:38",4981000
31250,-50,200,"bu","14:09:38",4980900
31250,-50,200,"bu","14:09:38",4980700
31200,-100,3700,"sd","14:09:35",4980500
31200,-100,200,"sd","14:09:35",4976800
31200,-100,3900,"sd","14:09:35",4976600
31200,-100,500,"sd","14:09:35",4972700
31200,-100,5000,"sd","14:09:35",4972200
31200,-100,1000,"sd","14:09:35",4967200
31200,-100,300,"sd","14:09:35",4966200
31200,-100,800,"sd","14:09:35",4965900
31200,-100,1000,"sd","14:09:35",4965100
31200,-100,1000,"sd","14:09:35",4964100
31200,-100,1000,"sd","14:09:35",4963100
31200,-100,100,"sd","14:09:35",4962100
31200,-100,1000,"sd","14:09:35",4962000
31200,-100,400,"sd","14:09:35",4961000
31200,-100,5000,"sd","14:09:35",4960600
31200,-100,100,"sd","14:09:35",4955600
31200,-100,3000,"sd","14:09:35",4955500
31200,-100,500,"sd","14:09:35",4952500
31200,-100,1500,"sd","14:09:35",4952000
31250,-50,10000,"bu","14:09:29",4950500
31250,-50,1100,"bu","14:09:28",4940500
31250,-50,100,"bu","14:09:28",4939400
31250,-50,4800,"bu","14:09:28",4939300
31250,-50,500,"bu","14:09:24",4934500
31250,-50,4700,"bu","14:09:23",4934000
31250,-50,900,"bu","14:09:23",4929300
31250,-50,1400,"bu","14:09:23",4928400
31250,-50,100,"bu","14:09:20",4927000
31200,-100,500,"sd","14:09:18",4926900
31200,-100,400,"sd","14:09:18",4926400
31200,-100,10000,"sd","14:09:18",4926000
31200,-100,200,"sd","14:09:18",4916000
31200,-100,100,"sd","14:09:18",4915800
31200,-100,100,"sd","14:09:18",4915700
31200,-100,200,"sd","14:09:18",4915600
31200,-100,500,"sd","14:09:17",4915400
31200,-100,100,"sd","14:09:17",4914900
31200,-100,500,"sd","14:09:17",4914800
31200,-100,400,"sd","14:09:17",4914300
31250,-50,100,"bu","14:09:16",4913900
31250,-50,300,"bu","14:09:10",4913800
31250,-50,1000,"bu","14:09:10",4913500
31200,-100,400,"sd","14:09:06",4912500
31200,-100,100,"sd","14:09:06",4912100
31250,-50,600,"bu","14:09:00",4912000
31200,-100,800,"sd","14:08:48",4911400
31200,-100,100,"sd","14:08:48",4910600
31200,-100,1800,"sd","14:08:47",4910500
31200,-100,500,"sd","14:08:47",4908700
31200,-100,400,"sd","14:08:47",4908200
31200,-100,100,"sd","14:08:47",4907800
31200,-100,500,"sd","14:08:47",4907700
31200,-100,1000,"sd","14:08:47",4907200
31200,-100,1000,"sd","14:08:47",4906200
31250,-50,3500,"bu","14:08:41",4905200
31250,-50,1500,"bu","14:08:41",4901700
31250,-50,200,"bu","14:08:19",4900200
31250,-50,5000,"bu","14:08:17",4900000
31200,-100,100,"sd","14:08:17",4895000
31200,-100,200,"sd","14:08:17",4894900
31200,-100,100,"sd","14:08:06",4894700
31250,-50,100,"bu","14:08:02",4894600
31200,-100,200,"sd","14:08:02",4894500
31200,-100,200,"sd","14:08:02",4894300
31250,-50,100,"bu","14:08:01",4894100
31250,-50,20000,"bu","14:07:57",4894000
31200,-100,600,"sd","14:07:55",4874000
31200,-100,100,"sd","14:07:55",4873400
31250,-50,300,"bu","14:07:54",4873300
31250,-50,3000,"bu","14:07:51",4873000
31250,-50,1000,"bu","14:07:39",4870000
31200,-100,500,"sd","14:07:35",4869000
31200,-100,500,"sd","14:07:35",4868500
31200,-100,1400,"sd","14:07:35",4868000
31200,-100,300,"sd","14:07:35",4866600
31200,-100,200,"sd","14:07:35",4866300
31200,-100,100,"sd","14:07:35",4866100
31200,-100,5100,"sd","14:07:35",4866000
31200,-100,300,"sd","14:07:35",4860900
31200,-100,900,"sd","14:07:35",4860600
31200,-100,500,"sd","14:07:35",4859700
31200,-100,200,"sd","14:07:35",4859200
31200,-100,4500,"sd","14:07:35",4859000
31200,-100,500,"sd","14:07:35",4854500
31200,-100,5000,"sd","14:07:24",4854000
31250,-50,2000,"bu","14:07:21",4849000
31250,-50,500,"bu","14:07:18",4847000
31250,-50,100,"bu","14:07:09",4846500
31250,-50,200,"bu","14:07:01",4846400
31250,-50,1200,"bu","14:06:54",4846200
31250,-50,100,"bu","14:06:54",4845000
31250,-50,300,"sd","14:06:46",4844900
31250,-50,1000,"sd","14:06:46",4844600
31250,-50,300,"sd","14:06:46",4843600
31250,-50,1000,"sd","14:06:46",4843300
31250,-50,100,"sd","14:06:46",4842300
31250,-50,500,"sd","14:06:46",4842200
31250,-50,1000,"sd","14:06:46",4841700
31250,-50,5000,"sd","14:06:46",4840700
31250,-50,3700,"sd","14:06:46",4835700
31250,-50,1200,"sd","14:06:46",4832000
31250,-50,600,"sd","14:06:46",4830800
31250,-50,1000,"sd","14:06:46",4830200
31250,-50,200,"sd","14:06:46",4829200
31250,-50,500,"sd","14:06:46",4829000
31250,-50,8300,"sd","14:06:46",4828500
31250,-50,1000,"sd","14:06:34",4820200
31250,-50,2000,"sd","14:06:21",4819200
31300,0,100,"bu","14:06:19",4817200
31250,-50,100,"sd","14:06:19",4817100
31250,-50,5000,"sd","14:06:16",4817000
31250,-50,400,"sd","14:06:02",4812000
31250,-50,900,"sd","14:05:48",4811600
31250,-50,500,"bu","14:05:44",4810700
31250,-50,2000,"bu","14:05:44",4810200
31200,-100,300,"sd","14:05:30",4808200
31250,-50,100,"bu","14:05:29",4807900
31200,-100,200,"sd","14:05:26",4807800
31200,-100,300,"sd","14:05:26",4807600
31200,-100,4000,"sd","14:05:21",4807300
31250,-50,500,"bu","14:05:19",4803300
31250,-50,300,"bu","14:05:19",4802800
31250,-50,2000,"sd","14:05:17",4802500
31250,-50,100,"sd","14:05:17",4800500
31250,-50,5000,"sd","14:05:09",4800400
31250,-50,4000,"sd","14:05:04",4795400
31250,-50,900,"sd","14:05:04",4791400
31200,-100,700,"sd","14:04:49",4790500
31200,-100,400,"sd","14:04:49",4789800
31250,-50,3900,"sd","14:04:49",4789400
31250,-50,4100,"bu","14:04:46",4785500
31250,-50,100,"sd","14:04:44",4781400
31250,-50,200,"sd","14:04:44",4781300
31250,-50,100,"sd","14:04:44",4781100
31250,-50,500,"sd","14:04:44",4781000
31250,-50,100,"bu","14:04:31",4780500
31250,-50,1000,"bu","14:04:31",4780400
31250,-50,700,"bu","14:04:31",4779400
31200,-100,600,"sd","14:04:26",4778700
31200,-100,200,"sd","14:04:26",4778100
31200,-100,200,"sd","14:04:26",4777900
31200,-100,300,"sd","14:04:26",4777700
31250,-50,9300,"bu","14:04:26",4777400
31250,-50,100,"bu","14:04:26",4768100
31250,-50,600,"bu","14:04:26",4768000
31250,-50,10000,"bu","14:04:25",4767400
31250,-50,100,"bu","14:04:23",4757400
31200,-100,200,"sd","14:04:22",4757300
31200,-100,500,"sd","14:04:22",4757100
31250,-50,100,"bu","14:04:20",4756600
31250,-50,9900,"bu","14:04:14",4756500
31250,-50,700,"bu","14:04:11",4746600
31250,-50,200,"bu","14:04:10",4745900
31250,-50,500,"bu","14:04:09",4745700
31250,-50,100,"bu","14:04:09",4745200
31250,-50,100,"bu","14:04:02",4745100
31250,-50,300,"bu","14:04:01",4745000
31250,-50,100,"bu","14:03:55",4744700
31250,-50,300,"bu","14:03:53",4744600
31250,-50,1000,"sd","14:03:53",4744300
31250,-50,1500,"sd","14:03:53",4743300
31250,-50,1000,"sd","14:03:53",4741800
31250,-50,200,"sd","14:03:53",4740800
31250,-50,3000,"sd","14:03:53",4740600
31250,-50,1000,"sd","14:03:53",4737600
31250,-50,10000,"sd","14:03:53",4736600
31250,-50,1000,"sd","14:03:53",4726600
31250,-50,500,"sd","14:03:53",4725600
31250,-50,200,"sd","14:03:53",4725100
31250,-50,100,"sd","14:03:53",4724900
31250,-50,500,"sd","14:03:53",4724800
31250,-50,400,"sd","14:03:53",4724300
31250,-50,500,"sd","14:03:53",4723900
31250,-50,300,"sd","14:03:53",4723400
31250,-50,500,"sd","14:03:53",4723100
31250,-50,2000,"sd","14:03:53",4722600
31250,-50,1000,"sd","14:03:53",4720600
31250,-50,1000,"sd","14:03:53",4719600
31250,-50,2000,"sd","14:03:53",4718600
31250,-50,100,"sd","14:03:53",4716600
31250,-50,200,"sd","14:03:53",4716500
31250,-50,3000,"sd","14:03:53",4716300
31250,-50,600,"sd","14:03:53",4713300
31250,-50,2000,"sd","14:03:53",4712700
31250,-50,5000,"sd","14:03:53",4710700
31250,-50,3400,"sd","14:03:53",4705700
31250,-50,100,"sd","14:03:39",4702300
31300,0,100,"bu","14:03:39",4702200
31250,-50,3500,"sd","14:03:38",4702100
31250,-50,500,"sd","14:03:38",4698600
31250,-50,900,"sd","14:03:38",4698100
31250,-50,100,"sd","14:03:38",4697200
31300,0,2000,"bu","14:03:34",4697100
31300,0,1000,"bu","14:03:24",4695100
31300,0,200,"bu","14:03:22",4694100
31300,0,1000,"bu","14:03:21",4693900
31300,0,2800,"bu","14:03:17",4692900
31250,-50,1500,"sd","14:03:09",4690100
31250,-50,500,"sd","14:02:58",4688600
31250,-50,500,"sd","14:02:56",4688100
31250,-50,200,"sd","14:02:54",4687600
31250,-50,1000,"sd","14:02:50",4687400
31250,-50,300,"sd","14:02:46",4686400
31250,-50,900,"bu","14:02:14",4686100
31250,-50,100,"bu","14:02:12",4685200
31250,-50,100,"bu","14:02:11",4685100
31250,-50,2400,"bu","14:02:08",4685000
31250,-50,100,"bu","14:02:07",4682600
31250,-50,2300,"bu","14:02:06",4682500
31250,-50,2000,"bu","14:02:06",4680200
31250,-50,1000,"bu","14:02:06",4678200
31250,-50,10000,"bu","14:02:06",4677200
31250,-50,4700,"bu","14:02:06",4667200
31250,-50,300,"bu","14:02:05",4662500
31250,-50,200,"bu","14:02:05",4662200
31250,-50,1000,"bu","14:01:56",4662000
31250,-50,100,"bu","14:01:54",4661000
31250,-50,1700,"bu","14:01:54",4660900
31250,-50,400,"bu","14:01:54",4659200
31250,-50,500,"bu","14:01:54",4658800
31250,-50,800,"bu","14:01:54",4658300
31250,-50,500,"bu","14:01:54",4657500
31250,-50,1100,"bu","14:01:54",4657000
31250,-50,500,"bu","14:01:52",4655900
31250,-50,300,"bu","14:01:43",4655400
31250,-50,500,"bu","14:01:38",4655100
31250,-50,100,"bu","14:01:38",4654600
31250,-50,100,"bu","14:01:35",4654500
31250,-50,1500,"bu","14:01:32",4654400
31250,-50,100,"bu","14:01:30",4652900
31250,-50,300,"bu","14:01:30",4652800
31250,-50,200,"bu","14:01:26",4652500
31250,-50,300,"bu","14:01:22",4652300
31250,-50,1200,"bu","14:01:22",4652000
31250,-50,3500,"bu","14:01:22",4650800
31250,-50,100,"bu","14:01:20",4647300
31250,-50,1400,"bu","14:01:19",4647200
31250,-50,8600,"bu","14:01:19",4645800
31250,-50,1400,"bu","14:01:18",4637200
31250,-50,600,"bu","14:01:18",4635800
31250,-50,500,"bu","14:01:14",4635200
31250,-50,500,"bu","14:00:56",4634700
31250,-50,1800,"bu","14:00:52",4634200
31250,-50,1300,"bu","14:00:49",4632400
31200,-100,1500,"sd","14:00:44",4631100
31200,-100,1000,"sd","14:00:44",4629600
31200,-100,100,"sd","14:00:44",4628600
31200,-100,2000,"sd","14:00:44",4628500
31200,-100,1000,"sd","14:00:44",4626500
31200,-100,500,"sd","14:00:44",4625500
31200,-100,1000,"sd","14:00:44",4625000
31200,-100,2900,"sd","14:00:44",4624000
31200,-100,900,"sd","14:00:35",4621100
31200,-100,500,"sd","14:00:20",4620200
31200,-100,200,"sd","14:00:08",4619700
31200,-100,300,"sd","14:00:03",4619500
31200,-100,100,"sd","13:59:59",4619200
31250,-50,200,"bu","13:59:55",4619100
31250,-50,2000,"sd","13:59:52",4618900
31250,-50,1000,"sd","13:59:52",4616900
31250,-50,2100,"sd","13:59:52",4615900
31250,-50,900,"sd","13:59:50",4613800
31250,-50,1000,"sd","13:59:45",4612900
31250,-50,1000,"bu","13:59:44",4611900
31250,-50,1000,"sd","13:59:43",4610900
31250,-50,1000,"sd","13:59:42",4609900
31250,-50,100,"sd","13:59:39",4608900
31250,-50,100,"bu","13:59:39",4608800
31250,-50,2800,"bu","13:59:39",4608700
31250,-50,1000,"bu","13:59:37",4605900
31250,-50,1000,"sd","13:59:33",4604900
31250,-50,200,"sd","13:59:33",4603900
31250,-50,800,"sd","13:59:31",4603700
31250,-50,4200,"sd","13:59:31",4602900
31250,-50,200,"sd","13:59:18",4598700
31250,-50,600,"sd","13:59:13",4598500
31250,-50,100,"sd","13:59:13",4597900
31250,-50,500,"sd","13:59:13",4597800
31250,-50,3800,"sd","13:59:13",4597300
31250,-50,200,"sd","13:59:11",4593500
31250,-50,100,"sd","13:59:07",4593300
31250,-50,5000,"sd","13:59:06",4593200
31250,-50,9900,"sd","13:59:06",4588200
31250,-50,1000,"sd","13:59:06",4578300
31250,-50,1200,"sd","13:59:05",4577300
31250,-50,3800,"bu","13:59:05",4576100
31200,-100,2700,"sd","13:59:02",4572300
31250,-50,100,"bu","13:59:00",4569600
31250,-50,300,"sd","13:58:51",4569500
31250,-50,8800,"sd","13:58:51",4569200
31250,-50,1200,"bu","13:58:48",4560400
31250,-50,1000,"bu","13:58:48",4559200
31250,-50,2800,"bu","13:58:45",4558200
31250,-50,2200,"bu","13:58:45",4555400
31250,-50,1000,"sd","13:58:36",4553200
31250,-50,300,"sd","13:58:36",4552200
31250,-50,1000,"sd","13:58:36",4551900
31250,-50,100,"sd","13:58:36",4550900
31250,-50,200,"sd","13:58:36",4550800
31250,-50,100,"sd","13:58:36",4550600
31250,-50,100,"sd","13:58:36",4550500
31250,-50,900,"sd","13:58:22",4550400
31250,-50,2900,"sd","13:58:10",4549500
31250,-50,100,"sd","13:58:10",4546600
31250,-50,200,"sd","13:58:07",4546500
31250,-50,200,"sd","13:58:03",4546300
31250,-50,100,"sd","13:58:03",4546100
31250,-50,300,"sd","13:58:01",4546000
31300,0,1000,"bu","13:58:01",4545700
31250,-50,1000,"sd","13:57:57",4544700
31250,-50,700,"sd","13:57:50",4543700
31250,-50,1000,"sd","13:57:37",4543000
31250,-50,900,"sd","13:57:35",4542000
31250,-50,300,"sd","13:57:25",4541100
31250,-50,400,"sd","13:57:25",4540800
31250,-50,200,"bu","13:57:09",4540400
31250,-50,100,"bu","13:57:09",4540200
31250,-50,100,"bu","13:57:09",4540100
31250,-50,4800,"sd","13:57:05",4540000
31250,-50,200,"sd","13:57:04",4535200
31250,-50,500,"sd","13:57:04",4535000
31250,-50,300,"bu","13:57:00",4534500
31250,-50,12000,"bu","13:57:00",4534200
31250,-50,2000,"bu","13:57:00",4522200
31250,-50,200,"bu","13:57:00",4520200
31250,-50,400,"bu","13:56:58",4520000
31200,-100,900,"sd","13:56:52",4519600
31200,-100,1400,"sd","13:56:50",4518700
31200,-100,5000,"sd","13:56:50",4517300
31200,-100,500,"sd","13:56:50",4512300
31200,-100,100,"sd","13:56:50",4511800
31200,-100,900,"sd","13:56:46",4511700
31200,-100,500,"sd","13:56:46",4510800
31200,-100,300,"sd","13:56:46",4510300
31200,-100,2500,"sd","13:56:46",4510000
31200,-100,500,"sd","13:56:46",4507500
31200,-100,5000,"sd","13:56:46",4507000
31200,-100,300,"sd","13:56:46",4502000
31250,-50,200,"bu","13:56:45",4501700
31250,-50,100,"bu","13:56:39",4501500
31200,-100,2200,"sd","13:56:37",4501400
31200,-100,800,"sd","13:56:37",4499200
31250,-50,100,"bu","13:56:18",4498400
31200,-100,200,"sd","13:56:16",4498300
31200,-100,1000,"sd","13:56:16",4498100
31200,-100,7200,"sd","13:56:16",4497100
31200,-100,1600,"sd","13:56:16",4489900
31200,-100,1800,"sd","13:56:08",4488300
31200,-100,900,"sd","13:56:07",4486500
31200,-100,100,"sd","13:55:57",4485600
31200,-100,600,"bu","13:55:56",4485500
31200,-100,400,"bu","13:55:55",4484900
31200,-100,100,"bu","13:55:55",4484500
31200,-100,900,"bu","13:55:55",4484400
31200,-100,100,"bu","13:55:55",4483500
31200,-100,100,"bu","13:55:50",4483400
31200,-100,1000,"bu","13:55:50",4483300
31150,-150,600,"sd","13:55:49",4482300
31200,-100,1500,"sd","13:55:49",4481700
31200,-100,500,"sd","13:55:49",4480200
31200,-100,2400,"sd","13:55:49",4479700
31200,-100,1000,"sd","13:55:47",4477300
31200,-100,200,"sd","13:55:34",4476300
31200,-100,1000,"sd","13:55:34",4476100
31200,-100,1400,"sd","13:55:33",4475100
31200,-100,700,"sd","13:55:33",4473700
31200,-100,300,"bu","13:55:30",4473000
31200,-100,1000,"bu","13:55:30",4472700
31200,-100,100,"bu","13:55:29",4471700
31200,-100,100,"bu","13:55:29",4471600
31200,-100,1000,"bu","13:55:29",4471500
31200,-100,1000,"bu","13:55:29",4470500
31200,-100,2800,"bu","13:55:29",4469500
31200,-100,100,"bu","13:55:22",4466700
31200,-100,100,"bu","13:55:22",4466600
31200,-100,100,"bu","13:55:16",4466500
31150,-150,2100,"sd","13:55:14",4466400
31200,-100,1000,"bu","13:55:11",4464300
31200,-100,100,"bu","13:55:09",4463300
31200,-100,500,"bu","13:55:06",4463200
31200,-100,300,"bu","13:55:05",4462700
31200,-100,200,"bu","13:55:05",4462400
31150,-150,3000,"sd","13:54:56",4462200
31150,-150,400,"sd","13:54:51",4459200
31200,-100,800,"bu","13:54:49",4458800
31200,-100,200,"bu","13:54:49",4458000
31200,-100,700,"bu","13:54:45",4457800
31200,-100,300,"bu","13:54:45",4457100
31150,-150,100,"sd","13:54:44",4456800
31150,-150,100,"sd","13:54:44",4456700
31200,-100,500,"bu","13:54:43",4456600
31200,-100,200,"bu","13:54:43",4456100
31200,-100,1000,"bu","13:54:36",4455900
31200,-100,1600,"bu","13:54:32",4454900
31200,-100,3000,"bu","13:54:29",4453300
31200,-100,500,"bu","13:54:29",4450300
31200,-100,3100,"bu","13:54:29",4449800
31200,-100,100,"sd","13:54:28",4446700
31200,-100,500,"sd","13:54:28",4446600
31200,-100,300,"sd","13:54:27",4446100
31200,-100,200,"sd","13:54:26",4445800
31200,-100,500,"sd","13:54:21",4445600
31200,-100,500,"sd","13:54:21",4445100
31200,-100,300,"bu","13:54:16",4444600
31200,-100,500,"bu","13:54:10",4444300
31200,-100,100,"bu","13:54:03",4443800
31150,-150,900,"sd","13:54:02",4443700
31150,-150,100,"sd","13:54:02",4442800
31150,-150,100,"sd","13:54:02",4442700
31150,-150,900,"sd","13:54:02",4442600
31200,-100,100,"bu","13:53:56",4441700
31150,-150,100,"sd","13:53:53",4441600
31200,-100,1000,"sd","13:53:50",4441500
31200,-100,200,"sd","13:53:50",4440500
31200,-100,100,"sd","13:53:50",4440300
31200,-100,100,"sd","13:53:50",4440200
31200,-100,100,"sd","13:53:50",4440100
31200,-100,100,"sd","13:53:50",4440000
31200,-100,2200,"sd","13:53:50",4439900
31200,-100,500,"sd","13:53:50",4437700
31200,-100,100,"sd","13:53:50",4437200
31200,-100,300,"sd","13:53:50",4437100
31200,-100,1700,"sd","13:53:50",4436800
31150,-150,4000,"sd","13:53:50",4435100
31200,-100,1000,"sd","13:53:50",4431100
31150,-150,300,"sd","13:53:50",4430100
31200,-100,8000,"sd","13:53:50",4429800
31150,-150,1000,"sd","13:53:50",4421800
31200,-100,100,"sd","13:53:50",4420800
31200,-100,1000,"sd","13:53:50",4420700
31200,-100,300,"sd","13:53:50",4419700
31200,-100,300,"sd","13:53:50",4419400
31150,-150,1500,"sd","13:53:50",4419100
31200,-100,1100,"sd","13:53:50",4417600
31150,-150,100,"sd","13:53:50",4416500
31200,-100,500,"sd","13:53:50",4416400
31200,-100,100,"sd","13:53:50",4415900
31150,-150,100,"sd","13:53:50",4415800
31200,-100,200,"sd","13:53:50",4415700
31200,-100,1000,"sd","13:53:50",4415500
31200,-100,100,"sd","13:53:50",4414500
31200,-100,800,"sd","13:53:49",4414400
31200,-100,200,"sd","13:53:49",4413600
31200,-100,2000,"sd","13:53:49",4413400
31200,-100,300,"sd","13:53:49",4411400
31200,-100,10300,"sd","13:53:49",4411100
31200,-100,500,"sd","13:53:49",4400800
31200,-100,1000,"sd","13:53:49",4400300
31200,-100,100,"sd","13:53:49",4399300
31200,-100,300,"sd","13:53:49",4399200
31200,-100,200,"sd","13:53:49",4398900
31200,-100,500,"sd","13:53:49",4398700
31200,-100,1100,"sd","13:53:49",4398200
31200,-100,1000,"sd","13:53:49",4397100
31200,-100,500,"sd","13:53:49",4396100
31200,-100,200,"sd","13:53:49",4395600
31200,-100,3200,"sd","13:53:49",4395400
31200,-100,400,"sd","13:53:49",4392200
31200,-100,500,"sd","13:53:49",4391800
31200,-100,200,"sd","13:53:49",4391300
31200,-100,5300,"sd","13:53:49",4391100
31200,-100,300,"sd","13:53:49",4385800
31200,-100,1500,"sd","13:53:49",4385500
31200,-100,600,"sd","13:53:49",4384000
31200,-100,1000,"sd","13:53:49",4383400
31200,-100,1100,"sd","13:53:49",4382400
31200,-100,200,"sd","13:53:49",4381300
31200,-100,200,"sd","13:53:49",4381100
31200,-100,1000,"sd","13:53:49",4380900
31200,-100,100,"sd","13:53:49",4379900
31200,-100,1000,"sd","13:53:49",4379800
31200,-100,1000,"sd","13:53:49",4378800
31200,-100,700,"sd","13:53:49",4377800
31200,-100,1000,"sd","13:53:49",4377100
31200,-100,800,"sd","13:53:49",4376100
31200,-100,600,"sd","13:53:49",4375300
31200,-100,400,"sd","13:53:49",4374700
31200,-100,3100,"sd","13:53:49",4374300
31200,-100,100,"sd","13:53:49",4371200
31200,-100,1000,"sd","13:53:49",4371100
31200,-100,2000,"sd","13:53:49",4370100
31200,-100,400,"sd","13:53:49",4368100
31200,-100,200,"sd","13:53:49",4367700
31200,-100,200,"sd","13:53:49",4367500
31200,-100,100,"sd","13:53:49",4367300
31200,-100,100,"sd","13:53:49",4367200
31200,-100,100,"sd","13:53:49",4367100
31200,-100,3300,"sd","13:53:49",4367000
31200,-100,500,"sd","13:53:49",4363700
31300,0,5200,"sd","13:53:49",4363200
31200,-100,100,"sd","13:53:49",4358000
31200,-100,100,"sd","13:53:49",4357900
31200,-100,300,"sd","13:53:49",4357800
31200,-100,1000,"sd","13:53:49",4357500
31200,-100,15000,"sd","13:53:49",4356500
31300,0,10000,"bu","13:53:45",4341500
31300,0,1900,"bu","13:53:45",4331500
31300,0,200,"bu","13:53:45",4329600
31300,0,1000,"bu","13:53:45",4329400
31300,0,1000,"bu","13:53:45",4328400
31300,0,500,"bu","13:53:45",4327400
31300,0,900,"bu","13:53:45",4326900
31300,0,100,"bu","13:53:45",4326000
31300,0,5000,"bu","13:53:45",4325900
31300,0,500,"bu","13:53:45",4320900
31300,0,100,"bu","13:53:45",4320400
31300,0,3600,"bu","13:53:45",4320300
31200,-100,200,"sd","13:53:34",4316700
31200,-100,500,"sd","13:53:34",4316500
31200,-100,100,"sd","13:53:34",4316000
31200,-100,100,"sd","13:53:34",4315900
31200,-100,500,"sd","13:53:34",4315800
31200,-100,100,"sd","13:53:34",4315300
31200,-100,100,"sd","13:53:34",4315200
31200,-100,100,"sd","13:53:34",4315100
31200,-100,100,"sd","13:53:34",4315000
31250,-50,100,"sd","13:53:34",4314900
31200,-100,2500,"sd","13:53:34",4314800
31200,-100,1000,"sd","13:53:34",4312300
31250,-50,300,"sd","13:53:34",4311300
31200,-100,1800,"sd","13:53:34",4311000
31250,-50,1000,"sd","13:53:34",4309200
31200,-100,500,"sd","13:53:34",4308200
31200,-100,600,"sd","13:53:34",4307700
31250,-50,100,"sd","13:53:34",4307100
31200,-100,500,"sd","13:53:34",4307000
31250,-50,500,"sd","13:53:34",4306500
31200,-100,200,"sd","13:53:34",4306000
31250,-50,200,"sd","13:53:34",4305800
31200,-100,100,"sd","13:53:34",4305600
31250,-50,100,"sd","13:53:34",4305500
31200,-100,100,"sd","13:53:34",4305400
31250,-50,100,"sd","13:53:34",4305300
31250,-50,15000,"sd","13:53:34",4305200
31200,-100,500,"sd","13:53:34",4290200
31250,-50,100,"sd","13:53:34",4289700
31200,-100,500,"sd","13:53:34",4289600
31200,-100,1000,"sd","13:53:34",4289100
31250,-50,800,"sd","13:53:34",4288100
31200,-100,200,"sd","13:53:34",4287300
31250,-50,3800,"sd","13:53:34",4287100
31250,-50,300,"sd","13:53:34",4283300
31200,-100,500,"sd","13:53:34",4283000
31250,-50,300,"sd","13:53:34",4282500
31200,-100,1000,"sd","13:53:34",4282200
31250,-50,500,"sd","13:53:34",4281200
31250,-50,600,"sd","13:53:34",4280700
31200,-100,500,"sd","13:53:34",4280100
31250,-50,2500,"sd","13:53:34",4279600
31200,-100,200,"sd","13:53:34",4277100
31250,-50,100,"sd","13:53:34",4276900
31250,-50,300,"sd","13:53:34",4276800
31200,-100,2000,"sd","13:53:34",4276500
31250,-50,3500,"sd","13:53:34",4274500
31200,-100,7000,"sd","13:53:34",4270700
31200,-100,200,"sd","13:53:34",4271000
31250,-50,100,"sd","13:53:34",4270800
31250,-50,500,"sd","13:53:34",4263700
31250,-50,100,"sd","13:53:34",4263200
31250,-50,1400,"sd","13:53:34",4263100
31250,-50,200,"sd","13:53:34",4261700
31250,-50,100,"sd","13:53:34",4261500
31250,-50,100,"sd","13:53:34",4261400
31250,-50,100,"sd","13:53:34",4261300
31250,-50,100,"sd","13:53:34",4261200
31250,-50,5000,"sd","13:53:34",4261100
31250,-50,2000,"sd","13:53:34",4256100
31250,-50,200,"sd","13:53:34",4254100
31250,-50,300,"sd","13:53:34",4253900
31250,-50,300,"sd","13:53:34",4253600
31250,-50,400,"sd","13:53:34",4253300
31250,-50,100,"sd","13:53:34",4252900
31250,-50,2000,"sd","13:53:34",4252800
31250,-50,100,"sd","13:53:34",4250800
31250,-50,400,"sd","13:53:34",4250700
31250,-50,1000,"sd","13:53:34",4250300
31250,-50,500,"sd","13:53:34",4249300
31250,-50,3000,"sd","13:53:34",4248800
31250,-50,1000,"sd","13:53:34",4245800
31250,-50,2000,"sd","13:53:34",4244800
31250,-50,500,"sd","13:53:34",4242800
31250,-50,200,"sd","13:53:34",4242300
31250,-50,10200,"sd","13:53:34",4242100
31250,-50,200,"sd","13:53:34",4231900
31250,-50,200,"sd","13:53:34",4231700
31250,-50,300,"sd","13:53:34",4231500
31250,-50,10000,"sd","13:53:34",4231200
31250,-50,100,"sd","13:53:34",4221200
31250,-50,500,"sd","13:53:34",4221100
31250,-50,1000,"sd","13:53:34",4220600
31250,-50,1000,"sd","13:53:34",4219600
31250,-50,100,"sd","13:53:34",4218600
31250,-50,5000,"sd","13:53:34",4218500
31250,-50,500,"sd","13:53:34",4213500
31250,-50,1000,"sd","13:53:34",4213000
31250,-50,100,"sd","13:53:34",4212000
31250,-50,200,"sd","13:53:34",4211900
31250,-50,1100,"sd","13:53:34",4211700
31250,-50,8900,"sd","13:53:34",4210600
31300,0,200,"bu","13:53:31",4201700
31250,-50,500,"sd","13:53:25",4201500
31250,-50,4500,"sd","13:53:14",4201000
31250,-50,500,"sd","13:53:14",4196500
31300,0,2000,"bu","13:53:07",4196000
31300,0,1000,"bu","13:52:55",4194000
31300,0,2000,"bu","13:52:54",4193000
31300,0,1100,"sd","13:52:35",4191000
31300,0,900,"bu","13:52:25",4189900
31300,0,3000,"bu","13:52:25",4189000
31300,0,300,"bu","13:52:22",4186000
31300,0,300,"bu","13:52:18",4185700
31300,0,400,"bu","13:52:18",4185400
31300,0,5000,"sd","13:52:14",4185000
31300,0,1000,"sd","13:52:14",4180000
31300,0,300,"sd","13:52:14",4179000
31300,0,200,"sd","13:52:14",4178700
31300,0,8400,"sd","13:52:14",4178500
31300,0,1000,"sd","13:52:14",4170100
31300,0,400,"sd","13:52:14",4169100
31300,0,500,"sd","13:52:14",4168700
31300,0,300,"sd","13:52:14",4168200
31300,0,200,"sd","13:52:14",4167900
31300,0,100,"sd","13:52:14",4167700
31300,0,1600,"sd","13:52:14",4167600
31300,0,100,"sd","13:52:14",4166000
31300,0,400,"sd","13:52:14",4165900
31300,0,100,"sd","13:52:14",4165500
31300,0,200,"sd","13:52:14",4165400
31300,0,200,"sd","13:52:14",4165200
31300,0,100,"sd","13:52:14",4165000
31300,0,100,"sd","13:52:14",4164900
31300,0,200,"sd","13:52:14",4164800
31300,0,500,"sd","13:52:14",4164600
31300,0,200,"sd","13:52:14",4164100
31300,0,100,"sd","13:52:14",4163900
31300,0,300,"sd","13:52:14",4163800
31300,0,200,"sd","13:52:14",4163500
31300,0,100,"sd","13:52:14",4163300
31300,0,1000,"sd","13:52:14",4163200
31300,0,500,"sd","13:52:14",4162200
31300,0,200,"sd","13:52:14",4161700
31300,0,500,"sd","13:52:14",4161500
31300,0,100,"sd","13:52:14",4161000
31300,0,100,"sd","13:52:14",4160900
31300,0,500,"sd","13:52:14",4160800
31300,0,13100,"sd","13:52:14",4160300
31300,0,500,"sd","13:52:14",4147200
31300,0,3500,"sd","13:52:14",4146700
31300,0,10000,"sd","13:52:14",4143200
31300,0,100,"sd","13:52:14",4133200
31300,0,10000,"sd","13:52:14",4133100
31300,0,100,"sd","13:52:14",4123100
31300,0,1000,"sd","13:52:14",4123000
31300,0,300,"sd","13:52:14",4122000
31300,0,200,"sd","13:52:14",4121700
31300,0,2000,"sd","13:52:14",4121500
31300,0,100,"sd","13:52:14",4119500
31300,0,36000,"sd","13:52:14",4119400
31300,0,1000,"sd","13:52:14",4083400
31300,0,3000,"sd","13:52:14",4082400
31300,0,500,"sd","13:52:14",4079400
31300,0,100,"sd","13:52:14",4078900
31300,0,500,"sd","13:52:14",4078800
31300,0,100,"sd","13:52:14",4078300
31300,0,100,"sd","13:52:14",4078200
31300,0,10000,"sd","13:52:14",4078100
31300,0,500,"sd","13:52:14",4068100
31300,0,500,"sd","13:52:14",4067600
31300,0,300,"sd","13:52:14",4067100
31300,0,5800,"sd","13:52:14",4066800
31300,0,1900,"sd","13:52:14",4061000
31300,0,100,"sd","13:52:14",4059100
31300,0,4200,"sd","13:52:05",4059000
31300,0,100,"sd","13:52:05",4054800
31300,0,1000,"sd","13:52:05",4054700
31300,0,300,"sd","13:52:03",4053700
31300,0,100,"sd","13:52:03",4053400
31300,0,1200,"sd","13:51:40",4053300
31300,0,200,"sd","13:51:40",4052100
31300,0,1000,"sd","13:51:40",4051900
31300,0,500,"sd","13:51:40",4050900
31300,0,100,"sd","13:51:40",4050400
31300,0,200,"sd","13:51:40",4050300
31300,0,1000,"sd","13:51:40",4050100
31300,0,100,"sd","13:51:40",4049100
31300,0,300,"sd","13:51:40",4049000
31300,0,100,"sd","13:51:40",4048700
31300,0,1000,"sd","13:51:40",4048600
31300,0,100,"sd","13:51:40",4047600
31300,0,100,"sd","13:51:40",4047500
31300,0,1100,"sd","13:51:40",4047400
31350,50,200,"bu","13:51:38",4046300
31350,50,1000,"bu","13:51:37",4046100
31350,50,500,"bu","13:51:37",4045100
31350,50,2100,"bu","13:51:37",4044600
31350,50,1000,"bu","13:51:28",4042500
31350,50,1000,"bu","13:51:22",4041500
31350,50,4000,"bu","13:51:20",4040500
31350,50,500,"bu","13:51:18",4036500
31350,50,100,"bu","13:51:14",4036000
31350,50,1300,"sd","13:51:08",4035900
31350,50,500,"bu","13:51:05",4034600
31350,50,900,"bu","13:51:05",4034100
31350,50,100,"bu","13:51:05",4033200
31350,50,5000,"bu","13:51:05",4033100
31350,50,1000,"bu","13:51:05",4028100
31350,50,1200,"bu","13:51:05",4027100
31350,50,300,"bu","13:51:04",4025900
31350,50,100,"bu","13:51:01",4025600
31350,50,100,"bu","13:50:58",4025500
31350,50,200,"bu","13:50:45",4025400
31350,50,800,"bu","13:50:43",4025200
31350,50,100,"bu","13:50:41",4024400
31350,50,500,"bu","13:50:35",4024300
31350,50,1700,"bu","13:50:32",4023800
31350,50,2200,"bu","13:50:32",4022100
31350,50,1000,"bu","13:50:32",4019900
31350,50,100,"bu","13:50:32",4018900
31350,50,500,"bu","13:50:30",4018800
31350,50,1000,"bu","13:50:29",4018300
31350,50,100,"bu","13:50:26",4017300
31350,50,500,"bu","13:49:55",4017200
31350,50,300,"bu","13:49:47",4016700
31350,50,2000,"sd","13:49:42",4016400
31350,50,300,"sd","13:49:42",4014400
31350,50,500,"sd","13:49:42",4014100
31350,50,1000,"sd","13:49:42",4013600
31350,50,2000,"sd","13:49:42",4012600
31350,50,500,"sd","13:49:42",4010600
31350,50,5000,"sd","13:49:42",4010100
31350,50,4200,"sd","13:49:42",4005100
31350,50,200,"sd","13:49:42",4000900
31350,50,5000,"sd","13:49:42",4000700
31350,50,1000,"sd","13:49:42",3995700
31350,50,300,"sd","13:49:42",3994700
31350,50,100,"sd","13:49:42",3994400
31350,50,3300,"sd","13:49:42",3994300
31350,50,300,"sd","13:49:42",3991000
31350,50,2300,"sd","13:49:42",3990700
31350,50,100,"sd","13:49:42",3988400
31350,50,1000,"sd","13:49:42",3988300
31350,50,900,"sd","13:49:24",3987300
31350,50,400,"sd","13:49:17",3986400
31400,100,200,"bu","13:49:17",3986000
31350,50,5000,"sd","13:49:00",3985800
31350,50,1000,"sd","13:48:45",3980800
31400,100,500,"bu","13:48:43",3979800
31350,50,100,"sd","13:48:42",3979300
31350,50,900,"sd","13:48:39",3979200
31350,50,2100,"sd","13:48:33",3978300
31350,50,5000,"sd","13:48:20",3976200
31350,50,100,"sd","13:48:19",3971200
31350,50,2000,"sd","13:48:13",3971100
31350,50,14000,"sd","13:48:01",3969100
31350,50,1000,"sd","13:47:55",3955100
31350,50,4200,"bu","13:47:31",3954100
31350,50,500,"sd","13:47:28",3949900
31350,50,300,"sd","13:47:28",3949400
31350,50,700,"bu","13:47:19",3949100
31350,50,100,"bu","13:47:18",3948400
31350,50,200,"bu","13:47:17",3948300
31350,50,900,"bu","13:47:17",3948100
31350,50,2000,"bu","13:47:17",3947200
31350,50,100,"bu","13:47:17",3945200
31350,50,3800,"bu","13:47:17",3945100
31350,50,1000,"bu","13:47:14",3941300
31350,50,300,"bu","13:47:11",3940300
31350,50,4900,"bu","13:47:07",3940000
31350,50,2700,"bu","13:47:07",3935100
31350,50,200,"bu","13:47:07",3932400
31350,50,12200,"bu","13:47:07",3932200
31350,50,1000,"bu","13:47:05",3920000
31350,50,1000,"bu","13:46:58",3919000
31350,50,100,"bu","13:46:45",3918000
31300,0,600,"sd","13:46:25",3917900
31300,0,400,"sd","13:46:25",3917300
31300,0,200,"sd","13:45:50",3916900
31350,50,100,"bu","13:45:48",3916700
31350,50,200,"bu","13:45:48",3916600
31350,50,200,"bu","13:45:48",3916400
31350,50,100,"unknown","13:45:48",3916200
31350,50,500,"sd","13:45:48",3916100
31350,50,5000,"sd","13:45:48",3915600
31350,50,500,"sd","13:45:48",3910600
31350,50,300,"sd","13:45:48",3910100
31350,50,200,"sd","13:45:48",3909800
31350,50,200,"sd","13:45:48",3909600
31350,50,100,"sd","13:45:48",3909400
31350,50,900,"sd","13:45:48",3909300
31350,50,200,"sd","13:45:48",3908400
31350,50,5000,"sd","13:45:48",3908200
31350,50,2200,"sd","13:45:48",3903200
31350,50,5000,"sd","13:45:42",3901000
31400,100,1200,"bu","13:44:53",3896000
31400,100,500,"bu","13:44:53",3894800
31400,100,900,"bu","13:44:53",3894300
31400,100,1000,"bu","13:44:53",3893400
31400,100,200,"bu","13:44:53",3892400
31400,100,500,"bu","13:44:53",3892200
31400,100,500,"bu","13:44:53",3891700
31400,100,100,"bu","13:44:53",3891200
31400,100,100,"bu","13:44:53",3891100
31350,50,2800,"sd","13:44:32",3891000
31350,50,100,"sd","13:44:32",3888200
31350,50,100,"sd","13:44:32",3888100
31350,50,700,"sd","13:44:32",3888000
31350,50,100,"sd","13:44:32",3887300
31350,50,1400,"sd","13:44:32",3887200
31400,100,500,"bu","13:44:20",3885800
31400,100,1000,"bu","13:44:19",3885300
31400,100,500,"bu","13:44:19",3884300
31400,100,100,"bu","13:44:05",3883800
31400,100,1000,"bu","13:43:51",3883700
31400,100,5000,"bu","13:43:48",3882700
31350,50,900,"sd","13:43:25",3877700
31350,50,700,"sd","13:43:08",3876800
31350,50,300,"sd","13:43:08",3876100
31350,50,200,"sd","13:43:08",3875800
31350,50,300,"sd","13:43:00",3875600
31350,50,400,"sd","13:43:00",3875300
31350,50,500,"sd","13:43:00",3874900
31350,50,100,"sd","13:43:00",3874400
31350,50,2500,"sd","13:43:00",3874300
31350,50,200,"sd","13:43:00",3871800
31350,50,600,"sd","13:42:55",3871600
31350,50,400,"sd","13:42:55",3871000
31350,50,100,"sd","13:42:47",3870600
31350,50,1000,"sd","13:42:41",3870500
31350,50,1500,"sd","13:42:35",3869500
31350,50,1300,"sd","13:42:35",3868000
31350,50,1000,"sd","13:42:35",3866700
31350,50,1200,"sd","13:42:35",3865700
31350,50,1000,"sd","13:42:21",3864500
31350,50,16900,"sd","13:41:56",3863500
31400,100,1000,"bu","13:41:26",3846600
31400,100,200,"bu","13:41:24",3845600
31350,50,1000,"sd","13:41:11",3845400
31400,100,1800,"bu","13:41:11",3844400
31350,50,5000,"bu","13:41:10",3842600
31350,50,900,"bu","13:41:10",3837600
31350,50,500,"bu","13:41:10",3836700
31350,50,500,"bu","13:41:10",3836200
31350,50,1000,"bu","13:41:10",3835700
31350,50,3000,"bu","13:41:10",3834700
31350,50,500,"bu","13:41:10",3831700
31350,50,1400,"bu","13:41:10",3831200
31350,50,5000,"bu","13:41:10",3829800
31350,50,1000,"bu","13:41:10",3824800
31350,50,11100,"bu","13:41:10",3823800
31350,50,300,"bu","13:40:43",3812700
31350,50,2500,"bu","13:40:41",3812400
31350,50,1000,"bu","13:40:40",3809900
31300,0,4800,"sd","13:40:33",3808900
31300,0,3000,"sd","13:40:33",3804100
31300,0,600,"sd","13:40:33",3801100
31300,0,100,"sd","13:40:33",3800500
31300,0,1000,"sd","13:40:33",3800400
31300,0,300,"sd","13:40:33",3799400
31300,0,1000,"sd","13:40:33",3799100
31300,0,1100,"sd","13:40:33",3798100
31300,0,600,"sd","13:40:33",3797000
31300,0,300,"sd","13:40:33",3796400
31300,0,100,"sd","13:40:33",3796100
31300,0,1000,"sd","13:40:33",3796000
31300,0,200,"sd","13:40:33",3795000
31300,0,300,"sd","13:40:33",3794800
31300,0,400,"sd","13:40:33",3794500
31300,0,900,"sd","13:40:33",3794100
31300,0,100,"sd","13:40:33",3793200
31300,0,2000,"sd","13:40:33",3793100
31300,0,300,"sd","13:40:33",3791100
31300,0,1000,"sd","13:40:33",3790800
31300,0,1000,"sd","13:40:33",3789800
31300,0,500,"sd","13:40:33",3788800
31300,0,100,"sd","13:40:33",3788300
31300,0,200,"sd","13:40:33",3788200
31300,0,10000,"sd","13:40:33",3788000
31300,0,3000,"sd","13:40:33",3778000
31300,0,1000,"sd","13:40:33",3775000
31300,0,100,"sd","13:40:33",3774000
31300,0,1000,"sd","13:40:33",3773900
31300,0,4000,"sd","13:40:33",3772900
31300,0,200,"sd","13:40:33",3768900
31300,0,300,"sd","13:40:33",3768700
31300,0,500,"sd","13:40:33",3768400
31300,0,1000,"sd","13:40:33",3767900
31300,0,1000,"sd","13:40:33",3766900
31300,0,100,"sd","13:40:33",3765900
31300,0,400,"sd","13:40:33",3765800
31300,0,500,"sd","13:40:33",3765400
31300,0,100,"sd","13:40:33",3764900
31300,0,1000,"sd","13:40:33",3764800
31300,0,200,"sd","13:40:33",3763800
31350,50,1100,"bu","13:40:27",3763600
31300,0,900,"sd","13:40:27",3762500
31300,0,900,"sd","13:40:24",3761600
31300,0,100,"sd","13:40:24",3760700
31300,0,1000,"sd","13:40:24",3760600
31300,0,1000,"sd","13:40:24",3759600
31300,0,100,"sd","13:40:24",3758600
31300,0,200,"sd","13:40:24",3758500
31300,0,100,"sd","13:40:24",3758300
31300,0,1500,"sd","13:40:24",3758200
31300,0,1000,"sd","13:40:24",3756700
31300,0,4100,"sd","13:40:24",3755700
31300,0,400,"sd","13:40:16",3751600
31300,0,100,"sd","13:40:16",3751200
31300,0,3000,"sd","13:40:16",3751100
31300,0,2000,"sd","13:40:16",3748100
31300,0,700,"sd","13:39:57",3746100
31300,0,600,"sd","13:39:57",3745400
31300,0,1500,"sd","13:39:57",3744800
31300,0,200,"sd","13:39:57",3743300
31300,0,1000,"sd","13:39:57",3743100
31300,0,100,"sd","13:39:57",3742100
31300,0,500,"sd","13:39:57",3742000
31300,0,200,"sd","13:39:57",3741500
31300,0,200,"sd","13:39:57",3741300
31350,50,800,"bu","13:39:38",3741100
31300,0,1000,"sd","13:39:32",3740300
31300,0,1000,"sd","13:39:29",3739300
31300,0,300,"sd","13:39:29",3738300
31300,0,700,"sd","13:38:56",3738000
31300,0,300,"sd","13:38:56",3737300
31300,0,3600,"sd","13:38:37",3737000
31350,50,100,"bu","13:38:35",3733400
31300,0,900,"sd","13:38:11",3733300
31300,0,200,"sd","13:37:48",3732400
31300,0,5000,"sd","13:37:45",3732200
31300,0,500,"sd","13:37:43",3727200
31350,50,100,"bu","13:37:42",3726700
31350,50,2000,"bu","13:37:32",3726600
31350,50,1000,"sd","13:37:25",3724600
31350,50,1000,"sd","13:37:25",3723600
31350,50,5000,"sd","13:37:25",3722600
31350,50,300,"sd","13:37:25",3717600
31350,50,1000,"sd","13:37:25",3717300
31350,50,300,"sd","13:37:25",3716300
31350,50,500,"sd","13:37:25",3716000
31350,50,500,"sd","13:37:25",3715500
31350,50,1400,"sd","13:37:25",3715000
31350,50,2000,"sd","13:37:15",3713600
31350,50,1600,"sd","13:37:10",3711600
31350,50,200,"sd","13:37:10",3710000
31350,50,1000,"sd","13:37:10",3709800
31350,50,200,"sd","13:37:10",3708800
31350,50,500,"sd","13:37:07",3708600
31350,50,300,"sd","13:37:01",3708100
31350,50,2000,"sd","13:37:01",3707800
31350,50,400,"sd","13:37:01",3705800
31350,50,1000,"sd","13:37:01",3705400
31350,50,200,"sd","13:37:01",3704400
31350,50,100,"sd","13:37:01",3704200
31350,50,600,"sd","13:37:01",3704100
31350,50,200,"sd","13:37:01",3703500
31350,50,400,"sd","13:37:01",3703300
31350,50,500,"sd","13:37:01",3702900
31350,50,100,"sd","13:37:01",3702400
31350,50,100,"sd","13:37:01",3702300
31350,50,100,"sd","13:37:01",3702200
31350,50,500,"sd","13:37:01",3702100
31350,50,2500,"sd","13:37:01",3701600
31350,50,10000,"sd","13:37:01",3699100
31350,50,100,"sd","13:37:01",3689100
31350,50,300,"sd","13:37:01",3689000
31350,50,100,"sd","13:37:01",3688700
31350,50,1000,"sd","13:37:01",3688600
31350,50,600,"sd","13:37:01",3687600
31350,50,100,"sd","13:37:01",3687000
31350,50,500,"sd","13:37:01",3686900
31350,50,800,"sd","13:37:01",3686400
31350,50,100,"sd","13:37:01",3685600
31350,50,200,"sd","13:37:01",3685500
31350,50,200,"sd","13:37:01",3685300
31350,50,200,"sd","13:37:01",3685100
31350,50,300,"sd","13:37:01",3684900
31350,50,2000,"sd","13:37:01",3684600
31350,50,2500,"sd","13:37:01",3682600
31350,50,2000,"sd","13:37:01",3680100
31350,50,500,"sd","13:36:54",3678100
31350,50,1300,"sd","13:36:49",3677600
31350,50,3300,"sd","13:36:49",3676300
31350,50,900,"sd","13:36:42",3673000
31350,50,1000,"sd","13:36:42",3672100
31350,50,2000,"sd","13:36:41",3671100
31350,50,2000,"sd","13:36:39",3669100
31350,50,500,"sd","13:36:38",3667100
31350,50,300,"sd","13:36:30",3666600
31350,50,200,"sd","13:36:30",3666300
31400,100,500,"bu","13:36:30",3666100
31350,50,300,"sd","13:36:20",3665600
31350,50,1000,"sd","13:36:20",3665300
31350,50,1000,"sd","13:36:20",3664300
31350,50,300,"sd","13:36:20",3663300
31350,50,100,"sd","13:36:20",3663000
31350,50,2300,"sd","13:36:20",3662900
31350,50,5000,"sd","13:36:04",3660600
31350,50,700,"sd","13:36:03",3655600
31350,50,900,"sd","13:35:58",3654900
31350,50,1000,"sd","13:35:18",3654000
31400,100,100,"bu","13:34:43",3653000
31350,50,100,"sd","13:34:29",3652900
31350,50,4900,"sd","13:34:29",3652800
31350,50,900,"sd","13:34:29",3647900
31350,50,5000,"sd","13:34:19",3647000
31400,100,300,"bu","13:34:16",3642000
31400,100,800,"bu","13:33:58",3641700
31400,100,1000,"sd","13:33:55",3640900
31400,100,600,"sd","13:33:55",3639900
31400,100,5000,"sd","13:33:55",3639300
31400,100,200,"sd","13:33:55",3634300
31400,100,200,"sd","13:33:55",3634100
31400,100,1000,"sd","13:33:55",3633900
31400,100,1000,"sd","13:33:55",3632900
31400,100,100,"sd","13:33:55",3631900
31400,100,10000,"sd","13:33:55",3631800
31400,100,10000,"sd","13:33:55",3621800
31400,100,100,"sd","13:33:55",3611800
31400,100,300,"sd","13:33:55",3611700
31400,100,10000,"sd","13:33:55",3611400
31400,100,500,"sd","13:33:55",3601400
31400,100,3000,"sd","13:33:55",3600900
31400,100,100,"sd","13:33:55",3597900
31400,100,100,"sd","13:33:55",3597800
31400,100,76200,"sd","13:33:55",3597700
31400,100,100,"sd","13:33:55",3521500
31400,100,100,"sd","13:33:55",3521400
31400,100,200,"sd","13:33:55",3521300
31400,100,1000,"sd","13:33:55",3521100
31400,100,1000,"sd","13:33:55",3520100
31400,100,300,"sd","13:33:55",3519100
31400,100,300,"sd","13:33:55",3518800
31400,100,2000,"sd","13:33:55",3518500
31400,100,10000,"sd","13:33:55",3516500
31400,100,3000,"sd","13:33:55",3506500
31400,100,1300,"sd","13:33:55",3503500
31400,100,100,"sd","13:33:46",3502200
31450,150,400,"bu","13:33:42",3502100
31450,150,100,"bu","13:33:42",3501700
31400,100,500,"sd","13:33:40",3501600
31450,150,500,"bu","13:33:12",3501100
31450,150,300,"bu","13:32:59",3500600
31450,150,1000,"bu","13:32:31",3500300
31450,150,500,"bu","13:32:25",3499300
31450,150,900,"bu","13:32:23",3498800
31450,150,2000,"bu","13:32:01",3497900
31450,150,5000,"bu","13:31:47",3495900
31450,150,500,"bu","13:31:46",3490900
31400,100,100,"sd","13:31:41",3490400
31450,150,300,"bu","13:31:40",3490300
31450,150,500,"bu","13:31:22",3490000
31400,100,100,"sd","13:31:17",3489500
31450,150,24000,"bu","13:31:10",3489400
31450,150,4500,"bu","13:31:09",3465400
31450,150,500,"bu","13:31:09",3460900
31450,150,400,"bu","13:31:02",3460400
31450,150,100,"bu","13:31:02",3460000
31400,100,1000,"sd","13:30:45",3459900
31450,150,300,"bu","13:30:40",3458900
31400,100,1900,"sd","13:30:38",3458600
31400,100,100,"sd","13:30:38",3456700
31450,150,100,"bu","13:30:37",3456600
31450,150,100,"bu","13:30:37",3456500
31450,150,2000,"bu","13:30:37",3456400
31450,150,1000,"bu","13:30:37",3454400
31450,150,300,"bu","13:30:24",3453400
31450,150,100,"bu","13:30:15",3453100
31450,150,4900,"bu","13:30:15",3453000
31450,150,5000,"bu","13:30:02",3448100
31450,150,1000,"bu","13:29:57",3443100
31450,150,100,"bu","13:29:52",3442100
31450,150,5000,"sd","13:29:37",3442000
31450,150,1000,"sd","13:29:37",3437000
31450,150,1000,"sd","13:29:37",3436000
31500,200,1000,"bu","13:29:27",3435000
31500,200,100,"bu","13:29:24",3434000
31450,150,200,"sd","13:29:20",3433900
31450,150,900,"sd","13:29:14",3433700
31450,150,500,"sd","13:29:11",3432800
31450,150,100,"sd","13:29:07",3432300
31450,150,500,"sd","13:29:07",3432200
31450,150,500,"sd","13:29:07",3431700
31450,150,600,"sd","13:29:07",3431200
31450,150,900,"sd","13:29:07",3430600
31450,150,800,"bu","13:29:07",3429700
31450,150,3000,"bu","13:29:07",3428900
31450,150,300,"bu","13:29:07",3425900
31450,150,1000,"bu","13:29:07",3425600
31450,150,4700,"bu","13:29:07",3424600
31450,150,400,"bu","13:29:06",3419900
31450,150,300,"bu","13:29:05",3419500
31450,150,300,"bu","13:28:27",3419200
31450,150,700,"bu","13:28:19",3418900
31450,150,500,"sd","13:28:13",3418200
31450,150,100,"sd","13:28:13",3417700
31450,150,300,"sd","13:28:13",3417600
31450,150,2700,"sd","13:28:13",3417300
31450,150,100,"sd","13:28:10",3414600
31450,150,500,"sd","13:28:10",3414500
31450,150,2000,"sd","13:28:10",3414000
31450,150,1000,"sd","13:28:10",3412000
31450,150,800,"sd","13:28:10",3411000
31450,150,1000,"sd","13:28:10",3410200
31450,150,100,"sd","13:28:10",3409200
31450,150,3000,"sd","13:28:10",3409100
31450,150,100,"sd","13:28:10",3406100
31450,150,1000,"sd","13:28:10",3406000
31450,150,200,"sd","13:28:10",3405000
31450,150,200,"sd","13:28:10",3404800
31450,150,10000,"sd","13:28:10",3404600
31450,150,500,"sd","13:27:52",3394600
31450,150,200,"sd","13:27:51",3394100
31450,150,1000,"sd","13:27:46",3393900
31450,150,1000,"sd","13:27:43",3392900
31450,150,500,"sd","13:27:40",3391900
31500,200,200,"bu","13:27:39",3391400
31450,150,5000,"sd","13:27:37",3391200
31450,150,20000,"sd","13:27:32",3386200
31450,150,100,"sd","13:27:27",3366200
31450,150,300,"sd","13:27:22",3366100
31450,150,1000,"sd","13:27:22",3365800
31450,150,200,"sd","13:27:06",3364800
31450,150,900,"sd","13:27:01",3364600
31450,150,2000,"sd","13:26:55",3363700
31450,150,100,"sd","13:26:53",3361700
31450,150,1000,"sd","13:26:52",3361600
31450,150,1000,"sd","13:26:51",3360600
31450,150,100,"sd","13:26:46",3359600
