"price","change","match_qtty","side","time","total_vol"
50100,-1200,100,"sd","14:59:51",1478200
50100,-1200,5700,"bu","14:59:21",1478100
50000,-1300,1000,"sd","14:59:18",1472400
50000,-1300,500,"sd","14:59:07",1471400
50100,-1200,100,"bu","14:59:00",1470900
50100,-1200,200,"bu","14:58:53",1470800
50100,-1200,300,"bu","14:58:52",1470600
50000,-1300,400,"sd","14:58:51",1470300
50100,-1200,500,"bu","14:58:24",1469900
50100,-1200,2000,"bu","14:58:21",1469400
50100,-1200,100,"bu","14:58:05",1467400
50100,-1200,500,"bu","14:57:09",1467300
50100,-1200,500,"bu","14:57:02",1466800
50100,-1200,100,"bu","14:54:35",1466300
50100,-1200,100,"bu","14:53:29",1466200
50100,-1200,1000,"bu","14:52:24",1466100
50100,-1200,300,"bu","14:51:12",1465100
50100,-1200,100,"bu","14:50:11",1464800
50100,-1200,4500,"sd","14:49:38",1464700
50100,-1200,3400,"sd","14:49:21",1460200
50100,-1200,1200,"sd","14:49:07",1456800
50200,-1100,1000,"sd","14:47:39",1455600
50200,-1100,2400,"sd","14:47:14",1454600
50300,-1000,100,"bu","14:47:05",1452200
50200,-1100,6000,"sd","14:46:36",1452100
50300,-1000,3200,"bu","14:46:35",1446100
50200,-1100,500,"sd","14:46:13",1442900
50200,-1100,300,"sd","14:44:44",1442400
50200,-1100,2000,"sd","14:42:54",1442100
50200,-1100,100,"sd","14:42:53",1440100
50200,-1100,100,"sd","14:42:47",1440000
50200,-1100,200,"unknown","14:42:10",1439900
50200,-1100,1500,"bu","14:42:03",1439700
50200,-1100,300,"bu","14:41:56",1438200
50200,-1100,100,"bu","14:41:49",1437900
50100,-1200,1000,"sd","14:41:18",1437800
50100,-1200,700,"sd","14:40:54",1436800
50200,-1100,1000,"bu","14:36:38",1436100
50200,-1100,200,"sd","14:36:21",1435100
50200,-1100,4800,"bu","14:35:52",1434900
50200,-1100,5000,"bu","14:35:39",1430100
50200,-1100,400,"sd","14:35:17",1425100
50200,-1100,600,"bu","14:35:09",1424700
50200,-1100,3900,"bu","14:34:47",1424100
50300,-1000,1000,"bu","14:34:05",1420200
50300,-1000,200,"bu","14:33:44",1419200
50200,-1100,1100,"sd","14:33:28",1419000
50200,-1100,2000,"bu","14:32:43",1417900
50200,-1100,2000,"bu","14:31:33",1415900
50000,-1300,100,"sd","14:31:22",1413900
50100,-1200,200,"unknown","14:31:11",1413800
50100,-1200,100,"bu","14:30:54",1413600
50100,-1200,300,"sd","14:30:18",1413500
50100,-1200,1000,"sd","14:30:15",1413200
50000,-1300,300,"sd","14:29:33",1412200
50000,-1300,400,"sd","14:29:24",1411900
50100,-1200,200,"sd","14:29:22",1411500
50000,-1300,4000,"sd","14:29:18",1411300
50000,-1300,4000,"sd","14:29:12",1407300
50100,-1200,200,"bu","14:28:34",1403300
50100,-1200,100,"bu","14:28:31",1403100
50100,-1200,700,"sd","14:28:30",1403000
50100,-1200,2000,"sd","14:28:29",1402300
50100,-1200,800,"bu","14:28:04",1400300
50100,-1200,2500,"sd","14:27:56",1399500
50100,-1200,1000,"sd","14:27:28",1397000
50200,-1100,1000,"bu","14:26:57",1396000
50100,-1200,100,"sd","14:26:38",1395000
50100,-1200,600,"sd","14:26:10",1394900
50100,-1200,3200,"bu","14:25:46",1394300
50100,-1200,500,"bu","14:25:41",1391100
50100,-1200,200,"bu","14:25:30",1390600
50100,-1200,1100,"bu","14:25:29",1390400
50100,-1200,300,"bu","14:25:27",1389300
50100,-1200,100,"bu","14:25:16",1389000
50100,-1200,200,"bu","14:25:05",1388900
50100,-1200,500,"bu","14:24:14",1388700
50100,-1200,400,"bu","14:23:42",1388200
50100,-1200,5000,"bu","14:23:13",1387800
50000,-1300,100,"sd","14:23:10",1382800
50000,-1300,700,"sd","14:22:53",1382700
50100,-1200,5000,"bu","14:22:44",1382000
50000,-1300,5100,"sd","14:22:38",1377000
50000,-1300,2000,"sd","14:22:27",1371900
50000,-1300,500,"sd","14:22:15",1369900
50000,-1300,9500,"sd","14:21:47",1369400
50000,-1300,100,"bu","14:21:44",1359900
50000,-1300,1000,"bu","14:21:36",1359800
49900,-1400,2000,"sd","14:21:34",1358800
49900,-1400,1000,"sd","14:21:10",1356800
50000,-1300,500,"bu","14:21:05",1355800
50000,-1300,300,"bu","14:21:04",1355300
50000,-1300,100,"bu","14:20:52",1355000
50000,-1300,1000,"bu","14:20:41",1354900
50000,-1300,600,"bu","14:20:40",1353900
50000,-1300,200,"bu","14:20:32",1353300
50000,-1300,2000,"bu","14:20:30",1353100
49900,-1400,1000,"sd","14:20:29",1351100
50000,-1300,1000,"bu","14:20:26",1350100
50000,-1300,500,"bu","14:20:07",1349100
50000,-1300,1000,"bu","14:19:55",1348600
50000,-1300,1000,"bu","14:19:52",1347600
50000,-1300,500,"bu","14:19:47",1346600
50000,-1300,300,"bu","14:19:42",1346100
50000,-1300,400,"bu","14:18:43",1345800
50000,-1300,2700,"bu","14:18:26",1345400
50100,-1200,1000,"bu","14:18:17",1342700
50000,-1300,500,"sd","14:18:14",1341700
50000,-1300,5000,"sd","14:18:06",1341200
50000,-1300,2000,"sd","14:18:01",1336200
50000,-1300,3000,"sd","14:17:59",1334200
50100,-1200,300,"bu","14:17:28",1331200
50000,-1300,3000,"sd","14:17:23",1330900
50000,-1300,100,"sd","14:16:49",1327900
50000,-1300,800,"sd","14:16:45",1327800
50100,-1200,200,"bu","14:16:39",1327000
50100,-1200,100,"bu","14:15:48",1326800
50100,-1200,300,"bu","14:15:32",1326700
50000,-1300,100,"sd","14:15:31",1326400
50100,-1200,700,"bu","14:15:13",1326300
50100,-1200,2000,"bu","14:14:45",1325600
50100,-1200,10000,"bu","14:14:41",1323600
50000,-1300,500,"sd","14:14:39",1313600
50000,-1300,300,"sd","14:14:33",1313100
50000,-1300,2000,"sd","14:14:12",1312800
50000,-1300,500,"sd","14:14:04",1310800
50000,-1300,100,"sd","14:13:36",1310300
50000,-1300,500,"sd","14:13:29",1310200
50000,-1300,3400,"sd","14:13:18",1309700
50000,-1300,200,"bu","14:13:17",1306300
50000,-1300,1000,"bu","14:13:11",1306100
50000,-1300,200,"bu","14:13:10",1305100
50000,-1300,1000,"bu","14:13:07",1304900
50000,-1300,300,"bu","14:13:03",1303900
50000,-1300,100,"bu","14:12:59",1303600
50000,-1300,100,"bu","14:12:57",1303500
50000,-1300,500,"bu","14:12:52",1303400
50000,-1300,100,"bu","14:12:42",1302900
50000,-1300,100,"bu","14:12:40",1302800
50000,-1300,200,"bu","14:12:32",1302700
50000,-1300,100,"bu","14:12:28",1302500
50000,-1300,400,"bu","14:12:18",1302400
49900,-1400,300,"sd","14:12:16",1302000
50000,-1300,1400,"bu","14:12:07",1301700
49900,-1400,3900,"sd","14:12:05",1300300
50000,-1300,2000,"bu","14:12:04",1296400
49900,-1400,100,"sd","14:12:01",1294400
49900,-1400,100,"sd","14:12:00",1294300
49900,-1400,300,"sd","14:11:58",1294200
50000,-1300,1000,"bu","14:11:48",1293900
50000,-1300,500,"bu","14:11:44",1292900
50000,-1300,2000,"bu","14:11:29",1292400
50000,-1300,1000,"bu","14:11:18",1290400
50000,-1300,100,"bu","14:11:17",1289400
50000,-1300,500,"bu","14:11:16",1289300
50000,-1300,400,"bu","14:11:14",1288800
50000,-1300,12700,"bu","14:11:08",1288400
50100,-1200,100,"bu","14:09:58",1275700
50100,-1200,5800,"bu","14:09:35",1275600
50100,-1200,400,"sd","14:09:28",1269800
50200,-1100,3300,"sd","14:08:56",1269400
50200,-1100,100,"sd","14:08:46",1266100
50200,-1100,100,"sd","14:08:22",1266000
50200,-1100,300,"sd","14:08:07",1265900
50100,-1200,100,"sd","14:08:02",1265600
50200,-1100,3000,"bu","14:07:58",1265500
50200,-1100,300,"bu","14:07:51",1262500
50200,-1100,100,"bu","14:07:44",1262200
50200,-1100,100,"bu","14:07:29",1262100
50200,-1100,100,"bu","14:07:27",1262000
50100,-1200,1000,"sd","14:07:19",1261900
50100,-1200,500,"sd","14:07:13",1260900
50200,-1100,100,"bu","14:07:03",1260400
50200,-1100,4000,"bu","14:06:24",1260300
50200,-1100,100,"bu","14:06:13",1256300
50200,-1100,22000,"bu","14:06:09",1256200
50300,-1000,2000,"bu","14:06:08",1234200
50300,-1000,500,"bu","14:06:06",1232200
50300,-1000,1000,"bu","14:05:55",1231700
50300,-1000,100,"bu","14:05:53",1230700
50300,-1000,4200,"sd","14:05:40",1230600
50300,-1000,100,"sd","14:05:39",1226400
50300,-1000,100,"sd","14:05:35",1226300
50300,-1000,500,"sd","14:05:22",1226200
50300,-1000,200,"sd","14:05:01",1225700
50300,-1000,200,"bu","14:04:56",1225500
50300,-1000,100,"bu","14:04:55",1225300
50300,-1000,2000,"bu","14:04:54",1225200
50300,-1000,200,"bu","14:04:41",1223200
50300,-1000,1000,"bu","14:04:40",1223000
50300,-1000,100,"bu","14:04:13",1222000
50300,-1000,500,"bu","14:04:11",1221900
50300,-1000,1000,"bu","14:03:54",1221400
50300,-1000,100,"bu","14:03:52",1220400
50300,-1000,100,"bu","14:03:51",1220300
50300,-1000,500,"bu","14:03:46",1220200
50300,-1000,600,"bu","14:03:37",1219700
50300,-1000,100,"bu","14:03:34",1219100
50300,-1000,100,"bu","14:03:22",1219000
50300,-1000,500,"bu","14:03:17",1218900
50300,-1000,2000,"bu","14:03:03",1218400
50300,-1000,200,"bu","14:02:51",1216400
50300,-1000,200,"bu","14:02:50",1216200
50200,-1100,1000,"sd","14:02:47",1216000
50200,-1100,100,"sd","14:02:23",1215000
50200,-1100,100,"sd","14:00:46",1214900
50200,-1100,400,"sd","14:00:35",1214800
50200,-1100,6000,"unknown","13:59:45",1214400
50000,-1300,100,"sd","13:59:11",1208400
50000,-1300,100,"sd","13:59:10",1208300
50000,-1300,15600,"sd","13:58:48",1208200
50000,-1300,100,"bu","13:58:47",1192600
50000,-1300,1000,"bu","13:58:37",1192500
50000,-1300,10000,"bu","13:58:30",1191500
49900,-1400,1000,"sd","13:58:23",1181500
49900,-1400,10000,"sd","13:58:11",1180500
50000,-1300,2000,"bu","13:58:09",1170500
50000,-1300,20000,"bu","13:58:06",1168500
49900,-1400,300,"sd","13:57:38",1148500
49900,-1400,200,"sd","13:57:36",1148200
49900,-1400,300,"bu","13:57:35",1148000
49900,-1400,100,"sd","13:57:34",1147700
49900,-1400,300,"sd","13:57:33",1147600
49900,-1400,100,"sd","13:57:31",1147300
49900,-1400,8400,"sd","13:57:29",1147200
49900,-1400,700,"sd","13:57:28",1138800
49900,-1400,1000,"sd","13:57:01",1138100
49900,-1400,500,"sd","13:56:47",1137100
49900,-1400,2600,"bu","13:56:42",1136600
49900,-1400,100,"bu","13:56:41",1134000
49800,-1500,500,"sd","13:56:38",1133900
49900,-1400,2600,"bu","13:56:36",1133400
49900,-1400,400,"bu","13:56:35",1130800
49900,-1400,100,"bu","13:56:28",1130400
49900,-1400,4400,"bu","13:56:21",1130300
50000,-1300,100,"bu","13:56:14",1125900
49900,-1400,2000,"sd","13:56:08",1125800
49900,-1400,1000,"sd","13:56:05",1123800
50000,-1300,1000,"bu","13:56:01",1122800
49900,-1400,20400,"sd","13:55:57",1121800
50000,-1300,500,"bu","13:55:52",1101400
50000,-1300,100,"bu","13:55:47",1100900
50000,-1300,9800,"bu","13:55:45",1100800
50000,-1300,12900,"sd","13:55:39",1091000
50000,-1300,10000,"sd","13:55:32",1078100
50200,-1100,200,"bu","13:55:22",1068100
50000,-1300,100000,"sd","13:55:21",1067900
50200,-1100,1300,"sd","13:55:05",967900
50200,-1100,900,"sd","13:55:03",966600
50200,-1100,500,"sd","13:54:47",965700
50200,-1100,1000,"sd","13:54:44",965200
50200,-1100,600,"sd","13:54:25",964200
50200,-1100,1100,"sd","13:54:21",963600
50200,-1100,100,"sd","13:53:33",962500
50200,-1100,4000,"sd","13:53:30",962400
50200,-1100,3300,"sd","13:53:09",958400
50200,-1100,2000,"bu","13:53:07",955100
50200,-1100,2000,"bu","13:52:29",953100
50200,-1100,200,"bu","13:52:23",951100
50200,-1100,500,"bu","13:52:04",950900
50200,-1100,2000,"bu","13:51:54",950400
50200,-1100,200,"bu","13:51:07",948400
50200,-1100,300,"bu","13:50:39",948200
50200,-1100,200,"bu","13:50:38",947900
50200,-1100,11300,"bu","13:50:29",947700
50300,-1000,100,"bu","13:50:12",936400
50300,-1000,200,"bu","13:48:35",936300
50300,-1000,1100,"bu","13:48:20",936100
50200,-1100,100,"sd","13:47:57",935000
50200,-1100,3600,"sd","13:47:13",934900
50200,-1100,1000,"sd","13:46:39",931300
50200,-1100,100,"sd","13:46:20",930300
50200,-1100,200,"sd","13:45:46",930200
50200,-1100,6500,"sd","13:45:43",930000
50200,-1100,200,"sd","13:45:23",923500
50200,-1100,100,"sd","13:44:44",923300
50200,-1100,500,"sd","13:43:35",923200
50200,-1100,3700,"sd","13:43:24",922700
50200,-1100,200,"bu","13:43:22",919000
50200,-1100,1000,"bu","13:43:14",918800
50200,-1100,200,"bu","13:43:12",917800
50200,-1100,200,"bu","13:43:11",917600
50200,-1100,1000,"bu","13:43:06",917400
50200,-1100,1000,"bu","13:43:05",916400
50200,-1100,2000,"bu","13:43:02",915400
50200,-1100,1000,"bu","13:42:41",913400
50200,-1100,1000,"bu","13:42:35",912400
50200,-1100,8800,"sd","13:42:28",911400
50400,-900,300,"bu","13:42:25",902600
50200,-1100,11000,"sd","13:42:23",902300
50300,-1000,1000,"sd","13:41:38",891300
50300,-1000,100,"sd","13:41:32",890300
50300,-1000,1500,"sd","13:41:23",890200
50300,-1000,1000,"bu","13:40:35",888700
50300,-1000,2300,"unknown","13:40:27",887700
50200,-1100,200,"bu","13:40:19",885400
50200,-1100,100,"bu","13:40:18",885200
50200,-1100,100,"bu","13:40:14",885100
50200,-1100,100,"sd","13:39:56",885000
50000,-1300,100000,"sd","13:39:18",884900
50300,-1000,1000,"bu","13:39:01",784900
50300,-1000,100,"bu","13:38:49",783900
50300,-1000,100,"bu","13:38:48",783800
50300,-1000,6800,"sd","13:38:36",783700
50400,-900,500,"bu","13:38:10",776900
50400,-900,1000,"bu","13:37:47",776400
50300,-1000,100,"sd","13:37:34",775400
50400,-900,700,"bu","13:37:02",775300
50400,-900,300,"bu","13:36:57",774600
50400,-900,100,"bu","13:36:52",774300
50400,-900,100,"bu","13:36:33",774200
50300,-1000,4000,"sd","13:36:24",774100
50400,-900,800,"bu","13:36:16",770100
50300,-1000,100,"sd","13:35:38",769300
50300,-1000,500,"sd","13:35:31",769200
50300,-1000,1500,"sd","13:35:24",768700
50300,-1000,500,"sd","13:35:14",767200
50400,-900,3000,"bu","13:34:59",766700
50400,-900,500,"bu","13:33:26",763700
50300,-1000,200,"sd","13:32:47",763200
50300,-1000,100,"bu","13:32:02",763000
50300,-1000,100,"bu","13:31:57",762900
50300,-1000,200,"bu","13:31:22",762800
50200,-1100,800,"sd","13:31:10",762600
50300,-1000,100,"bu","13:31:05",761800
50300,-1000,500,"bu","13:31:02",761700
50300,-1000,100,"bu","13:30:56",761200
50200,-1100,100,"sd","13:30:18",761100
50200,-1100,200,"bu","13:29:42",761000
50200,-1100,1000,"bu","13:29:39",760800
50200,-1100,5000,"bu","13:29:33",759800
50200,-1100,1000,"bu","13:29:29",754800
50100,-1200,8700,"sd","13:29:26",753800
50200,-1100,200,"bu","13:29:14",745100
50200,-1100,100,"bu","13:29:13",744900
50200,-1100,500,"bu","13:29:07",744800
50200,-1100,1000,"bu","13:29:06",744300
50200,-1100,500,"bu","13:29:05",743300
50200,-1100,500,"bu","13:28:59",742800
50200,-1100,100,"bu","13:28:57",742300
50200,-1100,1000,"bu","13:28:55",742200
50200,-1100,2000,"bu","13:28:54",741200
50200,-1100,500,"bu","13:28:44",739200
50200,-1100,54000,"sd","13:28:42",738700
50400,-900,1000,"sd","13:28:39",684700
50400,-900,2800,"bu","13:27:48",683700
50400,-900,2600,"bu","13:27:47",680900
50400,-900,100,"bu","13:27:46",678300
50400,-900,500,"bu","13:27:40",678200
50400,-900,2000,"bu","13:27:35",677700
50400,-900,100,"bu","13:27:33",675700
50400,-900,200,"bu","13:27:31",675600
50400,-900,1000,"bu","13:27:27",675400
50400,-900,200,"bu","13:27:06",674400
50400,-900,1000,"bu","13:26:36",674200
50400,-900,100,"bu","13:26:05",673200
50400,-900,500,"bu","13:26:03",673100
50400,-900,100,"bu","13:26:01",672600
50400,-900,100,"bu","13:25:54",672500
50400,-900,100,"bu","13:25:47",672400
50400,-900,4900,"bu","13:25:32",672300
50400,-900,100,"sd","13:25:30",667400
50400,-900,10900,"sd","13:25:17",667300
50400,-900,500,"sd","13:25:02",656400
50400,-900,500,"sd","13:24:12",655900
50400,-900,100,"sd","13:23:53",655400
50400,-900,2000,"sd","13:23:42",655300
50500,-800,100,"bu","13:23:31",653300
50400,-900,3000,"sd","13:23:29",653200
50500,-800,200,"bu","13:23:13",650200
50500,-800,3000,"bu","13:23:04",650000
50500,-800,100,"bu","13:22:48",647000
50500,-800,300,"bu","13:22:47",646900
50500,-800,5900,"bu","13:22:37",646600
50400,-900,100,"sd","13:22:18",640700
50400,-900,100,"sd","13:21:43",640600
50500,-800,5000,"bu","13:21:03",640500
50500,-800,200,"bu","13:20:51",635500
50500,-800,500,"bu","13:20:49",635300
50500,-800,500,"bu","13:20:43",634800
50500,-800,100,"bu","13:20:40",634300
50500,-800,1100,"sd","13:20:38",634200
50500,-800,1700,"sd","13:20:25",633100
50500,-800,5000,"bu","13:19:55",631400
50400,-900,2300,"sd","13:19:50",626400
50500,-800,100,"bu","13:19:45",624100
50500,-800,600,"bu","13:19:42",624000
50500,-800,500,"bu","13:19:39",623400
50500,-800,400,"bu","13:19:38",622900
50500,-800,100,"bu","13:19:35",622500
50500,-800,3000,"bu","13:19:33",622400
50500,-800,5000,"bu","13:19:19",619400
50500,-800,1000,"bu","13:19:17",614400
50500,-800,100,"bu","13:19:13",613400
50500,-800,200,"bu","13:18:45",613300
50500,-800,1000,"bu","13:18:43",613100
50500,-800,100,"bu","13:18:37",612100
50400,-900,4600,"sd","13:18:30",612000
50500,-800,100,"bu","13:18:29",607400
50400,-900,1100,"sd","13:18:12",607300
50400,-900,500,"sd","13:18:00",606200
50500,-800,2000,"bu","13:17:55",605700
50500,-800,100,"bu","13:17:51",603700
50500,-800,100,"bu","13:17:28",603600
50500,-800,100,"bu","13:17:12",603500
50500,-800,100,"bu","13:16:40",603400
50500,-800,400,"bu","13:16:39",603300
50500,-800,600,"bu","13:16:19",602900
50400,-900,1500,"sd","13:16:15",602300
50500,-800,100,"bu","13:16:14",600800
50500,-800,2000,"bu","13:16:02",600700
50500,-800,100,"bu","13:15:53",598700
50500,-800,100,"bu","13:15:45",598600
50500,-800,100,"bu","13:15:42",598500
50500,-800,7500,"bu","13:15:34",598400
50600,-700,100,"bu","13:15:32",590900
50600,-700,100,"bu","13:15:23",590800
50500,-800,2000,"sd","13:15:07",590700
50600,-700,5000,"bu","13:14:54",588700
50500,-800,1000,"unknown","13:14:37",583700
50500,-800,100,"sd","13:14:21",582700
50500,-800,100,"sd","13:14:16",582600
50500,-800,400,"bu","13:14:04",582500
50400,-900,400,"sd","13:14:03",582100
50500,-800,10000,"bu","13:14:01",581700
50500,-800,100,"bu","13:13:07",571700
50500,-800,100,"bu","13:12:33",571600
50500,-800,5000,"bu","13:12:31",571500
50400,-900,1000,"sd","13:12:30",566500
50500,-800,100,"bu","13:12:22",565500
50500,-800,1000,"bu","13:11:57",565400
50500,-800,1200,"bu","13:11:45",564400
50500,-800,1300,"bu","13:10:53",563200
50400,-900,500,"sd","13:10:34",561900
50500,-800,100,"bu","13:10:32",561400
50500,-800,1000,"bu","13:09:33",561300
50500,-800,2800,"bu","13:09:21",560300
50500,-800,3000,"bu","13:09:02",557500
50500,-800,3000,"bu","13:08:23",554500
50400,-900,800,"unknown","13:08:10",551500
50400,-900,200,"bu","13:08:03",550700
50400,-900,100,"bu","13:07:34",550500
50300,-1000,1000,"sd","13:07:20",550400
50400,-900,3500,"bu","13:07:14",549400
50400,-900,1500,"sd","13:07:02",545900
50400,-900,1500,"bu","13:06:56",544400
50400,-900,800,"bu","13:06:52",542900
50400,-900,600,"sd","13:06:50",542100
50400,-900,100,"bu","13:06:44",541500
50400,-900,100,"bu","13:06:41",541400
50400,-900,100,"bu","13:06:39",541300
50400,-900,2000,"bu","13:06:38",541200
50400,-900,300,"bu","13:06:28",539200
50400,-900,100,"bu","13:06:25",538900
50400,-900,1700,"sd","13:06:23",538800
50400,-900,100,"sd","13:06:15",537100
50400,-900,2000,"sd","13:06:01",537000
50400,-900,100,"sd","13:05:46",535000
50400,-900,500,"bu","13:05:42",534900
50400,-900,3300,"unknown","13:05:38",534400
50400,-900,1700,"bu","13:05:28",531100
50400,-900,800,"bu","13:05:17",529400
50400,-900,200,"bu","13:05:07",528600
50400,-900,4000,"bu","13:05:02",528400
50500,-800,300,"bu","13:04:45",524400
50500,-800,1000,"bu","13:04:29",524100
50400,-900,8800,"unknown","13:04:16",523100
50400,-900,500,"bu","13:04:04",514300
50300,-1000,100,"sd","13:03:12",513800
50300,-1000,100,"sd","13:03:02",513700
50300,-1000,400,"bu","13:02:49",513600
50300,-1000,1000,"bu","13:02:43",513200
50200,-1100,10000,"sd","13:02:32",512200
50400,-900,500,"bu","13:02:29",502200
50400,-900,100,"bu","13:02:23",501700
50400,-900,100,"bu","13:02:07",501600
50400,-900,100,"bu","13:01:59",501500
50400,-900,200,"bu","13:01:45",501400
50300,-1000,16000,"sd","13:01:43",501200
50400,-900,900,"sd","13:01:40",485200
50400,-900,100,"sd","13:01:35",484300
50400,-900,100,"sd","13:01:27",484200
50400,-900,2000,"sd","13:01:15",484100
50500,-800,1600,"sd","13:01:09",482100
50400,-900,100,"sd","13:00:54",480500
50400,-900,1000,"sd","13:00:49",480400
50400,-900,100,"sd","13:00:45",479400
50400,-900,300,"sd","13:00:34",479300
50400,-900,2000,"sd","13:00:25",479000
50500,-800,500,"bu","13:00:24",477000
50500,-800,500,"bu","13:00:13",476500
50500,-800,200,"bu","13:00:11",476000
50500,-800,100,"bu","13:00:10",475800
50500,-800,600,"bu","13:00:09",475700
50500,-800,1600,"bu","13:00:05",475100
50500,-800,11000,"bu","13:00:03",473500
50600,-700,23100,"bu","13:00:02",462500
50600,-700,200,"bu","13:00:01",439400
50600,-700,100,"bu","11:29:48",439200
50600,-700,200,"bu","11:29:43",439100
50600,-700,100,"bu","11:29:33",438900
50600,-700,8200,"bu","11:29:27",438800
50700,-600,100,"bu","11:28:58",430600
50700,-600,200,"bu","11:28:51",430500
50700,-600,500,"bu","11:28:14",430300
50700,-600,100,"bu","11:27:55",429800
50700,-600,600,"unknown","11:23:47",429700
50700,-600,500,"bu","11:23:36",429100
50700,-600,1000,"bu","11:23:19",428600
50700,-600,400,"bu","11:22:12",427600
50700,-600,1900,"bu","11:21:33",427200
50700,-600,700,"bu","11:20:56",425300
50700,-600,500,"bu","11:20:39",424600
50700,-600,100,"bu","11:19:42",424100
50600,-700,4100,"sd","11:19:25",424000
50600,-700,100,"bu","11:19:17",419900
50600,-700,100,"bu","11:19:10",419800
50600,-700,500,"bu","11:19:09",419700
50600,-700,5000,"bu","11:18:47",419200
50600,-700,20200,"bu","11:18:45",414200
50600,-700,1000,"sd","11:18:41",394000
50600,-700,100,"sd","11:18:35",393000
50600,-700,200,"sd","11:18:23",392900
50700,-600,25100,"bu","11:18:05",392700
50800,-500,100,"bu","11:18:02",367600
50800,-500,800,"bu","11:17:44",367500
50800,-500,200,"bu","11:15:49",366700
50700,-600,100,"sd","11:15:24",366500
50700,-600,100,"sd","11:13:48",366400
50700,-600,10000,"sd","11:12:57",366300
50800,-500,200,"bu","11:12:07",356300
50800,-500,100,"bu","11:11:39",356100
50800,-500,500,"bu","11:11:30",356000
50800,-500,300,"bu","11:11:15",355500
50800,-500,300,"bu","11:11:12",355200
50800,-500,200,"bu","11:10:51",354900
50800,-500,1000,"bu","11:10:45",354700
50800,-500,400,"bu","11:10:20",353700
50800,-500,1000,"bu","11:10:14",353300
50800,-500,1000,"bu","11:10:02",352300
50800,-500,100,"bu","11:09:53",351300
50800,-500,500,"bu","11:09:38",351200
50800,-500,10000,"bu","11:09:26",350700
50700,-600,100,"sd","11:09:24",340700
50800,-500,400,"bu","11:09:22",340600
50800,-500,1000,"bu","11:09:19",340200
50700,-600,100,"sd","11:08:59",339200
50700,-600,1400,"sd","11:07:42",339100
50800,-500,14300,"sd","11:07:18",337700
50900,-400,500,"bu","11:04:17",323400
50800,-500,100,"sd","11:04:10",322900
50800,-500,100,"sd","11:03:40",322800
50900,-400,400,"sd","11:02:27",322700
50900,-400,100,"sd","11:02:05",322300
50900,-400,300,"sd","11:02:02",322200
50900,-400,100,"sd","11:01:47",321900
50900,-400,100,"bu","11:00:38",321800
50900,-400,5000,"bu","11:00:15",321700
50900,-400,200,"bu","10:59:59",316700
50900,-400,100,"bu","10:59:50",316500
50900,-400,1000,"bu","10:59:17",316400
50900,-400,300,"bu","10:58:51",315400
50900,-400,500,"bu","10:58:15",315100
50900,-400,500,"bu","10:58:11",314600
50900,-400,5000,"bu","10:56:14",314100
50800,-500,100,"sd","10:56:08",309100
50800,-500,900,"sd","10:55:27",309000
50800,-500,300,"sd","10:54:53",308100
50900,-400,2000,"bu","10:54:49",307800
50800,-500,100,"sd","10:54:32",305800
50800,-500,2800,"sd","10:53:53",305700
50800,-500,1000,"sd","10:53:42",302900
50900,-400,200,"sd","10:52:22",301900
50900,-400,100,"bu","10:51:46",301700
50800,-500,100,"sd","10:51:21",301600
50800,-500,200,"sd","10:51:14",301500
50900,-400,2000,"bu","10:51:07",301300
50800,-500,100,"sd","10:50:22",299300
50900,-400,100,"bu","10:50:02",299200
50900,-400,100,"unknown","10:48:08",299100
50900,-400,2000,"sd","10:47:32",299000
50900,-400,15700,"sd","10:47:19",297000
50900,-400,200,"sd","10:47:08",281300
50900,-400,1000,"sd","10:46:55",281100
50900,-400,100,"sd","10:46:32",280100
50900,-400,200,"sd","10:45:05",280000
50900,-400,100,"sd","10:44:56",279800
50900,-400,1800,"bu","10:44:38",279700
50900,-400,1900,"bu","10:44:35",277900
50800,-500,1000,"sd","10:44:17",276000
50800,-500,1000,"sd","10:43:56",275000
50900,-400,100,"bu","10:43:23",274000
50900,-400,500,"bu","10:43:22",273900
50900,-400,100,"bu","10:42:59",273400
50900,-400,400,"bu","10:42:41",273300
50900,-400,1000,"bu","10:39:51",272900
50900,-400,100,"unknown","10:39:02",271900
50900,-400,900,"bu","10:38:13",271800
50900,-400,100,"sd","10:36:55",270900
50900,-400,100,"sd","10:36:12",270800
50900,-400,500,"sd","10:35:21",270700
51000,-300,100,"bu","10:33:52",270200
50900,-400,600,"sd","10:33:41",270100
50800,-500,100,"unknown","10:33:30",269500
50800,-500,100,"bu","10:33:22",269400
50800,-500,200,"bu","10:32:45",269300
50800,-500,200,"bu","10:32:22",269100
50800,-500,100,"bu","10:32:07",268900
50800,-500,100,"bu","10:31:23",268800
50800,-500,19800,"sd","10:31:18",268700
50900,-400,1800,"sd","10:30:49",248900
50900,-400,5000,"sd","10:30:40",247100
50900,-400,100,"sd","10:30:29",242100
50900,-400,300,"sd","10:30:20",242000
50900,-400,3000,"sd","10:29:49",241700
50900,-400,700,"sd","10:29:15",238700
50900,-400,5000,"sd","10:29:01",238000
50900,-400,100,"sd","10:28:54",233000
50900,-400,3000,"sd","10:28:21",232900
50900,-400,2000,"sd","10:28:11",229900
50900,-400,100,"sd","10:27:42",227900
50900,-400,100,"sd","10:27:17",227800
50900,-400,100,"sd","10:25:41",227700
50900,-400,3000,"sd","10:25:35",227600
51000,-300,500,"bu","10:24:41",224600
50900,-400,300,"sd","10:24:26",224100
50900,-400,100,"sd","10:24:05",223800
50900,-400,5000,"sd","10:23:22",223700
50900,-400,100,"sd","10:23:04",218700
50900,-400,1100,"sd","10:22:35",218600
50900,-400,100,"sd","10:22:29",217500
50900,-400,100,"sd","10:21:41",217400
51000,-300,300,"bu","10:20:31",217300
51000,-300,1000,"bu","10:19:04",217000
51000,-300,100,"bu","10:18:42",216000
51000,-300,500,"bu","10:18:38",215900
51000,-300,1000,"bu","10:18:33",215400
51000,-300,200,"bu","10:18:31",214400
51000,-300,200,"bu","10:17:52",214200
51000,-300,100,"bu","10:16:33",214000
51000,-300,200,"bu","10:15:44",213900
51000,-300,600,"bu","10:15:19",213700
51000,-300,200,"bu","10:14:54",213100
51000,-300,100,"bu","10:13:20",212900
51000,-300,1000,"bu","10:13:11",212800
51000,-300,3000,"bu","10:09:54",211800
51000,-300,1000,"bu","10:09:45",208800
51000,-300,1300,"bu","10:08:09",207800
51000,-300,300,"bu","10:07:24",206500
51000,-300,300,"bu","10:06:17",206200
51000,-300,600,"bu","10:05:03",205900
51000,-300,500,"bu","10:03:55",205300
51000,-300,2400,"bu","10:03:34",204800
51000,-300,200,"sd","10:02:04",202400
51000,-300,500,"sd","10:00:23",202200
51000,-300,5000,"sd","09:59:53",201700
51000,-300,300,"sd","09:58:02",196700
51000,-300,4600,"sd","09:56:48",196400
50900,-400,100,"sd","09:55:31",191800
51000,-300,1000,"bu","09:55:27",191700
51000,-300,100,"bu","09:55:02",190700
51000,-300,100,"bu","09:53:10",190600
51000,-300,500,"bu","09:52:55",190500
50900,-400,100,"sd","09:52:48",190000
51000,-300,500,"bu","09:52:17",189900
51000,-300,100,"bu","09:51:55",189400
51000,-300,200,"bu","09:50:50",189300
51000,-300,1000,"bu","09:50:37",189100
51000,-300,1000,"bu","09:50:23",188100
51000,-300,100,"bu","09:49:38",187100
51000,-300,300,"bu","09:48:45",187000
51000,-300,500,"bu","09:48:20",186700
51000,-300,200,"bu","09:47:39",186200
50900,-400,1000,"sd","09:47:38",186000
51000,-300,1000,"bu","09:46:43",185000
50900,-400,5900,"sd","09:46:25",184000
50900,-400,700,"sd","09:46:17",178100
50900,-400,1000,"sd","09:43:34",177400
50900,-400,500,"sd","09:41:14",176400
50900,-400,600,"bu","09:40:42",175900
50900,-400,200,"bu","09:40:26",175300
50900,-400,200,"bu","09:40:24",175100
50900,-400,400,"bu","09:39:45",174900
50900,-400,2600,"sd","09:39:21",174500
51000,-300,1600,"bu","09:37:44",171900
51000,-300,500,"bu","09:37:21",170300
50900,-400,100,"bu","09:36:11",169800
50900,-400,900,"bu","09:35:40",169700
50900,-400,500,"sd","09:35:27",168800
50900,-400,5000,"sd","09:34:36",168300
50900,-400,700,"sd","09:33:42",163300
50900,-400,500,"sd","09:33:13",162600
51000,-300,500,"bu","09:32:59",162100
51000,-300,100,"bu","09:32:37",161600
51000,-300,1000,"bu","09:32:34",161500
51000,-300,1000,"bu","09:32:33",160500
51000,-300,300,"bu","09:32:03",159500
50900,-400,1000,"sd","09:31:34",159200
51000,-300,100,"bu","09:30:32",158200
51000,-300,2300,"bu","09:30:27",158100
51000,-300,33300,"bu","09:30:23",155800
51000,-300,30000,"sd","09:30:16",122500
51200,-100,100,"bu","09:29:29",92500
51100,-200,100,"sd","09:29:21",92400
51200,-100,300,"bu","09:27:21",92300
51200,-100,1000,"bu","09:27:07",92000
51100,-200,700,"sd","09:26:19",91000
51100,-200,1000,"sd","09:26:07",90300
51100,-200,500,"sd","09:25:19",89300
51200,-100,200,"bu","09:24:54",88800
51200,-100,200,"bu","09:24:17",88600
51200,-100,400,"bu","09:23:57",88400
51200,-100,6900,"sd","09:23:53",88000
51200,-100,1000,"sd","09:22:52",81100
51300,0,500,"bu","09:22:06",80100
51300,0,100,"bu","09:21:42",79600
51300,0,2000,"bu","09:21:41",79500
51200,-100,10000,"sd","09:21:29",77500
51300,0,300,"bu","09:21:22",67500
51300,0,4400,"bu","09:21:19",67200
51300,0,200,"sd","09:20:56",62800
51300,0,100,"sd","09:20:55",62600
51300,0,18700,"sd","09:20:15",62500
51200,-100,10000,"sd","09:20:11",43800
51200,-100,100,"sd","09:19:55",33800
51200,-100,2000,"sd","09:19:21",33700
51300,0,200,"bu","09:19:16",31700
51300,0,100,"bu","09:19:05",31500
51200,-100,100,"sd","09:17:23",31400
51300,0,500,"bu","09:17:17",31300
51200,-100,500,"sd","09:17:11",30800
51200,-100,4000,"sd","09:16:30",30300
51200,-100,1000,"sd","09:15:58",26300
51200,-100,500,"sd","09:14:41",25300
51300,0,1000,"bu","09:14:27",24800
51300,0,500,"bu","09:13:36",23800
51200,-100,500,"unknown","09:12:11",23300
51200,-100,500,"sd","09:11:35",22800
51200,-100,500,"bu","09:11:23",22300
51200,-100,2000,"bu","09:11:11",21800
51200,-100,1000,"bu","09:06:22",19800
51200,-100,5000,"bu","09:05:52",18800
51200,-100,2000,"bu","09:05:50",13800
51200,-100,2000,"bu","09:05:06",11800
51000,-300,1000,"sd","09:04:48",9800
51000,-300,6800,"sd","09:04:22",8800
51000,-300,300,"bu","09:03:17",2000
51000,-300,100,"bu","09:01:17",1700
51000,-300,500,"bu","09:00:40",1600
51000,-300,100,"bu","09:00:29",1100
51000,-300,1000,"bu","09:00:15",1000
