"price","change","match_qtty","side","time","total_vol"
9300,300,516900,"unknown","14:45:07",17862600
9330,330,200,"sd","14:29:51",17345700
9330,330,4000,"sd","14:29:48",17345500
9330,330,7600,"sd","14:29:46",17341500
9330,330,2000,"sd","14:29:29",17333900
9340,340,1300,"unknown","14:29:28",17331900
9340,340,2900,"sd","14:29:26",17330600
9340,340,400,"unknown","14:29:23",17327700
9340,340,400,"unknown","14:29:21",17327300
9340,340,100,"unknown","14:29:18",17326900
9340,340,100,"unknown","14:29:16",17326800
9330,330,100,"sd","14:29:14",17326700
9330,330,600,"sd","14:29:03",17326600
9340,340,200,"unknown","14:29:03",17326000
9340,340,2200,"sd","14:29:02",17325800
9340,340,300,"sd","14:29:01",17323600
9340,340,3000,"bu","14:28:54",17323300
9340,340,3000,"bu","14:28:53",17320300
9340,340,1000,"bu","14:28:53",17317300
9340,340,400,"bu","14:28:53",17316300
9340,340,200,"bu","14:28:53",17315900
9340,340,5500,"bu","14:28:53",17315700
9340,340,8400,"bu","14:28:53",17310200
9340,340,6000,"bu","14:28:53",17301800
9330,330,300,"sd","14:28:53",17295800
9340,340,500,"bu","14:28:49",17295500
9340,340,100,"bu","14:28:43",17295000
9330,330,5000,"sd","14:28:42",17294900
9340,340,200,"bu","14:28:31",17289900
9340,340,1400,"bu","14:28:26",17289700
9340,340,3700,"unknown","14:28:26",17288300
9340,340,1300,"sd","14:28:24",17284600
9340,340,500,"sd","14:28:24",17283300
9340,340,500,"sd","14:28:24",17282800
9340,340,1500,"sd","14:28:24",17282300
9340,340,200,"sd","14:28:24",17280800
9340,340,200,"sd","14:28:23",17280600
9340,340,200,"sd","14:28:23",17280400
9340,340,3000,"sd","14:28:15",17280200
9340,340,1000,"sd","14:28:12",17277200
9340,340,100,"sd","14:28:12",17276200
9340,340,10000,"sd","14:28:12",17276100
9340,340,1000,"sd","14:28:11",17266100
9340,340,1300,"sd","14:28:11",17265100
9340,340,200,"sd","14:28:11",17263800
9340,340,3000,"sd","14:28:11",17263600
9340,340,5000,"sd","14:28:11",17260600
9340,340,100,"sd","14:28:10",17255600
9340,340,1200,"sd","14:28:10",17255500
9350,350,1000,"bu","14:28:10",17254300
9340,340,6800,"sd","14:28:09",17253300
9340,340,200,"sd","14:28:08",17246500
9340,340,2000,"sd","14:28:08",17246300
9340,340,4000,"sd","14:28:08",17244300
9340,340,3000,"sd","14:28:07",17240300
9340,340,1000,"sd","14:28:07",17237300
9340,340,100,"sd","14:28:07",17236300
9340,340,1000,"sd","14:28:00",17236200
9340,340,2800,"sd","14:27:58",17235200
9340,340,900,"sd","14:27:58",17232400
9340,340,1000,"sd","14:27:58",17231500
9340,340,300,"sd","14:27:58",17230500
9340,340,500,"sd","14:27:49",17230200
9340,340,100,"sd","14:27:49",17229700
9340,340,1000,"sd","14:27:34",17229600
9340,340,100,"sd","14:27:29",17228600
9350,350,100,"bu","14:27:28",17228500
9340,340,1400,"sd","14:27:27",17228400
9340,340,100,"sd","14:27:23",17227000
9340,340,100,"sd","14:27:23",17226900
9340,340,900,"sd","14:27:09",17226800
9340,340,500,"sd","14:26:58",17225900
9340,340,4500,"sd","14:26:43",17225400
9340,340,100,"sd","14:26:35",17220900
9340,340,400,"sd","14:26:35",17220800
9340,340,300,"sd","14:26:35",17220400
9340,340,100,"sd","14:26:34",17220100
9340,340,500,"sd","14:26:34",17220000
9340,340,500,"sd","14:26:27",17219500
9340,340,500,"sd","14:26:26",17219000
9340,340,500,"sd","14:26:21",17218500
9340,340,500,"sd","14:26:21",17218000
9340,340,1600,"sd","14:26:20",17217500
9350,350,200,"bu","14:26:11",17215900
9340,340,10000,"sd","14:26:10",17215700
9350,350,400,"bu","14:25:58",17205700
9350,350,1600,"bu","14:25:56",17205300
9340,340,200,"sd","14:25:54",17203700
9350,350,500,"bu","14:25:53",17203500
9350,350,400,"bu","14:25:53",17203000
9350,350,500,"bu","14:25:51",17202600
9350,350,100,"bu","14:25:50",17202100
9330,330,30000,"sd","14:25:48",17202000
9350,350,400,"bu","14:25:48",17172000
9350,350,200,"bu","14:25:47",17171600
9340,340,500,"bu","14:25:47",17171400
9350,350,900,"bu","14:25:46",17170900
9340,340,500,"bu","14:25:43",17170000
9350,350,1000,"bu","14:25:41",17169500
9350,350,400,"bu","14:25:40",17168500
9350,350,1000,"bu","14:25:36",17168100
9350,350,6500,"bu","14:25:35",17167100
9350,350,1000,"bu","14:25:31",17160600
9350,350,1000,"bu","14:25:26",17159600
9340,340,100,"bu","14:25:25",17158600
9350,350,100,"bu","14:25:21",17158500
9340,340,2500,"bu","14:25:21",17158400
9340,340,200,"bu","14:25:20",17155900
9340,340,1700,"bu","14:25:19",17155700
9340,340,5000,"bu","14:25:19",17154000
9340,340,500,"bu","14:25:17",17149000
9330,330,700,"sd","14:25:16",17148500
9330,330,100,"sd","14:25:15",17147800
9350,350,1000,"bu","14:25:15",17147700
9340,340,300,"bu","14:25:15",17146700
9340,340,100,"bu","14:25:14",17146400
9330,330,200,"sd","14:25:12",17146300
9340,340,500,"bu","14:25:11",17146100
9330,330,2000,"sd","14:25:11",17145600
9340,340,1700,"bu","14:25:10",17143600
9340,340,500,"bu","14:25:10",17141900
9340,340,100,"bu","14:25:09",17141400
9330,330,2000,"sd","14:25:08",17141300
9340,340,1700,"bu","14:25:08",17139300
9340,340,1000,"bu","14:25:07",17137600
9340,340,700,"bu","14:25:06",17136600
9340,340,100,"bu","14:25:05",17135900
9340,340,100,"bu","14:25:04",17135800
9340,340,300,"bu","14:25:02",17135700
9340,340,2000,"bu","14:25:00",17135400
9340,340,200,"bu","14:24:59",17133400
9340,340,300,"bu","14:24:58",17133200
9330,330,5000,"sd","14:24:58",17132900
9330,330,300,"sd","14:24:56",17127900
9310,310,500,"sd","14:24:53",17127600
9330,330,1000,"sd","14:24:53",17127100
9340,340,100,"bu","14:24:51",17126100
9320,320,4000,"sd","14:24:50",17126000
9340,340,1000,"bu","14:24:49",17122000
9330,330,1500,"sd","14:24:48",17121000
9310,310,500,"sd","14:24:46",17119500
9340,340,4000,"bu","14:24:46",17119000
9320,320,100,"sd","14:24:45",17115000
9340,340,100,"bu","14:24:44",17114900
9320,320,5000,"sd","14:24:42",17114800
9330,330,100,"sd","14:24:41",17109800
9330,330,200,"sd","14:24:38",17109700
9340,340,100,"bu","14:24:37",17109500
9320,320,200,"sd","14:24:35",17109400
9340,340,300,"bu","14:24:34",17109200
9330,330,800,"sd","14:24:33",17108900
9340,340,700,"bu","14:24:30",17108100
9340,340,1700,"bu","14:24:26",17107400
9320,320,800,"sd","14:24:24",17105700
9330,330,1000,"sd","14:24:22",17104900
9340,340,2000,"bu","14:24:19",17103900
9340,340,100,"bu","14:24:15",17101900
9330,330,1800,"sd","14:24:15",17101800
9320,320,500,"sd","14:24:14",17100000
9330,330,1000,"sd","14:24:10",17099500
9330,330,300,"sd","14:24:10",17098500
9330,330,1900,"sd","14:24:07",17098200
9310,310,1500,"sd","14:24:07",17096300
9330,330,500,"sd","14:24:04",17094800
9330,330,20000,"sd","14:24:02",17094300
9330,330,300,"sd","14:24:00",17074300
9340,340,6100,"bu","14:23:59",17074000
9310,310,9800,"sd","14:23:54",17067900
9330,330,500,"bu","14:23:52",17058100
9350,350,600,"bu","14:23:51",17057600
9330,330,5000,"bu","14:23:50",17057000
9270,270,2500,"sd","14:23:50",17052000
9340,340,500,"bu","14:23:45",17049500
9330,330,2900,"bu","14:23:45",17049000
9310,310,2500,"sd","14:23:42",17046100
9330,330,1800,"bu","14:23:39",17043600
9350,350,100,"bu","14:23:38",17041800
9330,330,5000,"bu","14:23:37",17041700
9330,330,500,"bu","14:23:37",17036700
9320,320,100,"sd","14:23:37",17036200
9340,340,600,"bu","14:23:34",17036100
9330,330,300,"bu","14:23:34",17035500
9330,330,100,"bu","14:23:33",17035200
9320,320,4600,"sd","14:23:30",17035100
9320,320,1000,"sd","14:23:30",17030500
9320,320,500,"sd","14:23:29",17029500
9310,310,100,"sd","14:23:28",17029000
9330,330,100,"bu","14:23:26",17028900
9320,320,100,"sd","14:23:25",17028800
9330,330,200,"bu","14:23:25",17028700
9350,350,500,"bu","14:23:24",17028500
9330,330,500,"bu","14:23:23",17028000
9300,300,1000,"sd","14:23:21",17027500
9320,320,100,"sd","14:23:21",17026500
9340,340,4900,"bu","14:23:20",17026400
9320,320,100,"sd","14:23:16",17021500
9290,290,5000,"sd","14:23:15",17021400
9310,310,100,"sd","14:23:13",17016400
9320,320,1000,"sd","14:23:12",17016300
9340,340,1000,"bu","14:23:11",17015300
9330,330,300,"bu","14:23:11",17014300
9330,330,25000,"bu","14:23:09",17014000
9350,350,5000,"bu","14:23:09",16989000
9330,330,10000,"bu","14:23:08",16984000
9340,340,4600,"bu","14:23:07",16974000
9300,300,1000,"sd","14:23:07",16969400
9300,300,100,"sd","14:23:07",16968400
9300,300,400,"sd","14:23:07",16968300
9300,300,1000,"sd","14:23:05",16967900
9320,320,600,"sd","14:22:58",16966900
9320,320,100,"sd","14:22:58",16966300
9250,250,1900,"sd","14:22:57",16966200
9320,320,2000,"sd","14:22:57",16964300
9330,330,300,"unknown","14:22:57",16962300
9310,310,200,"sd","14:22:54",16962000
9320,320,500,"sd","14:22:53",16961800
9330,330,300,"unknown","14:22:51",16961300
9330,330,500,"unknown","14:22:51",16961000
9340,340,2000,"bu","14:22:50",16960500
9330,330,3200,"unknown","14:22:50",16958500
9340,340,4100,"bu","14:22:50",16955300
9330,330,300,"unknown","14:22:48",16951200
9340,340,7500,"bu","14:22:48",16950900
9300,300,5000,"sd","14:22:48",16943400
9300,300,100,"sd","14:22:48",16938400
9300,300,100,"sd","14:22:48",16938300
9340,340,3000,"bu","14:22:47",16938200
9300,300,1000,"sd","14:22:46",16935200
9340,340,100,"bu","14:22:45",16934200
9300,300,400,"sd","14:22:40",16934100
9320,320,2200,"sd","14:22:39",16933700
9250,250,500,"sd","14:22:38",16931500
9330,330,100,"unknown","14:22:38",16931000
9340,340,100,"bu","14:22:36",16930900
9330,330,600,"unknown","14:22:35",16930800
9320,320,4000,"sd","14:22:34",16930200
9270,270,600,"sd","14:22:33",16926200
9330,330,100,"unknown","14:22:33",16925600
9340,340,1000,"bu","14:22:31",16925500
9330,330,400,"unknown","14:22:31",16924500
9260,260,100,"sd","14:22:30",16924100
9340,340,400,"bu","14:22:30",16924000
9330,330,200,"unknown","14:22:28",16923600
9300,300,100,"sd","14:22:27",16923400
9300,300,2000,"sd","14:22:26",16923300
9300,300,2000,"sd","14:22:26",16921300
9300,300,1000,"sd","14:22:26",16919300
9300,300,1400,"sd","14:22:24",16918300
9340,340,900,"bu","14:22:23",16916900
9340,340,3000,"bu","14:22:21",16916000
9300,300,1000,"sd","14:22:20",16913000
9340,340,400,"bu","14:22:19",16912000
9300,300,200,"sd","14:22:19",16911600
9250,250,500,"sd","14:22:17",16911400
9300,300,100,"sd","14:22:15",16910900
9340,340,1100,"bu","14:22:13",16910800
9320,320,200,"sd","14:22:13",16909700
9300,300,100,"sd","14:22:12",16909500
9330,330,600,"sd","14:22:12",16909400
9330,330,500,"sd","14:22:10",16908800
9340,340,1500,"bu","14:22:10",16908300
9330,330,600,"sd","14:22:10",16906800
9260,260,1000,"sd","14:22:10",16906200
9340,340,500,"bu","14:22:10",16905200
9330,330,400,"sd","14:22:09",16904700
9330,330,1000,"sd","14:22:08",16904300
9300,300,600,"sd","14:22:07",16903300
9300,300,1500,"sd","14:22:07",16902700
9300,300,1100,"sd","14:22:06",16901200
9300,300,2000,"sd","14:22:06",16900100
9300,300,100,"sd","14:22:04",16898100
9320,320,2000,"sd","14:22:00",16898000
9280,280,100,"sd","14:21:59",16896000
9300,300,500,"sd","14:21:58",16895900
9300,300,1000,"sd","14:21:57",16895400
9300,300,500,"sd","14:21:56",16894400
9250,250,1000,"sd","14:21:55",16893900
9300,300,600,"sd","14:21:51",16892900
9320,320,200,"sd","14:21:49",16892300
9330,330,3800,"bu","14:21:46",16892100
9260,260,100,"sd","14:21:46",16888300
9340,340,400,"bu","14:21:45",16888200
9330,330,3200,"bu","14:21:45",16887800
9330,330,600,"bu","14:21:44",16884600
9300,300,5000,"sd","14:21:44",16884000
9300,300,5000,"sd","14:21:43",16879000
9300,300,1000,"sd","14:21:43",16874000
9300,300,800,"sd","14:21:43",16873000
9340,340,4000,"bu","14:21:43",16872200
9300,300,1700,"sd","14:21:41",16868200
9300,300,1000,"sd","14:21:41",16866500
9290,290,2100,"sd","14:21:39",16865500
9300,300,5800,"sd","14:21:37",16863400
9280,280,1000,"sd","14:21:37",16857600
9300,300,300,"sd","14:21:37",16856600
9300,300,200,"sd","14:21:36",16856300
9300,300,3000,"sd","14:21:35",16856100
9250,250,3000,"sd","14:21:34",16853100
9290,290,9100,"sd","14:21:32",16850100
9300,300,100,"sd","14:21:31",16841000
9320,320,1900,"sd","14:21:29",16840900
9270,270,2000,"sd","14:21:26",16839000
9330,330,1200,"sd","14:21:24",16837000
9300,300,500,"sd","14:21:23",16835800
9300,300,1000,"sd","14:21:23",16835300
9300,300,100,"sd","14:21:23",16834300
9300,300,500,"sd","14:21:23",16834200
9290,290,1800,"sd","14:21:21",16833700
9300,300,3000,"sd","14:21:21",16831900
9300,300,200,"sd","14:21:21",16828900
9300,300,100,"sd","14:21:20",16828700
9310,310,1000,"sd","14:21:19",16828600
9330,330,400,"sd","14:21:18",16827600
9320,320,3000,"sd","14:21:17",16827200
9300,300,4200,"sd","14:21:17",16824200
9280,280,3000,"sd","14:21:17",16820000
9300,300,100,"sd","14:21:16",16817000
9300,300,200,"sd","14:21:15",16816900
9280,280,3800,"sd","14:21:14",16816700
9300,300,100,"sd","14:21:14",16812900
9260,260,4800,"sd","14:21:12",16812800
9250,250,1000,"sd","14:21:12",16808000
9300,300,1500,"sd","14:21:09",16807000
9290,290,900,"sd","14:21:09",16805500
9300,300,200,"sd","14:21:07",16804600
9260,260,500,"sd","14:21:01",16804400
9260,260,200,"sd","14:21:01",16803900
9310,310,100,"sd","14:21:01",16803700
9290,290,18000,"sd","14:21:00",16803600
9300,300,500,"sd","14:20:58",16785600
9260,260,100,"sd","14:20:58",16785100
9300,300,100,"sd","14:20:58",16785000
9300,300,500,"sd","14:20:58",16784900
9300,300,2300,"sd","14:20:58",16784400
9300,300,2000,"sd","14:20:56",16782100
9300,300,300,"sd","14:20:56",16780100
9270,270,400,"sd","14:20:55",16779800
9300,300,1500,"sd","14:20:55",16779400
9280,280,5100,"sd","14:20:51",16777900
9300,300,1000,"sd","14:20:51",16772800
9320,320,500,"bu","14:20:49",16771800
9310,310,2000,"sd","14:20:49",16771300
9280,280,400,"sd","14:20:49",16769300
9300,300,5400,"sd","14:20:48",16768900
9250,250,1000,"sd","14:20:47",16763500
9310,310,1000,"sd","14:20:46",16762500
9260,260,300,"sd","14:20:41",16761500
9250,250,500,"sd","14:20:40",16761200
9290,290,500,"sd","14:20:39",16760700
9280,280,200,"sd","14:20:38",16760200
9270,270,400,"sd","14:20:38",16760000
9300,300,1000,"sd","14:20:37",16759600
9300,300,400,"sd","14:20:37",16758600
9300,300,2000,"sd","14:20:37",16758200
9300,300,1000,"sd","14:20:37",16756200
9300,300,3300,"sd","14:20:35",16755200
9300,300,2000,"sd","14:20:35",16751900
9310,310,1200,"sd","14:20:34",16749900
9270,270,600,"sd","14:20:34",16748700
9300,300,1000,"sd","14:20:32",16748100
9300,300,500,"sd","14:20:31",16747100
9260,260,700,"sd","14:20:30",16746600
9310,310,6000,"sd","14:20:30",16745900
9280,280,1800,"sd","14:20:29",16739900
9250,250,2000,"sd","14:20:28",16738100
9300,300,1000,"sd","14:20:27",16736100
9280,280,500,"sd","14:20:26",16735100
9290,290,800,"sd","14:20:24",16734600
9290,290,100,"sd","14:20:23",16733800
9260,260,7300,"sd","14:20:22",16733700
9300,300,10000,"sd","14:20:22",16726400
9250,250,1000,"sd","14:20:21",16716400
9300,300,100,"sd","14:20:21",16715400
9290,290,100,"sd","14:20:21",16715300
9280,280,2000,"sd","14:20:20",16715200
9270,270,100,"sd","14:20:19",16713200
9300,300,700,"sd","14:20:19",16713100
9300,300,2000,"sd","14:20:18",16712400
9300,300,2000,"sd","14:20:18",16710400
9300,300,3000,"sd","14:20:18",16708400
9290,290,2000,"sd","14:20:18",16705400
9290,290,2000,"sd","14:20:17",16703400
9300,300,500,"sd","14:20:17",16701400
9280,280,5000,"sd","14:20:17",16700900
9270,270,100,"sd","14:20:14",16695900
9300,300,200,"sd","14:20:14",16695800
9300,300,400,"sd","14:20:12",16695600
9260,260,100,"sd","14:20:12",16695200
9250,250,500,"sd","14:20:09",16695100
9310,310,2000,"bu","14:20:08",16694600
9280,280,3000,"sd","14:20:08",16692600
9300,300,1300,"bu","14:20:07",16689600
9300,300,1300,"bu","14:20:05",16688300
9300,300,3000,"bu","14:20:05",16687000
9290,290,1200,"sd","14:20:04",16684000
9290,290,5000,"sd","14:20:04",16682800
9280,280,300,"sd","14:20:02",16677800
9250,250,500,"sd","14:20:02",16677500
9300,300,5000,"bu","14:20:01",16677000
9290,290,1700,"sd","14:20:01",16672000
9270,270,100,"sd","14:20:00",16670300
9280,280,800,"sd","14:20:00",16670200
9300,300,100,"bu","14:19:59",16669400
9300,300,30000,"bu","14:19:59",16669300
9300,300,3000,"bu","14:19:59",16639300
9300,300,1000,"bu","14:19:59",16636300
9300,300,200,"bu","14:19:57",16635300
9260,260,6600,"sd","14:19:57",16635100
9290,290,100,"sd","14:19:57",16628500
9280,280,200,"sd","14:19:55",16628400
9270,270,400,"sd","14:19:55",16628200
9300,300,800,"bu","14:19:54",16627800
9300,300,100,"bu","14:19:53",16627000
9260,260,100,"sd","14:19:52",16626900
9250,250,500,"sd","14:19:50",16626800
9250,250,1900,"sd","14:19:49",16626300
9280,280,3000,"sd","14:19:48",16624400
9300,300,3700,"bu","14:19:46",16621400
9270,270,1300,"sd","14:19:45",16617700
9290,290,4900,"sd","14:19:45",16616400
9300,300,6000,"bu","14:19:44",16611500
9250,250,1000,"sd","14:19:43",16605500
9300,300,300,"bu","14:19:42",16604500
9270,270,100,"sd","14:19:42",16604200
9260,260,1600,"sd","14:19:42",16604100
9290,290,400,"sd","14:19:42",16602500
9270,270,1000,"sd","14:19:42",16602100
9260,260,100,"sd","14:19:42",16601100
9300,300,1000,"bu","14:19:40",16601000
9300,300,500,"bu","14:19:40",16600000
9300,300,500,"bu","14:19:40",16599500
9300,300,5000,"bu","14:19:40",16599000
9270,270,3000,"sd","14:19:39",16594000
9260,260,3400,"sd","14:19:38",16591000
9270,270,4800,"sd","14:19:38",16587600
9270,270,1500,"sd","14:19:36",16582800
9270,270,900,"sd","14:19:35",16581300
9280,280,600,"sd","14:19:35",16580400
9300,300,100,"bu","14:19:34",16579800
9260,260,500,"sd","14:19:34",16579700
9270,270,100,"sd","14:19:32",16579200
9250,250,900,"sd","14:19:32",16579100
9280,280,2000,"sd","14:19:31",16578200
9270,270,200,"sd","14:19:29",16576200
9270,270,900,"sd","14:19:28",16576000
9270,270,1500,"sd","14:19:27",16575100
9260,260,500,"sd","14:19:27",16573600
9250,250,1000,"sd","14:19:26",16573100
9300,300,10000,"bu","14:19:26",16572100
9290,290,200,"bu","14:19:26",16562100
9260,260,700,"sd","14:19:25",16561900
9260,260,2500,"sd","14:19:25",16561200
9300,300,500,"bu","14:19:24",16558700
9300,300,100,"bu","14:19:24",16558200
9300,300,5000,"bu","14:19:23",16558100
9300,300,20000,"bu","14:19:23",16553100
9260,260,2200,"sd","14:19:22",16533100
9300,300,3000,"bu","14:19:20",16530900
9270,270,100,"sd","14:19:19",16527900
9260,260,5900,"sd","14:19:19",16527800
9260,260,500,"sd","14:19:18",16521900
9300,300,500,"bu","14:19:18",16521400
9280,280,8000,"sd","14:19:18",16520900
9260,260,600,"sd","14:19:18",16512900
9250,250,600,"sd","14:19:16",16512300
9250,250,1000,"sd","14:19:16",16511700
9270,270,1500,"sd","14:19:15",16510700
9300,300,2000,"bu","14:19:15",16509200
9280,280,500,"sd","14:19:14",16507200
9270,270,1000,"sd","14:19:12",16506700
9280,280,2000,"bu","14:19:11",16505700
9300,300,1000,"bu","14:19:11",16503700
9260,260,200,"sd","14:19:10",16502700
9250,250,200,"sd","14:19:10",16502500
9300,300,1000,"bu","14:19:09",16502300
9290,290,300,"bu","14:19:09",16501300
9260,260,300,"sd","14:19:08",16501000
9300,300,100,"bu","14:19:08",16500700
9300,300,500,"bu","14:19:07",16500600
9300,300,50000,"bu","14:19:07",16500100
9300,300,500,"bu","14:19:07",16450100
9300,300,500,"bu","14:19:07",16449600
9280,280,7700,"bu","14:19:07",16449100
9250,250,400,"sd","14:19:06",16441400
9300,300,3000,"bu","14:19:03",16441000
9280,280,100,"bu","14:19:02",16438000
9260,260,100,"sd","14:19:02",16437900
9300,300,400,"bu","14:19:02",16437800
9270,270,500,"bu","14:19:00",16437400
9250,250,100,"sd","14:18:59",16436900
9270,270,100,"bu","14:18:59",16436800
9310,310,100,"bu","14:18:59",16436700
9280,280,400,"bu","14:18:58",16436600
9300,300,3100,"bu","14:18:57",16436200
9270,270,600,"bu","14:18:56",16433100
9260,260,1900,"sd","14:18:54",16432500
9300,300,12700,"bu","14:18:54",16430600
9280,280,1000,"bu","14:18:54",16417900
9250,250,2000,"sd","14:18:52",16416900
9300,300,500,"bu","14:18:52",16414900
9290,290,2000,"bu","14:18:52",16414400
9260,260,1000,"sd","14:18:51",16412400
9300,300,500,"bu","14:18:50",16411400
9300,300,3200,"bu","14:18:49",16410900
9300,300,1100,"bu","14:18:49",16407700
9280,280,1700,"bu","14:18:49",16406600
9300,300,1000,"bu","14:18:49",16404900
9280,280,200,"bu","14:18:49",16403900
9260,260,5000,"sd","14:18:46",16403700
9280,280,200,"bu","14:18:43",16398700
9260,260,800,"sd","14:18:43",16398500
9300,300,200,"bu","14:18:43",16397700
9260,260,5000,"sd","14:18:40",16397500
9260,260,200,"sd","14:18:40",16392500
9250,250,500,"sd","14:18:39",16392300
9270,270,200,"bu","14:18:39",16391800
9300,300,11000,"bu","14:18:37",16391600
9300,300,10000,"bu","14:18:34",16380600
9280,280,500,"bu","14:18:34",16370600
9300,300,1700,"bu","14:18:34",16370100
9250,250,1000,"sd","14:18:33",16368400
9300,300,7000,"bu","14:18:33",16367400
9290,290,1400,"bu","14:18:32",16360400
9260,260,700,"sd","14:18:32",16359000
9300,300,500,"bu","14:18:31",16358300
9260,260,200,"sd","14:18:31",16357800
9290,290,500,"bu","14:18:31",16357600
9300,300,1000,"bu","14:18:30",16357100
9300,300,200,"bu","14:18:30",16356100
9300,300,1000,"bu","14:18:30",16355900
9300,300,100,"bu","14:18:30",16354900
9300,300,3000,"bu","14:18:30",16354800
9280,280,1000,"bu","14:18:30",16351800
9260,260,2000,"sd","14:18:28",16350800
9280,280,1000,"bu","14:18:26",16348800
9260,260,2000,"sd","14:18:26",16347800
9260,260,2000,"sd","14:18:26",16345800
9280,280,500,"bu","14:18:26",16343800
9320,320,100,"bu","14:18:25",16343300
9260,260,10600,"sd","14:18:25",16343200
9300,300,200,"bu","14:18:25",16332600
9300,300,1000,"bu","14:18:25",16332400
9260,260,900,"bu","14:18:24",16331400
9250,250,500,"sd","14:18:23",16330500
9270,270,1000,"bu","14:18:23",16330000
9300,300,5000,"bu","14:18:21",16329000
9300,300,600,"bu","14:18:20",16324000
9300,300,3000,"bu","14:18:19",16323400
9280,280,500,"bu","14:18:18",16320400
9300,300,2000,"bu","14:18:18",16319900
9280,280,3300,"bu","14:18:18",16317900
9250,250,3000,"sd","14:18:18",16314600
9300,300,2000,"bu","14:18:18",16311600
9260,260,300,"bu","14:18:17",16309600
9290,290,100,"bu","14:18:17",16309300
9300,300,300,"bu","14:18:16",16309200
9260,260,700,"bu","14:18:16",16308900
9300,300,2000,"bu","14:18:16",16308200
9300,300,1000,"bu","14:18:15",16306200
9300,300,100,"bu","14:18:15",16305200
9300,300,3000,"bu","14:18:15",16305100
9300,300,3800,"bu","14:18:15",16302100
9280,280,5000,"bu","14:18:15",16298300
9300,300,3700,"bu","14:18:12",16293300
9280,280,500,"bu","14:18:11",16289600
9280,280,100,"bu","14:18:11",16289100
9320,320,100,"bu","14:18:10",16289000
9300,300,2000,"bu","14:18:10",16288900
9300,300,2000,"bu","14:18:10",16286900
9290,290,500,"bu","14:18:09",16284900
9260,260,100,"sd","14:18:08",16284400
9300,300,10000,"bu","14:18:07",16284300
9280,280,3000,"bu","14:18:07",16274300
9280,280,100,"bu","14:18:06",16271300
9300,300,1000,"bu","14:18:06",16271200
9300,300,200,"bu","14:18:06",16270200
9300,300,100,"bu","14:18:05",16270000
9300,300,1000,"bu","14:18:04",16269900
9310,310,500,"bu","14:18:03",16268900
9280,280,6700,"bu","14:18:03",16268400
9300,300,2400,"bu","14:18:03",16261700
9280,280,500,"bu","14:18:03",16259300
9250,250,2000,"sd","14:18:03",16258800
9300,300,500,"bu","14:18:03",16256800
9300,300,1300,"bu","14:18:03",16256300
9290,290,3000,"bu","14:18:02",16255000
9300,300,300,"bu","14:18:02",16252000
9300,300,1500,"bu","14:18:01",16251700
9300,300,2200,"bu","14:18:01",16250200
9300,300,600,"bu","14:18:01",16248000
9300,300,500,"bu","14:18:01",16247400
9280,280,3100,"bu","14:18:01",16246900
9300,300,300,"bu","14:17:58",16243800
9280,280,1500,"bu","14:17:57",16243500
9280,280,500,"bu","14:17:57",16242000
9300,300,2000,"bu","14:17:56",16241500
9280,280,200,"bu","14:17:56",16239500
9300,300,5600,"bu","14:17:56",16239300
9300,300,300,"bu","14:17:56",16233700
9290,290,1000,"bu","14:17:55",16233400
9280,280,4000,"bu","14:17:54",16232400
9300,300,1000,"bu","14:17:53",16228400
9280,280,300,"bu","14:17:53",16227400
9300,300,4800,"bu","14:17:53",16227100
9300,300,300,"bu","14:17:52",16222300
9300,300,10000,"bu","14:17:52",16222000
9300,300,100,"bu","14:17:50",16212000
9300,300,2000,"bu","14:17:49",16211900
9250,250,400,"sd","14:17:49",16209900
9280,280,100,"bu","14:17:48",16209500
9260,260,500,"sd","14:17:47",16209400
9300,300,300,"bu","14:17:47",16208900
9300,300,100,"bu","14:17:47",16208600
9290,290,100,"bu","14:17:47",16208500
9300,300,800,"bu","14:17:46",16208400
9300,300,500,"bu","14:17:45",16207600
9300,300,3000,"bu","14:17:45",16207100
9300,300,500,"bu","14:17:45",16204100
9300,300,3000,"bu","14:17:45",16203600
9300,300,5000,"bu","14:17:45",16200600
9310,310,500,"bu","14:17:43",16195600
9300,300,5000,"bu","14:17:41",16195100
9300,300,100,"bu","14:17:39",16190100
9280,280,8600,"bu","14:17:39",16190000
9300,300,1000,"bu","14:17:39",16181400
9290,290,1000,"bu","14:17:37",16180400
9300,300,1000,"bu","14:17:36",16179400
9300,300,200,"bu","14:17:34",16178400
9300,300,3000,"bu","14:17:34",16178200
9300,300,700,"bu","14:17:33",16175200
9300,300,200,"bu","14:17:32",16174500
9280,280,10000,"bu","14:17:32",16174300
9300,300,1000,"bu","14:17:31",16164300
9280,280,2000,"bu","14:17:30",16163300
9260,260,100,"sd","14:17:30",16161300
9300,300,500,"bu","14:17:30",16161200
9300,300,600,"bu","14:17:30",16160700
9280,280,500,"bu","14:17:30",16160100
9310,310,400,"bu","14:17:30",16159600
9290,290,1000,"bu","14:17:29",16159200
9300,300,200,"bu","14:17:28",16158200
9300,300,200,"bu","14:17:28",16158000
9300,300,100,"bu","14:17:27",16157800
9300,300,500,"bu","14:17:27",16157700
9300,300,300,"bu","14:17:27",16157200
9300,300,100,"bu","14:17:27",16156900
9300,300,1000,"bu","14:17:23",16156800
9320,320,500,"bu","14:17:22",16155800
9300,300,2600,"bu","14:17:22",16155300
9300,300,3000,"bu","14:17:21",16152700
9300,300,500,"bu","14:17:20",16149700
9300,300,500,"bu","14:17:19",16149200
9300,300,500,"bu","14:17:18",16148700
9300,300,100,"bu","14:17:17",16148200
9300,300,200,"bu","14:17:16",16148100
9290,290,500,"bu","14:17:16",16147900
9280,280,100,"sd","14:17:16",16147400
9300,300,1000,"bu","14:17:16",16147300
9300,300,700,"bu","14:17:15",16146300
9310,310,500,"bu","14:17:15",16145600
9290,290,100,"bu","14:17:15",16145100
9300,300,400,"bu","14:17:14",16145000
9300,300,100,"bu","14:17:14",16144600
9300,300,2000,"bu","14:17:14",16144500
9300,300,200,"bu","14:17:14",16142500
9300,300,100,"bu","14:17:14",16142300
9300,300,300,"bu","14:17:14",16142200
9300,300,1000,"bu","14:17:14",16141900
9300,300,1000,"bu","14:17:13",16140900
9300,300,2000,"bu","14:17:12",16139900
9320,320,400,"bu","14:17:11",16137900
9300,300,200,"bu","14:17:11",16137500
9300,300,300,"bu","14:17:10",16137300
9300,300,500,"bu","14:17:08",16137000
9300,300,3000,"bu","14:17:07",16136500
9320,320,400,"bu","14:17:07",16133500
9300,300,1000,"bu","14:17:06",16133100
9300,300,500,"bu","14:17:05",16132100
9310,310,1000,"bu","14:17:04",16131600
9290,290,100,"bu","14:17:04",16130600
9300,300,1900,"bu","14:17:04",16130500
9300,300,1200,"bu","14:17:03",16128600
9300,300,10000,"bu","14:17:03",16127400
9300,300,3000,"bu","14:17:03",16117400
9300,300,500,"bu","14:17:03",16114400
9300,300,500,"bu","14:17:02",16113900
9300,300,500,"bu","14:17:02",16113400
9300,300,1000,"bu","14:17:02",16112900
9300,300,1000,"bu","14:17:01",16111900
9300,300,1000,"bu","14:17:00",16110900
9300,300,3800,"bu","14:17:00",16109900
9300,300,100,"bu","14:16:59",16106100
9310,310,200,"bu","14:16:58",16106000
9300,300,500,"bu","14:16:57",16105800
9310,310,700,"bu","14:16:57",16105300
9300,300,1000,"bu","14:16:56",16104600
9320,320,200,"bu","14:16:56",16103600
9300,300,900,"bu","14:16:56",16103400
9300,300,100,"sd","14:16:55",16102500
9310,310,1000,"bu","14:16:54",16102400
9290,290,1000,"sd","14:16:54",16101400
9310,310,1100,"bu","14:16:54",16100400
9300,300,1000,"sd","14:16:52",16099300
9300,300,1000,"sd","14:16:52",16098300
9300,300,500,"sd","14:16:52",16097300
9300,300,200,"sd","14:16:52",16096800
9300,300,400,"sd","14:16:52",16096600
9300,300,1000,"sd","14:16:51",16096200
9310,310,5000,"bu","14:16:50",16095200
9300,300,500,"sd","14:16:49",16090200
9300,300,200,"sd","14:16:47",16089700
9310,310,2000,"bu","14:16:46",16089500
9300,300,4700,"sd","14:16:46",16087500
9320,320,400,"bu","14:16:45",16082800
9300,300,3000,"sd","14:16:45",16082400
9300,300,2000,"sd","14:16:45",16079400
9300,300,5800,"sd","14:16:45",16077400
9300,300,200,"sd","14:16:44",16071600
9300,300,1000,"sd","14:16:44",16071400
9310,310,2000,"bu","14:16:43",16070400
9310,310,2300,"bu","14:16:43",16068400
9310,310,3000,"bu","14:16:43",16066100
9300,300,1000,"sd","14:16:42",16063100
9300,300,2000,"sd","14:16:42",16062100
9300,300,300,"sd","14:16:42",16060100
9300,300,10000,"sd","14:16:42",16059800
9300,300,15900,"sd","14:16:41",16049800
9300,300,200,"sd","14:16:41",16033900
9300,300,2000,"sd","14:16:40",16033700
9300,300,500,"sd","14:16:39",16031700
9310,310,2000,"bu","14:16:38",16031200
9310,310,1300,"bu","14:16:36",16029200
9320,320,500,"bu","14:16:36",16027900
9300,300,200,"sd","14:16:35",16027400
9300,300,300,"sd","14:16:34",16027200
9300,300,1000,"sd","14:16:34",16026900
9310,310,3000,"bu","14:16:33",16025900
9310,310,5000,"bu","14:16:33",16022900
9310,310,5000,"bu","14:16:32",16017900
9300,300,100,"sd","14:16:32",16012900
9300,300,7000,"sd","14:16:31",16012800
9300,300,1000,"sd","14:16:31",16005800
9300,300,100,"sd","14:16:29",16004800
9310,310,3500,"bu","14:16:29",16004700
9310,310,10500,"bu","14:16:26",16001200
9320,320,300,"bu","14:16:25",15990700
9300,300,2000,"sd","14:16:24",15990400
9300,300,4000,"sd","14:16:24",15988400
9300,300,2000,"sd","14:16:23",15984400
9300,300,6000,"sd","14:16:23",15982400
9300,300,400,"sd","14:16:21",15976400
9310,310,10000,"bu","14:16:21",15976000
9310,310,1000,"bu","14:16:21",15966000
9300,300,300,"sd","14:16:17",15965000
9300,300,3000,"sd","14:16:16",15964700
9310,310,6500,"bu","14:16:15",15961700
9300,300,1000,"sd","14:16:13",15955200
9310,310,1000,"bu","14:16:12",15954200
9300,300,5000,"sd","14:16:11",15953200
9300,300,2000,"sd","14:16:10",15948200
9300,300,100,"sd","14:16:09",15946200
9310,310,10000,"bu","14:16:09",15946100
9310,310,500,"bu","14:16:09",15936100
9320,320,4800,"bu","14:16:06",15935600
9300,300,1200,"sd","14:16:05",15930800
9300,300,700,"sd","14:16:05",15929600
9310,310,200,"bu","14:16:03",15928900
9310,310,1000,"bu","14:16:02",15928700
9320,320,4800,"bu","14:16:02",15927700
9300,300,18700,"sd","14:16:00",15922900
9300,300,2000,"sd","14:16:00",15904200
9310,310,500,"bu","14:15:59",15902200
9310,310,1000,"bu","14:15:59",15901700
9310,310,500,"bu","14:15:57",15900700
9320,320,100,"bu","14:15:56",15900200
9300,300,100,"sd","14:15:56",15900100
9310,310,1000,"bu","14:15:54",15900000
9310,310,1000,"bu","14:15:54",15899000
9320,320,5200,"bu","14:15:54",15898000
9310,310,500,"unknown","14:15:51",15892800
9310,310,500,"unknown","14:15:51",15892300
9320,320,500,"bu","14:15:49",15891800
9310,310,200,"sd","14:15:48",15891300
9310,310,1000,"sd","14:15:46",15891100
9320,320,1600,"bu","14:15:45",15890100
9310,310,10000,"sd","14:15:44",15888500
9310,310,600,"sd","14:15:44",15878500
9320,320,400,"bu","14:15:43",15877900
9320,320,1000,"bu","14:15:42",15877500
9320,320,200,"bu","14:15:38",15876500
9310,310,100,"sd","14:15:37",15876300
9320,320,200,"bu","14:15:37",15876200
9320,320,600,"bu","14:15:36",15876000
9310,310,1000,"sd","14:15:36",15875400
9320,320,300,"bu","14:15:35",15874400
9320,320,2800,"bu","14:15:34",15874100
9320,320,300,"bu","14:15:33",15871300
9310,310,800,"sd","14:15:31",15871000
9320,320,200,"bu","14:15:31",15870200
9310,310,1000,"sd","14:15:31",15870000
9310,310,500,"sd","14:15:30",15869000
9320,320,200,"bu","14:15:28",15868500
9320,320,1700,"bu","14:15:25",15868300
9320,320,100,"bu","14:15:20",15866600
9320,320,1000,"bu","14:15:14",15866500
9330,330,1100,"bu","14:15:14",15865500
9320,320,500,"bu","14:15:11",15864400
9320,320,100,"sd","14:15:08",15863900
9320,320,100,"sd","14:15:07",15863800
9320,320,18300,"sd","14:15:07",15863700
9320,320,1000,"sd","14:15:00",15845400
9320,320,1500,"sd","14:14:59",15844400
9320,320,15000,"sd","14:14:57",15842900
9320,320,200,"sd","14:14:54",15827900
9330,330,1000,"bu","14:14:53",15827700
9330,330,100,"bu","14:14:46",15826700
9320,320,500,"sd","14:14:44",15826600
9330,330,100,"bu","14:14:43",15826100
9320,320,700,"sd","14:14:42",15826000
9330,330,500,"bu","14:14:40",15825300
9320,320,2300,"sd","14:14:38",15824800
9320,320,500,"sd","14:14:38",15822500
9330,330,500,"bu","14:14:38",15822000
9320,320,200,"sd","14:14:34",15821500
9320,320,2000,"sd","14:14:30",15821300
9330,330,100,"bu","14:14:30",15819300
9320,320,100,"sd","14:14:27",15819200
9320,320,500,"sd","14:14:24",15819100
9320,320,300,"sd","14:14:21",15818600
9320,320,300,"sd","14:14:19",15818300
9320,320,9500,"sd","14:14:17",15818000
9330,330,2100,"bu","14:14:14",15808500
9330,330,100,"bu","14:14:13",15806400
9340,340,100,"bu","14:14:11",15806300
9330,330,1500,"bu","14:14:11",15806200
9330,330,3000,"bu","14:14:11",15804700
9340,340,1400,"bu","14:14:08",15801700
9330,330,1000,"sd","14:14:08",15800300
9330,330,2000,"sd","14:14:08",15799300
9340,340,5000,"bu","14:14:05",15797300
9330,330,1800,"sd","14:14:05",15792300
9340,340,200,"bu","14:14:03",15790500
9340,340,2000,"bu","14:14:00",15790300
9330,330,200,"sd","14:13:59",15788300
9340,340,1000,"bu","14:13:58",15788100
9330,330,4900,"sd","14:13:57",15787100
9340,340,300,"bu","14:13:56",15782200
9330,330,200,"sd","14:13:55",15781900
9330,330,3900,"sd","14:13:53",15781700
9330,330,500,"sd","14:13:53",15777800
9330,330,300,"sd","14:13:52",15777300
9330,330,200,"sd","14:13:50",15777000
9330,330,200,"sd","14:13:49",15776800
9330,330,400,"sd","14:13:48",15776600
9340,340,1000,"bu","14:13:44",15776200
9340,340,300,"sd","14:13:33",15775200
9340,340,700,"sd","14:13:33",15774900
9340,340,800,"sd","14:13:32",15774200
9340,340,800,"sd","14:13:32",15773400
9340,340,1000,"sd","14:13:31",15772600
9340,340,2900,"sd","14:13:30",15771600
9340,340,300,"sd","14:13:21",15768700
9340,340,6000,"sd","14:13:02",15768400
9350,350,100,"bu","14:12:56",15762400
9340,340,100,"sd","14:12:48",15762300
9340,340,500,"sd","14:12:34",15762200
9350,350,300,"bu","14:12:31",15761700
9340,340,300,"sd","14:12:30",15761400
9340,340,1700,"sd","14:12:29",15761100
9340,340,100,"sd","14:12:25",15759400
9340,340,1000,"sd","14:12:22",15759300
9340,340,100,"sd","14:12:18",15758300
9330,330,500,"sd","14:12:17",15758200
9340,340,8800,"bu","14:12:14",15757700
9330,330,100,"sd","14:12:14",15748900
9340,340,300,"bu","14:12:14",15748800
9330,330,1000,"sd","14:12:13",15748500
9340,340,20600,"bu","14:12:13",15747500
9340,340,1000,"bu","14:12:11",15726900
9340,340,400,"bu","14:12:06",15725900
9340,340,200,"bu","14:12:06",15725500
9340,340,500,"bu","14:12:01",15725300
9340,340,1000,"bu","14:11:55",15724800
9340,340,3000,"bu","14:11:55",15723800
9340,340,1000,"bu","14:11:54",15720800
9340,340,1000,"bu","14:11:54",15719800
9340,340,10000,"bu","14:11:54",15718800
9340,340,500,"bu","14:11:54",15708800
9340,340,1000,"bu","14:11:54",15708300
9340,340,100,"bu","14:11:53",15707300
9340,340,3800,"sd","14:11:53",15707200
9340,340,100,"sd","14:11:53",15703400
9340,340,500,"sd","14:11:52",15703300
9340,340,300,"sd","14:11:52",15702800
9340,340,1300,"sd","14:11:51",15702500
9340,340,700,"sd","14:11:49",15701200
9340,340,300,"sd","14:11:49",15700500
9340,340,700,"sd","14:11:48",15700200
9340,340,1000,"sd","14:11:48",15699500
9340,340,3000,"sd","14:11:48",15698500
9340,340,300,"sd","14:11:48",15695500
9350,350,2000,"bu","14:11:40",15695200
9350,350,2000,"bu","14:11:40",15693200
9350,350,1000,"bu","14:11:40",15691200
9340,340,1700,"sd","14:11:38",15690200
9340,340,300,"sd","14:11:38",15688500
9350,350,100,"bu","14:11:35",15688200
9340,340,200,"sd","14:11:35",15688100
9340,340,500,"sd","14:11:35",15687900
9340,340,100,"sd","14:11:35",15687400
9350,350,400,"bu","14:11:24",15687300
9350,350,200,"sd","14:11:24",15686900
9350,350,100,"sd","14:11:24",15686700
9350,350,100,"sd","14:11:24",15686600
9350,350,500,"sd","14:11:23",15686500
9350,350,100,"sd","14:11:23",15686000
9350,350,400,"sd","14:11:19",15685900
9350,350,100,"sd","14:11:19",15685500
9350,350,4000,"sd","14:11:19",15685400
9350,350,3000,"sd","14:11:19",15681400
9350,350,1000,"sd","14:11:06",15678400
9350,350,500,"sd","14:11:06",15677400
9350,350,300,"sd","14:11:06",15676900
9350,350,300,"sd","14:11:06",15676600
9350,350,2000,"sd","14:11:06",15676300
9350,350,500,"sd","14:11:06",15674300
9350,350,1000,"sd","14:11:06",15673800
9350,350,5600,"sd","14:11:06",15672800
9350,350,6000,"sd","14:11:06",15667200
9350,350,1000,"sd","14:11:06",15661200
9350,350,1800,"sd","14:11:05",15660200
9350,350,200,"sd","14:11:05",15658400
9350,350,300,"sd","14:11:04",15658200
9350,350,500,"sd","14:11:04",15657900
9360,360,500,"bu","14:10:48",15657400
9360,360,200,"sd","14:10:48",15656900
9360,360,200,"sd","14:10:48",15656700
9360,360,1000,"sd","14:10:48",15656500
9360,360,200,"sd","14:10:48",15655500
9360,360,300,"sd","14:10:48",15655300
9360,360,500,"sd","14:10:48",15655000
9360,360,500,"sd","14:10:48",15654500
9360,360,11000,"sd","14:10:48",15654000
9360,360,1000,"sd","14:10:48",15643000
9360,360,1000,"sd","14:10:48",15642000
9360,360,10000,"sd","14:10:47",15641000
9360,360,1000,"sd","14:10:47",15631000
9360,360,200,"sd","14:10:47",15630000
9360,360,1000,"sd","14:10:47",15629800
9360,360,36800,"sd","14:10:47",15628800
9360,360,10000,"sd","14:10:46",15592000
9360,360,500,"sd","14:10:45",15582000
9360,360,6000,"sd","14:10:39",15581500
9360,360,30700,"sd","14:10:33",15575500
9360,360,1000,"sd","14:10:33",15544800
9360,360,18300,"sd","14:10:33",15543800
9370,370,11600,"bu","14:10:32",15525500
9370,370,100,"bu","14:10:32",15513900
9370,370,2400,"bu","14:10:32",15513800
9370,370,200,"bu","14:10:32",15511400
9370,370,100,"bu","14:10:32",15511200
9370,370,200,"bu","14:10:31",15511100
9370,370,400,"bu","14:10:31",15510900
9360,360,1000,"sd","14:10:29",15510500
9370,370,500,"bu","14:10:10",15509500
9370,370,300,"bu","14:09:47",15509000
9370,370,1000,"bu","14:09:47",15508700
9370,370,2000,"bu","14:09:47",15507700
9370,370,700,"bu","14:09:47",15505700
9370,370,3000,"bu","14:09:47",15505000
9360,360,200,"sd","14:09:35",15502000
9360,360,300,"sd","14:09:30",15501800
9370,370,100,"bu","14:09:23",15501500
9370,370,100,"bu","14:09:23",15501400
9370,370,900,"bu","14:09:19",15501300
9370,370,100,"bu","14:09:19",15500400
9370,370,100,"bu","14:09:16",15500300
9370,370,300,"bu","14:09:13",15500200
9370,370,4600,"bu","14:09:13",15499900
9370,370,200,"bu","14:09:08",15495300
9370,370,200,"sd","14:08:55",15495100
9370,370,300,"sd","14:08:55",15494900
9370,370,1000,"sd","14:08:55",15494600
9370,370,200,"sd","14:08:55",15493600
9370,370,1000,"sd","14:08:55",15493400
9370,370,100,"sd","14:08:55",15492400
9370,370,200,"sd","14:08:55",15492300
9370,370,500,"sd","14:08:55",15492100
9370,370,3000,"sd","14:08:55",15491600
9370,370,8700,"sd","14:08:55",15488600
9380,380,2300,"bu","14:08:50",15479900
9370,370,1000,"sd","14:08:47",15477600
9370,370,100,"sd","14:08:47",15476600
9380,380,100,"bu","14:08:45",15476500
9380,380,2200,"bu","14:08:45",15476400
9380,380,200,"bu","14:08:45",15474200
9380,380,200,"bu","14:08:45",15474000
9380,380,300,"bu","14:08:45",15473800
9380,380,10000,"bu","14:08:45",15473500
9380,380,100,"bu","14:08:45",15463500
9380,380,700,"bu","14:08:45",15463400
9380,380,1000,"bu","14:08:45",15462700
9380,380,100,"bu","14:08:45",15461700
9380,380,100,"bu","14:08:45",15461600
9380,380,100,"bu","14:08:45",15461500
9380,380,100,"bu","14:08:41",15461400
9380,380,800,"bu","14:08:35",15461300
9380,380,1400,"bu","14:08:35",15460500
9380,380,1000,"bu","14:08:35",15459100
9380,380,1600,"bu","14:08:35",15458100
9380,380,200,"bu","14:08:35",15456500
9380,380,100,"bu","14:08:35",15456300
9380,380,200,"bu","14:08:08",15456200
9380,380,30000,"bu","14:07:32",15456000
9370,370,100,"sd","14:07:19",15426000
9370,370,100,"sd","14:07:09",15425900
9370,370,2000,"sd","14:07:06",15425800
9370,370,4800,"bu","14:06:42",15423800
9370,370,30000,"bu","14:06:42",15419000
9370,370,10000,"bu","14:06:42",15389000
9370,370,5700,"bu","14:06:42",15379000
9370,370,100,"bu","14:06:42",15373300
9370,370,8000,"bu","14:06:42",15373200
9370,370,2000,"bu","14:06:42",15365200
9370,370,100,"bu","14:06:42",15363200
9370,370,11000,"bu","14:06:42",15363100
9370,370,100,"bu","14:06:42",15352100
9370,370,100,"bu","14:06:42",15352000
9370,370,200,"bu","14:06:42",15351900
9370,370,200,"bu","14:06:42",15351700
9370,370,100,"bu","14:06:41",15351500
9370,370,1000,"bu","14:06:41",15351400
9370,370,1500,"bu","14:06:41",15350400
9370,370,10500,"bu","14:06:41",15348900
9370,370,1000,"bu","14:06:41",15338400
9370,370,1000,"bu","14:06:41",15337400
9370,370,600,"bu","14:06:41",15336400
9370,370,900,"bu","14:06:29",15335800
9370,370,400,"bu","14:06:22",15334900
9370,370,1400,"bu","14:06:22",15334500
9370,370,100,"bu","14:06:22",15333100
9370,370,1000,"bu","14:06:22",15333000
9370,370,1600,"bu","14:06:22",15332000
9370,370,400,"bu","14:06:14",15330400
9370,370,300,"bu","14:06:14",15330000
9370,370,300,"bu","14:06:14",15329700
9370,370,700,"bu","14:05:59",15329400
9370,370,200,"bu","14:05:59",15328700
9370,370,700,"bu","14:05:59",15328500
9370,370,800,"bu","14:05:59",15327800
9370,370,100,"bu","14:05:58",15327000
9370,370,1000,"bu","14:05:57",15326900
9370,370,1000,"bu","14:05:45",15325900
9370,370,2000,"bu","14:05:31",15324900
9370,370,1100,"bu","14:05:26",15322900
9370,370,900,"bu","14:05:26",15321800
9370,370,600,"bu","14:04:58",15320900
9370,370,400,"bu","14:04:57",15320300
9370,370,800,"bu","14:04:55",15319900
9360,360,16600,"sd","14:04:53",15319100
9370,370,300,"bu","14:04:50",15302500
9370,370,200,"bu","14:04:49",15302200
9370,370,1800,"bu","14:04:43",15302000
9370,370,200,"bu","14:04:43",15300200
9360,360,400,"sd","14:04:39",15300000
9370,370,100,"bu","14:04:39",15299600
9370,370,200,"bu","14:04:30",15299500
9370,370,2000,"bu","14:04:30",15299300
9370,370,1400,"bu","14:04:30",15297300
9370,370,1400,"bu","14:04:30",15295900
9370,370,800,"bu","14:04:22",15294500
9360,360,7300,"sd","14:04:10",15293700
9360,360,200,"sd","14:04:06",15286400
9360,360,400,"sd","14:04:06",15286200
9370,370,500,"bu","14:04:05",15285800
9360,360,4000,"sd","14:04:02",15285300
9360,360,1300,"sd","14:03:58",15281300
9360,360,1000,"sd","14:03:58",15280000
9360,360,5700,"sd","14:03:58",15279000
9360,360,300,"bu","14:03:42",15273300
9360,360,100,"bu","14:03:42",15273000
9360,360,100,"bu","14:03:42",15272900
9360,360,2300,"bu","14:03:42",15272800
9360,360,200,"bu","14:03:37",15270500
9350,350,100,"sd","14:03:34",15270300
9350,350,500,"sd","14:03:34",15270200
9350,350,1200,"sd","14:03:34",15269700
9350,350,500,"sd","14:03:34",15268500
9350,350,3000,"sd","14:03:34",15268000
9350,350,200,"sd","14:03:34",15265000
9350,350,500,"sd","14:03:34",15264800
9360,360,10000,"bu","14:03:33",15264300
9360,360,1800,"bu","14:03:28",15254300
9360,360,3200,"bu","14:03:28",15252500
9360,360,500,"bu","14:03:09",15249300
9360,360,6300,"bu","14:02:58",15248800
9360,360,200,"bu","14:02:58",15242500
9360,360,3500,"bu","14:02:58",15242300
9360,360,100,"bu","14:02:57",15238800
9360,360,500,"bu","14:02:56",15238700
9360,360,5100,"bu","14:02:53",15238200
9360,360,100,"bu","14:02:47",15233100
9360,360,200,"bu","14:02:45",15233000
9360,360,1000,"bu","14:02:43",15232800
9360,360,5000,"bu","14:02:34",15231800
9360,360,1000,"bu","14:02:33",15226800
9360,360,10000,"bu","14:02:32",15225800
9360,360,1000,"sd","14:02:31",15215800
9360,360,2000,"sd","14:02:31",15214800
9360,360,500,"sd","14:02:31",15212800
9370,370,2000,"bu","14:02:14",15212300
9370,370,300,"bu","14:02:11",15210300
9370,370,1100,"bu","14:02:11",15210000
9370,370,400,"bu","14:02:06",15208900
9370,370,600,"bu","14:02:06",15208500
9360,360,500,"unknown","14:01:58",15207900
9370,370,400,"bu","14:01:58",15207400
9360,360,500,"unknown","14:01:58",15207000
9370,370,100,"bu","14:01:58",15206500
9360,360,300,"unknown","14:01:58",15206400
9370,370,3900,"bu","14:01:58",15206100
9360,360,2100,"unknown","14:01:58",15202200
9360,360,100,"unknown","14:01:58",15200100
9360,360,2500,"bu","14:01:57",15200000
9360,360,500,"bu","14:01:57",15197500
9360,360,100,"bu","14:01:57",15197000
9360,360,4000,"bu","14:01:57",15196900
9360,360,100,"bu","14:01:52",15192900
9350,350,500,"sd","14:01:48",15192800
9350,350,400,"sd","14:01:48",15192300
9350,350,100,"sd","14:01:47",15191900
9360,360,5000,"bu","14:01:45",15191800
9350,350,100,"sd","14:01:44",15186800
9360,360,900,"bu","14:01:44",15186700
9360,360,1100,"bu","14:01:44",15185800
9360,360,300,"bu","14:01:37",15184700
9360,360,100,"bu","14:01:32",15184400
9360,360,100,"bu","14:01:32",15184300
9350,350,200,"sd","14:01:30",15184200
9360,360,5000,"bu","14:01:28",15184000
9360,360,200,"bu","14:01:28",15179000
9360,360,800,"bu","14:01:28",15178800
9360,360,1600,"bu","14:01:26",15178000
9360,360,100,"bu","14:01:23",15176400
9350,350,1500,"sd","14:01:22",15176300
9360,360,10000,"bu","14:01:14",15174800
9350,350,100,"sd","14:01:12",15164800
9350,350,200,"sd","14:01:12",15164700
9350,350,200,"sd","14:01:09",15164500
9350,350,1000,"sd","14:01:05",15164300
9350,350,1000,"sd","14:01:00",15163300
9350,350,100,"sd","14:01:00",15162300
9350,350,2000,"sd","14:01:00",15162200
9350,350,1200,"sd","14:00:59",15160200
9350,350,100,"sd","14:00:59",15159000
9350,350,400,"sd","14:00:59",15158900
9350,350,200,"sd","14:00:59",15158500
9350,350,6500,"sd","14:00:59",15158300
9350,350,300,"sd","14:00:59",15151800
9350,350,500,"sd","14:00:59",15151500
9350,350,1500,"bu","14:00:59",15151000
9350,350,300,"bu","14:00:58",15149500
9350,350,500,"bu","14:00:58",15149200
9350,350,300,"bu","14:00:58",15148700
9350,350,1000,"bu","14:00:58",15148400
9350,350,100,"bu","14:00:58",15147400
9350,350,8900,"bu","14:00:57",15147300
9350,350,3000,"bu","14:00:57",15138400
9340,340,100,"sd","14:00:54",15135400
9340,340,900,"sd","14:00:32",15135300
9350,350,400,"bu","14:00:25",15134400
9340,340,400,"sd","14:00:23",15134000
9350,350,200,"bu","14:00:22",15133600
9350,350,100,"bu","14:00:18",15133400
9350,350,2000,"bu","14:00:11",15133300
9340,340,500,"sd","14:00:10",15131300
9340,340,100,"sd","14:00:10",15130800
9340,340,200,"sd","14:00:09",15130700
9340,340,100,"sd","14:00:09",15130500
9340,340,100,"sd","14:00:09",15130400
9350,350,700,"bu","13:59:48",15130300
9340,340,400,"sd","13:59:47",15129600
9350,350,300,"bu","13:59:44",15129200
9350,350,2000,"bu","13:59:42",15128900
9350,350,7300,"bu","13:59:38",15126900
9350,350,1100,"bu","13:59:37",15119600
9350,350,500,"bu","13:59:37",15118500
9350,350,400,"bu","13:59:37",15118000
9350,350,100,"bu","13:59:36",15117600
9340,340,400,"sd","13:59:33",15117500
9340,340,700,"sd","13:59:33",15117100
9340,340,600,"sd","13:59:32",15116400
9340,340,300,"sd","13:59:32",15115800
9340,340,500,"sd","13:59:22",15115500
9340,340,2500,"bu","13:59:21",15115000
9340,340,300,"bu","13:59:21",15112500
9340,340,500,"bu","13:59:20",15112200
9340,340,500,"bu","13:59:20",15111700
9340,340,5000,"bu","13:59:20",15111200
9340,340,400,"bu","13:59:19",15106200
9330,330,2700,"bu","13:59:17",15105800
9330,330,7300,"bu","13:59:10",15103100
9330,330,300,"bu","13:59:10",15095800
9330,330,200,"bu","13:59:10",15095500
9330,330,100,"bu","13:59:10",15095300
9330,330,100,"bu","13:59:10",15095200
9320,320,1000,"sd","13:59:03",15095100
9320,320,1000,"sd","13:58:55",15094100
9320,320,500,"sd","13:58:53",15093100
9330,330,1100,"bu","13:58:52",15092600
9320,320,1000,"sd","13:58:52",15091500
9320,320,2000,"sd","13:58:52",15090500
9330,330,3000,"bu","13:58:50",15088500
9320,320,100,"sd","13:58:42",15085500
9320,320,1000,"sd","13:58:41",15085400
9330,330,1000,"bu","13:58:41",15084400
9330,330,2000,"bu","13:58:38",15083400
9320,320,1000,"sd","13:58:34",15081400
9310,310,700,"sd","13:58:29",15080400
9310,310,2000,"sd","13:58:29",15079700
9310,310,2000,"sd","13:58:28",15077700
9310,310,700,"sd","13:58:28",15075700
9320,320,500,"sd","13:58:27",15075000
9320,320,2000,"sd","13:58:27",15074500
9320,320,4100,"sd","13:58:27",15072500
9320,320,900,"sd","13:58:23",15068400
9320,320,500,"sd","13:58:20",15067500
9320,320,400,"bu","13:58:19",15067000
9320,320,1600,"bu","13:58:19",15066600
9320,320,2500,"bu","13:58:15",15065000
9320,320,200,"bu","13:58:14",15062500
9320,320,500,"bu","13:58:13",15062300
9320,320,200,"bu","13:58:13",15061800
9320,320,100,"bu","13:58:13",15061600
9320,320,1000,"bu","13:58:13",15061500
9320,320,400,"bu","13:58:12",15060500
9320,320,1000,"bu","13:58:11",15060100
9320,320,1000,"bu","13:58:10",15059100
9320,320,2400,"bu","13:58:09",15058100
9320,320,500,"bu","13:58:09",15055700
9320,320,100,"bu","13:58:07",15055200
9320,320,400,"bu","13:58:07",15055100
9320,320,300,"bu","13:58:07",15054700
9310,310,300,"sd","13:58:04",15054400
9310,310,700,"sd","13:57:59",15054100
9310,310,1300,"sd","13:57:59",15053400
9310,310,2000,"sd","13:57:58",15052100
9310,310,700,"sd","13:57:57",15050100
9310,310,300,"sd","13:57:57",15049400
9310,310,3000,"sd","13:57:57",15049100
9310,310,2700,"sd","13:57:56",15046100
9310,310,100,"sd","13:57:56",15043400
9320,320,300,"bu","13:57:55",15043300
9310,310,900,"sd","13:57:55",15043000
9320,320,200,"bu","13:57:54",15042100
9310,310,3300,"sd","13:57:54",15041900
9320,320,1000,"bu","13:57:48",15038600
9320,320,300,"bu","13:57:48",15037600
9320,320,500,"bu","13:57:47",15037300
9310,310,1000,"sd","13:57:45",15036800
9310,310,1600,"sd","13:57:44",15035800
9310,310,2000,"sd","13:57:42",15034200
9310,310,400,"sd","13:57:42",15032200
9310,310,1000,"sd","13:57:41",15031800
9310,310,200,"sd","13:57:40",15030800
9310,310,100,"sd","13:57:39",15030600
9310,310,4400,"sd","13:57:39",15030500
9310,310,5000,"sd","13:57:37",15026100
9310,310,200,"sd","13:57:36",15021100
9310,310,100,"sd","13:57:34",15020900
9310,310,3000,"sd","13:57:33",15020800
9310,310,1000,"sd","13:57:33",15017800
9310,310,2000,"sd","13:57:30",15016800
9310,310,2000,"sd","13:57:29",15014800
9300,300,1000,"sd","13:57:27",15012800
9310,310,500,"sd","13:57:27",15011800
9310,310,500,"sd","13:57:25",15011300
9310,310,1000,"sd","13:57:25",15010800
9310,310,300,"sd","13:57:25",15009800
9300,300,2000,"sd","13:57:25",15009500
9310,310,100,"sd","13:57:25",15007500
9310,310,100,"sd","13:57:23",15007400
9310,310,700,"sd","13:57:23",15007300
9300,300,10000,"sd","13:57:22",15006600
9310,310,1000,"sd","13:57:22",14996600
9310,310,500,"sd","13:57:20",14995600
9300,300,5900,"sd","13:57:20",14995100
9300,300,1500,"sd","13:57:18",14989200
9310,310,500,"bu","13:57:17",14987700
9300,300,500,"sd","13:57:17",14987200
9300,300,1000,"sd","13:57:15",14986700
9310,310,400,"bu","13:57:15",14985700
9310,310,300,"bu","13:57:15",14985300
9300,300,500,"sd","13:57:15",14985000
9310,310,4500,"bu","13:57:14",14984500
9300,300,1000,"sd","13:57:13",14980000
9310,310,1000,"bu","13:57:13",14979000
9300,300,900,"sd","13:57:12",14978000
9310,310,500,"bu","13:57:12",14977100
9310,310,4200,"bu","13:57:11",14976600
9300,300,1500,"sd","13:57:10",14972400
9300,300,600,"sd","13:57:10",14970900
9310,310,2000,"bu","13:57:10",14970300
9310,310,1000,"bu","13:57:08",14968300
9300,300,200,"sd","13:57:08",14967300
9310,310,200,"bu","13:57:08",14967100
9310,310,2000,"bu","13:57:06",14966900
9310,310,500,"bu","13:57:05",14964900
9300,300,200,"sd","13:57:05",14964400
9310,310,2100,"bu","13:57:05",14964200
9300,300,1500,"sd","13:57:04",14962100
9310,310,1000,"bu","13:57:04",14960600
9310,310,300,"bu","13:57:03",14959600
9310,310,10800,"bu","13:57:03",14959300
9300,300,2000,"sd","13:57:02",14948500
9310,310,200,"bu","13:57:02",14946500
9310,310,6200,"bu","13:57:02",14946300
9310,310,5000,"bu","13:57:01",14940100
9310,310,12500,"bu","13:57:00",14935100
9310,310,3500,"bu","13:57:00",14922600
9300,300,1500,"sd","13:56:59",14919100
9310,310,100,"bu","13:56:59",14917600
9300,300,20000,"sd","13:56:58",14917500
9310,310,300,"bu","13:56:57",14897500
9310,310,13500,"bu","13:56:55",14897200
9310,310,500,"bu","13:56:54",14883700
9310,310,5000,"bu","13:56:53",14883200
9300,300,4600,"sd","13:56:52",14878200
9310,310,1000,"bu","13:56:51",14873600
9300,300,100,"sd","13:56:50",14872600
9300,300,2500,"sd","13:56:49",14872500
9310,310,2000,"bu","13:56:49",14870000
9310,310,1000,"bu","13:56:48",14868000
9310,310,100,"bu","13:56:48",14867000
9300,300,1000,"sd","13:56:47",14866900
9310,310,500,"bu","13:56:46",14865900
9300,300,3400,"sd","13:56:46",14865400
9310,310,4000,"bu","13:56:46",14862000
9310,310,7200,"bu","13:56:46",14858000
9310,310,1000,"bu","13:56:46",14850800
9310,310,400,"bu","13:56:45",14849800
9300,300,100,"sd","13:56:44",14849400
9310,310,2000,"bu","13:56:44",14849300
9310,310,100,"bu","13:56:43",14847300
9310,310,1400,"bu","13:56:43",14847200
9310,310,500,"bu","13:56:42",14845800
9300,300,100,"sd","13:56:41",14845300
9310,310,500,"bu","13:56:41",14845200
9310,310,4300,"bu","13:56:40",14844700
9310,310,500,"bu","13:56:40",14840400
9310,310,6200,"bu","13:56:39",14839900
9310,310,200,"bu","13:56:39",14833700
9310,310,300,"bu","13:56:38",14833500
9310,310,1000,"bu","13:56:38",14833200
9310,310,2000,"bu","13:56:37",14832200
9310,310,1000,"bu","13:56:37",14830200
9320,320,1000,"bu","13:56:36",14829200
9310,310,100,"bu","13:56:35",14828200
9300,300,3400,"sd","13:56:34",14828100
9310,310,600,"bu","13:56:34",14824700
9310,310,500,"bu","13:56:34",14824100
9320,320,5000,"bu","13:56:32",14823600
9310,310,800,"bu","13:56:31",14818600
9300,300,100,"sd","13:56:31",14817800
9310,310,5000,"bu","13:56:30",14817700
9310,310,1000,"bu","13:56:30",14812700
9320,320,14000,"bu","13:56:28",14811700
9310,310,500,"bu","13:56:27",14797700
9310,310,3000,"bu","13:56:27",14797200
9300,300,500,"sd","13:56:26",14794200
9310,310,400,"bu","13:56:26",14793700
9310,310,100,"bu","13:56:25",14793300
9310,310,10000,"bu","13:56:24",14793200
9310,310,2100,"bu","13:56:23",14783200
9310,310,10000,"bu","13:56:22",14781100
9310,310,1000,"bu","13:56:22",14771100
9310,310,100,"bu","13:56:21",14770100
9310,310,500,"bu","13:56:18",14770000
9310,310,20000,"bu","13:56:17",14769500
9310,310,1000,"sd","13:56:15",14749500
9310,310,1000,"sd","13:56:15",14748500
9310,310,14700,"sd","13:56:15",14747500
9310,310,5000,"sd","13:56:13",14732800
9310,310,200,"sd","13:56:13",14727800
9310,310,300,"sd","13:56:12",14727600
9310,310,700,"sd","13:56:11",14727300
9320,320,5000,"bu","13:56:11",14726600
9310,310,1000,"sd","13:56:11",14721600
9310,310,500,"sd","13:56:09",14720600
9310,310,10000,"sd","13:56:08",14720100
9310,310,100,"sd","13:56:07",14710100
9310,310,3000,"sd","13:56:05",14710000
9310,310,5000,"sd","13:56:05",14707000
9310,310,1000,"sd","13:56:04",14702000
9310,310,100,"sd","13:56:04",14701000
9310,310,1000,"sd","13:56:03",14700900
9310,310,200,"sd","13:56:01",14699900
9310,310,1000,"sd","13:56:00",14699700
9320,320,4000,"bu","13:55:58",14698700
9310,310,2800,"sd","13:55:57",14694700
9310,310,1000,"sd","13:55:57",14691900
9310,310,800,"sd","13:55:55",14690900
9310,310,800,"sd","13:55:55",14690100
9310,310,2000,"sd","13:55:53",14689300
9310,310,200,"sd","13:55:53",14687300
9310,310,100,"sd","13:55:51",14687100
9310,310,1000,"sd","13:55:51",14687000
9310,310,800,"sd","13:55:50",14686000
9310,310,5000,"sd","13:55:49",14685200
9310,310,100,"sd","13:55:49",14680200
9310,310,200,"sd","13:55:48",14680100
9310,310,1500,"sd","13:55:47",14679900
9310,310,100,"sd","13:55:46",14678400
9310,310,1000,"sd","13:55:45",14678300
9320,320,300,"bu","13:55:45",14677300
9310,310,2000,"sd","13:55:44",14677000
9310,310,1000,"sd","13:55:44",14675000
9310,310,4200,"sd","13:55:42",14674000
9320,320,10000,"bu","13:55:41",14669800
9320,320,5000,"bu","13:55:34",14659800
9320,320,5000,"bu","13:55:34",14654800
9320,320,300,"bu","13:55:33",14649800
9320,320,500,"bu","13:55:32",14649500
9320,320,5000,"bu","13:55:32",14649000
9310,310,1000,"sd","13:55:31",14644000
9320,320,1000,"bu","13:55:31",14643000
9320,320,700,"bu","13:55:30",14642000
9320,320,5000,"bu","13:55:29",14641300
9310,310,1000,"sd","13:55:29",14636300
9320,320,500,"bu","13:55:28",14635300
9320,320,7400,"bu","13:55:26",14634800
9320,320,2800,"bu","13:55:25",14627400
9320,320,1000,"bu","13:55:23",14624600
9320,320,11700,"bu","13:55:23",14623600
9320,320,700,"bu","13:55:23",14611900
9320,320,1400,"sd","13:55:23",14611200
9320,320,2000,"sd","13:55:22",14609800
9320,320,10000,"sd","13:55:22",14607800
9320,320,2200,"sd","13:55:22",14597800
9320,320,100,"sd","13:55:20",14595600
9320,320,500,"sd","13:55:19",14595500
9320,320,1000,"sd","13:55:19",14595000
9320,320,5400,"sd","13:55:18",14594000
9320,320,1000,"sd","13:55:17",14588600
9320,320,2500,"sd","13:55:12",14587600
9320,320,8000,"sd","13:55:11",14585100
9320,320,500,"sd","13:55:10",14577100
9320,320,7000,"sd","13:55:09",14576600
9320,320,500,"sd","13:55:08",14569600
9320,320,300,"sd","13:55:07",14569100
9320,320,1400,"sd","13:55:07",14568800
9320,320,500,"bu","13:55:06",14567400
9320,320,200,"bu","13:55:05",14566900
9320,320,500,"bu","13:55:05",14566700
9320,320,500,"bu","13:55:04",14566200
9320,320,100,"bu","13:55:03",14565700
9320,320,500,"bu","13:54:58",14565600
9320,320,1500,"bu","13:54:56",14565100
9320,320,100,"bu","13:54:56",14563600
9320,320,1000,"bu","13:54:55",14563500
9320,320,5000,"bu","13:54:55",14562500
9320,320,200,"unknown","13:54:53",14557500
9320,320,2000,"sd","13:54:52",14557300
9320,320,200,"sd","13:54:52",14555300
9320,320,500,"sd","13:54:52",14555100
9320,320,500,"sd","13:54:50",14554600
9320,320,3100,"sd","13:54:50",14554100
9320,320,5000,"sd","13:54:50",14551000
9320,320,500,"sd","13:54:49",14546000
9320,320,900,"sd","13:54:46",14545500
9320,320,2000,"sd","13:54:45",14544600
9320,320,2100,"sd","13:54:43",14542600
9320,320,2900,"sd","13:54:42",14540500
9320,320,1000,"sd","13:54:40",14537600
9320,320,1000,"sd","13:54:39",14536600
9320,320,500,"sd","13:54:39",14535600
9320,320,500,"sd","13:54:38",14535100
9320,320,20000,"sd","13:54:38",14534600
9320,320,400,"sd","13:54:38",14514600
9330,330,500,"bu","13:54:38",14514200
9320,320,5000,"sd","13:54:36",14513700
9320,320,8000,"sd","13:54:36",14508700
9320,320,800,"sd","13:54:34",14500700
9320,320,13100,"sd","13:54:27",14499900
9320,320,3000,"sd","13:54:26",14486800
9320,320,100,"sd","13:54:26",14483800
9320,320,1000,"sd","13:54:24",14483700
9330,330,200,"unknown","13:54:22",14482700
9320,320,100,"sd","13:54:21",14482500
9330,330,10000,"unknown","13:54:21",14482400
9320,320,2000,"sd","13:54:20",14472400
9330,330,1000,"unknown","13:54:20",14470400
9320,320,600,"sd","13:54:20",14469400
9320,320,7000,"sd","13:54:19",14468800
9330,330,500,"unknown","13:54:19",14461800
9320,320,1000,"sd","13:54:18",14461300
9330,330,4500,"unknown","13:54:17",14460300
9320,320,500,"sd","13:54:17",14455800
9330,330,500,"unknown","13:54:17",14455300
9330,330,1000,"unknown","13:54:16",14454800
9320,320,2000,"sd","13:54:16",14453800
9330,330,100,"unknown","13:54:16",14451800
9330,330,200,"unknown","13:54:16",14451700
9320,320,100,"sd","13:54:16",14451500
9330,330,500,"unknown","13:54:15",14451400
9330,330,100,"unknown","13:54:15",14450900
9320,320,2000,"sd","13:54:15",14450800
9330,330,800,"unknown","13:54:15",14448800
9330,330,3000,"unknown","13:54:14",14448000
9330,330,300,"unknown","13:54:14",14445000
9330,330,5000,"unknown","13:54:14",14444700
9330,330,500,"unknown","13:54:13",14439700
9330,330,3000,"unknown","13:54:13",14439200
9330,330,200,"unknown","13:54:13",14436200
9330,330,100,"unknown","13:54:12",14436000
9330,330,100,"unknown","13:54:12",14435900
9330,330,9600,"unknown","13:54:12",14435800
9330,330,500,"unknown","13:54:12",14426200
9330,330,6000,"unknown","13:54:11",14425700
9330,330,5000,"unknown","13:54:11",14419700
9330,330,100,"unknown","13:54:11",14414700
9330,330,1000,"unknown","13:54:11",14414600
9330,330,1000,"unknown","13:54:11",14413600
9340,340,500,"bu","13:54:11",14412600
9330,330,100,"unknown","13:54:10",14412100
9330,330,600,"unknown","13:54:10",14412000
9340,340,900,"bu","13:54:10",14411400
9330,330,5000,"unknown","13:54:10",14410500
9330,330,500,"unknown","13:54:10",14405500
9330,330,1000,"unknown","13:54:09",14405000
9330,330,3000,"unknown","13:54:09",14404000
9330,330,100,"unknown","13:54:09",14401000
9330,330,300,"unknown","13:54:09",14400900
9330,330,2000,"unknown","13:54:08",14400600
9330,330,200,"unknown","13:54:08",14398600
9330,330,1100,"unknown","13:54:08",14398400
9340,340,1100,"unknown","13:54:08",14397300
9330,330,10000,"unknown","13:54:07",14396200
9330,330,100,"unknown","13:54:07",14386200
9340,340,400,"unknown","13:54:07",14386100
9330,330,1300,"sd","13:54:07",14385700
9320,320,1600,"sd","13:54:06",14384400
9330,330,2000,"sd","13:54:06",14382800
9330,330,200,"sd","13:54:06",14380800
9340,340,900,"sd","13:54:04",14380600
9340,340,500,"sd","13:54:04",14379700
9350,350,500,"bu","13:54:04",14379200
9340,340,1000,"sd","13:54:03",14378700
9350,350,1500,"bu","13:54:03",14377700
9340,340,1000,"sd","13:54:03",14376200
9350,350,100,"bu","13:54:03",14375200
9340,340,3000,"sd","13:54:03",14375100
9340,340,1000,"sd","13:54:02",14372100
9350,350,300,"bu","13:54:02",14371100
9340,340,500,"sd","13:54:02",14370800
9340,340,2000,"sd","13:54:02",14370300
9350,350,3000,"bu","13:54:02",14368300
9340,340,100,"sd","13:54:02",14365300
9340,340,4900,"sd","13:54:02",14365200
9350,350,5000,"bu","13:54:01",14360300
9340,340,300,"sd","13:54:01",14355300
9350,350,1400,"bu","13:54:01",14355000
9340,340,3000,"sd","13:54:01",14353600
9350,350,500,"bu","13:54:01",14350600
9340,340,1000,"sd","13:54:01",14350100
9350,350,9000,"bu","13:54:00",14349100
9340,340,500,"sd","13:54:00",14340100
9340,340,500,"sd","13:54:00",14339600
9350,350,100,"bu","13:54:00",14339100
9340,340,1000,"sd","13:54:00",14339000
9340,340,1000,"sd","13:54:00",14338000
9350,350,100,"bu","13:53:59",14337000
9340,340,1200,"sd","13:53:59",14336900
9340,340,200,"sd","13:53:59",14335700
9350,350,1000,"bu","13:53:59",14335500
9340,340,1000,"sd","13:53:59",14334500
9340,340,3800,"sd","13:53:59",14333500
9340,340,800,"sd","13:53:59",14329700
9350,350,300,"bu","13:53:59",14328900
9340,340,300,"sd","13:53:58",14328600
9340,340,200,"sd","13:53:58",14328300
9340,340,200,"sd","13:53:58",14328100
9340,340,500,"sd","13:53:58",14327900
9340,340,100,"sd","13:53:58",14327400
9340,340,1200,"sd","13:53:57",14327300
9340,340,500,"sd","13:53:57",14326100
9340,340,3200,"sd","13:53:57",14325600
9340,340,500,"sd","13:53:57",14322400
9350,350,100,"sd","13:53:57",14321900
9340,340,100,"sd","13:53:57",14321800
9340,340,3800,"sd","13:53:56",14321700
9340,340,100,"sd","13:53:56",14317900
9350,350,100,"sd","13:53:56",14317800
9340,340,200,"sd","13:53:56",14317700
9340,340,5000,"sd","13:53:56",14317500
9350,350,1700,"sd","13:53:56",14312500
9350,350,100,"sd","13:53:56",14310800
9340,340,100,"sd","13:53:56",14310700
9340,340,1200,"sd","13:53:55",14310600
9350,350,500,"sd","13:53:55",14309400
9340,340,200,"sd","13:53:55",14308900
9350,350,3200,"sd","13:53:55",14308700
9350,350,100,"sd","13:53:54",14305500
9350,350,300,"sd","13:53:54",14305400
9350,350,500,"sd","13:53:53",14305100
9350,350,300,"sd","13:53:53",14304600
9350,350,200,"sd","13:53:53",14304300
9350,350,200,"sd","13:53:52",14304100
9350,350,1000,"sd","13:53:52",14303900
9350,350,15800,"sd","13:53:51",14302900
9350,350,3100,"sd","13:53:51",14287100
9350,350,6800,"sd","13:53:51",14284000
9350,350,1000,"sd","13:53:50",14277200
9350,350,2000,"sd","13:53:50",14276200
9350,350,3000,"sd","13:53:50",14274200
9350,350,1800,"sd","13:53:50",14271200
9350,350,5000,"sd","13:53:50",14269400
9350,350,6200,"sd","13:53:50",14264400
9350,350,1000,"sd","13:53:50",14258200
9350,350,100,"sd","13:53:49",14257200
9350,350,1000,"sd","13:53:49",14257100
9350,350,500,"sd","13:53:49",14256100
9350,350,10000,"sd","13:53:49",14255600
9350,350,500,"sd","13:53:49",14245600
9350,350,1000,"sd","13:53:49",14245100
9350,350,4000,"sd","13:53:49",14244100
9350,350,2100,"sd","13:53:48",14240100
9350,350,2000,"sd","13:53:48",14238000
9350,350,300,"sd","13:53:48",14236000
9350,350,500,"sd","13:53:48",14235700
9350,350,5400,"sd","13:53:48",14235200
9350,350,200,"sd","13:53:48",14229800
9350,350,9000,"sd","13:53:47",14229600
9350,350,4400,"sd","13:53:47",14220600
9350,350,300,"sd","13:53:47",14216200
9350,350,600,"sd","13:53:47",14215900
9350,350,500,"sd","13:53:47",14215300
9350,350,500,"sd","13:53:47",14214800
9350,350,10000,"sd","13:53:46",14214300
9350,350,2000,"sd","13:53:46",14204300
9350,350,100,"sd","13:53:46",14202300
9350,350,400,"sd","13:53:46",14202200
9350,350,1500,"sd","13:53:46",14201800
9350,350,1000,"sd","13:53:46",14200300
9350,350,100,"sd","13:53:46",14199300
9350,350,10000,"sd","13:53:46",14199200
9350,350,10000,"sd","13:53:46",14189200
9350,350,5000,"sd","13:53:46",14179200
9350,350,1800,"sd","13:53:46",14174200
9350,350,100,"sd","13:53:46",14172400
9350,350,1000,"sd","13:53:46",14172300
9350,350,300,"sd","13:53:46",14171300
9350,350,1300,"sd","13:53:45",14171000
9350,350,500,"sd","13:53:45",14169700
9350,350,500,"sd","13:53:45",14169200
9350,350,8000,"sd","13:53:45",14168700
9350,350,200,"sd","13:53:45",14160700
9350,350,3000,"sd","13:53:45",14160500
9350,350,10700,"sd","13:53:45",14157500
9350,350,1000,"sd","13:53:45",14146800
9350,350,4000,"sd","13:53:45",14145800
9350,350,10000,"sd","13:53:45",14141800
9350,350,200,"sd","13:53:45",14131800
9350,350,1000,"sd","13:53:45",14131600
9350,350,200,"sd","13:53:45",14130600
9350,350,300,"sd","13:53:42",14130400
9350,350,800,"sd","13:53:41",14130100
9350,350,1000,"sd","13:53:41",14129300
9350,350,1000,"sd","13:53:41",14128300
9350,350,500,"sd","13:53:41",14127300
9350,350,200,"sd","13:53:41",14126800
9350,350,1200,"sd","13:53:40",14126600
9350,350,300,"sd","13:53:40",14125400
9350,350,4200,"sd","13:53:40",14125100
9350,350,300,"sd","13:53:40",14120900
9350,350,1000,"sd","13:53:40",14120600
9350,350,100,"sd","13:53:40",14119600
9350,350,500,"sd","13:53:40",14119500
9350,350,1000,"sd","13:53:40",14119000
9350,350,200,"sd","13:53:40",14118000
9350,350,200,"sd","13:53:39",14117800
9350,350,100,"sd","13:53:39",14117600
9350,350,100,"sd","13:53:39",14117500
9350,350,100,"sd","13:53:38",14117400
9350,350,700,"sd","13:53:37",14117300
9350,350,300,"sd","13:53:37",14116600
9350,350,500,"sd","13:53:37",14116300
9350,350,1500,"sd","13:53:37",14115800
9350,350,100,"sd","13:53:37",14114300
9350,350,4700,"sd","13:53:37",14114200
9350,350,700,"sd","13:53:37",14109500
9350,350,200,"sd","13:53:37",14108800
9350,350,300,"sd","13:53:37",14108600
9350,350,2000,"sd","13:53:37",14108300
9350,350,300,"sd","13:53:36",14106300
9350,350,200,"sd","13:53:36",14106000
9350,350,500,"sd","13:53:36",14105800
9350,350,100,"sd","13:53:35",14105300
9350,350,1000,"sd","13:53:34",14105200
9350,350,2000,"sd","13:53:34",14104200
9350,350,400,"sd","13:53:34",14102200
9350,350,100,"sd","13:53:34",14101800
9350,350,1000,"sd","13:53:34",14101700
9350,350,500,"sd","13:53:34",14100700
9350,350,2000,"sd","13:53:34",14100200
9350,350,100,"sd","13:53:33",14098200
9350,350,500,"sd","13:53:33",14098100
9350,350,200,"sd","13:53:33",14097600
9350,350,1000,"sd","13:53:33",14097400
9350,350,1000,"sd","13:53:33",14096400
9350,350,500,"sd","13:53:33",14095400
9350,350,500,"sd","13:53:33",14094900
9350,350,10000,"sd","13:53:33",14094400
9350,350,1400,"sd","13:53:33",14084400
9350,350,24300,"sd","13:53:33",14083000
9350,350,3000,"sd","13:53:33",14058700
9350,350,500,"sd","13:53:33",14055700
9350,350,500,"sd","13:53:32",14055200
9350,350,1300,"sd","13:53:28",14054700
9360,360,200,"bu","13:53:20",14053400
9360,360,1500,"unknown","13:53:13",14053200
9360,360,1500,"unknown","13:53:13",14051700
9360,360,6000,"sd","13:53:13",14050200
9360,360,1000,"sd","13:53:12",14044200
9360,360,100,"sd","13:53:12",14043200
9360,360,300,"sd","13:53:12",14043100
9360,360,100,"sd","13:53:11",14042800
9360,360,100,"sd","13:53:11",14042700
9360,360,100,"sd","13:53:10",14042600
9360,360,1100,"sd","13:53:10",14042500
9360,360,1700,"sd","13:53:10",14041400
9360,360,3500,"sd","13:53:10",14039700
9360,360,1900,"sd","13:53:10",14036200
9360,360,100,"sd","13:53:10",14034300
9360,360,500,"sd","13:53:10",14034200
9360,360,500,"sd","13:53:09",14033700
9360,360,500,"sd","13:53:09",14033200
9360,360,100,"sd","13:53:09",14032700
9360,360,2600,"sd","13:53:09",14032600
9360,360,100,"sd","13:53:09",14030000
9360,360,300,"sd","13:53:08",14029900
9360,360,300,"sd","13:53:08",14029600
9360,360,3000,"sd","13:53:08",14029300
9360,360,2000,"sd","13:53:08",14026300
9360,360,100,"sd","13:53:07",14024300
9360,360,1000,"sd","13:53:07",14024200
9360,360,1300,"sd","13:53:07",14023200
9360,360,1500,"sd","13:53:06",14021900
9360,360,100,"sd","13:53:06",14020400
9360,360,1000,"sd","13:53:06",14020300
9360,360,1700,"sd","13:53:06",14019300
9360,360,1700,"sd","13:53:05",14017600
9360,360,2000,"sd","13:53:05",14015900
9360,360,400,"sd","13:53:05",14013900
9360,360,5800,"sd","13:53:05",14013500
9360,360,600,"sd","13:53:05",14007700
9360,360,1000,"sd","13:53:04",14007100
9360,360,400,"sd","13:53:03",14006100
9360,360,8000,"sd","13:53:00",14005700
9360,360,5000,"sd","13:53:00",13997700
9360,360,1200,"sd","13:52:55",13992700
9360,360,5000,"sd","13:52:55",13991500
9360,360,10000,"sd","13:52:55",13986500
9360,360,10000,"sd","13:52:55",13976500
9360,360,100,"sd","13:52:55",13966500
9360,360,500,"sd","13:52:55",13966400
9360,360,100,"sd","13:52:55",13965900
9360,360,200,"sd","13:52:55",13965800
9360,360,7900,"sd","13:52:55",13965600
9360,360,2000,"sd","13:52:50",13957700
9360,360,100,"sd","13:52:46",13955700
9370,370,200,"bu","13:52:45",13955600
9370,370,100,"bu","13:52:32",13955400
9370,370,100,"bu","13:52:31",13955300
9370,370,700,"sd","13:52:23",13955200
9370,370,4300,"sd","13:52:22",13954500
9370,370,200,"sd","13:52:22",13950200
9370,370,2000,"sd","13:52:22",13950000
9370,370,200,"sd","13:52:22",13948000
9370,370,2400,"sd","13:52:22",13947800
9370,370,3000,"sd","13:52:22",13945400
9370,370,5000,"sd","13:52:22",13942400
9370,370,10000,"sd","13:52:22",13937400
9370,370,1000,"sd","13:52:22",13927400
9370,370,1000,"sd","13:52:22",13926400
9370,370,100,"sd","13:52:22",13925400
9370,370,2000,"sd","13:52:22",13925300
9370,370,1800,"sd","13:52:22",13923300
9370,370,400,"sd","13:52:19",13921500
9370,370,20000,"sd","13:52:19",13921100
9370,370,100,"sd","13:52:19",13901100
9370,370,1000,"sd","13:52:19",13901000
9370,370,100,"sd","13:52:19",13900000
9370,370,100,"sd","13:52:19",13899900
9370,370,7100,"sd","13:52:19",13899800
9370,370,1000,"sd","13:52:19",13892700
9370,370,2000,"sd","13:52:19",13891700
9370,370,1000,"sd","13:52:18",13889700
9370,370,3300,"sd","13:52:18",13888700
9370,370,500,"sd","13:52:18",13885400
9370,370,500,"sd","13:52:18",13884900
9370,370,1000,"sd","13:52:18",13884400
9370,370,2500,"sd","13:52:18",13883400
9370,370,8200,"sd","13:52:18",13880900
9370,370,1200,"sd","13:52:18",13872700
9370,370,1000,"sd","13:52:18",13871500
9370,370,1800,"sd","13:52:17",13870500
9370,370,400,"sd","13:52:17",13868700
9370,370,2500,"sd","13:52:13",13868300
9370,370,150800,"sd","13:52:13",13865800
9370,370,100,"sd","13:52:11",13715000
9370,370,10000,"sd","13:52:10",13714900
9370,370,200,"sd","13:52:09",13704900
9370,370,10000,"sd","13:52:07",13704700
9370,370,1800,"sd","13:52:05",13694700
9370,370,200,"sd","13:52:04",13692900
9370,370,100000,"sd","13:52:01",13692700
9370,370,400,"sd","13:51:55",13592700
9370,370,500,"sd","13:51:55",13592300
9370,370,400,"sd","13:51:54",13591800
9370,370,2000,"sd","13:51:52",13591400
9370,370,10000,"sd","13:51:35",13589400
9380,380,500,"bu","13:51:34",13579400
9370,370,500,"sd","13:51:24",13578900
9370,370,6000,"sd","13:51:22",13578400
9370,370,1000,"sd","13:51:16",13572400
9370,370,2000,"sd","13:51:11",13571400
9370,370,3000,"sd","13:50:51",13569400
9380,380,2000,"bu","13:50:50",13566400
9370,370,100,"sd","13:50:46",13564400
9370,370,1000,"sd","13:50:38",13564300
9370,370,1000,"sd","13:50:27",13563300
9380,380,1500,"bu","13:50:20",13562300
9380,380,8500,"bu","13:50:20",13560800
9370,370,300,"sd","13:50:15",13552300
9370,370,1000,"sd","13:50:12",13552000
9380,380,1000,"bu","13:50:10",13551000
9370,370,100,"sd","13:50:07",13550000
9370,370,500,"sd","13:50:03",13549900
9380,380,5900,"bu","13:50:02",13549400
9380,380,100,"bu","13:50:02",13543500
9380,380,1000,"bu","13:50:02",13543400
9370,370,1200,"sd","13:50:02",13542400
9370,370,100,"sd","13:50:01",13541200
9370,370,1000,"sd","13:49:56",13541100
9370,370,30000,"sd","13:49:47",13540100
9380,380,1800,"bu","13:49:43",13510100
9380,380,500,"bu","13:49:26",13508300
9370,370,5000,"sd","13:49:26",13507800
9370,370,5000,"sd","13:49:10",13502800
9380,380,200,"bu","13:49:09",13497800
9380,380,1500,"bu","13:49:02",13497600
9380,380,300,"bu","13:49:02",13496100
9380,380,300,"bu","13:49:02",13495800
9380,380,100,"bu","13:49:02",13495500
9380,380,1000,"bu","13:49:02",13495400
9380,380,200,"bu","13:49:02",13494400
9380,380,100,"bu","13:49:02",13494200
9380,380,5000,"bu","13:49:02",13494100
9380,380,6300,"bu","13:49:02",13489100
9380,380,20000,"bu","13:49:02",13482800
9380,380,2500,"bu","13:49:02",13462800
9380,380,1000,"bu","13:49:01",13460300
9370,370,1000,"sd","13:49:01",13459300
9370,370,5000,"sd","13:48:55",13458300
9370,370,1000,"sd","13:48:51",13453300
9370,370,200,"sd","13:48:37",13452300
9370,370,1000,"sd","13:48:31",13452100
9370,370,200,"sd","13:48:16",13451100
9370,370,400,"sd","13:48:14",13450900
9370,370,600,"sd","13:48:14",13450500
9370,370,400,"sd","13:48:10",13449900
9370,370,100,"sd","13:48:10",13449500
9370,370,900,"sd","13:48:03",13449400
9370,370,300,"sd","13:48:03",13448500
9370,370,800,"sd","13:48:03",13448200
9380,380,900,"bu","13:48:02",13447400
9370,370,100,"sd","13:47:54",13446500
9370,370,100,"sd","13:47:32",13446400
9370,370,200,"sd","13:47:23",13446300
9380,380,4500,"bu","13:47:17",13446100
9370,370,200,"sd","13:46:57",13441600
9380,380,100,"bu","13:46:50",13441400
9380,380,1000,"bu","13:46:44",13441300
9380,380,100,"bu","13:46:21",13440300
9380,380,100,"bu","13:46:11",13440200
9380,380,100,"bu","13:46:04",13440100
9380,380,100,"bu","13:46:01",13440000
9380,380,4600,"bu","13:45:41",13439900
9380,380,1000,"bu","13:45:41",13435300
9380,380,5000,"bu","13:45:41",13434300
9380,380,500,"bu","13:45:41",13429300
9380,380,900,"bu","13:45:41",13428800
9380,380,2000,"bu","13:45:22",13427900
9370,370,1000,"sd","13:45:22",13425900
9370,370,500,"sd","13:45:10",13424900
9370,370,500,"sd","13:45:08",13424400
9370,370,100,"sd","13:44:58",13423900
9380,380,100,"bu","13:44:21",13423800
9370,370,200,"sd","13:44:08",13423700
9370,370,100,"sd","13:44:05",13423500
9370,370,500,"sd","13:43:54",13423400
9370,370,200,"sd","13:43:54",13422900
9370,370,2000,"sd","13:43:54",13422700
9370,370,3200,"sd","13:43:54",13420700
9370,370,500,"sd","13:43:54",13417500
9370,370,3000,"sd","13:43:54",13417000
9370,370,9200,"bu","13:43:54",13414000
9370,370,500,"bu","13:43:53",13404800
9370,370,3500,"bu","13:43:51",13404300
9370,370,400,"bu","13:43:48",13400800
9370,370,6400,"bu","13:43:47",13400400
9370,370,1000,"bu","13:43:47",13394000
9370,370,100,"bu","13:43:47",13393000
9370,370,1000,"bu","13:43:47",13392900
9370,370,200,"bu","13:43:47",13391900
9370,370,4300,"bu","13:43:47",13391700
9370,370,800,"bu","13:43:43",13387400
9360,360,500,"sd","13:43:43",13386600
9370,370,10000,"bu","13:43:41",13386100
9370,370,2000,"bu","13:43:38",13376100
9370,370,100,"bu","13:43:33",13374100
9360,360,300,"sd","13:43:26",13374000
9370,370,1000,"bu","13:43:20",13373700
9370,370,100,"bu","13:43:19",13372700
9370,370,2000,"bu","13:43:16",13372600
9360,360,100,"sd","13:43:14",13370600
9360,360,100,"sd","13:43:14",13370500
9360,360,5000,"sd","13:43:14",13370400
9360,360,100,"sd","13:43:14",13365400
9360,360,21600,"sd","13:43:14",13365300
9360,360,300,"sd","13:43:14",13343700
9360,360,1000,"sd","13:43:14",13343400
9360,360,5600,"sd","13:43:14",13342400
9360,360,500,"sd","13:43:14",13336800
9360,360,500,"sd","13:43:14",13336300
9360,360,100,"sd","13:43:14",13335800
9360,360,1500,"sd","13:43:14",13335700
9360,360,2000,"sd","13:43:14",13334200
9360,360,1000,"sd","13:43:14",13332200
9360,360,4800,"sd","13:43:14",13331200
9360,360,1000,"sd","13:43:14",13326400
9360,360,2000,"sd","13:43:14",13325400
9360,360,100,"sd","13:43:14",13323400
9360,360,2000,"sd","13:43:14",13323300
9360,360,100,"sd","13:43:14",13321300
9360,360,100,"sd","13:43:14",13321200
9360,360,500,"sd","13:43:14",13321100
9370,370,9000,"bu","13:43:13",13320600
9370,370,20700,"bu","13:43:07",13311600
9370,370,3900,"bu","13:43:07",13290900
9370,370,400,"bu","13:43:07",13287000
9370,370,2000,"bu","13:43:06",13286600
9370,370,100,"bu","13:43:06",13284600
9370,370,500,"bu","13:43:06",13284500
9370,370,200,"bu","13:43:06",13284000
9370,370,1500,"bu","13:43:06",13283800
9370,370,600,"bu","13:43:06",13282300
9370,370,100,"bu","13:43:06",13281700
9370,370,400,"bu","13:43:05",13281600
9370,370,1600,"bu","13:43:05",13281200
9360,360,2900,"sd","13:42:48",13279600
9370,370,500,"bu","13:42:46",13276700
9370,370,100,"bu","13:42:31",13276200
9370,370,100,"bu","13:42:21",13276100
9360,360,400,"sd","13:42:08",13276000
9360,360,300,"sd","13:42:07",13275600
9360,360,1600,"sd","13:42:04",13275300
9360,360,200,"sd","13:42:01",13273700
9360,360,1000,"sd","13:42:01",13273500
9360,360,4800,"sd","13:42:01",13272500
9360,360,900,"sd","13:42:01",13267700
9360,360,100,"sd","13:41:55",13266800
9360,360,1000,"sd","13:41:55",13266700
9360,360,1700,"sd","13:41:55",13265700
9360,360,100,"sd","13:41:55",13264000
9360,360,100,"sd","13:41:55",13263900
9360,360,100,"sd","13:41:55",13263800
9360,360,1900,"sd","13:41:55",13263700
9360,360,1100,"sd","13:41:54",13261800
9360,360,100,"sd","13:41:54",13260700
9360,360,1800,"sd","13:41:54",13260600
9360,360,3000,"sd","13:41:30",13258800
9370,370,300,"bu","13:41:27",13255800
9360,360,300,"sd","13:41:24",13255500
9360,360,200,"sd","13:41:23",13255200
9370,370,2400,"bu","13:41:20",13255000
9370,370,200,"bu","13:41:20",13252600
9370,370,1000,"bu","13:41:20",13252400
9370,370,1400,"bu","13:41:20",13251400
9360,360,200,"sd","13:41:15",13250000
9370,370,200,"bu","13:41:11",13249800
9360,360,500,"sd","13:41:11",13249600
9360,360,100,"sd","13:41:11",13249100
9370,370,100,"bu","13:41:05",13249000
9370,370,8000,"bu","13:40:59",13248900
9370,370,300,"bu","13:40:46",13240900
9370,370,400,"bu","13:40:46",13240600
9370,370,300,"bu","13:40:46",13240200
9370,370,1000,"bu","13:40:41",13239900
9360,360,500,"sd","13:40:38",13238900
9360,360,1400,"sd","13:40:31",13238400
9360,360,100,"sd","13:40:31",13237000
9360,360,500,"sd","13:40:31",13236900
9370,370,700,"bu","13:40:31",13236400
9370,370,300,"bu","13:40:31",13235700
9370,370,100,"bu","13:40:26",13235400
9370,370,1600,"bu","13:40:24",13235300
9370,370,1000,"bu","13:40:23",13233700
9370,370,100,"bu","13:40:22",13232700
9370,370,20000,"bu","13:40:19",13232600
9370,370,7500,"bu","13:40:11",13212600
9370,370,1400,"bu","13:40:11",13205100
9370,370,1000,"bu","13:40:10",13203700
9370,370,100,"bu","13:40:10",13202700
9370,370,1000,"bu","13:40:10",13202600
9370,370,600,"bu","13:40:10",13201600
9370,370,45900,"bu","13:40:10",13201000
9370,370,2000,"bu","13:40:02",13155100
9370,370,2000,"bu","13:40:00",13153100
9370,370,400,"bu","13:39:53",13151100
9370,370,100,"bu","13:39:53",13150700
9370,370,500,"bu","13:39:53",13150600
9370,370,500,"bu","13:39:53",13150100
9370,370,500,"bu","13:39:53",13149600
9360,360,2000,"sd","13:39:46",13149100
9370,370,200,"sd","13:39:19",13147100
9370,370,400,"sd","13:39:19",13146900
9370,370,900,"sd","13:39:14",13146500
9370,370,300,"sd","13:39:14",13145600
9370,370,600,"sd","13:39:14",13145300
9370,370,400,"sd","13:39:14",13144700
9370,370,5000,"sd","13:39:05",13144300
9370,370,700,"sd","13:39:05",13139300
9370,370,1000,"bu","13:39:05",13138600
9370,370,1000,"bu","13:39:05",13137600
9370,370,5800,"sd","13:38:57",13136600
9370,370,100,"sd","13:38:56",13130800
9370,370,100,"sd","13:38:56",13130700
9370,370,900,"sd","13:38:56",13130600
9370,370,100,"sd","13:38:56",13129700
9370,370,1000,"sd","13:38:51",13129600
9370,370,2500,"sd","13:38:50",13128600
9370,370,200,"sd","13:38:49",13126100
9370,370,10000,"sd","13:38:46",13125900
9370,370,500,"bu","13:38:36",13115900
9370,370,2000,"bu","13:38:36",13115400
9370,370,17000,"bu","13:38:36",13113400
9370,370,5000,"bu","13:38:36",13096400
9370,370,50000,"bu","13:38:36",13091400
9370,370,2000,"bu","13:38:36",13041400
9370,370,1500,"bu","13:38:36",13039400
9370,370,200,"bu","13:38:36",13037900
9370,370,500,"bu","13:38:36",13037700
9370,370,2400,"bu","13:38:36",13037200
9370,370,2000,"bu","13:38:36",13034800
9370,370,2000,"bu","13:38:36",13032800
9370,370,1000,"bu","13:38:36",13030800
9370,370,100,"bu","13:38:36",13029800
9360,360,1500,"sd","13:38:31",13029700
9360,360,5000,"sd","13:38:30",13028200
9360,360,1000,"sd","13:38:25",13023200
9360,360,2000,"sd","13:38:19",13022200
9360,360,1000,"sd","13:38:19",13020200
9360,360,2000,"sd","13:38:19",13019200
9360,360,2000,"sd","13:38:15",13017200
9360,360,1000,"sd","13:38:15",13015200
9360,360,100,"sd","13:38:15",13014200
9360,360,1600,"sd","13:38:15",13014100
9360,360,100,"sd","13:38:15",13012500
9360,360,200,"sd","13:38:15",13012400
9370,370,300,"bu","13:38:14",13012200
9370,370,400,"bu","13:37:55",13011900
9370,370,1600,"bu","13:37:47",13011500
9370,370,3000,"bu","13:37:47",13009900
9370,370,400,"bu","13:37:47",13006900
9370,370,600,"bu","13:37:39",13006500
9370,370,400,"bu","13:37:39",13005900
9370,370,4000,"bu","13:37:39",13005500
9370,370,1000,"bu","13:37:37",13001500
9370,370,1000,"bu","13:37:37",13000500
9370,370,100,"bu","13:37:16",12999500
9360,360,500,"sd","13:37:14",12999400
9360,360,300,"sd","13:37:12",12998900
9360,360,700,"sd","13:37:12",12998600
9370,370,5000,"bu","13:37:07",12997900
9370,370,200,"bu","13:37:02",12992900
9370,370,5000,"bu","13:36:49",12992700
9370,370,300,"bu","13:36:49",12987700
9370,370,5000,"sd","13:36:48",12987400
9370,370,1000,"sd","13:36:48",12982400
9370,370,4000,"sd","13:36:48",12981400
9380,380,2000,"bu","13:36:45",12977400
9380,380,200,"bu","13:36:45",12975400
9370,370,5600,"sd","13:36:44",12975200
9370,370,2000,"sd","13:36:44",12969600
9370,370,10000,"sd","13:36:44",12967600
9370,370,2400,"sd","13:36:44",12957600
9370,370,500,"sd","13:36:43",12955200
9370,370,2100,"sd","13:36:43",12954700
9370,370,300,"sd","13:36:43",12952600
9370,370,2600,"sd","13:36:43",12952300
9370,370,400,"sd","13:36:43",12949700
9370,370,300,"sd","13:36:43",12949300
9370,370,3000,"sd","13:36:43",12949000
9370,370,500,"sd","13:36:43",12946000
9370,370,12200,"sd","13:36:43",12945500
9370,370,500,"sd","13:36:42",12933300
9370,370,100,"sd","13:36:41",12932800
9370,370,7200,"sd","13:36:39",12932700
9370,370,2800,"sd","13:36:39",12925500
9370,370,20000,"sd","13:36:37",12922700
9370,370,100,"sd","13:36:36",12902700
9370,370,3000,"sd","13:36:35",12902600
9370,370,800,"sd","13:36:33",12899600
9370,370,2300,"sd","13:36:31",12898800
9370,370,900,"sd","13:36:31",12896500
9370,370,1000,"sd","13:36:31",12895600
9370,370,200,"sd","13:36:31",12894600
9370,370,1600,"sd","13:36:31",12894400
9380,380,100,"bu","13:36:26",12892800
9370,370,800,"sd","13:36:23",12892700
9370,370,1200,"sd","13:36:23",12891900
9380,380,200,"bu","13:36:17",12890700
9380,380,300,"bu","13:36:17",12890500
9370,370,3000,"sd","13:36:15",12890200
9370,370,500,"sd","13:36:14",12887200
9370,370,300,"sd","13:36:11",12886700
9370,370,200,"sd","13:36:11",12886400
9370,370,200,"sd","13:36:09",12886200
9370,370,600,"sd","13:36:08",12886000
9370,370,400,"sd","13:36:08",12885400
9370,370,500,"sd","13:36:08",12885000
9370,370,100,"sd","13:36:06",12884500
9370,370,100,"sd","13:36:06",12884400
9370,370,4800,"sd","13:36:06",12884300
9370,370,200,"sd","13:36:06",12879500
9370,370,300,"sd","13:36:06",12879300
9370,370,200,"sd","13:36:04",12879000
9370,370,1000,"sd","13:36:04",12878800
9370,370,700,"sd","13:36:04",12877800
9370,370,100,"sd","13:36:04",12877100
9370,370,1000,"sd","13:36:04",12877000
9370,370,1000,"sd","13:36:04",12876000
9370,370,10000,"sd","13:36:04",12875000
9370,370,60000,"sd","13:36:04",12865000
9370,370,15000,"sd","13:36:04",12805000
9370,370,10000,"sd","13:36:04",12790000
9370,370,200,"sd","13:36:04",12780000
9370,370,3300,"sd","13:36:04",12779800
9370,370,1000,"sd","13:35:50",12776500
9370,370,2300,"sd","13:35:49",12775500
9380,380,500,"bu","13:35:46",12773200
9370,370,3000,"sd","13:35:44",12772700
9370,370,400,"sd","13:35:39",12769700
9370,370,3000,"sd","13:35:39",12769300
9370,370,1600,"sd","13:35:39",12766300
9380,380,300,"bu","13:35:36",12764700
9370,370,8400,"sd","13:35:35",12764400
9370,370,6600,"sd","13:35:35",12756000
9380,380,100,"bu","13:35:29",12749400
9370,370,400,"sd","13:35:28",12749300
9380,380,600,"bu","13:35:26",12748900
9370,370,1000,"sd","13:35:21",12748300
9370,370,100,"sd","13:35:19",12747300
9370,370,1100,"sd","13:35:12",12747200
9370,370,100,"sd","13:35:00",12746100
9380,380,3200,"bu","13:34:57",12746000
9380,380,1800,"bu","13:34:57",12742800
9380,380,1200,"bu","13:34:56",12741000
9380,380,2000,"bu","13:34:53",12739800
9380,380,1200,"bu","13:34:53",12737800
9380,380,200,"bu","13:34:48",12736600
9380,380,600,"bu","13:34:47",12736400
9380,380,1000,"bu","13:34:47",12735800
9380,380,1400,"bu","13:34:47",12734800
9380,380,600,"bu","13:34:38",12733400
9380,380,1400,"bu","13:34:38",12732800
9380,380,600,"bu","13:34:37",12731400
9380,380,4100,"bu","13:34:37",12730800
9370,370,100,"sd","13:34:35",12726700
9380,380,3000,"bu","13:34:34",12726600
9380,380,2900,"bu","13:34:24",12723600
9380,380,100,"bu","13:34:24",12720700
9380,380,9900,"bu","13:34:24",12720600
9380,380,100,"bu","13:34:24",12710700
9380,380,1400,"bu","13:34:23",12710600
9380,380,2800,"bu","13:34:23",12709200
9380,380,2800,"bu","13:34:23",12706400
9380,380,200,"bu","13:33:49",12703600
9380,380,100,"bu","13:33:46",12703400
9380,380,3000,"bu","13:33:43",12703300
9380,380,5500,"bu","13:33:39",12700300
9370,370,300,"sd","13:33:39",12694800
9380,380,2000,"bu","13:33:37",12694500
9380,380,500,"sd","13:33:25",12692500
9380,380,6700,"sd","13:33:25",12692000
9380,380,600,"sd","13:33:25",12685300
9380,380,800,"sd","13:33:25",12684700
9380,380,5000,"sd","13:33:25",12683900
9380,380,5000,"sd","13:33:25",12678900
9380,380,900,"sd","13:33:25",12673900
9380,380,300,"sd","13:33:25",12673000
9380,380,1500,"sd","13:33:25",12672700
9380,380,4100,"sd","13:33:25",12671200
9380,380,10000,"sd","13:33:25",12667100
9380,380,1000,"sd","13:33:25",12657100
9380,380,1900,"sd","13:33:23",12656100
9380,380,1000,"sd","13:33:23",12654200
9380,380,1000,"sd","13:33:23",12653200
9380,380,3000,"sd","13:33:23",12652200
9380,380,3000,"sd","13:33:23",12649200
9380,380,3000,"sd","13:33:23",12646200
9380,380,100,"sd","13:33:23",12643200
9380,380,1000,"sd","13:33:23",12643100
9380,380,6000,"sd","13:33:23",12642100
9380,380,100,"sd","13:33:22",12636100
9380,380,500,"sd","13:33:20",12636000
9380,380,1000,"sd","13:33:18",12635500
9380,380,1400,"sd","13:33:18",12634500
9380,380,1700,"sd","13:33:18",12633100
9380,380,100,"sd","13:33:18",12631400
9380,380,1800,"sd","13:33:18",12631300
9380,380,500,"sd","13:33:16",12629500
9380,380,1400,"sd","13:33:16",12629000
9380,380,1000,"sd","13:33:16",12627600
9380,380,1100,"sd","13:33:16",12626600
9380,380,13000,"sd","13:33:16",12625500
9380,380,1000,"sd","13:33:16",12612500
9380,380,5000,"sd","13:33:16",12611500
9380,380,5000,"sd","13:33:16",12606500
9380,380,5000,"sd","13:33:16",12601500
9380,380,100,"sd","13:33:16",12596500
9380,380,5000,"sd","13:33:16",12596400
9380,380,1000,"sd","13:33:16",12591400
9380,380,2300,"sd","13:33:16",12590400
9380,380,8600,"sd","13:33:16",12588100
9390,390,1000,"bu","13:32:58",12579500
9380,380,11400,"sd","13:32:51",12578500
9380,380,5000,"sd","13:32:51",12567100
9380,380,3600,"sd","13:32:51",12562100
9390,390,300,"bu","13:32:45",12558500
9390,390,100,"bu","13:32:45",12558200
9390,390,5000,"bu","13:32:45",12558100
9390,390,4600,"bu","13:32:45",12553100
9390,390,3000,"bu","13:32:42",12548500
9390,390,1000,"bu","13:32:41",12545500
9390,390,1000,"bu","13:32:41",12544500
9390,390,200,"bu","13:32:33",12543500
9390,390,200,"bu","13:32:31",12543300
9390,390,300,"bu","13:32:31",12543100
9390,390,700,"bu","13:32:31",12542800
9390,390,4300,"bu","13:32:31",12542100
9390,390,3700,"bu","13:32:30",12537800
9390,390,100,"bu","13:32:30",12534100
9390,390,500,"bu","13:32:30",12534000
9390,390,1000,"bu","13:32:30",12533500
9390,390,200,"bu","13:32:30",12532500
9390,390,2000,"bu","13:32:27",12532300
9390,390,800,"bu","13:32:19",12530300
9390,390,1200,"bu","13:32:19",12529500
9390,390,1000,"bu","13:32:19",12528300
9390,390,800,"bu","13:32:18",12527300
9390,390,2200,"bu","13:32:18",12526500
9390,390,2800,"bu","13:32:14",12524300
9390,390,2000,"bu","13:32:14",12521500
9390,390,200,"bu","13:32:14",12519500
9390,390,700,"bu","13:32:14",12519300
9390,390,1000,"bu","13:32:04",12518600
9390,390,200,"bu","13:32:04",12517600
9390,390,100,"bu","13:32:04",12517400
9390,390,100,"bu","13:32:03",12517300
9390,390,900,"bu","13:32:03",12517200
9390,390,100,"bu","13:32:03",12516300
9390,390,500,"bu","13:32:03",12516200
9390,390,100,"bu","13:32:03",12515700
9390,390,500,"bu","13:32:03",12515600
9390,390,2500,"bu","13:32:03",12515100
9390,390,200,"bu","13:32:02",12512600
9390,390,300,"bu","13:32:01",12512400
9390,390,300,"bu","13:32:01",12512100
9390,390,600,"bu","13:31:47",12511800
9380,380,500,"sd","13:31:35",12511200
9390,390,500,"bu","13:31:35",12510700
9390,390,500,"bu","13:31:32",12510200
9390,390,1800,"bu","13:31:19",12509700
9390,390,5000,"bu","13:31:08",12507900
9380,380,300,"sd","13:30:57",12502900
9390,390,1000,"bu","13:30:50",12502600
9390,390,300,"bu","13:30:44",12501600
9390,390,2000,"bu","13:30:44",12501300
9390,390,600,"bu","13:30:44",12499300
9390,390,2000,"bu","13:30:44",12498700
9390,390,400,"bu","13:30:44",12496700
9390,390,100,"bu","13:30:35",12496300
9390,390,500,"bu","13:30:35",12496200
9390,390,200,"bu","13:30:35",12495700
9390,390,200,"bu","13:30:35",12495500
9390,390,1000,"bu","13:30:35",12495300
9390,390,15500,"bu","13:30:35",12494300
9380,380,3100,"sd","13:30:34",12478800
9380,380,1000,"sd","13:30:33",12475700
9390,390,5000,"bu","13:30:32",12474700
9390,390,5000,"bu","13:30:31",12469700
9390,390,1000,"bu","13:30:30",12464700
9390,390,200,"bu","13:30:25",12463700
9390,390,100,"bu","13:30:25",12463500
9390,390,1000,"bu","13:30:23",12463400
9390,390,1000,"bu","13:30:18",12462400
9390,390,1200,"bu","13:30:12",12461400
9390,390,3800,"bu","13:30:12",12460200
9380,380,100,"sd","13:30:12",12456400
9390,390,500,"bu","13:30:07",12456300
9380,380,300,"sd","13:30:03",12455800
9380,380,400,"sd","13:29:58",12455500
9380,380,400,"sd","13:29:55",12455100
9390,390,5000,"bu","13:29:51",12454700
9380,380,700,"sd","13:29:51",12449700
9380,380,500,"sd","13:29:50",12449000
9390,390,700,"bu","13:29:46",12448500
9390,390,500,"bu","13:29:45",12447800
9390,390,100,"bu","13:29:45",12447300
9390,390,700,"bu","13:29:45",12447200
9380,380,3200,"bu","13:29:30",12446500
9380,380,5000,"bu","13:29:30",12443300
9380,380,900,"bu","13:29:30",12438300
9380,380,1000,"bu","13:29:29",12437400
9380,380,5000,"bu","13:29:29",12436400
9380,380,100,"bu","13:29:28",12431400
9380,380,1000,"bu","13:29:28",12431300
9380,380,500,"sd","13:29:28",12430300
9380,380,500,"sd","13:29:28",12429800
9380,380,6000,"sd","13:29:28",12429300
9380,380,100,"sd","13:29:27",12423300
9380,380,2000,"sd","13:29:26",12423200
9380,380,500,"sd","13:29:26",12421200
9380,380,1900,"sd","13:29:24",12420700
9380,380,1100,"sd","13:29:24",12418800
9380,380,100,"sd","13:29:13",12417700
9380,380,200,"sd","13:29:12",12417600
9380,380,100,"bu","13:29:05",12417400
9380,380,100,"bu","13:29:05",12417300
9380,380,200,"bu","13:29:05",12417200
9380,380,1000,"bu","13:29:01",12417000
9380,380,400,"bu","13:28:58",12416000
9380,380,500,"bu","13:28:55",12415600
9380,380,2000,"bu","13:28:54",12415100
9380,380,500,"bu","13:28:52",12413100
9380,380,500,"bu","13:28:51",12412600
9380,380,100,"bu","13:28:50",12412100
9380,380,800,"bu","13:28:46",12412000
9380,380,200,"bu","13:28:44",12411200
9380,380,3000,"bu","13:28:41",12411000
9380,380,3000,"bu","13:28:39",12408000
9380,380,3000,"sd","13:28:38",12405000
9380,380,100,"sd","13:28:38",12402000
9380,380,700,"sd","13:28:38",12401900
9380,380,200,"sd","13:28:37",12401200
9380,380,100,"sd","13:28:34",12401000
9380,380,1000,"sd","13:28:33",12400900
9380,380,100,"sd","13:28:27",12399900
9380,380,2000,"sd","13:28:27",12399800
9380,380,5600,"sd","13:28:27",12397800
9380,380,32300,"sd","13:28:27",12392200
9380,380,100,"sd","13:28:18",12359900
9380,380,1000,"sd","13:28:13",12359800
9380,380,100,"bu","13:27:57",12358800
9380,380,10000,"bu","13:27:57",12358700
9380,380,10200,"bu","13:27:57",12348700
9380,380,100,"bu","13:27:56",12338500
9380,380,5000,"bu","13:27:56",12338400
9380,380,400,"bu","13:27:56",12333400
9380,380,100,"bu","13:27:56",12333000
9380,380,200,"bu","13:27:56",12332900
9380,380,28700,"bu","13:27:56",12332700
9380,380,1000,"bu","13:27:56",12304000
9380,380,10000,"bu","13:27:56",12303000
9380,380,300,"bu","13:27:56",12293000
9380,380,500,"bu","13:27:56",12292700
9370,370,400,"sd","13:27:52",12292200
9380,380,100,"bu","13:27:49",12291800
9380,380,1000,"bu","13:27:48",12291700
9380,380,200,"bu","13:27:46",12290700
9380,380,1000,"bu","13:27:46",12290500
9380,380,100,"bu","13:27:46",12289500
9380,380,5000,"bu","13:27:46",12289400
9380,380,200,"bu","13:27:46",12284400
9380,380,200,"bu","13:27:46",12284200
9380,380,3300,"bu","13:27:46",12284000
9370,370,500,"sd","13:27:44",12280700
9370,370,1200,"sd","13:27:41",12280200
9380,380,500,"bu","13:27:33",12279000
9380,380,100,"bu","13:27:32",12278500
9380,380,1100,"bu","13:27:31",12278400
9380,380,200,"bu","13:27:31",12277300
9380,380,200,"bu","13:27:31",12277100
9380,380,100,"bu","13:27:31",12276900
9380,380,1400,"bu","13:27:31",12276800
9380,380,400,"bu","13:27:30",12275400
9380,380,300,"bu","13:27:25",12275000
9380,380,2000,"bu","13:27:19",12274700
9370,370,100,"sd","13:27:11",12272700
9370,370,200,"sd","13:27:00",12272600
9370,370,100,"sd","13:26:49",12272400
9370,370,200,"sd","13:26:49",12272300
9370,370,1000,"sd","13:26:49",12272100
9370,370,900,"sd","13:26:49",12271100
9380,380,1000,"bu","13:26:47",12270200
9370,370,100,"sd","13:26:40",12269200
9380,380,3000,"bu","13:26:37",12269100
9380,380,300,"bu","13:26:16",12266100
9370,370,700,"bu","13:26:16",12265800
9370,370,500,"bu","13:26:13",12265100
9370,370,800,"bu","13:26:12",12264600
9370,370,200,"bu","13:26:12",12263800
9370,370,100,"bu","13:26:07",12263600
9370,370,100,"bu","13:25:57",12263500
9370,370,3000,"bu","13:25:56",12263400
9370,370,10000,"sd","13:25:56",12260400
9370,370,500,"sd","13:25:56",12250400
9370,370,10000,"sd","13:25:56",12249900
9370,370,1000,"sd","13:25:56",12239900
9370,370,200,"sd","13:25:56",12238900
9370,370,1000,"sd","13:25:56",12238700
9370,370,5000,"sd","13:25:56",12237700
9370,370,500,"sd","13:25:56",12232700
9370,370,1000,"sd","13:25:56",12232200
9370,370,7700,"sd","13:25:56",12231200
9380,380,1000,"bu","13:25:55",12223500
9380,380,10000,"bu","13:25:46",12222500
9380,380,500,"bu","13:25:43",12212500
9370,370,1000,"sd","13:25:43",12212000
9370,370,1300,"sd","13:25:43",12211000
9370,370,2700,"sd","13:25:43",12209700
9370,370,200,"sd","13:25:40",12207000
9370,370,500,"sd","13:25:39",12206800
9370,370,1000,"sd","13:25:23",12206300
9380,380,1000,"bu","13:25:22",12205300
9380,380,4100,"bu","13:25:22",12204300
9380,380,100,"bu","13:25:22",12200200
9380,380,1000,"bu","13:25:22",12200100
9380,380,2000,"bu","13:25:22",12199100
9380,380,1400,"bu","13:25:22",12197100
9380,380,1400,"bu","13:25:22",12195700
9380,380,100,"bu","13:25:21",12194300
9380,380,1000,"bu","13:25:17",12194200
9380,380,100,"bu","13:25:14",12193200
9380,380,2000,"bu","13:25:14",12193100
9380,380,4300,"bu","13:25:14",12191100
9370,370,600,"sd","13:25:14",12186800
9370,370,400,"sd","13:25:14",12186200
9370,370,1600,"sd","13:25:08",12185800
9370,370,1800,"sd","13:25:08",12184200
9370,370,800,"sd","13:25:08",12182400
9370,370,2800,"sd","13:25:08",12181600
9370,370,200,"sd","13:25:08",12178800
9370,370,2800,"sd","13:25:08",12178600
9370,370,5000,"sd","13:25:03",12175800
9380,380,700,"bu","13:25:03",12170800
9380,380,200,"bu","13:25:03",12170100
9380,380,1000,"bu","13:25:03",12169900
9380,380,100,"bu","13:25:03",12168900
9370,370,100,"sd","13:25:02",12168800
9380,380,100,"bu","13:25:02",12168700
9370,370,700,"sd","13:24:53",12168600
9370,370,2000,"bu","13:24:48",12167900
9370,370,100,"bu","13:24:48",12165900
9370,370,1000,"bu","13:24:48",12165800
9370,370,1000,"bu","13:24:48",12164800
9370,370,2000,"bu","13:24:48",12163800
9370,370,6000,"bu","13:24:48",12161800
9370,370,9300,"bu","13:24:48",12155800
9370,370,700,"bu","13:24:48",12146500
9370,370,500,"bu","13:24:48",12145800
9370,370,8800,"bu","13:24:48",12145300
9370,370,5000,"bu","13:24:47",12136500
9370,370,1700,"bu","13:24:45",12131500
9360,360,4300,"sd","13:24:44",12129800
9360,360,3700,"sd","13:24:44",12125500
9360,360,2000,"sd","13:24:44",12121800
9360,360,10000,"sd","13:24:44",12119800
9370,370,4500,"bu","13:24:39",12109800
9370,370,500,"bu","13:24:39",12105300
9370,370,400,"bu","13:24:37",12104800
9370,370,900,"bu","13:24:37",12104400
9370,370,700,"bu","13:24:37",12103500
9370,370,1000,"bu","13:24:36",12102800
9370,370,5000,"bu","13:24:35",12101800
9370,370,5000,"bu","13:24:29",12096800
9360,360,400,"sd","13:24:28",12091800
9370,370,10000,"bu","13:24:26",12091400
9370,370,5000,"bu","13:24:24",12081400
9360,360,5000,"sd","13:24:21",12076400
9360,360,2000,"sd","13:24:21",12071400
9360,360,200,"sd","13:24:21",12069400
9360,360,200,"sd","13:24:21",12069200
9360,360,100,"sd","13:24:21",12069000
9360,360,300,"sd","13:24:21",12068900
9360,360,3000,"sd","13:24:21",12068600
9360,360,1000,"sd","13:24:21",12065600
9360,360,100,"sd","13:24:21",12064600
9360,360,700,"sd","13:24:21",12064500
9360,360,2000,"sd","13:24:21",12063800
9370,370,1000,"bu","13:24:21",12061800
9360,360,200,"sd","13:24:21",12060800
9360,360,5000,"sd","13:24:21",12060600
9360,360,1000,"sd","13:24:21",12055600
9360,360,10000,"sd","13:24:21",12054600
9360,360,100,"sd","13:24:21",12044600
9360,360,200,"sd","13:24:21",12044500
9360,360,400,"sd","13:24:21",12044300
9360,360,2000,"sd","13:24:20",12043900
9360,360,2000,"sd","13:24:20",12041900
9360,360,300,"sd","13:24:20",12039900
9360,360,500,"sd","13:24:20",12039600
9360,360,500,"sd","13:24:20",12039100
9360,360,100,"sd","13:24:20",12038600
9360,360,2000,"sd","13:24:20",12038500
9360,360,500,"sd","13:24:20",12036500
9360,360,1000,"sd","13:24:20",12036000
9360,360,7000,"sd","13:24:20",12035000
9370,370,300,"bu","13:24:16",12028000
9370,370,2000,"bu","13:24:15",12027700
9370,370,100,"bu","13:24:14",12025700
9370,370,1000,"bu","13:24:10",12025600
9370,370,5000,"bu","13:24:09",12024600
9370,370,5000,"bu","13:24:09",12019600
9370,370,300,"bu","13:24:03",12014600
9370,370,100,"sd","13:23:58",12014300
9370,370,2000,"sd","13:23:58",12014200
9370,370,1500,"sd","13:23:58",12012200
9370,370,10000,"sd","13:23:58",12010700
9370,370,100,"sd","13:23:58",12000700
9370,370,7400,"sd","13:23:58",12000600
9370,370,7500,"sd","13:23:58",11993200
9370,370,100,"sd","13:23:46",11985700
9370,370,600,"sd","13:23:44",11985600
9370,370,4900,"sd","13:23:39",11985000
9370,370,6900,"bu","13:23:39",11980100
9370,370,300,"bu","13:23:35",11973200
9370,370,700,"bu","13:23:32",11972900
9370,370,1000,"bu","13:23:32",11972200
9370,370,2000,"bu","13:23:32",11971200
9370,370,100,"sd","13:23:32",11969200
9370,370,500,"sd","13:23:32",11969100
9370,370,500,"sd","13:23:31",11968600
9370,370,200,"sd","13:23:25",11968100
9370,370,500,"sd","13:23:23",11967900
9370,370,100,"sd","13:23:13",11967400
9370,370,1200,"sd","13:23:13",11967300
9370,370,100,"sd","13:23:12",11966100
9370,370,500,"bu","13:23:08",11966000
9370,370,100,"bu","13:23:08",11965500
9370,370,1100,"bu","13:23:08",11965400
9370,370,2000,"bu","13:23:04",11964300
9370,370,100,"sd","13:23:00",11962300
9370,370,100,"sd","13:23:00",11962200
9370,370,700,"sd","13:23:00",11962100
9370,370,1000,"sd","13:23:00",11961400
9370,370,1000,"sd","13:23:00",11960400
9370,370,1000,"sd","13:23:00",11959400
9370,370,400,"sd","13:23:00",11958400
9370,370,500,"sd","13:23:00",11958000
9370,370,2100,"sd","13:23:00",11957500
9370,370,400,"sd","13:23:00",11955400
9370,370,7200,"sd","13:23:00",11955000
9370,370,100,"sd","13:23:00",11947800
9370,370,300,"sd","13:23:00",11947700
9370,370,200,"sd","13:23:00",11947400
9370,370,11800,"sd","13:23:00",11947200
9370,370,3200,"sd","13:22:58",11935400
9370,370,1000,"sd","13:22:58",11932200
9370,370,100,"sd","13:22:58",11931200
9370,370,300,"sd","13:22:58",11931100
9370,370,100,"sd","13:22:58",11930800
9370,370,5300,"sd","13:22:58",11930700
9370,370,10000,"sd","13:22:57",11925400
9370,370,2000,"sd","13:22:51",11915400
9370,370,1500,"sd","13:22:49",11913400
9370,370,1100,"sd","13:22:44",11911900
9380,380,600,"bu","13:22:24",11910800
9380,380,2100,"bu","13:22:24",11910200
9380,380,1000,"bu","13:21:59",11908100
9370,370,100,"sd","13:21:57",11907100
