"price","change","match_qtty","side","time","total_vol"
13100,-300,25500,"unknown","14:44:59",202100
13050,-350,2700,"bu","14:26:45",176600
13050,-350,1300,"bu","14:26:35",173900
13050,-350,5000,"sd","14:25:31",172600
13050,-350,1000,"sd","14:25:31",167600
13100,-300,700,"sd","14:24:50",166600
13100,-300,1800,"sd","14:24:47",165900
13100,-300,1100,"sd","14:23:01",164100
13100,-300,1400,"sd","14:18:44",163000
13250,-150,200,"bu","14:07:44",161600
13200,-200,300,"bu","14:07:00",161400
13200,-200,100,"bu","14:01:03",161100
13200,-200,100,"sd","13:57:34",161000
13200,-200,2900,"bu","13:55:54",160900
13200,-200,15000,"bu","13:54:32",158000
13200,-200,2100,"bu","13:54:27",143000
13200,-200,1000,"bu","13:54:27",140900
13200,-200,800,"bu","13:54:27",139900
13150,-250,1000,"bu","13:54:27",139100
13150,-250,2000,"bu","13:54:27",138100
13150,-250,1400,"bu","13:54:27",136100
13100,-300,1000,"bu","13:54:27",134700
13100,-300,700,"bu","13:54:27",133700
13050,-350,500,"sd","13:52:28",133000
13050,-350,500,"sd","13:51:08",132500
13100,-300,300,"sd","13:48:01",132000
13100,-300,1000,"bu","13:45:33",131700
13100,-300,700,"bu","13:45:33",130700
13100,-300,1300,"bu","13:43:46",130000
13050,-350,700,"bu","13:43:46",128700
13050,-350,300,"sd","13:43:09",128000
13050,-350,1000,"sd","13:42:00",127700
13050,-350,1000,"sd","13:41:54",126700
13000,-400,400,"sd","13:22:16",125700
13000,-400,100,"sd","13:21:22",125300
13000,-400,1000,"sd","13:19:54",125200
13000,-400,2100,"sd","13:19:21",124200
13000,-400,500,"sd","13:19:21",122100
13000,-400,3000,"sd","13:19:21",121600
13000,-400,200,"sd","13:19:21",118600
13000,-400,4200,"sd","13:19:21",118400
13000,-400,1000,"sd","13:19:04",114200
13000,-400,1600,"sd","13:19:04",113200
13000,-400,400,"sd","13:19:04",111600
13000,-400,1600,"bu","13:05:33",111200
13000,-400,1000,"sd","13:05:08",109600
13000,-400,300,"sd","13:05:08",108600
13000,-400,100,"sd","13:05:08",108300
13000,-400,100,"sd","13:05:08",108200
13000,-400,2000,"sd","13:05:08",108100
13000,-400,100,"sd","13:05:08",106100
13000,-400,2000,"sd","13:05:08",106000
13000,-400,500,"sd","13:05:08",104000
13000,-400,100,"sd","13:05:08",103500
13000,-400,900,"sd","13:05:08",103400
13000,-400,100,"sd","13:05:08",102500
13000,-400,1200,"sd","13:05:08",102400
13000,-400,1800,"sd","11:27:31",101200
13000,-400,1200,"sd","11:27:28",99400
13050,-350,300,"sd","11:27:28",98200
13050,-350,700,"sd","11:27:24",97900
13050,-350,1000,"sd","11:27:24",97200
13050,-350,1300,"sd","11:27:24",96200
13050,-350,1500,"sd","11:27:20",94900
13100,-300,500,"sd","11:27:20",93400
13050,-350,200,"sd","11:09:52",92900
13000,-400,700,"sd","10:56:12",92700
13000,-400,700,"sd","10:56:12",92000
13000,-400,600,"sd","10:56:12",91300
13000,-400,400,"sd","10:56:09",90700
13000,-400,700,"sd","10:56:09",90300
13000,-400,500,"sd","10:56:09",89600
13000,-400,200,"sd","10:56:09",89100
13000,-400,100,"sd","10:56:09",88900
13000,-400,100,"sd","10:56:09",88800
13000,-400,100,"sd","10:55:58",88700
13000,-400,1900,"sd","10:55:58",88600
13050,-350,1000,"unknown","10:55:58",86700
13000,-400,600,"sd","10:52:20",85700
13000,-400,200,"sd","10:52:20",85100
13000,-400,100,"sd","10:52:20",84900
13000,-400,100,"sd","10:52:20",84800
13000,-400,600,"sd","10:48:41",84700
13000,-400,1700,"sd","10:48:41",84100
13000,-400,2500,"sd","10:48:32",82400
13000,-400,800,"sd","10:48:27",79900
13000,-400,100,"sd","10:48:27",79100
13000,-400,500,"sd","10:48:27",79000
13000,-400,500,"sd","10:48:27",78500
13000,-400,100,"sd","10:48:27",78000
13000,-400,2500,"sd","10:46:47",77900
13000,-400,2000,"sd","10:45:41",75400
13000,-400,400,"sd","10:45:35",73400
13000,-400,100,"sd","10:45:35",73000
13000,-400,1100,"sd","10:45:35",72900
13000,-400,500,"sd","10:45:29",71800
13000,-400,300,"sd","10:45:29",71300
13000,-400,100,"sd","10:45:29",71000
13000,-400,200,"sd","10:45:29",70900
13000,-400,400,"sd","10:45:29",70700
13000,-400,400,"sd","10:45:24",70300
13000,-400,100,"sd","10:45:24",69900
13000,-400,1000,"sd","10:45:24",69800
13000,-400,100,"sd","10:45:24",68800
13000,-400,400,"sd","10:45:24",68700
13000,-400,100,"sd","10:45:18",68300
13000,-400,200,"sd","10:45:18",68200
13000,-400,100,"sd","10:45:18",68000
13000,-400,2100,"sd","10:45:18",67900
13000,-400,3000,"sd","10:45:11",65800
13000,-400,2500,"sd","10:45:07",62800
13000,-400,2400,"sd","10:45:01",60300
13000,-400,600,"sd","10:45:01",57900
13000,-400,3500,"sd","10:44:56",57300
13000,-400,2000,"sd","10:44:50",53800
13050,-350,500,"sd","10:44:50",51800
13050,-350,500,"sd","10:44:50",51300
13050,-350,1500,"sd","10:44:05",50800
13050,-350,500,"sd","10:44:05",49300
13000,-400,1500,"sd","10:42:02",48800
13100,-300,100,"bu","10:41:43",47300
13100,-300,100,"bu","10:41:26",47200
13000,-400,2000,"sd","10:40:44",47100
13000,-400,400,"sd","10:40:39",45100
13050,-350,1600,"sd","10:40:39",44700
13050,-350,400,"sd","10:40:35",43100
13050,-350,500,"sd","10:40:35",42700
13050,-350,500,"sd","10:40:35",42200
13050,-350,500,"sd","10:40:35",41700
13050,-350,100,"sd","10:40:35",41200
13100,-300,300,"bu","10:40:20",41100
13100,-300,1000,"sd","10:40:08",40800
13100,-300,500,"sd","10:40:08",39800
13100,-300,100,"sd","10:40:08",39300
13100,-300,500,"sd","10:40:08",39200
13100,-300,400,"sd","10:40:08",38700
13100,-300,1100,"sd","10:38:30",38300
13100,-300,1200,"sd","10:38:26",37200
13100,-300,1100,"sd","10:37:57",36000
13100,-300,1000,"sd","10:37:53",34900
13100,-300,200,"sd","10:37:20",33900
13150,-250,100,"sd","10:37:20",33700
13150,-250,200,"sd","10:37:20",33600
13150,-250,100,"sd","10:37:20",33400
13150,-250,400,"sd","10:37:20",33300
13150,-250,1100,"sd","10:37:16",32900
13150,-250,1000,"sd","10:37:11",31800
13200,-200,100,"sd","10:36:55",30800
13200,-200,100,"sd","10:36:55",30700
13300,-100,1900,"sd","10:34:56",30600
13300,-100,2000,"sd","10:29:14",28700
13300,-100,1100,"sd","10:29:11",26700
13300,-100,100,"sd","10:29:11",25600
13300,-100,100,"sd","10:29:10",25500
13300,-100,500,"sd","10:29:10",25400
13300,-100,1200,"sd","10:29:10",24900
13300,-100,1000,"sd","10:27:34",23700
13350,-50,2400,"sd","10:27:23",22700
13350,-50,200,"sd","10:22:23",20300
13350,-50,400,"bu","10:18:24",20100
13350,-50,100,"bu","10:17:37",19700
13350,-50,600,"sd","10:07:49",19600
13350,-50,1000,"sd","10:06:27",19000
13350,-50,400,"bu","10:01:46",18000
13350,-50,400,"sd","09:45:34",17600
13350,-50,300,"sd","09:39:39",17200
13350,-50,3000,"sd","09:39:39",16900
13450,50,300,"bu","09:38:00",13900
13350,-50,1000,"sd","09:30:28",13600
13350,-50,500,"sd","09:30:28",12600
13350,-50,1500,"sd","09:29:51",12100
13300,-100,2800,"sd","09:22:16",10600
13300,-100,1000,"sd","09:22:16",7800
13350,-50,4000,"sd","09:22:16",6800
13350,-50,100,"sd","09:22:16",2800
13350,-50,600,"sd","09:21:33",2700
13400,0,1000,"bu","09:18:42",2100
13400,0,1100,"bu","09:15:00",1100
