"price","change","match_qtty","side","time","total_vol"
59300,500,40200,"unknown","14:44:59",216300
57800,-1000,100,"sd","14:29:34",176100
57800,-1000,300,"sd","14:29:34",176000
58000,-800,100,"bu","14:26:38",175700
58000,-800,900,"bu","14:26:38",175600
58000,-800,100,"bu","14:26:12",174700
57800,-1000,100,"bu","14:25:56",174600
57800,-1000,100,"bu","14:25:44",174500
57700,-1100,400,"sd","14:25:33",174400
57800,-1000,100,"bu","14:25:27",174000
57700,-1100,200,"sd","14:25:02",173900
57700,-1100,100,"sd","14:25:02",173700
57700,-1100,100,"sd","14:24:48",173600
57700,-1100,100,"sd","14:24:41",173500
57700,-1100,800,"sd","14:24:39",173400
57700,-1100,400,"sd","14:23:47",172600
57700,-1100,100,"sd","14:23:47",172200
57700,-1100,100,"sd","14:23:47",172100
57700,-1100,100,"sd","14:23:47",172000
57700,-1100,400,"sd","14:23:47",171900
57800,-1000,400,"bu","14:23:29",171500
57800,-1000,100,"bu","14:23:29",171100
57800,-1000,100,"sd","14:22:42",171000
57800,-1000,400,"sd","14:22:32",170900
57800,-1000,500,"sd","14:22:32",170500
57800,-1000,500,"sd","14:22:23",170000
57800,-1000,100,"sd","14:22:23",169500
57800,-1000,300,"sd","14:22:23",169400
57800,-1000,300,"sd","14:22:04",169100
57800,-1000,400,"sd","14:21:34",168800
57800,-1000,300,"sd","14:21:34",168400
57800,-1000,100,"sd","14:21:34",168100
57800,-1000,100,"sd","14:21:34",168000
58000,-800,200,"bu","14:21:03",167900
58000,-800,100,"bu","14:21:02",167700
57800,-1000,200,"sd","14:20:43",167600
57800,-1000,500,"sd","14:20:43",167400
57800,-1000,700,"sd","14:19:59",166900
57800,-1000,700,"sd","14:19:12",166200
57800,-1000,100,"sd","14:18:57",165500
57800,-1000,100,"sd","14:18:50",165400
57800,-1000,400,"sd","14:18:50",165300
57800,-1000,600,"sd","14:18:26",164900
57800,-1000,200,"sd","14:18:26",164300
57800,-1000,100,"sd","14:17:54",164100
57800,-1000,700,"sd","14:17:37",164000
57700,-1100,600,"sd","14:16:51",163300
57700,-1100,700,"sd","14:16:09",162700
57700,-1100,600,"sd","14:15:27",162000
57700,-1100,2700,"sd","14:14:46",161400
57700,-1100,400,"sd","14:14:46",158700
57800,-1000,100,"sd","14:14:46",158300
57800,-1000,100,"sd","14:14:46",158200
57800,-1000,300,"sd","14:14:46",158100
57800,-1000,700,"sd","14:14:45",157800
57700,-1100,100,"sd","14:14:04",157100
57700,-1100,100,"sd","14:14:04",157000
57700,-1100,300,"sd","14:14:04",156900
57700,-1100,100,"sd","14:14:04",156600
57700,-1100,100,"sd","14:14:04",156500
57700,-1100,300,"sd","14:13:18",156400
57700,-1100,100,"sd","14:13:18",156100
57700,-1100,100,"sd","14:13:18",156000
57700,-1100,200,"sd","14:13:18",155900
57800,-1000,500,"sd","14:12:33",155700
57800,-1000,200,"sd","14:12:33",155200
57800,-1000,500,"sd","14:12:33",155000
57800,-1000,600,"sd","14:11:52",154500
57800,-1000,100,"sd","14:11:30",153900
57800,-1000,700,"sd","14:11:09",153800
57800,-1000,600,"sd","14:10:27",153100
57800,-1000,700,"sd","14:09:45",152500
57700,-1100,100,"sd","14:09:04",151800
57800,-1000,200,"unknown","14:09:04",151700
57800,-1000,100,"unknown","14:09:04",151500
57800,-1000,200,"unknown","14:09:04",151400
57800,-1000,1200,"sd","14:08:44",151200
57800,-1000,600,"sd","14:08:23",150000
57800,-1000,100,"sd","14:08:23",149400
57800,-1000,100,"sd","14:07:39",149300
57800,-1000,600,"sd","14:07:39",149200
57800,-1000,400,"sd","14:06:56",148600
57800,-1000,300,"sd","14:06:56",148200
57800,-1000,700,"sd","14:06:09",147900
57800,-1000,700,"sd","14:05:26",147200
57800,-1000,600,"sd","14:04:42",146500
57800,-1000,700,"sd","14:03:59",145900
57700,-1100,700,"sd","14:03:16",145200
57700,-1100,500,"sd","14:02:30",144500
57700,-1100,100,"sd","14:02:30",144000
57700,-1100,100,"sd","14:02:30",143900
57700,-1100,200,"sd","14:01:46",143800
57700,-1100,300,"sd","14:01:46",143600
57700,-1100,200,"sd","14:01:46",143300
57700,-1100,600,"sd","14:01:04",143100
57700,-1100,400,"sd","14:00:22",142500
57700,-1100,300,"sd","14:00:22",142100
57700,-1100,700,"sd","13:59:39",141800
57700,-1100,600,"sd","13:58:57",141100
57700,-1100,400,"sd","13:58:15",140500
57700,-1100,200,"sd","13:58:15",140100
57700,-1100,100,"sd","13:57:49",139900
57600,-1200,400,"sd","13:57:34",139800
57700,-1100,300,"sd","13:57:34",139400
57600,-1200,100,"sd","13:56:54",139100
57600,-1200,500,"sd","13:56:54",139000
57600,-1200,500,"sd","13:56:26",138500
57600,-1200,200,"sd","13:56:12",138000
57600,-1200,200,"sd","13:56:12",137800
57600,-1200,200,"sd","13:56:12",137600
57600,-1200,100,"sd","13:56:12",137400
57600,-1200,100,"sd","13:55:31",137300
57700,-1100,100,"sd","13:55:31",137200
57700,-1100,300,"sd","13:55:31",137100
57700,-1100,100,"sd","13:55:31",136800
57700,-1100,600,"sd","13:54:50",136700
57800,-1000,100,"sd","13:54:50",136100
57700,-1100,400,"sd","13:54:05",136000
57700,-1100,100,"sd","13:54:05",135600
57700,-1100,200,"sd","13:54:05",135500
57700,-1100,700,"sd","13:53:22",135300
57700,-1100,100,"sd","13:52:37",134600
57700,-1100,700,"sd","13:52:36",134500
57700,-1100,300,"sd","13:52:01",133800
57700,-1100,100,"sd","13:52:01",133500
57700,-1100,100,"sd","13:51:56",133400
57700,-1100,300,"sd","13:51:55",133300
57700,-1100,100,"sd","13:51:55",133000
57700,-1100,200,"sd","13:51:55",132900
57700,-1100,700,"sd","13:51:13",132700
57700,-1100,100,"sd","13:50:29",132000
57700,-1100,300,"sd","13:50:29",131900
57700,-1100,100,"sd","13:50:29",131600
57700,-1100,100,"sd","13:50:29",131500
57700,-1100,100,"sd","13:50:29",131400
57700,-1100,100,"sd","13:49:46",131300
57700,-1100,100,"sd","13:49:46",131200
57700,-1100,200,"sd","13:49:46",131100
57700,-1100,100,"sd","13:49:46",130900
57700,-1100,100,"sd","13:49:46",130800
57700,-1100,100,"sd","13:49:05",130700
57700,-1100,300,"sd","13:49:05",130600
57700,-1100,100,"sd","13:49:05",130300
57700,-1100,200,"sd","13:49:05",130200
57700,-1100,600,"sd","13:48:24",130000
57700,-1100,200,"sd","13:47:42",129400
57700,-1100,100,"sd","13:47:42",129200
57700,-1100,200,"sd","13:47:42",129100
57700,-1100,100,"sd","13:47:42",128900
57700,-1100,100,"sd","13:47:42",128800
57700,-1100,600,"sd","13:47:00",128700
57700,-1100,600,"sd","13:46:19",128100
57700,-1100,100,"sd","13:46:19",127500
57800,-1000,100,"sd","13:45:36",127400
57800,-1000,600,"sd","13:45:36",127300
57800,-1000,400,"sd","13:44:47",126700
57800,-1000,200,"sd","13:44:47",126300
57800,-1000,100,"sd","13:44:47",126100
57800,-1000,800,"sd","13:44:06",126000
57800,-1000,100,"sd","13:43:15",125200
57800,-1000,500,"sd","13:43:15",125100
57800,-1000,700,"sd","13:42:34",124600
57800,-1000,600,"sd","13:41:53",123900
57800,-1000,100,"sd","13:41:28",123300
57800,-1000,100,"sd","13:41:10",123200
57800,-1000,100,"sd","13:41:10",123100
57800,-1000,100,"sd","13:41:10",123000
57800,-1000,200,"sd","13:41:10",122900
57800,-1000,200,"sd","13:41:10",122700
57800,-1000,200,"sd","13:40:28",122500
57800,-1000,200,"sd","13:40:28",122300
57800,-1000,200,"sd","13:40:28",122100
57800,-1000,700,"sd","13:39:46",121900
57800,-1000,100,"sd","13:39:04",121200
57900,-900,100,"sd","13:39:04",121100
57900,-900,200,"sd","13:39:04",121000
57900,-900,200,"sd","13:39:04",120800
58200,-600,100,"bu","13:38:44",120600
58200,-600,100,"bu","13:38:33",120500
57900,-900,700,"sd","13:38:23",120400
58200,-600,100,"bu","13:37:57",119700
58200,-600,100,"bu","13:37:55",119600
58200,-600,100,"bu","13:37:46",119500
57900,-900,100,"sd","13:37:42",119400
57900,-900,600,"sd","13:37:42",119300
57900,-900,400,"sd","13:36:53",118700
57900,-900,100,"sd","13:36:53",118300
57900,-900,100,"sd","13:36:53",118200
57900,-900,100,"sd","13:36:53",118100
57900,-900,600,"sd","13:36:12",118000
57900,-900,700,"sd","13:35:31",117400
57900,-900,600,"sd","13:34:50",116700
57900,-900,700,"sd","13:34:06",116100
57900,-900,700,"sd","13:33:24",115400
57900,-900,600,"sd","13:32:42",114700
57800,-1000,200,"sd","13:31:59",114100
57800,-1000,100,"sd","13:31:59",113900
57800,-1000,200,"sd","13:31:59",113800
57800,-1000,100,"sd","13:31:59",113600
57900,-900,100,"sd","13:31:59",113500
58200,-600,100,"bu","13:31:49",113400
57900,-900,200,"sd","13:31:18",113300
57900,-900,500,"sd","13:31:18",113100
57900,-900,500,"sd","13:30:34",112600
57900,-900,100,"sd","13:30:34",112100
57900,-900,100,"sd","13:29:52",112000
57900,-900,300,"sd","13:29:52",111900
57900,-900,300,"sd","13:29:52",111600
57900,-900,600,"sd","13:29:11",111300
58200,-600,200,"bu","13:28:05",110700
57900,-900,600,"sd","13:27:47",110500
57900,-900,700,"bu","13:27:44",109900
57900,-900,300,"bu","13:27:44",109200
57900,-900,100,"bu","13:27:20",108900
57700,-1100,300,"sd","13:27:06",108800
57700,-1100,400,"sd","13:27:06",108500
57700,-1100,600,"sd","13:26:22",108100
57700,-1100,100,"sd","13:26:22",107500
57900,-900,100,"bu","13:26:18",107400
57900,-900,100,"bu","13:25:58",107300
57700,-1100,600,"sd","13:25:39",107200
57700,-1100,700,"sd","13:24:58",106600
57900,-900,100,"bu","13:24:16",105900
57700,-1100,100,"sd","13:24:15",105800
57700,-1100,100,"sd","13:24:15",105700
57700,-1100,100,"sd","13:24:15",105600
57700,-1100,400,"sd","13:24:15",105500
57700,-1100,600,"sd","13:23:30",105100
57900,-900,100,"bu","13:23:15",104500
57700,-1100,100,"sd","13:22:48",104400
57800,-1000,100,"sd","13:22:48",104300
57800,-1000,500,"sd","13:22:48",104200
57900,-900,100,"bu","13:22:39",103700
57800,-1000,200,"sd","13:22:06",103600
57800,-1000,100,"sd","13:22:06",103400
57800,-1000,200,"sd","13:22:06",103300
57800,-1000,200,"sd","13:22:06",103100
57800,-1000,200,"sd","13:21:23",102900
57800,-1000,400,"sd","13:21:23",102700
57800,-1000,600,"sd","13:20:40",102300
57800,-1000,100,"sd","13:20:40",101700
57900,-900,100,"bu","13:20:35",101600
57800,-1000,200,"sd","13:19:56",101500
57800,-1000,100,"sd","13:19:56",101300
57800,-1000,100,"sd","13:19:56",101200
57800,-1000,100,"sd","13:19:56",101100
57800,-1000,100,"sd","13:19:56",101000
57900,-900,100,"sd","13:19:56",100900
57900,-900,700,"sd","13:19:11",100800
57900,-900,200,"sd","13:18:28",100100
57900,-900,100,"sd","13:18:28",99900
57900,-900,100,"sd","13:18:28",99800
57900,-900,100,"sd","13:18:28",99700
57900,-900,100,"sd","13:18:28",99600
57900,-900,500,"sd","13:17:54",99500
57900,-900,700,"sd","13:17:46",99000
57900,-900,700,"sd","13:17:05",98300
57900,-900,100,"sd","13:16:20",97600
57900,-900,100,"sd","13:16:20",97500
57900,-900,200,"sd","13:16:20",97400
57900,-900,300,"sd","13:16:20",97200
57900,-900,600,"sd","13:15:37",96900
57900,-900,100,"sd","13:14:58",96300
57900,-900,100,"sd","13:14:54",96200
57900,-900,100,"sd","13:14:54",96100
57900,-900,500,"sd","13:14:54",96000
57900,-900,300,"sd","13:14:23",95500
57900,-900,200,"sd","13:14:13",95200
57900,-900,400,"sd","13:14:13",95000
57900,-900,700,"sd","13:13:32",94600
58000,-800,600,"sd","13:12:50",93900
58000,-800,400,"sd","13:12:07",93300
58000,-800,300,"sd","13:12:07",92900
58000,-800,100,"sd","13:11:23",92600
58000,-800,600,"sd","13:11:23",92500
58000,-800,400,"bu","13:09:58",91900
57900,-900,700,"sd","13:09:57",91500
58000,-800,400,"bu","13:09:38",90800
58000,-800,600,"bu","13:09:38",90400
58000,-800,100,"sd","13:09:14",89800
58000,-800,100,"sd","13:09:14",89700
58000,-800,100,"sd","13:09:14",89600
58000,-800,100,"sd","13:09:14",89500
58000,-800,700,"sd","13:09:10",89400
58000,-800,200,"bu","13:07:38",88700
57900,-900,200,"sd","13:07:38",88500
57900,-900,100,"sd","13:07:38",88300
57900,-900,200,"sd","13:07:38",88200
57900,-900,100,"sd","13:07:38",88000
58000,-800,200,"bu","13:07:16",87900
58000,-800,200,"bu","13:07:02",87700
58000,-800,400,"bu","13:07:02",87500
57900,-900,700,"sd","13:06:54",87100
58000,-800,300,"sd","13:06:27",86400
58000,-800,100,"sd","13:06:27",86100
58000,-800,100,"sd","13:06:10",86000
58000,-800,100,"sd","13:06:10",85900
58000,-800,100,"sd","13:06:10",85800
58000,-800,100,"sd","13:06:10",85700
58000,-800,100,"sd","13:06:10",85600
58000,-800,100,"sd","13:06:10",85500
58000,-800,100,"sd","13:06:10",85400
58000,-800,100,"sd","13:05:24",85300
58000,-800,100,"sd","13:05:24",85200
58000,-800,500,"sd","13:05:24",85100
58000,-800,600,"sd","13:04:43",84600
58000,-800,700,"sd","13:04:02",84000
58000,-800,200,"sd","13:03:21",83300
58000,-800,400,"sd","13:03:21",83100
58000,-800,700,"sd","13:02:39",82700
58000,-800,500,"sd","13:01:58",82000
58000,-800,400,"sd","13:01:55",81500
58000,-800,100,"sd","13:01:55",81100
58000,-800,100,"sd","13:01:55",81000
58000,-800,100,"sd","13:01:55",80900
58000,-800,100,"sd","13:00:17",80800
58000,-800,500,"sd","13:00:09",80700
58000,-800,100,"sd","13:00:03",80200
58100,-700,900,"unknown","13:00:03",80100
58000,-800,300,"sd","13:00:01",79200
58000,-800,500,"sd","13:00:01",78900
58000,-800,200,"sd","13:00:01",78400
58000,-800,300,"sd","13:00:01",78200
58000,-800,200,"sd","13:00:01",77900
58000,-800,300,"sd","13:00:01",77700
58000,-800,200,"sd","13:00:01",77400
58100,-700,100,"sd","11:29:00",77200
58100,-700,300,"sd","11:29:00",77100
58100,-700,300,"sd","11:28:48",76800
58100,-700,300,"sd","11:28:07",76500
58100,-700,100,"sd","11:27:26",76200
58100,-700,100,"sd","11:27:26",76100
58100,-700,100,"sd","11:27:26",76000
58100,-700,300,"sd","11:26:39",75900
58100,-700,200,"sd","11:25:56",75600
58100,-700,300,"sd","11:25:15",75400
58100,-700,100,"sd","11:24:32",75100
58100,-700,100,"sd","11:24:32",75000
58200,-600,100,"sd","11:24:32",74900
58100,-700,300,"sd","11:23:50",74800
58100,-700,300,"sd","11:23:07",74500
58100,-700,300,"sd","11:22:25",74200
58100,-700,100,"sd","11:21:42",73900
58100,-700,100,"sd","11:21:42",73800
58100,-700,100,"sd","11:21:01",73700
58100,-700,200,"sd","11:21:01",73600
58100,-700,300,"sd","11:20:18",73400
58100,-700,500,"sd","11:20:17",73100
58100,-700,100,"sd","11:20:17",72600
58100,-700,100,"sd","11:20:17",72500
58100,-700,100,"sd","11:20:17",72400
58100,-700,100,"sd","11:20:17",72300
58100,-700,100,"sd","11:20:17",72200
58100,-700,300,"sd","11:19:37",72100
58100,-700,100,"sd","11:18:56",71800
58100,-700,100,"sd","11:18:56",71700
58100,-700,100,"sd","11:18:15",71600
58100,-700,100,"sd","11:18:15",71500
58100,-700,100,"sd","11:18:15",71400
58100,-700,100,"sd","11:17:34",71300
58100,-700,100,"sd","11:17:34",71200
58100,-700,100,"sd","11:17:34",71100
58100,-700,300,"sd","11:16:51",71000
58100,-700,200,"sd","11:16:10",70700
58400,-400,100,"bu","11:15:16",70500
58400,-400,100,"bu","11:15:16",70400
58400,-400,100,"bu","11:15:16",70300
58400,-400,100,"bu","11:15:16",70200
58400,-400,100,"bu","11:15:16",70100
58400,-400,100,"bu","11:15:16",70000
58400,-400,200,"bu","11:15:16",69900
58400,-400,100,"bu","11:15:16",69700
58400,-400,100,"bu","11:15:16",69600
58400,-400,100,"bu","11:15:16",69500
58400,-400,100,"bu","11:15:16",69400
58400,-400,100,"bu","11:15:16",69300
58400,-400,100,"bu","11:15:16",69200
58400,-400,100,"bu","11:15:16",69100
58100,-700,400,"sd","11:14:43",69000
58100,-700,100,"sd","11:13:58",68600
58100,-700,100,"sd","11:13:58",68500
58300,-500,300,"bu","11:13:21",68400
58300,-500,200,"bu","11:13:21",68100
58100,-700,100,"sd","11:12:52",67900
58000,-800,100,"sd","11:12:35",67800
58000,-800,200,"sd","11:12:35",67700
58000,-800,100,"sd","11:11:54",67500
58000,-800,200,"sd","11:11:54",67400
58300,-500,1000,"bu","11:11:25",67200
58000,-800,200,"sd","11:11:12",66200
58300,-500,800,"bu","11:10:50",66000
58300,-500,200,"bu","11:10:50",65200
58000,-800,300,"sd","11:10:30",65000
58000,-800,300,"sd","11:09:47",64700
58000,-800,300,"sd","11:09:06",64400
58000,-800,300,"sd","11:08:25",64100
58000,-800,300,"sd","11:07:34",63800
58100,-700,200,"sd","11:07:06",63500
58100,-700,300,"sd","11:06:52",63300
58000,-800,300,"sd","11:06:10",63000
58000,-800,200,"sd","11:05:25",62700
58300,-500,800,"bu","11:04:53",62500
58300,-500,200,"bu","11:04:53",61700
58000,-800,300,"sd","11:04:44",61500
58000,-800,300,"sd","11:04:03",61200
58000,-800,300,"sd","11:03:22",60900
58000,-800,300,"sd","11:02:40",60600
58000,-800,200,"sd","11:01:55",60300
58000,-800,1200,"sd","11:01:53",60100
58000,-800,1000,"sd","11:01:53",58900
58000,-800,500,"sd","11:01:53",57900
58000,-800,100,"sd","11:01:53",57400
58000,-800,1000,"sd","11:01:53",57300
58000,-800,200,"sd","11:01:53",56300
58000,-800,100,"sd","11:01:53",56100
58000,-800,100,"sd","11:01:53",56000
58000,-800,500,"sd","11:01:53",55900
58000,-800,100,"sd","11:01:53",55400
58000,-800,300,"sd","11:01:14",55300
58000,-800,300,"sd","11:00:28",55000
58000,-800,300,"sd","10:59:47",54700
58000,-800,300,"sd","10:59:06",54400
58000,-800,300,"sd","10:58:21",54100
58000,-800,200,"sd","10:57:40",53800
58000,-800,300,"sd","10:56:58",53600
58000,-800,300,"sd","10:56:16",53300
58000,-800,300,"sd","10:55:35",53000
58000,-800,200,"sd","10:54:53",52700
58000,-800,100,"sd","10:54:11",52500
58100,-700,100,"sd","10:54:11",52400
58100,-700,100,"sd","10:54:11",52300
58100,-700,300,"sd","10:53:30",52200
58000,-800,300,"sd","10:52:49",51900
58100,-700,100,"sd","10:52:03",51600
58100,-700,100,"sd","10:52:03",51500
58100,-700,100,"sd","10:52:03",51400
58100,-700,200,"sd","10:51:22",51300
58100,-700,300,"sd","10:50:41",51100
58100,-700,300,"sd","10:49:59",50800
58100,-700,100,"sd","10:49:18",50500
58200,-600,100,"sd","10:49:18",50400
58200,-600,100,"sd","10:49:18",50300
58200,-600,100,"sd","10:48:37",50200
58200,-600,100,"sd","10:48:37",50100
58200,-600,300,"sd","10:47:56",50000
58200,-600,300,"sd","10:47:15",49700
58200,-600,300,"sd","10:46:32",49400
58200,-600,100,"sd","10:45:50",49100
58200,-600,100,"sd","10:45:50",49000
58200,-600,100,"sd","10:45:50",48900
58200,-600,100,"sd","10:45:05",48800
58200,-600,100,"sd","10:45:05",48700
58200,-600,100,"sd","10:45:05",48600
58200,-600,100,"sd","10:44:24",48500
58200,-600,100,"sd","10:44:24",48400
58200,-600,300,"sd","10:43:42",48300
58200,-600,200,"bu","10:43:19",48000
58200,-600,300,"bu","10:43:19",47800
58200,-600,100,"bu","10:43:19",47500
58000,-800,300,"sd","10:43:01",47400
58000,-800,300,"sd","10:42:19",47100
58000,-800,200,"sd","10:41:38",46800
58000,-800,300,"sd","10:40:57",46600
58000,-800,300,"sd","10:40:14",46300
58000,-800,300,"sd","10:39:33",46000
58000,-800,1000,"sd","10:39:12",45700
58400,-400,100,"bu","10:39:10",44700
58000,-800,300,"sd","10:38:52",44600
58100,-700,100,"sd","10:38:08",44300
58100,-700,100,"sd","10:38:08",44200
58100,-700,200,"sd","10:37:26",44100
58100,-700,100,"sd","10:37:26",43900
58100,-700,300,"sd","10:36:44",43800
58100,-700,300,"sd","10:36:03",43500
58100,-700,300,"sd","10:35:19",43200
58100,-700,200,"sd","10:34:37",42900
58000,-800,100,"sd","10:33:54",42700
58100,-700,300,"sd","10:33:54",42600
58000,-800,200,"sd","10:33:08",42300
58000,-800,300,"sd","10:32:25",42100
58000,-800,600,"sd","10:32:06",41800
58000,-800,300,"sd","10:31:43",41200
58000,-800,300,"sd","10:31:00",40900
58000,-800,300,"sd","10:30:18",40600
58000,-800,300,"sd","10:30:09",40300
58000,-800,200,"sd","10:29:35",40000
58000,-800,300,"sd","10:28:54",39800
58000,-800,300,"sd","10:28:08",39500
58000,-800,300,"sd","10:27:27",39200
58000,-800,300,"sd","10:26:45",38900
58000,-800,300,"sd","10:26:04",38600
58000,-800,200,"sd","10:25:22",38300
58000,-800,300,"sd","10:24:39",38100
58400,-400,300,"bu","10:23:25",37800
58400,-400,300,"bu","10:23:25",37500
58000,-800,300,"sd","10:23:12",37200
58000,-800,300,"sd","10:22:31",36900
58000,-800,300,"sd","10:22:24",36600
58000,-800,200,"sd","10:21:49",36300
58100,-700,100,"sd","10:21:49",36100
58000,-800,200,"sd","10:21:04",36000
58100,-700,100,"sd","10:21:04",35800
58000,-800,200,"sd","10:20:17",35700
58100,-700,100,"sd","10:20:17",35500
58100,-700,300,"bu","10:20:15",35400
58100,-700,100,"bu","10:20:15",35100
58000,-800,200,"sd","10:19:35",35000
58000,-800,300,"sd","10:18:54",34800
58100,-700,200,"sd","10:18:33",34500
58100,-700,700,"sd","10:18:33",34300
58100,-700,300,"sd","10:18:12",33600
58000,-800,300,"sd","10:17:31",33300
58000,-800,300,"sd","10:16:50",33000
58000,-800,200,"sd","10:16:07",32700
58000,-800,300,"sd","10:15:25",32500
58000,-800,300,"sd","10:14:42",32200
58000,-800,200,"sd","10:14:02",31900
58200,-600,100,"sd","10:14:02",31700
58200,-600,200,"sd","10:13:20",31600
58200,-600,700,"sd","10:13:11",31400
58000,-800,300,"sd","10:12:39",30700
58000,-800,200,"sd","10:11:58",30400
58000,-800,100,"sd","10:11:58",30200
58000,-800,300,"sd","10:11:17",30100
58000,-800,200,"sd","10:10:36",29800
58000,-800,200,"sd","10:09:55",29600
58300,-500,100,"unknown","10:09:55",29400
58300,-500,300,"sd","10:09:07",29300
58600,-200,100,"bu","10:08:03",29000
58300,-500,300,"sd","10:07:44",28900
58300,-500,300,"sd","10:07:02",28600
58000,-800,200,"sd","10:06:20",28300
58000,-800,300,"sd","10:05:38",28100
58000,-800,300,"sd","10:04:58",27800
58600,-200,1000,"bu","10:04:33",27500
58000,-800,300,"sd","10:04:16",26500
58000,-800,100,"sd","10:03:34",26200
58000,-800,100,"sd","10:03:34",26100
58000,-800,300,"sd","10:02:52",26000
58000,-800,300,"sd","10:02:11",25700
58000,-800,300,"sd","10:01:29",25400
58000,-800,200,"sd","10:00:49",25100
58000,-800,300,"sd","10:00:07",24900
58000,-800,300,"sd","09:59:26",24600
58000,-800,300,"sd","09:58:45",24300
58000,-800,300,"sd","09:58:00",24000
58000,-800,100,"sd","09:57:14",23700
58000,-800,200,"sd","09:57:14",23600
58000,-800,200,"sd","09:56:31",23400
58100,-700,100,"sd","09:56:31",23200
58600,-200,1000,"bu","09:56:24",23100
58000,-800,200,"sd","09:55:48",22100
58000,-800,300,"sd","09:55:06",21900
58000,-800,100,"sd","09:54:24",21600
58000,-800,100,"sd","09:54:24",21500
58000,-800,100,"sd","09:54:24",21400
58000,-800,300,"sd","09:53:42",21300
58000,-800,300,"sd","09:53:01",21000
58000,-800,200,"sd","09:52:19",20700
58700,-100,100,"bu","09:51:45",20500
58700,-100,900,"bu","09:51:45",20400
58000,-800,300,"sd","09:51:37",19500
58000,-800,200,"sd","09:50:53",19200
58100,-700,100,"sd","09:50:53",19000
58100,-700,100,"sd","09:50:12",18900
58200,-600,200,"sd","09:50:12",18800
58100,-700,300,"sd","09:49:30",18600
58100,-700,200,"sd","09:48:48",18300
58100,-700,300,"sd","09:48:06",18100
58000,-800,300,"sd","09:47:25",17800
58000,-800,300,"sd","09:46:42",17500
58000,-800,300,"sd","09:45:59",17200
58000,-800,200,"sd","09:45:18",16900
58000,-800,300,"sd","09:44:36",16700
58000,-800,200,"sd","09:43:55",16400
58000,-800,100,"sd","09:43:55",16200
58000,-800,100,"sd","09:43:14",16100
58100,-700,200,"sd","09:43:14",16000
58000,-800,200,"sd","09:42:33",15800
58000,-800,300,"sd","09:41:51",15600
58000,-800,300,"sd","09:41:10",15300
58000,-800,300,"sd","09:40:29",15000
58700,-100,100,"bu","09:40:01",14700
58000,-800,200,"sd","09:39:47",14600
58000,-800,300,"sd","09:39:07",14400
58000,-800,200,"sd","09:38:26",14100
58000,-800,100,"sd","09:38:26",13900
58000,-800,100,"sd","09:37:51",13800
58000,-800,200,"sd","09:37:51",13700
58000,-800,300,"sd","09:37:42",13500
58000,-800,300,"sd","09:36:58",13200
58700,-100,100,"bu","09:36:37",12900
58000,-800,300,"sd","09:36:13",12800
58000,-800,200,"sd","09:35:31",12500
58000,-800,300,"sd","09:34:48",12300
58000,-800,300,"sd","09:34:06",12000
58000,-800,300,"sd","09:33:24",11700
58000,-800,300,"sd","09:32:42",11400
58000,-800,200,"sd","09:32:01",11100
58000,-800,300,"sd","09:31:20",10900
58000,-800,1000,"sd","09:31:01",10600
58000,-800,100,"sd","09:31:01",9600
58000,-800,200,"sd","09:31:01",9500
58000,-800,400,"sd","09:31:01",9300
58000,-800,300,"sd","09:30:39",8900
58000,-800,100,"sd","09:29:54",8600
58100,-700,200,"sd","09:29:54",8500
58000,-800,100,"sd","09:29:13",8300
58100,-700,200,"sd","09:29:13",8200
58000,-800,200,"sd","09:28:29",8000
58000,-800,300,"sd","09:27:47",7800
58000,-800,300,"sd","09:27:05",7500
58000,-800,300,"sd","09:26:23",7200
57900,-900,200,"sd","09:25:41",6900
58000,-800,100,"sd","09:25:41",6700
58000,-800,100,"sd","09:25:00",6600
58200,-600,100,"sd","09:25:00",6500
58400,-400,100,"sd","09:23:45",6400
58600,-200,100,"unknown","09:22:25",6300
57900,-900,100,"bu","09:16:36",6200
57900,-900,300,"bu","09:16:23",6100
57900,-900,300,"sd","09:16:19",5800
57900,-900,100,"sd","09:16:19",5500
57900,-900,200,"sd","09:16:19",5400
57900,-900,100,"sd","09:16:01",5200
57900,-900,400,"sd","09:16:01",5100
57900,-900,600,"sd","09:15:24",4700
57900,-900,200,"sd","09:15:24",4100
57900,-900,3900,"unknown","09:15:00",3900
