"price","change","match_qtty","side","time","total_vol"
36850,-50,13500,"bu","14:45:01",182800
36850,-50,1200,"sd","14:29:59",169300
36850,-50,600,"sd","14:28:57",168100
36850,-50,900,"sd","14:28:51",167500
36850,-50,1500,"sd","14:28:06",166600
36850,-50,100,"bu","14:28:02",165100
36850,-50,800,"sd","14:28:00",165000
36850,-50,500,"sd","14:27:49",164200
36850,-50,300,"bu","14:27:21",163700
36850,-50,800,"bu","14:27:21",163400
36850,-50,800,"bu","14:27:20",162600
36850,-50,100,"sd","14:27:05",161800
36900,0,800,"bu","14:26:32",161700
36900,0,200,"bu","14:26:32",160900
36850,-50,500,"sd","14:26:26",160700
36850,-50,200,"bu","14:25:20",160200
36500,-400,400,"bu","14:24:41",160000
36400,-500,500,"sd","14:24:20",159600
36400,-500,400,"sd","14:24:11",159100
36500,-400,200,"bu","14:23:31",158700
36500,-400,400,"sd","14:23:28",158500
36500,-400,100,"sd","14:23:22",158100
36500,-400,400,"sd","14:23:16",158000
36500,-400,100,"sd","14:23:16",157600
36500,-400,1000,"sd","14:23:16",157500
36500,-400,500,"sd","14:23:16",156500
36600,-300,100,"sd","14:22:59",156000
36600,-300,500,"sd","14:22:59",155900
36600,-300,1500,"sd","14:22:29",155400
36600,-300,1000,"sd","14:22:29",153900
36600,-300,100,"sd","14:22:29",152900
36650,-250,400,"sd","14:22:29",152800
36650,-250,500,"sd","14:21:21",152400
36650,-250,100,"sd","14:20:32",151900
36650,-250,100,"sd","14:20:32",151800
36650,-250,500,"sd","14:20:32",151700
36700,-200,700,"sd","14:20:32",151200
36800,-100,100,"sd","14:20:32",150500
36850,-50,700,"sd","14:20:32",150400
36850,-50,100,"sd","14:20:32",149700
36850,-50,4000,"sd","14:20:32",149600
36900,0,3700,"sd","14:20:32",145600
36900,0,100,"sd","14:20:02",141900
36850,-50,1000,"sd","14:14:02",141800
36850,-50,700,"sd","14:14:02",140800
36850,-50,100,"sd","14:14:02",140100
36850,-50,200,"sd","14:14:02",140000
36900,0,100,"sd","14:13:55",139800
36900,0,100,"sd","14:13:33",139700
36900,0,1600,"sd","14:13:33",139600
36900,0,1500,"sd","14:11:37",138000
36900,0,300,"sd","14:11:37",136500
36950,50,300,"bu","14:09:30",136200
36950,50,1800,"sd","14:09:27",135900
37000,100,100,"bu","14:07:42",134100
37000,100,2000,"bu","14:07:42",134000
37000,100,100,"bu","14:07:42",132000
37000,100,100,"bu","14:07:42",131900
37000,100,900,"bu","14:07:42",131800
37000,100,700,"bu","14:07:42",130900
37000,100,100,"bu","14:07:42",130200
36950,50,200,"bu","14:07:36",130100
36950,50,1000,"bu","14:07:36",129900
36950,50,1600,"bu","14:07:35",128900
36950,50,1600,"bu","14:07:35",127300
36950,50,500,"bu","14:07:09",125700
36950,50,100,"bu","14:07:04",125200
36900,0,200,"bu","14:01:26",125100
36900,0,100,"bu","14:01:01",124900
36900,0,1000,"bu","14:00:55",124800
36900,0,600,"bu","14:00:48",123800
36900,0,100,"bu","13:58:44",123200
36900,0,200,"bu","13:55:19",123100
36900,0,100,"sd","13:53:41",122900
36900,0,1500,"sd","13:53:37",122800
36900,0,1000,"sd","13:51:58",121300
36950,50,500,"bu","13:51:49",120300
36950,50,100,"bu","13:51:13",119800
36900,0,1500,"sd","13:49:45",119700
36900,0,100,"bu","13:49:26",118200
36900,0,100,"sd","13:48:21",118100
36900,0,100,"sd","13:47:30",118000
36900,0,100,"sd","13:47:12",117900
36900,0,200,"sd","13:46:22",117800
36900,0,1800,"sd","13:46:22",117600
36900,0,200,"sd","13:45:52",115800
36900,0,200,"sd","13:45:49",115600
36900,0,200,"bu","13:42:58",115400
36850,-50,100,"sd","13:31:38",115200
36900,0,100,"bu","13:31:26",115100
36900,0,100,"sd","13:29:59",115000
36900,0,100,"bu","13:29:20",114900
36900,0,100,"bu","13:29:20",114800
36850,-50,2100,"bu","13:28:25",114700
36750,-150,100,"bu","13:24:12",112600
36700,-200,300,"sd","13:23:57",112500
36700,-200,2000,"sd","13:23:57",112200
36700,-200,1000,"sd","13:23:57",110200
36750,-150,100,"sd","13:22:57",109200
36750,-150,1000,"sd","13:22:57",109100
36750,-150,2000,"sd","13:22:57",108100
36750,-150,500,"sd","13:22:57",106100
36750,-150,1500,"sd","13:22:57",105600
36750,-150,400,"sd","13:22:57",104100
36750,-150,500,"sd","13:22:57",103700
36750,-150,600,"sd","13:22:57",103200
36750,-150,100,"sd","13:22:47",102600
36800,-100,200,"bu","13:21:41",102500
36800,-100,300,"sd","13:18:18",102300
36850,-50,200,"bu","13:17:46",102000
36800,-100,100,"sd","13:13:44",101800
36800,-100,300,"sd","13:13:31",101700
36800,-100,4300,"bu","13:11:53",101400
36800,-100,700,"bu","13:08:48",97100
36800,-100,300,"bu","13:08:48",96400
36800,-100,100,"bu","13:07:01",96100
36800,-100,100,"sd","13:04:27",96000
36800,-100,400,"sd","13:02:44",95900
36800,-100,500,"sd","13:02:11",95500
36800,-100,1000,"sd","13:00:10",95000
36850,-50,100,"sd","13:00:10",94000
36850,-50,500,"sd","13:00:05",93900
36850,-50,100,"sd","13:00:01",93400
36900,0,100,"bu","13:00:00",93300
36850,-50,200,"bu","11:26:52",93200
36850,-50,100,"bu","11:26:52",93000
36850,-50,900,"bu","11:24:34",92900
36850,-50,100,"bu","11:24:34",92000
36850,-50,900,"bu","11:24:03",91900
36850,-50,600,"bu","11:24:03",91000
36850,-50,2000,"bu","11:14:41",90400
36750,-150,1300,"sd","11:11:57",88400
36750,-150,100,"sd","11:11:57",87100
36800,-100,3000,"sd","11:11:57",87000
36800,-100,400,"sd","11:11:57",84000
36800,-100,1000,"bu","11:07:56",83600
36800,-100,2000,"sd","11:07:23",82600
36750,-150,100,"sd","11:05:02",80600
36800,-100,200,"sd","11:02:44",80500
36800,-100,200,"sd","11:02:13",80300
36800,-100,100,"sd","11:02:13",80100
36800,-100,500,"sd","11:01:45",80000
36850,-50,400,"sd","11:01:41",79500
36800,-100,2500,"sd","10:59:35",79100
36800,-100,1500,"sd","10:59:35",76600
36800,-100,500,"sd","10:54:42",75100
36800,-100,500,"sd","10:54:42",74600
36800,-100,1000,"sd","10:54:42",74100
36850,-50,100,"sd","10:54:21",73100
36850,-50,200,"sd","10:54:21",73000
36850,-50,900,"sd","10:54:21",72800
36850,-50,100,"sd","10:48:09",71900
36850,-50,900,"sd","10:48:09",71800
36850,-50,100,"sd","10:46:41",70900
36850,-50,100,"sd","10:46:41",70800
36850,-50,100,"sd","10:44:20",70700
36850,-50,100,"sd","10:43:22",70600
36850,-50,200,"bu","10:43:08",70500
36850,-50,500,"sd","10:41:49",70300
36850,-50,1400,"sd","10:41:49",69800
36850,-50,200,"sd","10:41:41",68400
36850,-50,300,"sd","10:40:40",68200
36850,-50,100,"sd","10:38:29",67900
36900,0,1800,"sd","10:37:58",67800
36900,0,200,"bu","10:37:47",66000
36900,0,200,"sd","10:33:17",65800
36900,0,300,"bu","10:29:48",65600
36900,0,500,"sd","10:29:17",65300
36900,0,100,"sd","10:29:17",64800
36900,0,2000,"sd","10:29:17",64700
37000,100,2000,"bu","10:27:19",62700
36900,0,100,"sd","10:24:29",60700
36900,0,900,"sd","10:22:11",60600
36900,0,1000,"sd","10:22:11",59700
36900,0,100,"sd","10:22:11",58700
37000,100,2000,"bu","10:21:41",58600
36900,0,100,"sd","10:21:38",56600
36900,0,900,"sd","10:21:38",56500
36900,0,100,"sd","10:18:33",55600
36850,-50,1000,"sd","10:08:48",55500
36850,-50,1000,"sd","10:08:48",54500
36850,-50,100,"sd","10:08:48",53500
36900,0,1000,"sd","10:08:48",53400
36900,0,1000,"sd","10:08:48",52400
36900,0,100,"sd","10:08:48",51400
36900,0,500,"sd","10:08:48",51300
37000,100,300,"sd","10:08:48",50800
37200,300,100,"bu","10:08:28",50500
37000,100,1700,"bu","10:08:14",50400
37000,100,1000,"bu","10:08:11",48700
37000,100,2000,"sd","10:01:51",47700
37000,100,100,"sd","10:01:51",45700
37000,100,200,"sd","10:01:51",45600
37000,100,100,"sd","10:01:51",45400
37000,100,200,"bu","09:59:21",45300
37000,100,100,"bu","09:59:16",45100
37000,100,3900,"sd","09:56:58",45000
37000,100,100,"bu","09:55:40",41100
37000,100,1000,"bu","09:55:40",41000
37000,100,2000,"bu","09:55:17",40000
36900,0,500,"sd","09:55:16",38000
36900,0,1000,"sd","09:55:16",37500
37000,100,300,"bu","09:54:27",36500
36950,50,500,"sd","09:54:01",36200
37000,100,100,"bu","09:53:36",35700
37000,100,1000,"sd","09:52:25",35600
37000,100,1000,"sd","09:52:25",34600
37000,100,700,"sd","09:52:25",33600
37200,300,100,"bu","09:52:13",32900
37000,100,200,"sd","09:51:43",32800
37000,100,100,"bu","09:49:44",32600
37000,100,2000,"bu","09:49:38",32500
37000,100,1100,"bu","09:49:16",30500
37000,100,2000,"bu","09:48:55",29400
37000,100,1000,"bu","09:44:48",27400
37000,100,800,"sd","09:44:44",26400
37000,100,200,"bu","09:43:43",25600
37000,100,1000,"bu","09:36:21",25400
37000,100,2000,"sd","09:36:13",24400
37000,100,100,"sd","09:36:02",22400
37000,100,200,"sd","09:35:34",22300
37000,100,500,"sd","09:35:10",22100
37000,100,1200,"bu","09:34:47",21600
37000,100,500,"sd","09:33:55",20400
37000,100,300,"sd","09:33:55",19900
37000,100,200,"sd","09:33:11",19600
37000,100,3000,"sd","09:33:02",19400
37400,500,400,"bu","09:29:57",16400
37400,500,100,"bu","09:29:57",16000
37350,450,500,"bu","09:29:57",15900
37400,500,900,"bu","09:29:19",15400
37300,400,100,"bu","09:29:19",14500
37300,400,900,"sd","09:29:10",14400
37300,400,700,"sd","09:28:52",13500
37300,400,1000,"sd","09:28:36",12800
37300,400,100,"sd","09:28:36",11800
37300,400,300,"sd","09:28:36",11700
37300,400,700,"bu","09:28:13",11400
37300,400,500,"bu","09:28:13",10700
37200,300,500,"bu","09:28:13",10200
37200,300,1900,"bu","09:28:13",9700
37150,250,1300,"bu","09:28:13",7800
37150,250,100,"bu","09:28:13",6500
37200,300,1500,"bu","09:26:42",6400
37150,250,400,"bu","09:26:42",4900
36800,-100,500,"sd","09:24:35",4500
36800,-100,2000,"sd","09:24:35",4000
36800,-100,100,"sd","09:24:35",2000
36800,-100,400,"sd","09:24:35",1900
36850,-50,500,"sd","09:24:35",1500
36750,-150,600,"sd","09:18:09",1000
36750,-150,100,"sd","09:18:09",400
36800,-100,200,"sd","09:18:09",300
36650,-250,100,"sd","09:15:00",100
