"price","change","match_qtty","side","time","total_vol"
58100,-200,5000,"sd","14:45:01",39900
58400,100,800,"bu","14:24:05",34900
58400,100,1000,"bu","14:24:05",34100
58300,0,100,"unknown","14:23:45",33100
58300,0,600,"bu","14:23:45",33000
58300,0,1000,"bu","14:23:45",32400
58300,0,200,"bu","14:23:45",31400
58300,0,500,"bu","14:23:45",31200
58300,0,200,"bu","14:18:40",30700
58300,0,100,"bu","14:08:37",30500
58300,0,200,"bu","14:07:58",30400
58300,0,400,"sd","13:57:41",30200
58300,0,100,"sd","13:51:59",29800
58300,0,400,"bu","13:50:43",29700
58300,0,500,"bu","13:50:43",29300
58100,-200,200,"sd","13:34:06",28800
58200,-100,100,"sd","13:28:40",28600
58200,-100,200,"sd","13:28:40",28500
58200,-100,200,"sd","13:28:40",28300
58200,-100,700,"sd","13:28:40",28100
58300,0,500,"bu","13:22:22",27400
58300,0,200,"bu","13:22:22",26900
58300,0,200,"bu","13:21:04",26700
58300,0,100,"bu","13:16:46",26500
58300,0,400,"bu","13:15:47",26400
58300,0,500,"bu","13:00:02",26000
58300,0,500,"bu","13:00:02",25500
58300,0,600,"bu","13:00:02",25000
58300,0,100,"bu","13:00:02",24400
58200,-100,100,"bu","13:00:02",24300
58100,-200,600,"sd","11:06:28",24200
58100,-200,400,"sd","11:06:28",23600
58200,-100,100,"bu","11:05:47",23200
58300,0,200,"sd","10:43:07",23100
58300,0,1000,"sd","10:41:44",22900
58300,0,200,"sd","10:41:33",21900
58300,0,100,"sd","10:41:33",21700
58300,0,700,"sd","10:41:33",21600
58300,0,1000,"sd","10:41:26",20900
58400,100,400,"bu","10:30:20",19900
58400,100,600,"bu","10:28:56",19500
58500,200,100,"bu","10:27:47",18900
58500,200,100,"bu","10:27:47",18800
58400,100,100,"sd","10:25:27",18700
58400,100,100,"unknown","10:22:35",18600
58400,100,900,"bu","10:21:48",18500
58400,100,100,"bu","10:21:48",17600
58400,100,900,"bu","10:20:49",17500
58400,100,100,"bu","10:20:49",16600
58400,100,500,"bu","10:20:49",16500
58400,100,500,"bu","10:20:49",16000
58300,0,400,"bu","10:20:29",15500
58300,0,1000,"bu","10:20:29",15100
58300,0,100,"bu","10:20:29",14100
58300,0,1000,"bu","10:20:29",14000
58300,0,5000,"bu","10:20:29",13000
58300,0,800,"bu","10:20:29",8000
58300,0,100,"bu","10:09:46",7200
58100,-200,600,"sd","10:00:58",7100
58100,-200,400,"sd","10:00:58",6500
58100,-200,100,"sd","09:57:36",6100
58200,-100,100,"sd","09:57:36",6000
58200,-100,500,"sd","09:42:59",5900
58200,-100,500,"bu","09:39:20",5400
58200,-100,500,"bu","09:39:20",4900
58100,-200,500,"bu","09:39:20",4400
58100,-200,500,"bu","09:33:37",3900
58000,-300,100,"sd","09:30:44",3400
58000,-300,200,"sd","09:30:44",3300
58000,-300,100,"sd","09:30:44",3100
58000,-300,100,"sd","09:30:44",3000
58100,-200,500,"sd","09:26:32",2900
58100,-200,100,"bu","09:18:55",2400
58100,-200,100,"bu","09:17:26",2300
58200,-100,500,"bu","09:16:29",2200
58000,-300,400,"sd","09:16:23",1700
58000,-300,100,"sd","09:16:23",1300
58100,-200,100,"sd","09:16:03",1200
58300,0,1100,"bu","09:15:01",1100
