"price","change","match_qtty","side","time","total_vol"
3900,-100,2100,"sd","14:45:01",632600
4000,0,1200,"bu","14:28:57",630500
4000,0,1500,"bu","14:25:21",629300
3900,-100,158700,"sd","14:24:17",627800
4000,0,300,"bu","14:13:39",469100
4000,0,1100,"sd","14:11:16",468800
4000,0,100,"sd","14:11:00",467700
4000,0,9300,"bu","14:06:53",467600
4000,0,5300,"sd","14:05:05",458300
4000,0,5100,"bu","14:02:59",453000
4000,0,100,"bu","14:02:50",447900
4000,0,100,"bu","14:02:19",447800
4000,0,500,"bu","14:01:44",447700
4000,0,400,"bu","14:01:17",447200
4000,0,1000,"bu","13:58:23",446800
4000,0,3000,"bu","13:52:19",445800
4000,0,800,"bu","13:50:57",442800
4000,0,2000,"sd","13:50:47",442000
4000,0,2000,"sd","13:47:54",440000
4000,0,300,"sd","13:47:48",438000
4000,0,500,"sd","13:46:40",437700
4000,0,1000,"sd","13:45:48",437200
4000,0,400,"sd","13:43:04",436200
4000,0,1000,"bu","13:42:07",435800
4000,0,300,"sd","13:41:15",434800
4000,0,800,"sd","13:41:04",434500
4000,0,10000,"sd","13:40:22",433700
4000,0,4500,"sd","13:39:34",423700
4000,0,200,"sd","13:33:39",419200
4000,0,2000,"sd","13:30:47",419000
4000,0,100,"unknown","13:28:59",417000
4000,0,300,"bu","13:28:42",416900
4000,0,200,"sd","13:28:36",416600
4000,0,100,"bu","13:28:16",416400
4000,0,2000,"bu","13:28:00",416300
4000,0,1000,"bu","13:27:24",414300
4000,0,16900,"sd","13:26:21",413300
4000,0,20300,"sd","13:26:18",396400
4000,0,22200,"sd","13:25:53",376100
4000,0,50000,"sd","13:24:47",353900
4000,0,600,"sd","06:24:35",303900
4000,0,67400,"sd","13:22:07",303300
4000,0,79900,"sd","13:20:14",235900
4000,0,2200,"sd","13:18:38",156000
4000,0,11000,"sd","13:15:05",153800
4000,0,100,"sd","13:10:47",142800
4000,0,100,"sd","13:09:25",142700
4000,0,10000,"sd","13:06:29",142600
4000,0,900,"sd","13:05:22",132600
4000,0,10000,"sd","13:02:37",131700
4000,0,200,"sd","13:01:59",121700
4000,0,2000,"sd","13:01:27",121500
4000,0,5000,"sd","13:01:21",119500
4000,0,1300,"sd","13:00:06",114500
4000,0,1500,"sd","13:00:05",113200
4000,0,600,"sd","13:00:04",111700
4000,0,100,"sd","11:16:13",111100
4100,100,1000,"bu","11:08:08",111000
4000,0,34200,"sd","11:07:42",110000
4100,100,8600,"bu","11:03:06",75800
4000,0,1000,"sd","11:02:16",67200
4000,0,3900,"sd","11:00:28",66200
4100,100,100,"bu","10:58:44",62300
4000,0,3000,"sd","10:55:24",62200
4000,0,4200,"sd","10:51:13",59200
4000,0,100,"sd","10:50:11",55000
4000,0,14900,"sd","10:46:30",54900
4000,0,4000,"sd","10:36:21",40000
4000,0,800,"sd","10:33:12",36000
4000,0,1000,"sd","10:29:26",35200
4100,100,400,"bu","10:26:21",34200
4100,100,400,"bu","10:24:36",33800
4000,0,6000,"sd","10:18:48",33400
4000,0,10000,"sd","10:13:03",27400
4000,0,500,"sd","10:01:54",17400
4100,100,2000,"bu","09:58:44",16900
4100,100,5000,"bu","09:58:01",14900
4100,100,100,"bu","09:55:02",9900
4100,100,6000,"bu","09:51:10",9800
4000,0,300,"sd","09:48:52",3800
4100,100,200,"bu","09:46:58",3500
4100,100,100,"bu","09:43:59",3300
4100,100,1000,"bu","09:28:36",3200
4100,100,2000,"bu","09:11:20",2200
4100,100,100,"bu","09:10:24",200
4100,100,100,"bu","09:10:18",100
