"price","change","match_qtty","side","time","total_vol"
3900,0,4200,"bu","14:45:00",732400
3800,-100,1000,"sd","14:24:42",728200
3900,0,100,"bu","14:23:42",727200
3800,-100,9000,"sd","14:20:56",727100
3800,-100,16300,"sd","14:20:18",718100
3800,-100,1500,"sd","14:16:03",701800
3900,0,600,"bu","14:14:48",700300
3900,0,2100,"bu","14:12:48",699700
3900,0,100,"bu","14:09:49",697600
3900,0,700,"bu","14:08:53",697500
3900,0,500,"bu","13:58:26",696800
3800,-100,200,"sd","13:54:15",696300
3800,-100,5400,"sd","13:47:47",696100
3800,-100,400,"sd","13:41:08",690700
3900,0,500,"bu","13:38:40",690300
3800,-100,500,"sd","13:38:13",689800
3800,-100,300,"sd","13:33:08",689300
3800,-100,1000,"sd","13:29:29",689000
3800,-100,200,"sd","13:29:18",688000
3800,-100,3000,"sd","13:26:39",687800
3800,-100,2400,"sd","13:21:33",684800
3800,-100,1000,"sd","13:21:02",682400
3800,-100,3600,"sd","13:15:05",681400
3900,0,800,"bu","13:13:58",677800
3800,-100,2000,"sd","13:11:37",677000
3800,-100,500,"sd","13:00:09",675000
3900,0,6000,"bu","11:16:00",674500
3900,0,500,"bu","11:09:14",668500
3900,0,14300,"sd","11:07:06",668000
3900,0,36800,"sd","10:54:54",653700
3900,0,1600,"sd","10:54:36",616900
3900,0,200,"sd","10:53:37",615300
3900,0,100,"sd","10:52:42",615100
3900,0,100,"sd","10:52:14",615000
3900,0,6800,"sd","10:51:41",614900
3900,0,2000,"bu","10:51:19",608100
3900,0,900,"bu","10:51:15",606100
3900,0,11300,"bu","10:50:47",605200
3900,0,40000,"sd","10:49:59",593900
3900,0,5700,"sd","10:49:13",553900
3900,0,2200,"sd","10:48:03",548200
3900,0,2000,"sd","10:46:40",546000
3900,0,100,"sd","10:46:12",544000
3900,0,2000,"sd","10:43:08",543900
3900,0,13700,"sd","10:41:25",541900
4000,100,100,"bu","10:40:46",528200
4000,100,100,"bu","10:40:37",528100
3900,0,100,"sd","10:40:31",528000
3900,0,600,"sd","10:39:52",527900
3900,0,600,"sd","10:39:50",527300
3900,0,100,"bu","10:39:37",526700
3900,0,600,"bu","10:39:34",526600
3900,0,3000,"bu","10:39:33",526000
3900,0,300,"bu","10:39:31",523000
3900,0,700,"bu","10:39:24",522700
3900,0,1000,"bu","10:39:22",522000
3900,0,200,"bu","10:39:15",521000
3900,0,99000,"bu","10:39:02",520800
4000,100,1000,"bu","10:38:56",421800
4000,100,2000,"bu","10:38:40",420800
3900,0,6000,"sd","10:38:32",418800
3900,0,10000,"sd","10:37:59",412800
3900,0,90000,"sd","10:37:51",402800
4000,100,10000,"bu","10:15:39",312800
4000,100,100,"bu","09:53:48",302800
3900,0,900,"sd","09:48:51",302700
4000,100,200,"bu","09:45:22",301800
3900,0,400,"sd","09:41:59",301600
3900,0,3000,"sd","09:40:44",301200
3900,0,5000,"sd","09:38:40",298200
3900,0,2000,"sd","09:37:31",293200
3900,0,15000,"sd","09:35:28",291200
3900,0,5500,"sd","09:34:51",276200
4000,100,100,"bu","09:34:00",270700
4000,100,100,"bu","09:32:37",270600
4000,100,100,"bu","09:32:16",270500
4000,100,9000,"bu","09:30:23",270400
3900,0,1000,"sd","09:29:57",261400
3900,0,1900,"bu","09:29:28",260400
3900,0,100,"bu","09:29:27",258500
3900,0,19000,"sd","09:29:22",258400
3900,0,1000,"sd","09:26:59",239400
3900,0,2000,"sd","09:25:41",238400
3900,0,10000,"sd","09:25:21",236400
3900,0,200,"sd","09:24:47",226400
3900,0,500,"sd","09:24:38",226200
3900,0,2300,"sd","09:24:28",225700
3900,0,2500,"sd","09:24:12",223400
3900,0,5000,"bu","09:24:02",220900
3900,0,5500,"bu","09:23:56",215900
3900,0,21000,"sd","09:23:05",210400
3900,0,1000,"sd","09:22:44",189400
4000,100,100,"bu","09:21:54",188400
3900,0,6200,"sd","09:20:09",188300
3900,0,1500,"sd","09:20:08",182100
3900,0,5000,"sd","09:19:22",180600
3900,0,21500,"sd","09:19:10",175600
3900,0,5000,"sd","09:17:57",154100
3900,0,9000,"sd","09:15:32",149100
3900,0,100,"sd","09:14:24",140100
3900,0,6000,"sd","09:12:47",140000
3900,0,29300,"sd","09:12:36",134000
3900,0,100,"bu","09:12:35",104700
3900,0,5500,"bu","09:12:30",104600
3900,0,5000,"bu","09:12:28",99100
3900,0,7000,"bu","09:12:27",94100
3900,0,200,"bu","09:12:25",87100
3900,0,500,"bu","09:12:19",86900
3900,0,7000,"bu","09:12:11",86400
3900,0,5000,"bu","09:11:55",79400
3900,0,20000,"bu","09:11:48",74400
3900,0,1700,"bu","09:10:26",54400
3900,0,6000,"bu","09:10:12",52700
3900,0,4000,"bu","09:10:03",46700
3900,0,1000,"bu","09:09:52",42700
3900,0,2000,"bu","09:09:37",41700
3900,0,100,"bu","09:09:34",39700
3900,0,3000,"bu","09:09:13",39600
3900,0,1000,"bu","09:09:04",36600
3900,0,1000,"bu","09:08:55",35600
3900,0,15000,"bu","09:08:41",34600
3900,0,100,"bu","09:06:12",19600
3900,0,200,"bu","09:04:08",19500
3900,0,500,"bu","09:03:51",19300
3900,0,11000,"bu","09:03:40",18800
3900,0,100,"bu","09:01:50",7800
3900,0,200,"bu","09:01:45",7700
3900,0,200,"bu","09:01:36",7500
3900,0,500,"bu","09:01:29",7300
3900,0,100,"bu","09:00:38",6800
3900,0,3000,"bu","09:00:13",6700
3900,0,400,"bu","09:00:11",3700
3800,-100,2000,"sd","09:00:04",3300
3900,0,1300,"bu","09:00:03",1300
