"price","change","match_qtty","side","time","total_vol"
23.6,0.1,123800,"unknown","14:45:00",1989600
23.45,-0.05,300,"sd","14:29:59",1865800
23.5,0,200,"bu","14:29:46",1865500
23.5,0,400,"sd","14:29:43",1865300
23.5,0,200,"sd","14:29:43",1864900
23.5,0,400,"sd","14:29:43",1864700
23.5,0,1000,"sd","14:29:43",1864300
23.5,0,500,"sd","14:29:43",1863300
23.5,0,100,"sd","14:29:43",1862800
23.5,0,2000,"sd","14:29:43",1862700
23.5,0,200,"sd","14:29:43",1860700
23.5,0,100,"sd","14:29:43",1860500
23.55,0.05,100,"sd","14:29:43",1860400
23.55,0.05,300,"sd","14:29:43",1860300
23.55,0.05,1000,"sd","14:29:43",1860000
23.55,0.05,400,"sd","14:29:43",1859000
23.6,0.1,1300,"sd","14:29:43",1858600
23.6,0.1,1000,"sd","14:29:43",1857300
23.6,0.1,1100,"sd","14:29:43",1856300
23.6,0.1,500,"sd","14:29:43",1855200
23.65,0.15,500,"bu","14:29:41",1854700
23.65,0.15,700,"bu","14:29:41",1854200
23.65,0.15,500,"bu","14:29:35",1853500
23.6,0.1,1400,"sd","14:29:32",1853000
23.6,0.1,600,"sd","14:29:32",1851600
23.65,0.15,200,"bu","14:29:17",1851000
23.6,0.1,300,"sd","14:29:15",1850800
23.6,0.1,200,"sd","14:29:14",1850500
23.65,0.15,400,"bu","14:29:09",1850300
23.6,0.1,400,"sd","14:29:06",1849900
23.6,0.1,100,"sd","14:28:52",1849500
23.6,0.1,400,"sd","14:28:46",1849400
23.6,0.1,200,"sd","14:28:46",1849000
23.6,0.1,400,"sd","14:28:46",1848800
23.6,0.1,500,"sd","14:28:44",1848400
23.6,0.1,900,"bu","14:28:35",1847900
23.6,0.1,100,"sd","14:28:35",1847000
23.6,0.1,100,"sd","14:28:33",1846900
23.65,0.15,100,"bu","14:28:28",1846800
23.65,0.15,100,"bu","14:28:21",1846700
23.6,0.1,100,"bu","14:28:21",1846600
23.6,0.1,1000,"bu","14:28:21",1846500
23.6,0.1,100,"bu","14:28:21",1845500
23.6,0.1,100,"bu","14:28:21",1845400
23.65,0.15,100,"bu","14:28:21",1845300
23.6,0.1,1000,"bu","14:28:21",1845200
23.65,0.15,2000,"bu","14:28:21",1844200
23.6,0.1,300,"bu","14:28:21",1842200
23.65,0.15,100,"bu","14:28:21",1841900
23.65,0.15,100,"bu","14:28:21",1841800
23.6,0.1,100,"bu","14:28:16",1841700
23.6,0.1,600,"bu","14:28:11",1841600
23.6,0.1,2000,"bu","14:28:11",1841000
23.6,0.1,100,"bu","14:28:11",1839000
23.6,0.1,100,"bu","14:28:11",1838900
23.6,0.1,100,"bu","14:28:11",1838800
23.6,0.1,100,"bu","14:28:11",1838700
23.6,0.1,500,"bu","14:28:09",1838600
23.6,0.1,500,"bu","14:27:51",1838100
23.6,0.1,500,"bu","14:27:45",1837600
23.6,0.1,1000,"bu","14:27:39",1837100
23.5,0,200,"sd","14:27:34",1836100
23.5,0,100,"sd","14:27:34",1835900
23.5,0,700,"sd","14:27:34",1835800
23.6,0.1,100,"bu","14:27:26",1835100
23.6,0.1,200,"bu","14:27:26",1835000
23.6,0.1,100,"bu","14:27:26",1834800
23.55,0.05,500,"bu","14:27:26",1834700
23.55,0.05,700,"bu","14:27:26",1834200
23.55,0.05,400,"bu","14:27:26",1833500
23.5,0,300,"sd","14:27:23",1833100
23.5,0,200,"sd","14:27:23",1832800
23.5,0,1000,"sd","14:27:23",1832600
23.55,0.05,100,"bu","14:27:12",1831600
23.5,0,200,"sd","14:26:34",1831500
23.5,0,100,"bu","14:26:32",1831300
23.5,0,200,"bu","14:26:32",1831200
23.5,0,200,"bu","14:26:32",1831000
23.5,0,500,"bu","14:26:32",1830800
23.5,0,2800,"bu","14:26:32",1830300
23.5,0,600,"bu","14:26:25",1827500
23.5,0,600,"bu","14:26:24",1826900
23.5,0,100,"bu","14:25:52",1826300
23.5,0,100,"bu","14:25:45",1826200
23.4,-0.1,2100,"sd","14:25:38",1826100
23.45,-0.05,100,"sd","14:25:38",1824000
23.45,-0.05,100,"sd","14:25:38",1823900
23.45,-0.05,100,"sd","14:25:38",1823800
23.45,-0.05,200,"sd","14:25:38",1823700
23.45,-0.05,400,"sd","14:25:38",1823500
23.5,0,1000,"bu","14:25:24",1823100
23.45,-0.05,500,"sd","14:25:19",1822100
23.45,-0.05,100,"sd","14:25:11",1821600
23.5,0,1000,"bu","14:24:59",1821500
23.4,-0.1,800,"sd","14:24:45",1820500
23.4,-0.1,500,"sd","14:24:45",1819700
23.4,-0.1,5000,"sd","14:24:45",1819200
23.4,-0.1,100,"sd","14:24:45",1814200
23.4,-0.1,400,"sd","14:24:45",1814100
23.45,-0.05,300,"sd","14:24:45",1813700
23.45,-0.05,200,"sd","14:24:42",1813400
23.5,0,800,"sd","14:24:40",1813200
23.5,0,100,"bu","14:24:38",1812400
23.5,0,100,"bu","14:24:38",1812300
23.5,0,900,"bu","14:24:38",1812200
23.5,0,100,"bu","14:24:38",1811300
23.5,0,200,"bu","14:24:38",1811200
23.5,0,100,"bu","14:24:17",1811000
23.5,0,900,"bu","14:24:12",1810900
23.5,0,100,"bu","14:23:56",1810000
23.5,0,200,"bu","14:23:47",1809900
23.5,0,100,"sd","14:23:21",1809700
23.5,0,900,"bu","14:23:15",1809600
23.5,0,2000,"bu","14:23:03",1808700
23.4,-0.1,500,"sd","14:23:00",1806700
23.4,-0.1,100,"sd","14:22:53",1806200
23.25,-0.25,6400,"bu","14:21:27",1806100
23.25,-0.25,800,"bu","14:21:26",1799700
23.25,-0.25,700,"bu","14:21:26",1798900
23.25,-0.25,5400,"bu","14:21:26",1798200
23.25,-0.25,100,"bu","14:21:26",1792800
23.25,-0.25,200,"bu","14:21:26",1792700
23.25,-0.25,100,"unknown","14:21:26",1792500
23.25,-0.25,1000,"sd","14:21:26",1792400
23.25,-0.25,1000,"sd","14:21:26",1791400
23.25,-0.25,100,"sd","14:21:26",1790400
23.25,-0.25,2800,"sd","14:21:26",1790300
23.3,-0.2,1000,"sd","14:21:26",1787500
23.35,-0.15,400,"sd","14:21:26",1786500
23.3,-0.2,100,"bu","14:21:25",1786100
23.3,-0.2,100,"sd","14:21:19",1786000
23.25,-0.25,6600,"sd","14:21:12",1785900
23.25,-0.25,100,"sd","14:21:12",1779300
23.25,-0.25,300,"sd","14:21:12",1779200
23.25,-0.25,3500,"sd","14:21:12",1778900
23.3,-0.2,100,"sd","14:21:12",1775400
23.3,-0.2,2500,"sd","14:21:12",1775300
23.3,-0.2,2000,"sd","14:21:12",1772800
23.3,-0.2,100,"sd","14:21:12",1770800
23.3,-0.2,100,"sd","14:21:12",1770700
23.3,-0.2,1200,"sd","14:21:12",1770600
23.3,-0.2,100,"sd","14:21:12",1769400
23.3,-0.2,300,"sd","14:21:12",1769300
23.3,-0.2,100,"sd","14:21:12",1769000
23.3,-0.2,1000,"sd","14:21:12",1768900
23.3,-0.2,300,"sd","14:21:12",1767900
23.3,-0.2,300,"sd","14:21:12",1767600
23.3,-0.2,100,"sd","14:21:12",1767300
23.3,-0.2,300,"sd","14:21:12",1767200
23.35,-0.15,1000,"sd","14:21:12",1766900
23.3,-0.2,13700,"sd","14:20:50",1765900
23.3,-0.2,500,"sd","14:20:50",1752200
23.35,-0.15,2000,"sd","14:20:50",1751700
23.35,-0.15,100,"sd","14:20:50",1749700
23.35,-0.15,100,"sd","14:20:50",1749600
23.35,-0.15,500,"sd","14:20:50",1749500
23.35,-0.15,100,"sd","14:20:50",1749000
23.35,-0.15,500,"sd","14:20:50",1748900
23.35,-0.15,2500,"sd","14:20:50",1748400
23.35,-0.15,2500,"sd","14:20:25",1745900
23.35,-0.15,1700,"sd","14:20:25",1743400
23.35,-0.15,300,"sd","14:20:25",1741700
23.35,-0.15,1000,"sd","14:20:25",1741400
23.4,-0.1,200,"sd","14:20:25",1740400
23.4,-0.1,1000,"sd","14:20:25",1740200
23.4,-0.1,100,"sd","14:20:25",1739200
23.4,-0.1,1300,"sd","14:20:25",1739100
23.5,0,1900,"sd","14:20:25",1737800
23.5,0,100,"bu","14:20:11",1735900
23.4,-0.1,700,"sd","14:20:04",1735800
23.45,-0.05,3200,"sd","14:20:04",1735100
23.45,-0.05,100,"sd","14:20:04",1731900
23.5,0,500,"sd","14:20:04",1731800
23.5,0,500,"sd","14:20:04",1731300
23.5,0,3500,"sd","14:20:01",1730800
23.5,0,1000,"sd","14:20:01",1727300
23.5,0,500,"sd","14:20:01",1726300
23.55,0.05,1000,"bu","14:19:54",1725800
23.5,0,5000,"sd","14:19:52",1724800
23.55,0.05,100,"bu","14:19:45",1719800
23.5,0,4500,"sd","14:19:40",1719700
23.5,0,200,"sd","14:19:40",1715200
23.5,0,200,"sd","14:19:40",1715000
23.5,0,100,"sd","14:19:40",1714800
23.55,0.05,100,"bu","14:19:38",1714700
23.5,0,600,"sd","14:19:35",1714600
23.5,0,400,"sd","14:19:35",1714000
23.5,0,1000,"sd","14:19:34",1713600
23.55,0.05,100,"bu","14:19:26",1712600
23.55,0.05,200,"bu","14:19:26",1712500
23.55,0.05,200,"bu","14:19:19",1712300
23.55,0.05,200,"bu","14:19:17",1712100
23.55,0.05,800,"sd","14:19:12",1711900
23.6,0.1,900,"sd","14:19:12",1711100
23.6,0.1,200,"sd","14:19:12",1710200
23.6,0.1,400,"sd","14:19:12",1710000
23.65,0.15,200,"sd","14:19:12",1709600
23.65,0.15,200,"sd","14:19:12",1709400
23.65,0.15,200,"sd","14:19:09",1709200
23.65,0.15,1500,"sd","14:19:09",1709000
23.7,0.2,100,"bu","14:19:08",1707500
23.7,0.2,100,"bu","14:19:08",1707400
23.7,0.2,100,"bu","14:19:08",1707300
23.7,0.2,100,"bu","14:19:08",1707200
23.7,0.2,500,"bu","14:19:08",1707100
23.7,0.2,100,"bu","14:19:08",1706600
23.65,0.15,400,"sd","14:19:07",1706500
23.65,0.15,100,"sd","14:18:59",1706100
23.65,0.15,500,"bu","14:18:58",1706000
23.65,0.15,100,"bu","14:18:58",1705500
23.65,0.15,200,"bu","14:18:57",1705400
23.65,0.15,700,"sd","14:18:53",1705200
23.65,0.15,200,"bu","14:18:49",1704500
23.6,0.1,300,"sd","14:18:43",1704300
23.65,0.15,200,"sd","14:18:43",1704000
23.65,0.15,500,"sd","14:18:43",1703800
23.65,0.15,700,"sd","14:18:06",1703300
23.65,0.15,300,"bu","14:18:05",1702600
23.65,0.15,200,"bu","14:18:04",1702300
23.6,0.1,300,"sd","14:18:02",1702100
23.6,0.1,500,"sd","14:18:02",1701800
23.65,0.15,200,"unknown","14:18:02",1701300
23.65,0.15,6200,"bu","14:17:56",1701100
23.65,0.15,100,"bu","14:17:56",1694900
23.6,0.1,1000,"sd","14:17:55",1694800
23.6,0.1,100,"sd","14:17:37",1693800
23.65,0.15,100,"bu","14:17:27",1693700
23.65,0.15,200,"bu","14:17:27",1693600
23.6,0.1,1000,"bu","14:17:17",1693400
23.6,0.1,600,"bu","14:17:17",1692400
23.6,0.1,1000,"bu","14:17:16",1691800
23.6,0.1,3400,"bu","14:16:53",1690800
23.6,0.1,500,"bu","14:16:53",1687400
23.6,0.1,300,"bu","14:16:53",1686900
23.6,0.1,100,"bu","14:16:53",1686600
23.6,0.1,2500,"bu","14:16:53",1686500
23.6,0.1,200,"bu","14:16:53",1684000
23.6,0.1,500,"bu","14:16:53",1683800
23.6,0.1,2000,"bu","14:16:53",1683300
23.6,0.1,100,"bu","14:16:53",1681300
23.6,0.1,2000,"bu","14:16:53",1681200
23.6,0.1,3000,"bu","14:16:53",1679200
23.5,0,200,"bu","14:16:53",1676200
23.5,0,2000,"bu","14:16:53",1676000
23.5,0,100,"bu","14:16:53",1674000
23.5,0,13100,"bu","14:16:53",1673900
23.5,0,500,"bu","14:16:48",1660800
23.5,0,100,"bu","14:16:46",1660300
23.5,0,2600,"bu","14:16:29",1660200
23.5,0,200,"bu","14:16:29",1657600
23.5,0,100,"bu","14:16:29",1657400
23.5,0,1000,"bu","14:16:29",1657300
23.5,0,500,"bu","14:16:29",1656300
23.5,0,5000,"bu","14:16:29",1655800
23.5,0,400,"bu","14:16:29",1650800
23.5,0,500,"bu","14:16:29",1650400
23.5,0,100,"bu","14:16:29",1649900
23.5,0,300,"bu","14:16:29",1649800
23.5,0,300,"bu","14:16:29",1649500
23.5,0,500,"bu","14:16:29",1649200
23.5,0,300,"bu","14:16:29",1648700
23.5,0,300,"bu","14:16:29",1648400
23.5,0,1000,"bu","14:16:29",1648100
23.5,0,500,"bu","14:16:29",1647100
23.5,0,100,"bu","14:16:29",1646600
23.5,0,300,"bu","14:16:29",1646500
23.5,0,100,"bu","14:16:29",1646200
23.5,0,500,"bu","14:16:24",1646100
23.5,0,500,"bu","14:16:09",1645600
23.5,0,700,"bu","14:16:09",1645100
23.5,0,300,"bu","14:16:06",1644400
23.5,0,1000,"bu","14:16:06",1644100
23.5,0,200,"bu","14:16:06",1643100
23.5,0,100,"bu","14:15:36",1642900
23.5,0,100,"bu","14:15:36",1642800
23.5,0,600,"bu","14:15:28",1642700
23.5,0,200,"bu","14:15:26",1642100
23.5,0,600,"bu","14:15:26",1641900
23.45,-0.05,500,"bu","14:15:17",1641300
23.45,-0.05,300,"bu","14:15:17",1640800
23.4,-0.1,900,"sd","14:15:15",1640500
23.4,-0.1,400,"sd","14:15:15",1639600
23.4,-0.1,3700,"sd","14:15:15",1639200
23.45,-0.05,200,"bu","14:15:11",1635500
23.45,-0.05,500,"bu","14:15:11",1635300
23.45,-0.05,300,"bu","14:15:11",1634800
23.45,-0.05,600,"bu","14:15:09",1634500
23.45,-0.05,200,"bu","14:15:09",1633900
23.45,-0.05,100,"bu","14:15:09",1633700
23.45,-0.05,100,"bu","14:15:09",1633600
23.45,-0.05,200,"bu","14:15:07",1633500
23.45,-0.05,400,"bu","14:15:01",1633300
23.45,-0.05,300,"bu","14:15:01",1632900
23.45,-0.05,300,"bu","14:15:01",1632600
23.4,-0.1,200,"bu","14:14:44",1632300
23.4,-0.1,500,"bu","14:14:44",1632100
23.4,-0.1,600,"bu","14:14:44",1631600
23.4,-0.1,900,"bu","14:14:44",1631000
23.4,-0.1,100,"bu","14:14:44",1630100
23.4,-0.1,900,"bu","14:14:43",1630000
23.4,-0.1,100,"bu","14:14:43",1629100
23.4,-0.1,100,"bu","14:14:42",1629000
23.4,-0.1,200,"bu","14:14:31",1628900
23.4,-0.1,300,"bu","14:14:14",1628700
23.4,-0.1,600,"bu","14:14:14",1628400
23.4,-0.1,100,"bu","14:14:14",1627800
23.4,-0.1,200,"bu","14:13:59",1627700
23.35,-0.15,100,"unknown","14:13:59",1627500
23.35,-0.15,100,"bu","14:13:59",1627400
23.35,-0.15,500,"bu","14:13:59",1627300
23.35,-0.15,1000,"bu","14:13:59",1626800
23.35,-0.15,1000,"bu","14:13:59",1625800
23.35,-0.15,1000,"bu","14:13:59",1624800
23.35,-0.15,1000,"bu","14:13:59",1623800
23.35,-0.15,100,"bu","14:13:59",1622800
23.3,-0.2,200,"bu","14:13:55",1622700
23.3,-0.2,300,"bu","14:13:55",1622500
23.3,-0.2,200,"bu","14:13:54",1622200
23.3,-0.2,500,"bu","14:13:54",1622000
23.3,-0.2,100,"bu","14:13:54",1621500
23.3,-0.2,500,"bu","14:13:54",1621400
23.3,-0.2,1000,"bu","14:13:54",1620900
23.3,-0.2,200,"bu","14:13:54",1619900
23.3,-0.2,1000,"bu","14:13:52",1619700
23.3,-0.2,2000,"bu","14:13:51",1618700
23.3,-0.2,800,"bu","14:13:49",1616700
23.3,-0.2,2000,"bu","14:13:49",1615900
23.3,-0.2,5000,"bu","14:13:48",1613900
23.3,-0.2,1000,"bu","14:13:46",1608900
23.3,-0.2,1000,"bu","14:13:33",1607900
23.3,-0.2,500,"bu","14:13:27",1606900
23.3,-0.2,300,"bu","14:13:20",1606400
23.3,-0.2,3000,"bu","14:13:16",1606100
23.25,-0.25,1000,"sd","14:13:15",1603100
23.3,-0.2,800,"bu","14:13:13",1602100
23.3,-0.2,200,"bu","14:13:13",1601300
23.3,-0.2,100,"bu","14:13:06",1601100
23.3,-0.2,100,"bu","14:13:01",1601000
23.25,-0.25,1000,"sd","14:13:00",1600900
23.3,-0.2,100,"bu","14:12:19",1599900
23.3,-0.2,300,"bu","14:12:14",1599800
23.3,-0.2,1000,"bu","14:12:04",1599500
23.3,-0.2,400,"bu","14:12:02",1598500
23.3,-0.2,100,"bu","14:12:02",1598100
23.25,-0.25,300,"sd","14:11:38",1598000
23.25,-0.25,3600,"bu","14:10:22",1597700
23.25,-0.25,600,"bu","14:10:22",1594100
23.25,-0.25,1000,"bu","14:10:22",1593500
23.25,-0.25,100,"bu","14:10:16",1592500
23.25,-0.25,100,"bu","14:10:07",1592400
23.25,-0.25,2900,"bu","14:10:06",1592300
23.25,-0.25,400,"bu","14:10:05",1589400
23.25,-0.25,100,"bu","14:10:03",1589000
23.25,-0.25,100,"bu","14:10:00",1588900
23.25,-0.25,1200,"bu","14:09:55",1588800
23.25,-0.25,1000,"bu","14:09:54",1587600
23.2,-0.3,400,"sd","14:09:54",1586600
23.25,-0.25,400,"bu","14:09:45",1586200
23.25,-0.25,100,"bu","14:09:45",1585800
23.25,-0.25,100,"bu","14:09:43",1585700
23.25,-0.25,300,"bu","14:09:21",1585600
23.25,-0.25,500,"bu","14:09:21",1585300
23.25,-0.25,1000,"bu","14:09:19",1584800
23.25,-0.25,1000,"bu","14:09:18",1583800
23.25,-0.25,2500,"bu","14:09:16",1582800
23.25,-0.25,400,"bu","14:09:16",1580300
23.25,-0.25,500,"bu","14:09:16",1579900
23.25,-0.25,1000,"bu","14:09:11",1579400
23.25,-0.25,2000,"bu","14:09:05",1578400
23.25,-0.25,500,"bu","14:08:48",1576400
23.25,-0.25,200,"bu","14:08:37",1575900
23.25,-0.25,800,"bu","14:08:33",1575700
23.25,-0.25,1000,"bu","14:08:33",1574900
23.25,-0.25,200,"bu","14:08:33",1573900
23.25,-0.25,500,"bu","14:08:28",1573700
23.25,-0.25,100,"bu","14:08:28",1573200
23.25,-0.25,400,"bu","14:08:28",1573100
23.25,-0.25,100,"bu","14:08:23",1572700
23.25,-0.25,500,"bu","14:08:16",1572600
23.25,-0.25,400,"bu","14:08:16",1572100
23.25,-0.25,1100,"bu","14:08:16",1571700
23.25,-0.25,1000,"bu","14:08:08",1570600
23.25,-0.25,1200,"bu","14:08:06",1569600
23.25,-0.25,200,"bu","14:08:06",1568400
23.25,-0.25,800,"bu","14:08:06",1568200
23.25,-0.25,100,"bu","14:08:02",1567400
23.25,-0.25,100,"bu","14:07:33",1567300
23.25,-0.25,100,"bu","14:04:50",1567200
23.25,-0.25,100,"bu","14:04:29",1567100
23.25,-0.25,100,"sd","14:04:03",1567000
23.25,-0.25,600,"sd","14:04:02",1566900
23.25,-0.25,100,"bu","14:03:25",1566300
23.25,-0.25,100,"sd","14:03:18",1566200
23.25,-0.25,200,"sd","14:03:18",1566100
23.25,-0.25,300,"sd","14:02:55",1565900
23.25,-0.25,700,"sd","14:02:55",1565600
23.25,-0.25,1300,"sd","14:02:24",1564900
23.25,-0.25,100,"sd","14:02:24",1563600
23.25,-0.25,100,"sd","14:02:24",1563500
23.3,-0.2,500,"bu","14:02:17",1563400
23.25,-0.25,100,"sd","14:01:56",1562900
23.25,-0.25,100,"sd","14:01:56",1562800
23.25,-0.25,1000,"sd","14:01:56",1562700
23.25,-0.25,1000,"sd","14:01:56",1561700
23.25,-0.25,100,"sd","14:01:56",1560700
23.25,-0.25,700,"sd","14:01:56",1560600
23.25,-0.25,1000,"sd","14:01:49",1559900
23.25,-0.25,300,"sd","14:01:26",1558900
23.25,-0.25,200,"sd","14:01:26",1558600
23.3,-0.2,100,"bu","14:01:12",1558400
23.3,-0.2,100,"bu","14:01:07",1558300
23.3,-0.2,900,"bu","14:01:07",1558200
23.3,-0.2,100,"bu","14:00:42",1557300
23.3,-0.2,100,"bu","14:00:23",1557200
23.3,-0.2,1200,"bu","14:00:13",1557100
23.3,-0.2,2000,"bu","14:00:13",1555900
23.3,-0.2,200,"bu","14:00:13",1553900
23.3,-0.2,1300,"bu","13:59:51",1553700
23.3,-0.2,100,"sd","13:59:44",1552400
23.3,-0.2,400,"sd","13:59:44",1552300
23.3,-0.2,1000,"sd","13:59:33",1551900
23.3,-0.2,200,"sd","13:59:27",1550900
23.3,-0.2,100,"sd","13:59:25",1550700
23.3,-0.2,200,"sd","13:59:18",1550600
23.3,-0.2,200,"bu","13:58:55",1550400
23.3,-0.2,1000,"bu","13:58:55",1550200
23.3,-0.2,100,"bu","13:58:55",1549200
23.3,-0.2,500,"bu","13:58:38",1549100
23.3,-0.2,100,"sd","13:58:19",1548600
23.3,-0.2,1200,"sd","13:58:19",1548500
23.3,-0.2,700,"sd","13:58:12",1547300
23.3,-0.2,200,"sd","13:58:01",1546600
23.3,-0.2,200,"bu","13:57:48",1546400
23.3,-0.2,500,"bu","13:57:48",1546200
23.3,-0.2,300,"bu","13:57:48",1545700
23.3,-0.2,2800,"bu","13:57:48",1545400
23.3,-0.2,1000,"bu","13:57:48",1542600
23.3,-0.2,100,"bu","13:57:48",1541600
23.3,-0.2,400,"bu","13:57:24",1541500
23.3,-0.2,400,"bu","13:57:24",1541100
23.3,-0.2,100,"bu","13:57:24",1540700
23.3,-0.2,1000,"bu","13:57:24",1540600
23.3,-0.2,5000,"bu","13:57:24",1539600
23.3,-0.2,100,"bu","13:57:24",1534600
23.3,-0.2,200,"bu","13:56:48",1534500
23.3,-0.2,100,"sd","13:56:33",1534300
23.3,-0.2,1300,"bu","13:56:21",1534200
23.3,-0.2,100,"bu","13:56:21",1532900
23.25,-0.25,1000,"sd","13:56:20",1532800
23.3,-0.2,100,"bu","13:56:16",1531800
23.3,-0.2,100,"bu","13:56:07",1531700
23.3,-0.2,100,"bu","13:56:07",1531600
23.3,-0.2,500,"bu","13:56:06",1531500
23.3,-0.2,600,"bu","13:55:46",1531000
23.3,-0.2,300,"bu","13:55:46",1530400
23.3,-0.2,300,"bu","13:54:55",1530100
23.25,-0.25,800,"sd","13:54:38",1529800
23.25,-0.25,200,"sd","13:54:38",1529000
23.3,-0.2,400,"sd","13:54:22",1528800
23.3,-0.2,1000,"bu","13:53:58",1528400
23.3,-0.2,100,"bu","13:53:58",1527400
23.3,-0.2,200,"sd","13:53:57",1527300
23.3,-0.2,2000,"sd","13:53:53",1527100
23.3,-0.2,100,"bu","13:53:12",1525100
23.3,-0.2,500,"bu","13:53:06",1525000
23.3,-0.2,100,"bu","13:53:00",1524500
23.3,-0.2,300,"bu","13:52:56",1524400
23.3,-0.2,100,"sd","13:52:50",1524100
23.3,-0.2,100,"sd","13:52:50",1524000
23.3,-0.2,400,"bu","13:52:36",1523900
23.3,-0.2,600,"sd","13:52:31",1523500
23.3,-0.2,400,"sd","13:52:26",1522900
23.3,-0.2,800,"bu","13:51:50",1522500
23.3,-0.2,200,"bu","13:51:50",1521700
23.3,-0.2,100,"bu","13:51:30",1521500
23.3,-0.2,400,"sd","13:51:22",1521400
23.3,-0.2,200,"sd","13:51:19",1521000
23.3,-0.2,100,"bu","13:51:01",1520800
23.3,-0.2,1200,"bu","13:50:59",1520700
23.3,-0.2,800,"bu","13:50:59",1519500
23.3,-0.2,400,"bu","13:50:43",1518700
23.3,-0.2,300,"bu","13:50:43",1518300
23.3,-0.2,300,"bu","13:50:43",1518000
23.3,-0.2,100,"bu","13:50:00",1517700
23.3,-0.2,100,"bu","13:49:59",1517600
23.3,-0.2,1500,"bu","13:48:54",1517500
23.3,-0.2,400,"bu","13:48:54",1516000
23.3,-0.2,200,"bu","13:48:54",1515600
23.3,-0.2,100,"bu","13:48:54",1515400
23.25,-0.25,1300,"bu","13:48:32",1515300
23.25,-0.25,900,"bu","13:48:32",1514000
23.25,-0.25,100,"bu","13:48:07",1513100
23.25,-0.25,100,"bu","13:47:39",1513000
23.25,-0.25,100,"bu","13:47:14",1512900
23.25,-0.25,100,"bu","13:47:08",1512800
23.25,-0.25,300,"bu","13:47:06",1512700
23.2,-0.3,300,"bu","13:46:29",1512400
23.2,-0.3,1200,"bu","13:46:29",1512100
23.2,-0.3,10000,"bu","13:46:29",1510900
23.2,-0.3,300,"bu","13:46:29",1500900
23.2,-0.3,300,"bu","13:46:27",1500600
23.2,-0.3,1000,"bu","13:46:25",1500300
23.2,-0.3,400,"bu","13:46:09",1499300
23.2,-0.3,600,"bu","13:46:07",1498900
23.2,-0.3,100,"bu","13:46:01",1498300
23.2,-0.3,200,"bu","13:45:41",1498200
23.2,-0.3,500,"bu","13:45:32",1498000
23.2,-0.3,300,"sd","13:45:29",1497500
23.2,-0.3,100,"sd","13:45:29",1497200
23.25,-0.25,600,"bu","13:45:20",1497100
23.25,-0.25,100,"bu","13:45:20",1496500
23.25,-0.25,100,"bu","13:45:20",1496400
23.25,-0.25,1200,"bu","13:45:20",1496300
23.2,-0.3,1100,"bu","13:45:11",1495100
23.2,-0.3,100,"bu","13:45:05",1494000
23.2,-0.3,100,"sd","13:44:59",1493900
23.2,-0.3,100,"bu","13:44:36",1493800
23.2,-0.3,100,"bu","13:44:23",1493700
23.2,-0.3,100,"bu","13:44:21",1493600
23.2,-0.3,100,"bu","13:44:21",1493500
23.2,-0.3,300,"bu","13:44:21",1493400
23.15,-0.35,600,"sd","13:44:11",1493100
23.2,-0.3,200,"bu","13:44:10",1492500
23.2,-0.3,100,"bu","13:44:09",1492300
23.2,-0.3,100,"bu","13:44:02",1492200
23.2,-0.3,800,"bu","13:43:56",1492100
23.2,-0.3,1200,"bu","13:43:56",1491300
23.2,-0.3,1300,"bu","13:43:56",1490100
23.2,-0.3,6700,"bu","13:43:56",1488800
23.15,-0.35,800,"sd","13:43:51",1482100
23.15,-0.35,200,"sd","13:43:51",1481300
23.15,-0.35,200,"sd","13:43:51",1481100
23.15,-0.35,1200,"sd","13:43:35",1480900
23.15,-0.35,100,"bu","13:43:23",1479700
23.15,-0.35,1300,"bu","13:43:23",1479600
23.15,-0.35,400,"bu","13:43:23",1478300
23.15,-0.35,500,"bu","13:43:21",1477900
23.15,-0.35,100,"bu","13:43:18",1477400
23.15,-0.35,200,"bu","13:43:18",1477300
23.15,-0.35,1000,"bu","13:43:09",1477100
23.15,-0.35,500,"bu","13:43:05",1476100
23.15,-0.35,200,"bu","13:42:56",1475600
23.15,-0.35,100,"bu","13:42:46",1475400
23.15,-0.35,200,"bu","13:42:44",1475300
23.15,-0.35,200,"bu","13:42:44",1475100
23.15,-0.35,5000,"bu","13:42:39",1474900
23.15,-0.35,200,"bu","13:42:28",1469900
23.15,-0.35,800,"bu","13:42:28",1469700
23.15,-0.35,300,"bu","13:42:27",1468900
23.15,-0.35,500,"bu","13:42:18",1468600
23.15,-0.35,300,"bu","13:42:07",1468100
23.1,-0.4,100,"sd","13:41:55",1467800
23.15,-0.35,500,"bu","13:41:48",1467700
23.15,-0.35,100,"bu","13:41:26",1467200
23.15,-0.35,100,"bu","13:41:15",1467100
23.15,-0.35,200,"bu","13:41:13",1467000
23.15,-0.35,300,"bu","13:41:03",1466800
23.15,-0.35,200,"bu","13:40:50",1466500
23.15,-0.35,100,"bu","13:40:50",1466300
23.15,-0.35,700,"bu","13:40:50",1466200
23.15,-0.35,600,"bu","13:40:41",1465500
23.15,-0.35,500,"sd","13:40:33",1464900
23.15,-0.35,100,"sd","13:40:33",1464400
23.15,-0.35,100,"sd","13:40:33",1464300
23.15,-0.35,100,"sd","13:40:33",1464200
23.15,-0.35,400,"sd","13:40:33",1464100
23.15,-0.35,500,"sd","13:40:29",1463700
23.15,-0.35,500,"sd","13:40:29",1463200
23.15,-0.35,200,"sd","13:40:29",1462700
23.15,-0.35,1300,"bu","13:40:05",1462500
23.15,-0.35,400,"bu","13:40:05",1461200
23.15,-0.35,800,"bu","13:39:58",1460800
23.15,-0.35,300,"bu","13:39:56",1460000
23.15,-0.35,500,"bu","13:39:56",1459700
23.15,-0.35,1000,"bu","13:39:56",1459200
23.15,-0.35,2800,"bu","13:39:56",1458200
23.15,-0.35,1000,"bu","13:39:50",1455400
23.15,-0.35,200,"bu","13:39:44",1454400
23.15,-0.35,100,"bu","13:39:39",1454200
23.15,-0.35,200,"bu","13:39:23",1454100
23.15,-0.35,500,"bu","13:38:58",1453900
23.15,-0.35,200,"bu","13:38:52",1453400
23.15,-0.35,5000,"sd","13:38:16",1453200
23.15,-0.35,500,"sd","13:38:15",1448200
23.15,-0.35,700,"sd","13:38:15",1447700
23.15,-0.35,500,"bu","13:37:38",1447000
23.15,-0.35,100,"bu","13:37:38",1446500
23.15,-0.35,3200,"bu","13:37:38",1446400
23.15,-0.35,200,"bu","13:37:38",1443200
23.15,-0.35,2000,"bu","13:37:38",1443000
23.1,-0.4,500,"bu","13:37:22",1441000
23.1,-0.4,100,"bu","13:37:16",1440500
23.1,-0.4,700,"bu","13:37:15",1440400
23.1,-0.4,300,"bu","13:37:15",1439700
23.1,-0.4,200,"bu","13:37:12",1439400
23.1,-0.4,1800,"bu","13:37:12",1439200
23.1,-0.4,100,"bu","13:37:07",1437400
23.1,-0.4,1000,"bu","13:37:06",1437300
23.1,-0.4,100,"bu","13:37:02",1436300
23.1,-0.4,5000,"bu","13:36:58",1436200
23.1,-0.4,100,"sd","13:36:46",1431200
23.1,-0.4,100,"sd","13:36:46",1431100
23.1,-0.4,200,"sd","13:36:46",1431000
23.1,-0.4,2000,"sd","13:36:46",1430800
23.1,-0.4,300,"sd","13:36:46",1428800
23.1,-0.4,3000,"sd","13:36:46",1428500
23.1,-0.4,100,"sd","13:36:46",1425500
23.1,-0.4,100,"sd","13:36:46",1425400
23.1,-0.4,500,"sd","13:36:46",1425300
23.1,-0.4,100,"sd","13:36:46",1424800
23.1,-0.4,100,"sd","13:36:46",1424700
23.1,-0.4,100,"sd","13:36:46",1424600
23.1,-0.4,200,"sd","13:36:46",1424500
23.1,-0.4,200,"sd","13:36:46",1424300
23.1,-0.4,8000,"sd","13:36:46",1424100
23.1,-0.4,100,"sd","13:36:46",1416100
23.1,-0.4,300,"sd","13:36:46",1416000
23.1,-0.4,100,"sd","13:36:46",1415700
23.1,-0.4,2000,"sd","13:36:46",1415600
23.1,-0.4,2000,"sd","13:36:46",1413600
23.1,-0.4,100,"sd","13:36:46",1411600
23.1,-0.4,500,"sd","13:36:46",1411500
23.1,-0.4,100,"sd","13:36:46",1411000
23.1,-0.4,200,"sd","13:36:46",1410900
23.1,-0.4,500,"sd","13:36:46",1410700
23.1,-0.4,100,"sd","13:36:46",1410200
23.1,-0.4,500,"sd","13:36:46",1410100
23.1,-0.4,100,"sd","13:36:46",1409600
23.1,-0.4,100,"sd","13:36:46",1409500
23.1,-0.4,200,"sd","13:36:46",1409400
23.15,-0.35,400,"bu","13:36:42",1409200
23.15,-0.35,100,"bu","13:36:39",1408800
23.15,-0.35,200,"bu","13:36:38",1408700
23.15,-0.35,100,"bu","13:36:38",1408500
23.15,-0.35,100,"bu","13:36:29",1408400
23.15,-0.35,400,"bu","13:36:21",1408300
23.15,-0.35,100,"bu","13:36:19",1407900
23.15,-0.35,500,"bu","13:36:15",1407800
23.15,-0.35,600,"bu","13:36:09",1407300
23.15,-0.35,500,"bu","13:36:08",1406700
23.15,-0.35,400,"sd","13:35:55",1406200
23.15,-0.35,100,"sd","13:35:55",1405800
23.15,-0.35,600,"sd","13:35:55",1405700
23.15,-0.35,200,"sd","13:35:55",1405100
23.15,-0.35,200,"sd","13:35:55",1404900
23.15,-0.35,1000,"sd","13:35:55",1404700
23.15,-0.35,500,"sd","13:35:55",1403700
23.15,-0.35,500,"sd","13:35:55",1403200
23.15,-0.35,300,"sd","13:35:55",1402700
23.15,-0.35,100,"sd","13:35:55",1402400
23.2,-0.3,100,"bu","13:35:49",1402300
23.15,-0.35,200,"sd","13:35:47",1402200
23.15,-0.35,200,"sd","13:35:47",1402000
23.15,-0.35,1800,"sd","13:34:56",1401800
23.15,-0.35,100,"sd","13:34:56",1400000
23.15,-0.35,200,"sd","13:34:56",1399900
23.15,-0.35,100,"sd","13:34:56",1399700
23.15,-0.35,100,"sd","13:34:56",1399600
23.15,-0.35,1800,"sd","13:34:56",1399500
23.15,-0.35,300,"sd","13:34:56",1397700
23.15,-0.35,1000,"sd","13:34:55",1397400
23.2,-0.3,500,"bu","13:33:53",1396400
23.2,-0.3,1000,"bu","13:33:39",1395900
23.2,-0.3,200,"sd","13:33:09",1394900
23.2,-0.3,600,"sd","13:33:09",1394700
23.2,-0.3,100,"sd","13:33:09",1394100
23.2,-0.3,300,"sd","13:33:09",1394000
23.2,-0.3,100,"sd","13:33:09",1393700
23.2,-0.3,100,"sd","13:33:09",1393600
23.2,-0.3,300,"sd","13:33:09",1393500
23.25,-0.25,300,"bu","13:32:15",1393200
23.25,-0.25,2000,"sd","13:31:59",1392900
23.15,-0.35,3700,"sd","13:31:51",1390900
23.15,-0.35,500,"sd","13:31:51",1387200
23.15,-0.35,2000,"sd","13:31:51",1386700
23.15,-0.35,100,"sd","13:31:51",1384700
23.15,-0.35,200,"sd","13:31:51",1384600
23.15,-0.35,200,"sd","13:31:51",1384400
23.15,-0.35,100,"sd","13:31:51",1384200
23.15,-0.35,300,"sd","13:31:51",1384100
23.2,-0.3,700,"sd","13:31:51",1383800
23.2,-0.3,300,"sd","13:31:51",1383100
23.2,-0.3,400,"sd","13:31:51",1382800
23.2,-0.3,200,"sd","13:31:51",1382400
23.2,-0.3,100,"sd","13:31:51",1382200
23.2,-0.3,600,"sd","13:31:51",1382100
23.2,-0.3,100,"sd","13:31:51",1381500
23.2,-0.3,100,"sd","13:31:51",1381400
23.2,-0.3,100,"sd","13:31:51",1381300
23.2,-0.3,200,"sd","13:31:51",1381200
23.2,-0.3,300,"sd","13:31:51",1381000
23.2,-0.3,2000,"sd","13:31:51",1380700
23.2,-0.3,1300,"sd","13:31:51",1378700
23.2,-0.3,5000,"sd","13:31:51",1377400
23.2,-0.3,300,"sd","13:31:51",1372400
23.2,-0.3,1000,"sd","13:31:51",1372100
23.25,-0.25,100,"sd","13:31:51",1371100
23.25,-0.25,100,"sd","13:31:51",1371000
23.25,-0.25,700,"sd","13:31:42",1370900
23.25,-0.25,200,"sd","13:31:42",1370200
23.25,-0.25,2000,"sd","13:31:42",1370000
23.25,-0.25,100,"sd","13:31:42",1368000
23.25,-0.25,500,"sd","13:31:42",1367900
23.25,-0.25,800,"sd","13:31:42",1367400
23.25,-0.25,200,"sd","13:31:42",1366600
23.25,-0.25,500,"sd","13:31:42",1366400
23.35,-0.15,100,"bu","13:31:30",1365900
23.35,-0.15,800,"bu","13:31:30",1365800
23.35,-0.15,200,"bu","13:31:30",1365000
23.25,-0.25,500,"sd","13:30:48",1364800
23.25,-0.25,1000,"sd","13:30:48",1364300
23.25,-0.25,1000,"sd","13:30:48",1363300
23.25,-0.25,10000,"sd","13:30:47",1362300
23.25,-0.25,300,"sd","13:30:47",1352300
23.25,-0.25,3000,"sd","13:30:47",1352000
23.25,-0.25,200,"sd","13:30:47",1349000
23.25,-0.25,300,"sd","13:30:47",1348800
23.25,-0.25,2000,"sd","13:30:47",1348500
23.25,-0.25,300,"sd","13:30:47",1346500
23.3,-0.2,1000,"sd","13:30:47",1346200
23.3,-0.2,400,"sd","13:30:47",1345200
23.3,-0.2,100,"sd","13:30:45",1344800
23.3,-0.2,200,"sd","13:30:24",1344700
23.3,-0.2,500,"sd","13:30:24",1344500
23.3,-0.2,500,"sd","13:30:24",1344000
23.25,-0.25,700,"sd","13:29:56",1343500
23.25,-0.25,300,"sd","13:29:56",1342800
23.3,-0.2,200,"sd","13:29:56",1342500
23.3,-0.2,400,"sd","13:29:56",1342300
23.3,-0.2,300,"sd","13:29:56",1341900
23.3,-0.2,200,"sd","13:29:56",1341600
23.3,-0.2,300,"sd","13:29:56",1341400
23.3,-0.2,400,"sd","13:29:56",1341100
23.3,-0.2,2200,"sd","13:29:56",1340700
23.3,-0.2,800,"sd","13:29:16",1338500
23.3,-0.2,100,"sd","13:29:16",1337700
23.3,-0.2,200,"sd","13:29:16",1337600
23.3,-0.2,100,"sd","13:29:16",1337400
23.3,-0.2,900,"sd","13:29:04",1337300
23.3,-0.2,200,"sd","13:29:04",1336400
23.3,-0.2,100,"sd","13:29:04",1336200
23.3,-0.2,100,"sd","13:29:04",1336100
23.3,-0.2,300,"sd","13:29:04",1336000
23.3,-0.2,200,"sd","13:29:04",1335700
23.3,-0.2,2000,"sd","13:29:04",1335500
23.3,-0.2,1000,"sd","13:29:04",1333500
23.3,-0.2,200,"sd","13:29:04",1332500
23.3,-0.2,400,"sd","13:28:38",1332300
23.3,-0.2,200,"sd","13:28:36",1331900
23.3,-0.2,200,"sd","13:28:08",1331700
23.3,-0.2,300,"sd","13:28:08",1331500
23.3,-0.2,600,"sd","13:28:08",1331200
23.3,-0.2,100,"sd","13:28:08",1330600
23.3,-0.2,100,"sd","13:28:08",1330500
23.3,-0.2,900,"sd","13:28:05",1330400
23.3,-0.2,100,"sd","13:28:05",1329500
23.35,-0.15,300,"sd","13:28:05",1329400
23.3,-0.2,100,"sd","13:28:05",1329100
23.35,-0.15,300,"sd","13:28:05",1329000
23.4,-0.1,300,"sd","13:28:05",1328700
23.3,-0.2,500,"sd","13:28:05",1328400
23.3,-0.2,300,"sd","13:28:05",1327900
23.3,-0.2,100,"sd","13:28:05",1327600
23.3,-0.2,1800,"sd","13:28:05",1327500
23.35,-0.15,100,"sd","13:28:04",1325700
23.35,-0.15,200,"sd","13:28:04",1325600
23.4,-0.1,200,"bu","13:27:59",1325400
23.4,-0.1,500,"bu","13:27:59",1325200
23.4,-0.1,500,"bu","13:27:53",1324700
23.4,-0.1,100,"bu","13:27:38",1324200
23.4,-0.1,100,"bu","13:27:38",1324100
23.35,-0.15,700,"sd","13:27:34",1324000
23.35,-0.15,100,"sd","13:27:34",1323300
23.35,-0.15,600,"sd","13:27:34",1323200
23.35,-0.15,1000,"sd","13:27:34",1322600
23.35,-0.15,600,"sd","13:27:34",1321600
23.35,-0.15,1000,"sd","13:27:34",1321000
23.35,-0.15,1000,"sd","13:27:34",1320000
23.4,-0.1,100,"bu","13:27:27",1319000
23.4,-0.1,100,"bu","13:27:20",1318900
23.4,-0.1,100,"bu","13:27:03",1318800
23.4,-0.1,600,"bu","13:27:03",1318700
23.4,-0.1,600,"bu","13:27:03",1318100
23.35,-0.15,1200,"sd","13:27:02",1317500
23.35,-0.15,4000,"bu","13:26:15",1316300
23.35,-0.15,1200,"bu","13:26:15",1312300
23.35,-0.15,2600,"bu","13:26:15",1311100
23.3,-0.2,3200,"sd","13:26:13",1308500
23.3,-0.2,800,"sd","13:26:13",1305300
23.3,-0.2,300,"sd","13:26:13",1304500
23.3,-0.2,200,"sd","13:26:13",1304200
23.3,-0.2,100,"sd","13:26:13",1304000
23.3,-0.2,200,"sd","13:26:13",1303900
23.3,-0.2,100,"sd","13:26:13",1303700
23.3,-0.2,200,"sd","13:26:13",1303600
23.3,-0.2,300,"sd","13:26:13",1303400
23.3,-0.2,600,"sd","13:26:13",1303100
23.35,-0.15,100,"bu","13:26:05",1302500
23.3,-0.2,1300,"sd","13:25:54",1302400
23.3,-0.2,700,"sd","13:25:51",1301100
23.3,-0.2,100,"sd","13:24:57",1300400
23.35,-0.15,300,"bu","13:24:51",1300300
23.35,-0.15,1000,"sd","13:24:41",1300000
23.35,-0.15,300,"sd","13:24:41",1299000
23.35,-0.15,700,"sd","13:24:41",1298700
23.4,-0.1,300,"sd","13:24:33",1298000
23.4,-0.1,100,"bu","13:24:23",1297700
23.35,-0.15,200,"sd","13:24:18",1297600
23.35,-0.15,100,"sd","13:24:18",1297400
23.35,-0.15,4700,"sd","13:24:18",1297300
23.4,-0.1,100,"bu","13:24:08",1292600
23.35,-0.15,300,"sd","13:24:06",1292500
23.4,-0.1,100,"sd","13:23:58",1292200
23.4,-0.1,400,"sd","13:23:58",1292100
23.4,-0.1,400,"sd","13:23:54",1291700
23.4,-0.1,100,"sd","13:23:50",1291300
23.4,-0.1,900,"sd","13:23:44",1291200
23.4,-0.1,100,"sd","13:23:44",1290300
23.4,-0.1,400,"sd","13:23:40",1290200
23.4,-0.1,500,"sd","13:23:40",1289800
23.4,-0.1,300,"sd","13:23:40",1289300
23.4,-0.1,200,"sd","13:23:37",1289000
23.4,-0.1,100,"sd","13:23:37",1288800
23.4,-0.1,200,"sd","13:23:37",1288700
23.45,-0.05,300,"bu","13:23:34",1288500
23.45,-0.05,500,"bu","13:23:21",1288200
23.45,-0.05,900,"bu","13:23:09",1287700
23.45,-0.05,100,"bu","13:23:09",1286800
23.5,0,400,"bu","13:22:37",1286700
23.5,0,500,"bu","13:22:37",1286300
23.45,-0.05,200,"bu","13:22:37",1285800
23.45,-0.05,2000,"bu","13:22:37",1285600
23.45,-0.05,600,"bu","13:22:37",1283600
23.5,0,500,"bu","13:22:30",1283000
23.5,0,100,"bu","13:22:30",1282500
23.5,0,400,"bu","13:22:30",1282400
23.5,0,800,"bu","13:22:30",1282000
23.45,-0.05,4600,"bu","13:22:30",1281200
23.45,-0.05,100,"sd","13:22:18",1276600
23.45,-0.05,1000,"sd","13:22:18",1276500
23.45,-0.05,1000,"sd","13:22:18",1275500
23.45,-0.05,1400,"sd","13:22:18",1274500
23.45,-0.05,100,"sd","13:22:18",1273100
23.45,-0.05,200,"sd","13:22:18",1273000
23.45,-0.05,100,"sd","13:22:18",1272800
23.45,-0.05,500,"sd","13:22:18",1272700
23.45,-0.05,6000,"sd","13:22:18",1272200
23.5,0,100,"bu","13:22:08",1266200
23.5,0,200,"bu","13:22:05",1266100
23.45,-0.05,600,"sd","13:22:05",1265900
23.45,-0.05,100,"sd","13:22:03",1265300
23.5,0,200,"bu","13:21:54",1265200
23.45,-0.05,1000,"sd","13:21:52",1265000
23.5,0,500,"bu","13:21:48",1264000
23.5,0,3200,"bu","13:21:35",1263500
23.5,0,1800,"bu","13:21:35",1260300
23.5,0,3200,"bu","13:21:18",1258500
23.5,0,200,"bu","13:21:18",1255300
23.5,0,500,"bu","13:21:18",1255100
23.5,0,100,"bu","13:21:18",1254600
23.5,0,100,"bu","13:21:18",1254500
23.5,0,100,"bu","13:21:18",1254400
23.5,0,300,"bu","13:21:18",1254300
23.5,0,100,"bu","13:21:18",1254000
23.5,0,100,"bu","13:21:18",1253900
23.5,0,100,"bu","13:21:18",1253800
23.5,0,100,"bu","13:21:18",1253700
23.5,0,100,"bu","13:21:18",1253600
23.5,0,100,"bu","13:21:18",1253500
23.5,0,100,"bu","13:21:18",1253400
23.5,0,100,"bu","13:21:18",1253300
23.45,-0.05,100,"sd","13:21:13",1253200
23.45,-0.05,1000,"sd","13:21:06",1253100
23.45,-0.05,1000,"sd","13:21:03",1252100
23.5,0,200,"bu","13:21:02",1251100
23.5,0,1800,"bu","13:21:02",1250900
23.45,-0.05,200,"sd","13:20:53",1249100
23.5,0,200,"bu","13:20:46",1248900
23.5,0,200,"bu","13:20:46",1248700
23.5,0,600,"bu","13:20:34",1248500
23.5,0,1000,"bu","13:20:34",1247900
23.45,-0.05,2600,"sd","13:20:20",1246900
23.45,-0.05,1300,"sd","13:20:18",1244300
23.45,-0.05,500,"sd","13:20:15",1243000
23.45,-0.05,2000,"sd","13:20:12",1242500
23.45,-0.05,100,"bu","13:20:04",1240500
23.45,-0.05,200,"bu","13:20:04",1240400
23.45,-0.05,100,"bu","13:20:04",1240200
23.45,-0.05,500,"bu","13:20:04",1240100
23.45,-0.05,500,"bu","13:20:04",1239600
23.45,-0.05,100,"bu","13:20:04",1239100
23.45,-0.05,100,"bu","13:20:04",1239000
23.45,-0.05,200,"bu","13:20:04",1238900
23.45,-0.05,200,"bu","13:20:04",1238700
23.45,-0.05,400,"bu","13:19:39",1238500
23.4,-0.1,100,"bu","13:19:39",1238100
23.4,-0.1,2000,"sd","13:19:38",1238000
23.4,-0.1,400,"sd","13:19:38",1236000
23.4,-0.1,100,"sd","13:19:38",1235600
23.4,-0.1,400,"sd","13:19:38",1235500
23.4,-0.1,100,"bu","13:19:31",1235100
23.4,-0.1,1000,"bu","13:19:15",1235000
23.4,-0.1,100,"bu","13:19:13",1234000
23.4,-0.1,500,"bu","13:19:13",1233900
23.4,-0.1,3200,"bu","13:19:13",1233400
23.4,-0.1,2200,"bu","13:19:13",1230200
23.4,-0.1,1000,"bu","13:19:13",1228000
23.4,-0.1,1200,"bu","13:19:13",1227000
23.4,-0.1,100,"bu","13:19:13",1225800
23.4,-0.1,500,"bu","13:19:13",1225700
23.4,-0.1,200,"bu","13:19:09",1225200
23.35,-0.15,100,"sd","13:18:55",1225000
23.35,-0.15,400,"sd","13:18:55",1224900
23.4,-0.1,200,"bu","13:18:55",1224500
23.4,-0.1,100,"bu","13:18:47",1224300
23.35,-0.15,1900,"bu","13:18:47",1224200
23.35,-0.15,100,"bu","13:18:46",1222300
23.35,-0.15,500,"bu","13:18:39",1222200
23.35,-0.15,100,"sd","13:18:35",1221700
23.35,-0.15,100,"sd","13:18:35",1221600
23.35,-0.15,200,"sd","13:18:35",1221500
23.35,-0.15,500,"sd","13:18:35",1221300
23.35,-0.15,200,"sd","13:18:35",1220800
23.35,-0.15,1400,"sd","13:18:35",1220600
23.4,-0.1,3000,"bu","13:18:21",1219200
23.4,-0.1,500,"bu","13:18:18",1216200
23.4,-0.1,5000,"bu","13:18:12",1215700
23.35,-0.15,100,"sd","13:18:12",1210700
23.4,-0.1,500,"bu","13:18:10",1210600
23.4,-0.1,1800,"bu","13:18:10",1210100
23.4,-0.1,100,"bu","13:18:10",1208300
23.4,-0.1,400,"bu","13:18:10",1208200
23.4,-0.1,1000,"bu","13:18:10",1207800
23.4,-0.1,200,"bu","13:18:10",1206800
23.4,-0.1,1000,"bu","13:18:10",1206600
23.35,-0.15,100,"sd","13:18:03",1205600
23.4,-0.1,500,"bu","13:17:56",1205500
23.35,-0.15,400,"sd","13:17:52",1205000
23.35,-0.15,600,"sd","13:17:52",1204600
23.35,-0.15,400,"bu","13:17:26",1204000
23.35,-0.15,1000,"bu","13:17:24",1203600
23.35,-0.15,600,"bu","13:17:21",1202600
23.35,-0.15,500,"bu","13:17:21",1202000
23.35,-0.15,900,"bu","13:17:21",1201500
23.35,-0.15,100,"bu","13:17:13",1200600
23.35,-0.15,200,"bu","13:17:13",1200500
23.35,-0.15,700,"bu","13:17:13",1200300
23.3,-0.2,1300,"bu","13:17:01",1199600
23.3,-0.2,1000,"bu","13:17:01",1198300
23.3,-0.2,2000,"bu","13:17:01",1197300
23.3,-0.2,1000,"bu","13:17:01",1195300
23.3,-0.2,500,"bu","13:17:01",1194300
23.3,-0.2,500,"bu","13:17:01",1193800
23.3,-0.2,100,"bu","13:17:01",1193300
23.3,-0.2,100,"bu","13:17:01",1193200
23.3,-0.2,800,"bu","13:17:01",1193100
23.25,-0.25,200,"sd","13:16:56",1192300
23.25,-0.25,200,"sd","13:16:56",1192100
23.25,-0.25,400,"sd","13:16:56",1191900
23.25,-0.25,200,"sd","13:16:56",1191500
23.3,-0.2,1000,"bu","13:16:51",1191300
23.3,-0.2,200,"bu","13:16:38",1190300
23.25,-0.25,100,"sd","13:16:28",1190100
23.25,-0.25,2300,"sd","13:16:28",1190000
23.25,-0.25,600,"sd","13:16:28",1187700
23.3,-0.2,200,"bu","13:16:27",1187100
23.3,-0.2,2000,"bu","13:16:26",1186900
23.25,-0.25,400,"sd","13:16:25",1184900
23.25,-0.25,100,"sd","13:16:25",1184500
23.25,-0.25,500,"sd","13:16:25",1184400
23.3,-0.2,100,"bu","13:16:24",1183900
23.25,-0.25,1000,"bu","13:16:03",1183800
23.25,-0.25,300,"bu","13:16:01",1182800
23.25,-0.25,200,"bu","13:16:01",1182500
23.25,-0.25,100,"bu","13:15:59",1182300
23.25,-0.25,200,"bu","13:15:55",1182200
23.25,-0.25,100,"bu","13:15:54",1182000
23.25,-0.25,200,"bu","13:15:53",1181900
23.25,-0.25,100,"bu","13:15:50",1181700
23.25,-0.25,600,"bu","13:15:48",1181600
23.25,-0.25,800,"bu","13:15:48",1181000
23.25,-0.25,500,"bu","13:15:48",1180200
23.25,-0.25,1400,"bu","13:15:43",1179700
23.25,-0.25,300,"bu","13:15:43",1178300
23.25,-0.25,100,"bu","13:15:42",1178000
23.25,-0.25,400,"bu","13:15:35",1177900
23.25,-0.25,1400,"bu","13:15:32",1177500
23.25,-0.25,900,"bu","13:15:31",1176100
23.25,-0.25,300,"bu","13:15:31",1175200
23.25,-0.25,800,"bu","13:15:31",1174900
23.25,-0.25,200,"bu","13:15:28",1174100
23.25,-0.25,500,"bu","13:15:23",1173900
23.25,-0.25,200,"bu","13:15:21",1173400
23.25,-0.25,700,"bu","13:15:16",1173200
23.25,-0.25,100,"bu","13:15:14",1172500
23.25,-0.25,200,"bu","13:15:14",1172400
23.25,-0.25,100,"bu","13:15:10",1172200
23.25,-0.25,100,"bu","13:15:00",1172100
23.25,-0.25,100,"bu","13:14:50",1172000
23.25,-0.25,200,"bu","13:14:50",1171900
23.2,-0.3,1300,"sd","13:14:41",1171700
23.2,-0.3,1100,"bu","13:13:56",1170400
23.2,-0.3,200,"bu","13:13:55",1169300
23.2,-0.3,1300,"bu","13:13:55",1169100
23.2,-0.3,1300,"bu","13:13:55",1167800
23.2,-0.3,3700,"bu","13:13:55",1166500
23.2,-0.3,900,"bu","13:13:54",1162800
23.2,-0.3,100,"bu","13:13:51",1161900
23.2,-0.3,500,"bu","13:13:51",1161800
23.2,-0.3,1500,"bu","13:13:51",1161300
23.2,-0.3,100,"bu","13:13:50",1159800
23.2,-0.3,1000,"bu","13:13:50",1159700
23.2,-0.3,400,"bu","13:13:42",1158700
23.2,-0.3,200,"bu","13:13:42",1158300
23.2,-0.3,1000,"bu","13:13:42",1158100
23.2,-0.3,2000,"bu","13:13:40",1157100
23.2,-0.3,200,"bu","13:13:37",1155100
23.2,-0.3,200,"bu","13:13:30",1154900
23.2,-0.3,900,"bu","13:13:20",1154700
23.2,-0.3,100,"bu","13:13:14",1153800
23.2,-0.3,500,"bu","13:13:13",1153700
23.2,-0.3,1000,"bu","13:13:12",1153200
23.2,-0.3,200,"bu","13:13:05",1152200
23.2,-0.3,100,"bu","13:12:55",1152000
23.2,-0.3,200,"bu","13:12:53",1151900
23.2,-0.3,100,"bu","13:12:40",1151700
23.2,-0.3,100,"bu","13:12:35",1151600
23.2,-0.3,500,"bu","13:12:28",1151500
23.15,-0.35,100,"sd","13:12:25",1151000
23.15,-0.35,1200,"sd","13:12:25",1150900
23.15,-0.35,100,"sd","13:12:19",1149700
23.2,-0.3,300,"bu","13:11:53",1149600
23.2,-0.3,100,"bu","13:11:53",1149300
23.2,-0.3,100,"bu","13:11:44",1149200
23.2,-0.3,300,"bu","13:11:43",1149100
23.2,-0.3,500,"bu","13:11:42",1148800
23.2,-0.3,100,"bu","13:11:39",1148300
23.2,-0.3,700,"bu","13:11:37",1148200
23.2,-0.3,1000,"bu","13:11:33",1147500
23.2,-0.3,1000,"bu","13:11:18",1146500
23.2,-0.3,300,"bu","13:11:10",1145500
23.2,-0.3,300,"bu","13:11:10",1145200
23.2,-0.3,300,"bu","13:11:09",1144900
23.2,-0.3,100,"bu","13:11:04",1144600
23.2,-0.3,100,"bu","13:10:50",1144500
23.2,-0.3,100,"bu","13:10:37",1144400
23.2,-0.3,200,"bu","13:10:26",1144300
23.2,-0.3,100,"bu","13:10:18",1144100
23.2,-0.3,400,"bu","13:10:09",1144000
23.2,-0.3,100,"bu","13:10:03",1143600
23.2,-0.3,800,"bu","13:09:42",1143500
23.2,-0.3,500,"bu","13:09:42",1142700
23.2,-0.3,800,"bu","13:09:42",1142200
23.15,-0.35,1300,"bu","13:09:09",1141400
23.15,-0.35,1300,"bu","13:09:09",1140100
23.15,-0.35,1100,"bu","13:09:09",1138800
23.15,-0.35,200,"bu","13:09:04",1137700
23.15,-0.35,1300,"bu","13:09:04",1137500
23.15,-0.35,1300,"bu","13:09:04",1136200
23.15,-0.35,200,"bu","13:09:04",1134900
23.15,-0.35,700,"bu","13:09:04",1134700
23.15,-0.35,200,"bu","13:09:04",1134000
23.15,-0.35,1900,"bu","13:09:01",1133800
23.15,-0.35,2200,"bu","13:08:53",1131900
23.15,-0.35,1100,"bu","13:08:53",1129700
23.15,-0.35,200,"bu","13:08:53",1128600
23.15,-0.35,200,"bu","13:08:34",1128400
23.15,-0.35,500,"bu","13:08:22",1128200
23.15,-0.35,100,"bu","13:08:13",1127700
23.15,-0.35,200,"bu","13:07:56",1127600
23.15,-0.35,1800,"bu","13:07:40",1127400
23.15,-0.35,400,"bu","13:07:31",1125600
23.15,-0.35,100,"bu","13:07:05",1125200
23.15,-0.35,200,"bu","13:06:34",1125100
23.1,-0.4,100,"sd","13:06:12",1124900
23.1,-0.4,700,"sd","13:06:12",1124800
23.15,-0.35,500,"bu","13:06:07",1124100
23.15,-0.35,300,"bu","13:05:49",1123600
23.15,-0.35,500,"bu","13:05:49",1123300
23.15,-0.35,200,"bu","13:05:49",1122800
23.15,-0.35,500,"bu","13:05:48",1122600
23.15,-0.35,100,"bu","13:04:25",1122100
23.15,-0.35,300,"bu","13:03:34",1122000
23.1,-0.4,1300,"sd","13:03:28",1121700
23.1,-0.4,500,"bu","13:03:21",1120400
23.1,-0.4,1300,"bu","13:03:21",1119900
23.1,-0.4,500,"bu","13:03:21",1118600
23.1,-0.4,700,"bu","13:03:21",1118100
23.1,-0.4,700,"bu","13:03:18",1117400
23.1,-0.4,1400,"bu","13:03:18",1116700
23.1,-0.4,5000,"bu","13:03:18",1115300
23.1,-0.4,2900,"bu","13:03:18",1110300
23.1,-0.4,500,"bu","13:03:13",1107400
23.1,-0.4,200,"bu","13:02:59",1106900
23.1,-0.4,300,"bu","13:02:34",1106700
23.1,-0.4,1000,"bu","13:02:30",1106400
23.1,-0.4,100,"bu","13:02:06",1105400
23.1,-0.4,100,"bu","13:02:06",1105300
23.1,-0.4,100,"bu","13:02:01",1105200
23.1,-0.4,100,"bu","13:02:01",1105100
23.1,-0.4,300,"bu","13:02:01",1105000
23.05,-0.45,2100,"sd","13:02:01",1104700
23.05,-0.45,10000,"sd","13:02:01",1102600
23.05,-0.45,100,"sd","13:02:01",1092600
23.05,-0.45,800,"sd","13:02:01",1092500
23.1,-0.4,300,"bu","13:01:35",1091700
23.1,-0.4,100,"bu","13:01:29",1091400
23.1,-0.4,100,"bu","13:00:58",1091300
23.1,-0.4,100,"bu","13:00:25",1091200
23.1,-0.4,200,"bu","13:00:05",1091100
23.1,-0.4,100,"bu","13:00:04",1090900
23.05,-0.45,1200,"sd","13:00:04",1090800
23.05,-0.45,200,"sd","13:00:03",1089600
23.05,-0.45,200,"sd","13:00:02",1089400
23.1,-0.4,1000,"bu","13:00:02",1089200
23.1,-0.4,500,"bu","13:00:01",1088200
23.1,-0.4,500,"bu","13:00:01",1087700
23.05,-0.45,900,"sd","13:00:01",1087200
23.05,-0.45,1500,"sd","11:28:58",1086300
23.05,-0.45,200,"sd","11:28:38",1084800
23.05,-0.45,100,"sd","11:28:38",1084600
23.05,-0.45,9000,"sd","11:28:38",1084500
23.05,-0.45,100,"sd","11:28:38",1075500
23.05,-0.45,100,"sd","11:28:38",1075400
23.05,-0.45,1000,"sd","11:28:38",1075300
23.05,-0.45,5000,"sd","11:28:38",1074300
23.05,-0.45,1000,"sd","11:28:38",1069300
23.05,-0.45,500,"sd","11:28:38",1068300
23.05,-0.45,500,"sd","11:28:38",1067800
23.05,-0.45,3300,"sd","11:28:38",1067300
23.1,-0.4,300,"bu","11:28:30",1064000
23.05,-0.45,200,"sd","11:28:18",1063700
23.05,-0.45,1500,"sd","11:27:51",1063500
23.05,-0.45,200,"sd","11:27:47",1062000
23.1,-0.4,900,"bu","11:27:38",1061800
23.1,-0.4,900,"bu","11:27:36",1060900
23.1,-0.4,200,"bu","11:27:12",1060000
23.1,-0.4,4500,"bu","11:26:58",1059800
23.1,-0.4,500,"bu","11:26:58",1055300
23.1,-0.4,100,"bu","11:26:55",1054800
23.1,-0.4,100,"bu","11:26:41",1054700
23.1,-0.4,2000,"bu","11:26:30",1054600
23.1,-0.4,1000,"bu","11:26:25",1052600
23.05,-0.45,100,"sd","11:26:18",1051600
23.1,-0.4,1000,"bu","11:26:17",1051500
23.1,-0.4,1500,"sd","11:26:16",1050500
23.1,-0.4,900,"bu","11:26:14",1049000
23.1,-0.4,500,"bu","11:26:10",1048100
23.1,-0.4,100,"bu","11:26:07",1047600
23.1,-0.4,100,"bu","11:25:28",1047500
23.05,-0.45,100,"sd","11:25:26",1047400
23.1,-0.4,200,"sd","11:25:23",1047300
23.1,-0.4,800,"sd","11:25:23",1047100
23.1,-0.4,400,"sd","11:25:23",1046300
23.1,-0.4,100,"bu","11:24:53",1045900
23.1,-0.4,100,"bu","11:24:48",1045800
23.1,-0.4,1200,"bu","11:24:47",1045700
23.1,-0.4,800,"bu","11:24:47",1044500
23.1,-0.4,600,"bu","11:24:07",1043700
23.1,-0.4,1000,"bu","11:24:07",1043100
23.1,-0.4,5000,"bu","11:24:07",1042100
23.1,-0.4,400,"bu","11:24:07",1037100
23.1,-0.4,100,"bu","11:22:53",1036700
23.1,-0.4,200,"bu","11:22:37",1036600
23.1,-0.4,700,"sd","11:22:15",1036400
23.1,-0.4,300,"bu","11:22:08",1035700
23.1,-0.4,100,"bu","11:21:34",1035400
23.1,-0.4,500,"bu","11:21:20",1035300
23.1,-0.4,2000,"bu","11:21:10",1034800
23.1,-0.4,17100,"sd","11:21:08",1032800
23.1,-0.4,1500,"sd","11:21:07",1015700
23.1,-0.4,5000,"bu","11:20:55",1014200
23.1,-0.4,1400,"bu","11:20:55",1009200
23.1,-0.4,300,"bu","11:20:44",1007800
23.1,-0.4,2000,"bu","11:20:41",1007500
23.1,-0.4,4400,"bu","11:20:06",1005500
23.05,-0.45,600,"bu","11:20:06",1001100
23.05,-0.45,200,"sd","11:20:00",1000500
23.05,-0.45,600,"sd","11:20:00",1000300
23.05,-0.45,200,"bu","11:19:47",999700
23.05,-0.45,100,"bu","11:19:46",999500
23.05,-0.45,500,"bu","11:19:45",999400
23.05,-0.45,100,"bu","11:19:37",998900
23.05,-0.45,1000,"bu","11:19:30",998800
23.05,-0.45,500,"sd","11:19:25",997800
23.05,-0.45,500,"sd","11:19:25",997300
23.05,-0.45,100,"sd","11:19:25",996800
23.05,-0.45,100,"sd","11:19:25",996700
23.05,-0.45,600,"sd","11:19:25",996600
23.05,-0.45,2000,"sd","11:19:25",996000
23.05,-0.45,100,"sd","11:19:25",994000
23.05,-0.45,100,"sd","11:19:25",993900
23.05,-0.45,200,"sd","11:19:25",993800
23.05,-0.45,500,"sd","11:19:25",993600
23.05,-0.45,2000,"sd","11:19:25",993100
23.05,-0.45,1000,"sd","11:19:25",991100
23.05,-0.45,100,"sd","11:19:25",990100
23.05,-0.45,100,"sd","11:19:25",990000
23.05,-0.45,100,"sd","11:19:25",989900
23.05,-0.45,10000,"sd","11:19:25",989800
23.05,-0.45,100,"sd","11:19:25",979800
23.1,-0.4,200,"bu","11:18:05",979700
23.1,-0.4,2000,"sd","11:17:53",979500
23.1,-0.4,200,"sd","11:17:53",977500
23.1,-0.4,500,"sd","11:17:53",977300
23.1,-0.4,200,"sd","11:17:53",976800
23.1,-0.4,100,"sd","11:17:53",976600
23.1,-0.4,100,"sd","11:17:53",976500
23.15,-0.35,300,"sd","11:16:38",976400
23.15,-0.35,100,"bu","11:16:15",976100
23.15,-0.35,1000,"sd","11:15:30",976000
23.15,-0.35,300,"sd","11:15:30",975000
23.15,-0.35,1400,"bu","11:15:03",974700
23.15,-0.35,200,"bu","11:15:03",973300
23.15,-0.35,100,"bu","11:15:03",973100
23.15,-0.35,100,"bu","11:13:53",973000
23.1,-0.4,200,"bu","11:13:53",972900
23.1,-0.4,100,"sd","11:13:52",972700
23.1,-0.4,200,"sd","11:13:52",972600
23.1,-0.4,500,"sd","11:13:52",972400
23.1,-0.4,6000,"sd","11:13:52",971900
23.1,-0.4,100,"sd","11:13:52",965900
23.1,-0.4,200,"sd","11:13:52",965800
23.1,-0.4,300,"sd","11:13:52",965600
23.1,-0.4,100,"sd","11:13:52",965300
23.1,-0.4,2900,"sd","11:13:52",965200
23.1,-0.4,500,"sd","11:13:52",962300
23.1,-0.4,100,"sd","11:13:52",961800
23.1,-0.4,300,"sd","11:13:52",961700
23.1,-0.4,2100,"sd","11:13:52",961400
23.1,-0.4,1000,"sd","11:13:52",959300
23.1,-0.4,1000,"sd","11:13:52",958300
23.1,-0.4,1000,"sd","11:13:52",957300
23.1,-0.4,1000,"sd","11:13:52",956300
23.1,-0.4,5000,"sd","11:13:52",955300
23.1,-0.4,400,"sd","11:13:52",950300
23.1,-0.4,500,"sd","11:13:52",949900
23.1,-0.4,200,"sd","11:13:52",949400
23.1,-0.4,1000,"sd","11:13:52",949200
23.1,-0.4,300,"sd","11:13:52",948200
23.15,-0.35,1400,"bu","11:13:42",947900
23.15,-0.35,1600,"bu","11:13:42",946500
23.15,-0.35,100,"bu","11:13:37",944900
23.15,-0.35,100,"bu","11:13:17",944800
23.15,-0.35,900,"bu","11:13:17",944700
23.15,-0.35,300,"bu","11:12:16",943800
23.15,-0.35,100,"sd","11:12:09",943500
23.15,-0.35,100,"sd","11:12:09",943400
23.15,-0.35,100,"bu","11:11:22",943300
23.15,-0.35,1300,"bu","11:11:12",943200
23.15,-0.35,100,"bu","11:10:57",941900
23.15,-0.35,400,"bu","11:10:38",941800
23.15,-0.35,300,"bu","11:10:17",941400
23.15,-0.35,1700,"sd","11:10:02",941100
23.15,-0.35,2000,"sd","11:10:02",939400
23.15,-0.35,1500,"sd","11:10:02",937400
23.15,-0.35,1500,"sd","11:09:54",935900
23.15,-0.35,200,"bu","11:09:19",934400
23.15,-0.35,1100,"bu","11:09:19",934200
23.15,-0.35,200,"bu","11:09:18",933100
23.15,-0.35,100,"bu","11:09:06",932900
23.15,-0.35,200,"bu","11:08:55",932800
23.1,-0.4,100,"sd","11:08:51",932600
23.15,-0.35,2700,"bu","11:08:50",932500
23.15,-0.35,200,"bu","11:08:48",929800
23.15,-0.35,200,"bu","11:08:45",929600
23.15,-0.35,100,"bu","11:08:42",929400
23.1,-0.4,500,"sd","11:08:38",929300
23.15,-0.35,200,"bu","11:08:37",928800
23.15,-0.35,1500,"sd","11:08:37",928600
23.15,-0.35,500,"sd","11:08:37",927100
23.15,-0.35,1400,"sd","11:08:37",926600
23.2,-0.3,300,"bu","11:08:33",925200
23.15,-0.35,2000,"sd","11:08:30",924900
23.15,-0.35,1600,"bu","11:07:58",922900
23.15,-0.35,100,"bu","11:07:57",921300
23.15,-0.35,700,"bu","11:07:47",921200
23.15,-0.35,100,"bu","11:07:47",920500
23.15,-0.35,100,"bu","11:07:47",920400
23.15,-0.35,200,"bu","11:07:47",920300
23.15,-0.35,3000,"bu","11:07:47",920100
23.15,-0.35,2200,"bu","11:07:47",917100
23.15,-0.35,800,"sd","11:07:39",914900
23.15,-0.35,500,"sd","11:07:39",914100
23.15,-0.35,100,"sd","11:07:39",913600
23.15,-0.35,400,"sd","11:07:33",913500
23.15,-0.35,200,"sd","11:07:33",913100
23.2,-0.3,200,"bu","11:07:30",912900
23.15,-0.35,600,"bu","11:06:55",912700
23.15,-0.35,100,"bu","11:06:50",912100
23.15,-0.35,100,"bu","11:06:46",912000
23.15,-0.35,400,"bu","11:06:38",911900
23.15,-0.35,200,"sd","11:06:31",911500
23.15,-0.35,1500,"bu","11:06:31",911300
23.15,-0.35,300,"bu","11:06:31",909800
23.15,-0.35,600,"bu","11:06:18",909500
23.15,-0.35,1000,"bu","11:06:13",908900
23.15,-0.35,500,"bu","11:06:12",907900
23.15,-0.35,5000,"bu","11:06:08",907400
23.15,-0.35,1000,"bu","11:05:58",902400
23.15,-0.35,200,"bu","11:05:57",901400
23.15,-0.35,100,"bu","11:05:53",901200
23.15,-0.35,500,"bu","11:05:33",901100
23.15,-0.35,100,"bu","11:05:09",900600
23.15,-0.35,100,"bu","11:05:03",900500
23.15,-0.35,600,"sd","11:05:01",900400
23.15,-0.35,900,"bu","11:04:52",899800
23.15,-0.35,500,"bu","11:04:51",898900
23.15,-0.35,1500,"bu","11:04:51",898400
23.15,-0.35,500,"bu","11:04:36",896900
23.15,-0.35,1000,"bu","11:04:25",896400
23.15,-0.35,500,"bu","11:04:20",895400
23.15,-0.35,100,"sd","11:03:50",894900
23.15,-0.35,400,"sd","11:03:50",894800
23.15,-0.35,100,"sd","11:03:50",894400
23.15,-0.35,5000,"sd","11:03:50",894300
23.15,-0.35,300,"sd","11:03:50",889300
23.15,-0.35,300,"sd","11:03:50",889000
23.15,-0.35,300,"sd","11:03:50",888700
23.15,-0.35,500,"sd","11:03:18",888400
23.15,-0.35,1500,"sd","11:03:18",887900
23.15,-0.35,1400,"sd","11:03:10",886400
23.15,-0.35,1100,"bu","11:02:47",885000
23.15,-0.35,500,"bu","11:02:44",883900
23.15,-0.35,200,"sd","11:02:41",883400
23.15,-0.35,200,"sd","11:02:41",883200
23.2,-0.3,200,"bu","11:02:31",883000
23.2,-0.3,1000,"bu","11:02:31",882800
23.2,-0.3,3600,"bu","11:02:31",881800
23.15,-0.35,200,"bu","11:02:09",878200
23.15,-0.35,1300,"sd","11:02:02",878000
23.15,-0.35,1500,"bu","11:02:01",876700
23.15,-0.35,2200,"bu","11:02:01",875200
23.15,-0.35,100,"bu","11:01:40",873000
23.15,-0.35,1000,"bu","11:01:36",872900
23.15,-0.35,1000,"bu","11:01:36",871900
23.15,-0.35,600,"bu","11:01:34",870900
23.15,-0.35,5100,"bu","11:01:22",870300
23.15,-0.35,1500,"bu","11:01:22",865200
23.15,-0.35,1500,"bu","11:01:22",863700
23.15,-0.35,6900,"bu","11:01:22",862200
23.15,-0.35,100,"bu","11:00:34",855300
23.15,-0.35,900,"bu","11:00:34",855200
23.1,-0.4,100,"bu","11:00:30",854300
23.1,-0.4,400,"sd","11:00:30",854200
23.1,-0.4,400,"sd","11:00:30",853800
23.1,-0.4,100,"sd","11:00:30",853400
23.1,-0.4,200,"sd","11:00:04",853300
23.1,-0.4,500,"sd","11:00:04",853100
23.1,-0.4,1000,"sd","11:00:04",852600
23.1,-0.4,1000,"sd","11:00:04",851600
23.1,-0.4,300,"sd","11:00:04",850600
23.1,-0.4,200,"sd","10:59:47",850300
23.1,-0.4,200,"sd","10:59:47",850100
23.1,-0.4,1000,"sd","10:59:47",849900
23.1,-0.4,100,"sd","10:59:47",848900
23.1,-0.4,100,"sd","10:58:41",848800
23.1,-0.4,100,"sd","10:58:41",848700
23.1,-0.4,1300,"sd","10:58:41",848600
23.1,-0.4,700,"bu","10:58:09",847300
23.1,-0.4,800,"bu","10:58:09",846600
23.1,-0.4,200,"bu","10:58:09",845800
23.1,-0.4,2000,"bu","10:58:09",845600
23.1,-0.4,500,"bu","10:58:07",843600
23.1,-0.4,400,"bu","10:58:05",843100
23.1,-0.4,500,"bu","10:58:03",842700
23.1,-0.4,300,"bu","10:58:03",842200
23.1,-0.4,100,"bu","10:57:59",841900
23.1,-0.4,1000,"bu","10:57:57",841800
23.1,-0.4,1000,"bu","10:57:49",840800
23.1,-0.4,900,"bu","10:57:31",839800
23.1,-0.4,200,"bu","10:57:23",838900
23.1,-0.4,100,"bu","10:57:06",838700
23.1,-0.4,500,"bu","10:57:00",838600
23.1,-0.4,200,"bu","10:56:39",838100
23.1,-0.4,1000,"bu","10:56:34",837900
23.1,-0.4,1000,"bu","10:56:34",836900
23.1,-0.4,300,"bu","10:56:34",835900
23.1,-0.4,100,"bu","10:56:34",835600
23.1,-0.4,500,"sd","10:56:25",835500
23.1,-0.4,900,"sd","10:56:25",835000
23.1,-0.4,100,"bu","10:56:17",834100
23.1,-0.4,100,"bu","10:56:17",834000
23.1,-0.4,1500,"bu","10:56:17",833900
23.1,-0.4,1400,"bu","10:56:17",832400
23.1,-0.4,500,"bu","10:56:13",831000
23.1,-0.4,2000,"bu","10:56:09",830500
23.1,-0.4,400,"bu","10:56:05",828500
23.1,-0.4,300,"bu","10:56:05",828100
23.1,-0.4,1000,"bu","10:56:02",827800
23.1,-0.4,600,"bu","10:55:44",826800
23.1,-0.4,500,"bu","10:55:36",826200
23.1,-0.4,300,"sd","10:55:02",825700
23.1,-0.4,1000,"sd","10:55:02",825400
23.1,-0.4,2000,"sd","10:55:02",824400
23.15,-0.35,100,"bu","10:54:58",822400
23.1,-0.4,1500,"bu","10:54:45",822300
23.1,-0.4,100,"bu","10:54:45",820800
23.1,-0.4,1400,"bu","10:54:45",820700
23.1,-0.4,1000,"bu","10:54:31",819300
23.1,-0.4,1000,"bu","10:54:24",818300
23.1,-0.4,1000,"bu","10:54:24",817300
23.1,-0.4,100,"bu","10:54:23",816300
23.1,-0.4,1000,"bu","10:54:01",816200
23.1,-0.4,300,"bu","10:53:57",815200
23.1,-0.4,300,"bu","10:53:48",814900
23.1,-0.4,500,"bu","10:53:43",814600
23.1,-0.4,100,"bu","10:53:40",814100
23.1,-0.4,100,"bu","10:53:35",814000
23.1,-0.4,400,"bu","10:53:30",813900
23.1,-0.4,100,"sd","10:53:09",813500
23.1,-0.4,2200,"sd","10:53:09",813400
23.1,-0.4,500,"sd","10:53:09",811200
23.15,-0.35,300,"bu","10:52:21",810700
23.1,-0.4,6700,"bu","10:52:21",810400
23.1,-0.4,2000,"sd","10:52:14",803700
23.1,-0.4,100,"sd","10:52:14",801700
23.1,-0.4,1000,"sd","10:52:14",801600
23.1,-0.4,200,"sd","10:52:14",800600
23.15,-0.35,1000,"bu","10:52:10",800400
23.15,-0.35,1100,"bu","10:52:00",799400
23.1,-0.4,300,"sd","10:51:56",798300
23.1,-0.4,200,"sd","10:51:56",798000
23.1,-0.4,1000,"sd","10:51:56",797800
23.1,-0.4,10000,"sd","10:51:20",796800
23.1,-0.4,100,"sd","10:51:20",786800
23.1,-0.4,2800,"sd","10:51:20",786700
23.1,-0.4,300,"sd","10:51:20",783900
23.1,-0.4,100,"sd","10:51:20",783600
23.1,-0.4,100,"sd","10:51:20",783500
23.1,-0.4,100,"sd","10:51:20",783400
23.1,-0.4,600,"sd","10:51:20",783300
23.1,-0.4,100,"sd","10:51:20",782700
23.1,-0.4,100,"sd","10:51:20",782600
23.1,-0.4,700,"sd","10:51:20",782500
23.15,-0.35,100,"bu","10:51:00",781800
23.15,-0.35,100,"bu","10:50:43",781700
23.15,-0.35,200,"bu","10:50:20",781600
23.15,-0.35,100,"bu","10:50:17",781400
23.15,-0.35,200,"bu","10:50:14",781300
23.15,-0.35,300,"sd","10:49:54",781100
23.15,-0.35,100,"sd","10:49:54",780800
23.15,-0.35,100,"sd","10:49:54",780700
23.15,-0.35,100,"sd","10:49:54",780600
23.15,-0.35,200,"sd","10:49:54",780500
23.15,-0.35,5000,"sd","10:49:54",780300
23.15,-0.35,100,"sd","10:49:54",775300
23.15,-0.35,3000,"sd","10:49:54",775200
23.15,-0.35,500,"sd","10:49:54",772200
23.15,-0.35,100,"sd","10:49:54",771700
23.15,-0.35,5000,"sd","10:49:54",771600
23.15,-0.35,1400,"sd","10:49:54",766600
23.15,-0.35,1500,"sd","10:49:42",765200
23.15,-0.35,200,"sd","10:49:29",763700
23.15,-0.35,2000,"sd","10:49:22",763500
23.15,-0.35,200,"sd","10:48:55",761500
23.2,-0.3,400,"bu","10:48:35",761300
23.2,-0.3,200,"bu","10:48:35",760900
23.2,-0.3,100,"sd","10:48:25",760700
23.2,-0.3,2000,"sd","10:48:25",760600
23.2,-0.3,700,"sd","10:48:25",758600
23.2,-0.3,200,"sd","10:48:10",757900
23.2,-0.3,100,"bu","10:47:53",757700
23.2,-0.3,500,"bu","10:47:47",757600
23.2,-0.3,600,"bu","10:47:45",757100
23.2,-0.3,500,"bu","10:47:37",756500
23.2,-0.3,300,"bu","10:47:37",756000
23.2,-0.3,700,"bu","10:47:37",755700
23.2,-0.3,900,"bu","10:47:33",755000
23.2,-0.3,100,"bu","10:47:31",754100
23.2,-0.3,800,"bu","10:47:20",754000
23.15,-0.35,1000,"sd","10:47:07",753200
23.2,-0.3,2500,"bu","10:47:03",752200
23.2,-0.3,7500,"bu","10:47:03",749700
23.2,-0.3,100,"bu","10:47:03",742200
23.2,-0.3,300,"bu","10:47:03",742100
23.2,-0.3,1100,"bu","10:46:48",741800
23.2,-0.3,900,"bu","10:46:48",740700
23.15,-0.35,1400,"sd","10:46:47",739800
23.2,-0.3,1000,"bu","10:46:41",738400
23.2,-0.3,500,"bu","10:46:40",737400
23.2,-0.3,3000,"bu","10:46:40",736900
23.2,-0.3,2000,"bu","10:46:40",733900
23.2,-0.3,400,"bu","10:46:40",731900
23.2,-0.3,1000,"bu","10:46:40",731500
23.2,-0.3,2100,"bu","10:46:40",730500
23.2,-0.3,200,"bu","10:46:37",728400
23.15,-0.35,1600,"sd","10:46:20",728200
23.15,-0.35,1000,"bu","10:45:58",726600
23.15,-0.35,200,"bu","10:45:58",725600
23.15,-0.35,1600,"bu","10:45:58",725400
23.15,-0.35,1000,"bu","10:45:58",723800
23.15,-0.35,1600,"bu","10:45:58",722800
23.15,-0.35,300,"bu","10:45:58",721200
23.15,-0.35,1000,"bu","10:45:55",720900
23.15,-0.35,100,"bu","10:45:37",719900
23.1,-0.4,1700,"sd","10:45:12",719800
23.1,-0.4,600,"sd","10:44:39",718100
23.1,-0.4,100,"sd","10:44:39",717500
23.1,-0.4,300,"sd","10:44:39",717400
23.15,-0.35,8600,"bu","10:44:04",717100
23.15,-0.35,1400,"bu","10:44:04",708500
23.15,-0.35,200,"bu","10:43:57",707100
23.15,-0.35,300,"bu","10:43:49",706900
23.15,-0.35,700,"bu","10:43:49",706600
23.15,-0.35,5000,"bu","10:43:34",705900
23.15,-0.35,500,"bu","10:43:23",700900
23,-0.5,100,"sd","10:42:57",700400
23,-0.5,1000,"sd","10:42:57",700300
23,-0.5,600,"sd","10:42:57",699300
23,-0.5,400,"sd","10:42:52",698700
23,-0.5,9600,"sd","10:42:52",698300
23,-0.5,400,"bu","10:42:40",688700
23,-0.5,300,"bu","10:42:33",688300
23,-0.5,1000,"bu","10:42:31",688000
23,-0.5,300,"sd","10:42:30",687000
23,-0.5,900,"sd","10:42:30",686700
23,-0.5,1000,"sd","10:42:30",685800
23,-0.5,200,"sd","10:42:30",684800
23,-0.5,200,"sd","10:42:30",684600
23,-0.5,100,"sd","10:42:30",684400
23,-0.5,1000,"sd","10:42:30",684300
23,-0.5,300,"sd","10:42:30",683300
23,-0.5,100,"sd","10:42:30",683000
23,-0.5,1000,"sd","10:42:30",682900
23,-0.5,800,"sd","10:42:30",681900
23.05,-0.45,100,"sd","10:42:30",681100
23.05,-0.45,2000,"sd","10:42:30",681000
23.1,-0.4,300,"sd","10:42:30",679000
23.15,-0.35,500,"bu","10:42:07",678700
23.15,-0.35,100,"bu","10:41:55",678200
23.15,-0.35,1000,"bu","10:41:43",678100
23.15,-0.35,100,"bu","10:40:56",677100
23,-0.5,1700,"bu","10:40:46",677000
23,-0.5,500,"bu","10:40:46",675300
23,-0.5,600,"bu","10:40:46",674800
23,-0.5,2000,"bu","10:40:44",674200
23,-0.5,200,"bu","10:40:41",672200
23,-0.5,2000,"bu","10:40:41",672000
23,-0.5,200,"bu","10:40:33",670000
23,-0.5,5000,"bu","10:40:26",669800
23,-0.5,1000,"bu","10:40:14",664800
23,-0.5,300,"bu","10:40:12",663800
23,-0.5,1500,"bu","10:40:03",663500
23,-0.5,500,"bu","10:39:49",662000
23,-0.5,100,"sd","10:39:47",661500
23,-0.5,200,"sd","10:39:47",661400
23,-0.5,200,"sd","10:39:47",661200
23,-0.5,100,"sd","10:39:47",661000
23,-0.5,200,"sd","10:39:47",660900
23,-0.5,5300,"sd","10:39:47",660700
23.1,-0.4,600,"sd","10:39:47",655400
23.1,-0.4,400,"bu","10:39:37",654800
23,-0.5,1600,"sd","10:39:35",654400
23,-0.5,3100,"sd","10:39:35",652800
23,-0.5,6900,"sd","10:39:35",649700
23,-0.5,4600,"bu","10:39:25",642800
23,-0.5,200,"bu","10:39:13",638200
23,-0.5,1000,"sd","10:38:53",638000
23,-0.5,1000,"sd","10:38:53",637000
23,-0.5,3000,"sd","10:38:53",636000
23,-0.5,200,"sd","10:38:53",633000
23,-0.5,300,"bu","10:38:35",632800
23,-0.5,1000,"bu","10:38:32",632500
23,-0.5,400,"sd","10:38:28",631500
23,-0.5,1300,"bu","10:38:28",631100
23,-0.5,3000,"bu","10:38:28",629800
23,-0.5,1000,"bu","10:38:24",626800
23,-0.5,1000,"bu","10:38:18",625800
23,-0.5,1000,"bu","10:38:17",624800
23,-0.5,400,"bu","10:38:12",623800
23,-0.5,100,"sd","10:38:08",623400
23,-0.5,200,"sd","10:38:08",623300
23,-0.5,2000,"sd","10:38:08",623100
23,-0.5,3000,"bu","10:37:54",621100
23,-0.5,500,"bu","10:37:51",618100
23,-0.5,100,"bu","10:37:48",617600
23,-0.5,500,"bu","10:37:47",617500
23,-0.5,100,"bu","10:37:40",617000
23,-0.5,100,"bu","10:37:39",616900
23,-0.5,200,"bu","10:37:32",616800
23,-0.5,500,"sd","10:37:31",616600
23,-0.5,100,"sd","10:37:31",616100
23,-0.5,200,"sd","10:37:31",616000
23,-0.5,100,"sd","10:37:31",615800
23,-0.5,100,"sd","10:37:31",615700
23,-0.5,1000,"sd","10:37:31",615600
23,-0.5,500,"sd","10:37:31",614600
23,-0.5,100,"sd","10:37:31",614100
23,-0.5,100,"sd","10:37:30",614000
23,-0.5,300,"sd","10:37:30",613900
23,-0.5,6000,"sd","10:37:30",613600
23,-0.5,1000,"sd","10:37:30",607600
23,-0.5,500,"sd","10:37:30",606600
23,-0.5,200,"sd","10:37:30",606100
23,-0.5,100,"sd","10:37:30",605900
23,-0.5,100,"sd","10:37:30",605800
23,-0.5,100,"sd","10:37:30",605700
23,-0.5,100,"sd","10:37:30",605600
23,-0.5,4400,"sd","10:37:30",605500
23,-0.5,600,"sd","10:37:22",601100
23,-0.5,1100,"sd","10:37:21",600500
23,-0.5,900,"sd","10:37:15",599400
23,-0.5,100,"sd","10:37:15",598500
23,-0.5,2600,"sd","10:37:15",598400
23.05,-0.45,1000,"sd","10:37:15",595800
23.05,-0.45,400,"sd","10:37:15",594800
23.05,-0.45,500,"sd","10:37:15",594400
23.05,-0.45,500,"sd","10:37:15",593900
23.05,-0.45,300,"sd","10:37:15",593400
23.1,-0.4,3700,"bu","10:37:15",593100
23.1,-0.4,1300,"bu","10:37:14",589400
23.1,-0.4,1000,"sd","10:37:01",588100
23.1,-0.4,1000,"sd","10:37:01",587100
23.1,-0.4,1000,"sd","10:37:01",586100
23.1,-0.4,300,"sd","10:37:01",585100
23.1,-0.4,5000,"sd","10:37:01",584800
23.1,-0.4,100,"sd","10:37:01",579800
23.1,-0.4,100,"sd","10:37:01",579700
23.1,-0.4,100,"sd","10:37:01",579600
23.1,-0.4,100,"sd","10:37:01",579500
23.15,-0.35,500,"bu","10:36:58",579400
23.15,-0.35,500,"bu","10:36:47",578900
23.15,-0.35,6800,"bu","10:35:36",578400
23.15,-0.35,200,"bu","10:35:36",571600
23.15,-0.35,100,"bu","10:35:15",571400
23.15,-0.35,1500,"sd","10:35:06",571300
23.15,-0.35,5000,"sd","10:35:06",569800
23.2,-0.3,100,"bu","10:34:46",564800
23.15,-0.35,200,"sd","10:34:25",564700
23.15,-0.35,1000,"sd","10:34:23",564500
23.15,-0.35,1900,"bu","10:34:08",563500
23.15,-0.35,400,"bu","10:34:08",561600
23.15,-0.35,1000,"bu","10:33:10",561200
23.15,-0.35,500,"sd","10:32:52",560200
23.15,-0.35,2000,"sd","10:32:34",559700
23.2,-0.3,1000,"bu","10:32:18",557700
23.2,-0.3,1300,"bu","10:31:27",556700
23.1,-0.4,100,"sd","10:31:06",555400
23.1,-0.4,200,"sd","10:30:38",555300
23.1,-0.4,900,"sd","10:30:38",555100
23.15,-0.35,800,"sd","10:30:38",554200
23.1,-0.4,100,"sd","10:30:28",553400
23.1,-0.4,300,"sd","10:30:28",553300
23.15,-0.35,100,"sd","10:30:28",553000
23.1,-0.4,700,"sd","10:29:30",552900
23.1,-0.4,1000,"sd","10:29:30",552200
23.1,-0.4,100,"sd","10:29:30",551200
23.15,-0.35,100,"sd","10:29:30",551100
23.1,-0.4,1900,"bu","10:28:39",551000
23.1,-0.4,3000,"bu","10:28:39",549100
23.1,-0.4,3000,"bu","10:28:39",546100
23.1,-0.4,100,"bu","10:28:39",543100
23.1,-0.4,500,"bu","10:27:59",543000
23,-0.5,300,"sd","10:27:58",542500
23,-0.5,300,"sd","10:27:48",542200
23,-0.5,800,"sd","10:27:15",541900
23,-0.5,1100,"sd","10:27:15",541100
23,-0.5,900,"bu","10:27:08",540000
23,-0.5,500,"bu","10:27:06",539100
23,-0.5,1000,"bu","10:27:05",538600
23,-0.5,500,"bu","10:27:01",537600
23,-0.5,100,"bu","10:26:57",537100
23,-0.5,1900,"bu","10:26:57",537000
23,-0.5,1000,"bu","10:26:48",535100
23,-0.5,500,"bu","10:26:43",534100
23,-0.5,500,"bu","10:26:32",533600
23,-0.5,1000,"sd","10:26:19",533100
23,-0.5,100,"sd","10:26:19",532100
23,-0.5,100,"sd","10:26:19",532000
23,-0.5,1000,"sd","10:26:19",531900
23,-0.5,500,"sd","10:26:19",530900
23,-0.5,200,"sd","10:26:19",530400
23,-0.5,3200,"sd","10:26:19",530200
23,-0.5,1900,"sd","10:26:08",527000
23,-0.5,2000,"bu","10:25:18",525100
23,-0.5,100,"bu","10:25:18",523100
23,-0.5,2000,"bu","10:25:18",523000
23,-0.5,800,"bu","10:25:18",521000
23,-0.5,200,"bu","10:25:06",520200
23,-0.5,100,"bu","10:25:06",520000
23,-0.5,200,"bu","10:24:40",519900
22.95,-0.55,600,"sd","10:24:36",519700
22.95,-0.55,100,"sd","10:24:36",519100
22.95,-0.55,600,"sd","10:24:36",519000
22.95,-0.55,1000,"sd","10:24:36",518400
22.95,-0.55,700,"sd","10:24:36",517400
23,-0.5,1000,"bu","10:24:11",516700
23,-0.5,200,"bu","10:24:01",515700
23,-0.5,700,"bu","10:23:47",515500
23,-0.5,200,"bu","10:23:47",514800
23,-0.5,1100,"bu","10:23:47",514600
23,-0.5,300,"bu","10:23:26",513500
23,-0.5,600,"bu","10:22:42",513200
23,-0.5,2000,"bu","10:22:42",512600
23,-0.5,100,"bu","10:22:42",510600
23,-0.5,2000,"bu","10:22:42",510500
23,-0.5,2000,"bu","10:22:42",508500
23,-0.5,3300,"bu","10:22:42",506500
22.95,-0.55,100,"sd","10:22:14",503200
22.95,-0.55,100,"sd","10:22:14",503100
22.95,-0.55,400,"sd","10:22:14",503000
22.95,-0.55,1400,"sd","10:22:14",502600
22.95,-0.55,100,"sd","10:20:49",501200
23,-0.5,1000,"bu","10:20:39",501100
23,-0.5,700,"sd","10:20:31",500100
23,-0.5,200,"sd","10:20:22",499400
23,-0.5,1100,"bu","10:20:21",499200
23,-0.5,3000,"bu","10:20:12",498100
23,-0.5,900,"sd","10:20:01",495100
23,-0.5,100,"bu","10:19:46",494200
23,-0.5,300,"bu","10:19:43",494100
23,-0.5,100,"bu","10:19:40",493800
23,-0.5,2000,"bu","10:19:40",493700
23,-0.5,4900,"bu","10:19:40",491700
23,-0.5,100,"bu","10:19:38",486800
23,-0.5,1000,"bu","10:19:15",486700
23,-0.5,400,"bu","10:18:59",485700
23,-0.5,2000,"sd","10:18:55",485300
23,-0.5,1600,"sd","10:18:55",483300
23,-0.5,400,"sd","10:18:44",481700
23,-0.5,4500,"sd","10:18:44",481300
23.05,-0.45,4800,"sd","10:18:44",476800
23.05,-0.45,200,"sd","10:18:44",472000
23.05,-0.45,100,"sd","10:18:44",471800
23.05,-0.45,100,"bu","10:18:24",471700
23,-0.5,500,"sd","10:18:17",471600
23,-0.5,1500,"sd","10:18:17",471100
23,-0.5,100,"bu","10:17:29",469600
23,-0.5,2000,"bu","10:17:29",469500
23,-0.5,1400,"bu","10:17:29",467500
23,-0.5,2000,"bu","10:17:25",466100
23,-0.5,100,"bu","10:17:16",464100
23,-0.5,100,"bu","10:17:00",464000
23,-0.5,100,"bu","10:16:45",463900
23,-0.5,100,"bu","10:16:40",463800
23,-0.5,300,"bu","10:16:40",463700
23,-0.5,2000,"bu","10:16:40",463400
23,-0.5,100,"bu","10:16:40",461400
23,-0.5,10000,"bu","10:16:40",461300
23,-0.5,2000,"bu","10:16:40",451300
23,-0.5,2000,"bu","10:16:40",449300
23,-0.5,2000,"bu","10:16:40",447300
23,-0.5,2000,"bu","10:16:40",445300
23,-0.5,500,"bu","10:16:40",443300
23,-0.5,2000,"bu","10:16:40",442800
23,-0.5,2000,"bu","10:16:40",440800
23,-0.5,100,"bu","10:16:36",438800
23,-0.5,200,"bu","10:16:25",438700
23,-0.5,600,"bu","10:16:21",438500
23,-0.5,700,"bu","10:16:10",437900
23,-0.5,400,"bu","10:15:57",437200
23,-0.5,100,"bu","10:15:57",436800
23,-0.5,100,"bu","10:15:04",436700
23,-0.5,100,"bu","10:14:51",436600
23,-0.5,1900,"bu","10:14:51",436500
22.9,-0.6,4400,"sd","10:14:48",434600
22.9,-0.6,800,"sd","10:13:44",430200
22.95,-0.55,100,"sd","10:13:44",429400
22.95,-0.55,200,"sd","10:13:44",429300
22.95,-0.55,100,"sd","10:13:44",429100
22.95,-0.55,2000,"sd","10:13:44",429000
22.95,-0.55,2000,"sd","10:13:44",427000
22.95,-0.55,1100,"sd","10:13:44",425000
22.95,-0.55,500,"bu","10:13:22",423900
22.95,-0.55,400,"bu","10:13:22",423400
22.95,-0.55,800,"bu","10:13:20",423000
22.95,-0.55,300,"bu","10:13:12",422200
22.95,-0.55,100,"bu","10:12:37",421900
22.95,-0.55,200,"bu","10:12:24",421800
22.95,-0.55,100,"bu","10:12:11",421600
22.95,-0.55,500,"bu","10:12:11",421500
22.9,-0.6,500,"sd","10:12:10",421000
22.95,-0.55,100,"bu","10:11:45",420500
22.95,-0.55,100,"sd","10:11:34",420400
22.95,-0.55,100,"sd","10:11:34",420300
22.95,-0.55,5000,"sd","10:11:34",420200
22.95,-0.55,100,"sd","10:11:34",415200
22.95,-0.55,100,"sd","10:11:34",415100
22.95,-0.55,400,"sd","10:11:34",415000
22.95,-0.55,100,"sd","10:11:34",414600
22.95,-0.55,100,"sd","10:11:34",414500
22.95,-0.55,1000,"sd","10:11:34",414400
22.95,-0.55,100,"sd","10:11:34",413400
22.95,-0.55,10000,"sd","10:11:34",413300
22.95,-0.55,400,"sd","10:11:34",403300
23,-0.5,1000,"bu","10:11:19",402900
23,-0.5,100,"bu","10:11:13",401900
23,-0.5,100,"bu","10:11:10",401800
23,-0.5,100,"bu","10:10:58",401700
23,-0.5,100,"bu","10:10:51",401600
23,-0.5,100,"bu","10:10:43",401500
23,-0.5,300,"bu","10:10:28",401400
23,-0.5,1300,"bu","10:10:15",401100
23,-0.5,700,"bu","10:10:15",399800
23,-0.5,200,"bu","10:09:48",399100
23,-0.5,200,"bu","10:09:23",398900
23,-0.5,100,"bu","10:09:16",398700
23,-0.5,100,"bu","10:09:10",398600
23,-0.5,2000,"bu","10:08:00",398500
23,-0.5,200,"bu","10:07:56",396500
23,-0.5,100,"sd","10:07:54",396300
23,-0.5,500,"sd","10:07:54",396200
23,-0.5,900,"sd","10:07:54",395700
23,-0.5,4100,"bu","10:07:44",394800
23,-0.5,300,"sd","10:07:43",390700
23,-0.5,500,"sd","10:07:43",390400
23,-0.5,100,"sd","10:07:43",389900
23,-0.5,2200,"sd","10:07:35",389800
23,-0.5,2800,"sd","10:07:35",387600
23,-0.5,10000,"sd","10:07:27",384800
23,-0.5,400,"bu","10:07:18",374800
23,-0.5,700,"bu","10:07:15",374400
23,-0.5,3900,"sd","10:07:14",373700
23,-0.5,1100,"bu","10:07:07",369800
23,-0.5,4000,"bu","10:07:00",368700
23,-0.5,100,"sd","10:06:44",364700
23,-0.5,900,"sd","10:06:44",364600
23,-0.5,2700,"sd","10:06:32",363700
23,-0.5,100,"sd","10:06:32",361000
23,-0.5,100,"sd","10:06:32",360900
23,-0.5,2100,"sd","10:06:32",360800
23,-0.5,2900,"bu","10:06:16",358700
23,-0.5,1000,"bu","10:06:05",355800
23,-0.5,300,"bu","10:06:01",354800
23,-0.5,800,"sd","10:06:00",354500
23,-0.5,300,"sd","10:05:45",353700
23,-0.5,9700,"sd","10:05:45",353400
23,-0.5,300,"bu","10:05:34",343700
23,-0.5,1000,"bu","10:05:21",343400
23,-0.5,100,"bu","10:05:20",342400
23,-0.5,3500,"sd","10:05:18",342300
23,-0.5,100,"sd","10:05:18",338800
23,-0.5,100,"bu","10:05:01",338700
23,-0.5,4900,"sd","10:05:00",338600
23,-0.5,100,"sd","10:04:49",333700
23,-0.5,3000,"sd","10:04:49",333600
23,-0.5,1900,"sd","10:04:49",330600
23,-0.5,3100,"bu","10:04:39",328700
23,-0.5,500,"sd","10:04:37",325600
23,-0.5,1400,"sd","10:04:37",325100
23,-0.5,3600,"sd","10:04:26",323700
23,-0.5,100,"sd","10:04:26",320100
23,-0.5,200,"sd","10:04:26",320000
23,-0.5,500,"sd","10:04:26",319800
23,-0.5,100,"sd","10:04:26",319300
23,-0.5,300,"sd","10:04:25",319200
23,-0.5,5000,"sd","10:04:25",318900
23,-0.5,1000,"sd","10:04:25",313900
23,-0.5,4000,"sd","10:04:25",312900
23,-0.5,5000,"sd","10:04:25",308900
23,-0.5,500,"sd","10:04:25",303900
23,-0.5,4700,"sd","10:04:25",303400
23.1,-0.4,2000,"bu","10:04:15",298700
23,-0.5,300,"sd","10:02:40",296700
23,-0.5,300,"sd","10:02:40",296400
23,-0.5,800,"sd","10:02:23",296100
23,-0.5,4200,"sd","10:02:23",295300
23,-0.5,800,"sd","10:02:15",291100
23,-0.5,200,"sd","10:02:15",290300
23,-0.5,4800,"bu","10:01:54",290100
23,-0.5,100,"bu","10:01:39",285300
23,-0.5,100,"sd","10:01:30",285200
23,-0.5,4900,"sd","10:01:22",285100
23,-0.5,100,"sd","10:01:22",280200
23,-0.5,200,"bu","10:01:09",280100
23,-0.5,100,"bu","10:00:50",279900
23,-0.5,100,"sd","10:00:40",279800
23,-0.5,4600,"sd","10:00:40",279700
23,-0.5,400,"bu","10:00:31",275100
22.95,-0.55,100,"sd","10:00:21",274700
22.95,-0.55,100,"sd","10:00:21",274600
23,-0.5,4600,"sd","10:00:16",274500
23,-0.5,400,"bu","10:00:13",269900
23,-0.5,200,"bu","09:59:52",269500
23,-0.5,200,"bu","09:59:38",269300
23,-0.5,200,"bu","09:59:27",269100
23,-0.5,3400,"sd","09:59:26",268900
23,-0.5,100,"sd","09:59:26",265500
23,-0.5,500,"sd","09:59:26",265400
23,-0.5,100,"sd","09:59:22",264900
23,-0.5,100,"sd","09:59:08",264800
23,-0.5,400,"bu","09:59:07",264700
23,-0.5,400,"bu","09:59:07",264300
23,-0.5,300,"sd","09:58:47",263900
23,-0.5,500,"sd","09:58:47",263600
23,-0.5,100,"sd","09:58:47",263100
23,-0.5,1000,"sd","09:58:47",263000
23,-0.5,2000,"sd","09:58:47",262000
23,-0.5,200,"sd","09:58:47",260000
23,-0.5,100,"sd","09:58:47",259800
23,-0.5,300,"sd","09:58:47",259700
23,-0.5,100,"sd","09:58:47",259400
23,-0.5,3500,"sd","09:58:47",259300
23,-0.5,300,"sd","09:58:47",255800
23,-0.5,100,"sd","09:58:47",255500
23,-0.5,1000,"sd","09:58:47",255400
23,-0.5,100,"sd","09:58:47",254400
23,-0.5,100,"sd","09:57:57",254300
23,-0.5,1000,"sd","09:57:52",254200
23,-0.5,400,"bu","09:56:51",253200
23,-0.5,100,"bu","09:56:48",252800
23,-0.5,500,"bu","09:56:48",252700
23,-0.5,300,"bu","09:56:43",252200
23,-0.5,200,"bu","09:56:11",251900
23,-0.5,800,"bu","09:56:11",251700
23,-0.5,2000,"bu","09:56:00",250900
23,-0.5,100,"bu","09:56:00",248900
23,-0.5,2100,"sd","09:55:52",248800
23,-0.5,2900,"bu","09:55:45",246700
23,-0.5,300,"bu","09:55:41",243800
23,-0.5,100,"sd","09:55:40",243500
23,-0.5,1700,"sd","09:55:40",243400
23,-0.5,3300,"bu","09:55:29",241700
23,-0.5,100,"bu","09:55:21",238400
23,-0.5,100,"sd","09:55:19",238300
23,-0.5,1000,"sd","09:55:19",238200
23,-0.5,500,"sd","09:55:19",237200
23,-0.5,4500,"bu","09:55:12",236700
23,-0.5,2000,"sd","09:54:57",232200
23,-0.5,100,"sd","09:54:57",230200
23,-0.5,2000,"sd","09:54:57",230100
23,-0.5,600,"sd","09:54:57",228100
23,-0.5,100,"sd","09:54:57",227500
23,-0.5,100,"sd","09:54:57",227400
23,-0.5,100,"sd","09:54:57",227300
23,-0.5,100,"sd","09:54:57",227200
23,-0.5,400,"sd","09:54:57",227100
23,-0.5,100,"bu","09:54:09",226700
23,-0.5,100,"bu","09:53:54",226600
23,-0.5,200,"bu","09:53:54",226500
23,-0.5,100,"bu","09:53:47",226300
23,-0.5,100,"bu","09:53:40",226200
23,-0.5,2000,"bu","09:53:36",226100
23,-0.5,300,"bu","09:53:34",224100
23,-0.5,100,"bu","09:53:25",223800
23,-0.5,200,"bu","09:53:13",223700
23,-0.5,100,"sd","09:53:07",223500
23,-0.5,1000,"sd","09:53:07",223400
23,-0.5,200,"sd","09:53:07",222400
23,-0.5,500,"sd","09:53:07",222200
23,-0.5,600,"sd","09:52:27",221700
23,-0.5,2000,"sd","09:52:27",221100
23,-0.5,200,"sd","09:52:27",219100
23,-0.5,200,"sd","09:52:27",218900
23,-0.5,200,"sd","09:52:27",218700
23,-0.5,200,"sd","09:52:27",218500
23,-0.5,100,"sd","09:52:27",218300
23,-0.5,300,"sd","09:52:27",218200
23,-0.5,100,"sd","09:52:27",217900
23,-0.5,500,"sd","09:52:27",217800
23,-0.5,300,"sd","09:52:27",217300
23,-0.5,100,"sd","09:52:27",217000
23,-0.5,100,"sd","09:52:27",216900
23,-0.5,100,"sd","09:52:27",216800
23,-0.5,100,"sd","09:52:27",216700
23,-0.5,200,"sd","09:52:27",216600
23,-0.5,100,"sd","09:52:27",216400
23,-0.5,100,"sd","09:52:27",216300
23,-0.5,600,"sd","09:52:27",216200
23,-0.5,100,"sd","09:52:27",215600
23,-0.5,500,"sd","09:52:27",215500
23,-0.5,200,"sd","09:52:27",215000
23,-0.5,200,"sd","09:52:27",214800
23,-0.5,100,"sd","09:52:27",214600
23,-0.5,500,"sd","09:52:27",214500
23,-0.5,500,"sd","09:52:27",214000
23.1,-0.4,200,"sd","09:52:27",213500
23.15,-0.35,100,"sd","09:52:27",213300
23.15,-0.35,1500,"sd","09:52:27",213200
23.2,-0.3,2000,"bu","09:52:03",211700
23.15,-0.35,100,"sd","09:51:58",209700
23.2,-0.3,300,"bu","09:51:44",209600
23.2,-0.3,700,"bu","09:51:43",209300
23.2,-0.3,1200,"bu","09:51:43",208600
23.2,-0.3,100,"bu","09:51:43",207400
23.15,-0.35,100,"bu","09:50:54",207300
23.15,-0.35,2000,"bu","09:50:49",207200
23.15,-0.35,3000,"sd","09:50:12",205200
23.2,-0.3,2900,"bu","09:50:02",202200
23.2,-0.3,100,"bu","09:50:02",199300
23.2,-0.3,100,"bu","09:49:30",199200
23.2,-0.3,500,"bu","09:48:51",199100
23.2,-0.3,500,"bu","09:48:51",198600
23.2,-0.3,500,"bu","09:48:16",198100
23.2,-0.3,500,"bu","09:48:16",197600
23.2,-0.3,2000,"bu","09:48:16",197100
23.05,-0.45,3000,"sd","09:48:15",195100
23.05,-0.45,1000,"sd","09:48:15",192100
23.1,-0.4,200,"sd","09:48:15",191100
23.1,-0.4,200,"sd","09:48:15",190900
23.1,-0.4,100,"sd","09:48:15",190700
23,-0.5,500,"sd","09:48:15",190600
23.1,-0.4,200,"sd","09:48:15",190100
23,-0.5,500,"sd","09:48:15",189900
23,-0.5,1000,"sd","09:48:15",189400
23.1,-0.4,100,"sd","09:48:15",188400
23.1,-0.4,200,"sd","09:48:15",188300
23,-0.5,200,"sd","09:48:15",188100
23.05,-0.45,300,"sd","09:48:15",187900
23.1,-0.4,100,"sd","09:48:15",187600
23.1,-0.4,1000,"sd","09:48:15",187500
23.15,-0.35,1000,"sd","09:48:15",186500
23.15,-0.35,100,"sd","09:48:15",185500
23.15,-0.35,100,"sd","09:48:15",185400
23.15,-0.35,200,"sd","09:48:15",185300
23.15,-0.35,100,"sd","09:48:07",185100
23.15,-0.35,100,"sd","09:48:07",185000
23.15,-0.35,400,"sd","09:48:07",184900
23.15,-0.35,300,"sd","09:48:07",184500
23.15,-0.35,200,"sd","09:48:07",184200
23.15,-0.35,100,"sd","09:47:34",184000
23.15,-0.35,200,"sd","09:45:25",183900
23.2,-0.3,200,"bu","09:45:04",183700
23.2,-0.3,100,"bu","09:44:44",183500
23.2,-0.3,300,"bu","09:44:02",183400
23.1,-0.4,400,"bu","09:44:02",183100
23.1,-0.4,300,"bu","09:44:02",182700
23,-0.5,500,"sd","09:44:00",182400
23,-0.5,500,"sd","09:44:00",181900
23,-0.5,600,"sd","09:44:00",181400
23,-0.5,500,"sd","09:43:59",180800
23,-0.5,100,"sd","09:43:59",180300
23,-0.5,100,"sd","09:43:59",180200
23,-0.5,1000,"sd","09:43:59",180100
23,-0.5,500,"sd","09:43:59",179100
23,-0.5,100,"sd","09:43:59",178600
23,-0.5,500,"sd","09:43:59",178500
23,-0.5,2000,"sd","09:43:59",178000
23,-0.5,2000,"sd","09:43:59",176000
23,-0.5,100,"sd","09:43:59",174000
23,-0.5,300,"sd","09:43:59",173900
23,-0.5,2000,"sd","09:43:59",173600
23,-0.5,100,"sd","09:43:59",171600
23,-0.5,1000,"sd","09:43:59",171500
23,-0.5,2000,"sd","09:43:59",170500
23,-0.5,300,"sd","09:43:59",168500
23,-0.5,10000,"sd","09:43:59",168200
23,-0.5,1500,"sd","09:43:59",158200
23,-0.5,7900,"sd","09:43:59",156700
23.05,-0.45,500,"sd","09:43:59",148800
23,-0.5,100,"sd","09:43:59",148300
23.05,-0.45,500,"sd","09:43:59",148200
23,-0.5,1000,"sd","09:43:59",147700
23.05,-0.45,2000,"sd","09:43:59",146700
23,-0.5,100,"sd","09:43:59",144700
23.05,-0.45,500,"sd","09:43:59",144600
23,-0.5,100,"sd","09:43:59",144100
23.05,-0.45,5000,"sd","09:43:59",144000
23,-0.5,100,"sd","09:43:59",139000
23.05,-0.45,100,"sd","09:43:59",138900
23,-0.5,2000,"sd","09:43:59",138800
23.05,-0.45,4100,"sd","09:43:59",136800
23,-0.5,300,"sd","09:43:59",132700
23.1,-0.4,200,"sd","09:43:31",132400
23.1,-0.4,1000,"sd","09:43:31",132200
23.1,-0.4,500,"sd","09:43:31",131200
23.1,-0.4,500,"sd","09:43:20",130700
23.1,-0.4,1700,"sd","09:43:20",130200
23.1,-0.4,1000,"sd","09:43:20",128500
23.1,-0.4,2000,"sd","09:43:20",127500
23.1,-0.4,200,"sd","09:43:20",125500
23.1,-0.4,2500,"sd","09:43:20",125300
23.1,-0.4,500,"sd","09:43:20",122800
23.1,-0.4,500,"sd","09:43:20",122300
23.1,-0.4,100,"sd","09:43:20",121800
23.1,-0.4,1000,"sd","09:43:20",121700
23.2,-0.3,100,"bu","09:43:04",120700
23.1,-0.4,100,"sd","09:42:53",120600
23.2,-0.3,200,"bu","09:42:34",120500
23.2,-0.3,500,"bu","09:42:34",120300
23.2,-0.3,1000,"bu","09:42:34",119800
23.2,-0.3,200,"bu","09:42:34",118800
23.2,-0.3,100,"unknown","09:42:34",118600
23.2,-0.3,200,"sd","09:42:34",118500
23.2,-0.3,500,"sd","09:42:34",118300
23.2,-0.3,100,"sd","09:42:34",117800
23.2,-0.3,1000,"sd","09:42:34",117700
23.2,-0.3,100,"sd","09:42:34",116700
23.2,-0.3,400,"sd","09:42:34",116600
23.25,-0.25,200,"bu","09:41:54",116200
23.2,-0.3,200,"sd","09:41:54",116000
23.3,-0.2,100,"bu","09:41:36",115800
23.3,-0.2,600,"sd","09:41:24",115700
23.3,-0.2,200,"bu","09:41:23",115100
23.3,-0.2,200,"bu","09:41:22",114900
23.3,-0.2,4000,"bu","09:41:10",114700
23.3,-0.2,600,"bu","09:40:44",110700
23.4,-0.1,100,"bu","09:40:17",110100
23.4,-0.1,600,"bu","09:40:04",110000
23.4,-0.1,200,"bu","09:40:04",109400
23.4,-0.1,2900,"bu","09:40:04",109200
23.3,-0.2,500,"bu","09:40:04",106300
23.3,-0.2,3800,"bu","09:40:04",105800
23.2,-0.3,100,"sd","09:40:02",102000
23.3,-0.2,100,"sd","09:39:34",101900
23.3,-0.2,100,"sd","09:39:34",101800
23.3,-0.2,100,"sd","09:39:34",101700
23.3,-0.2,100,"sd","09:39:34",101600
23.3,-0.2,300,"sd","09:39:34",101500
23.3,-0.2,500,"sd","09:39:34",101200
23.3,-0.2,100,"sd","09:39:02",100700
23.4,-0.1,200,"bu","09:38:11",100600
23.4,-0.1,100,"bu","09:38:11",100400
23.4,-0.1,900,"bu","09:37:00",100300
23.4,-0.1,800,"bu","09:37:00",99400
23.4,-0.1,200,"bu","09:36:58",98600
23.4,-0.1,300,"bu","09:36:58",98400
23.4,-0.1,100,"bu","09:36:41",98100
23.4,-0.1,300,"bu","09:36:12",98000
23.3,-0.2,400,"sd","09:35:55",97700
23.3,-0.2,100,"sd","09:35:55",97300
23.3,-0.2,100,"bu","09:35:23",97200
23.3,-0.2,200,"bu","09:34:36",97100
23.2,-0.3,100,"sd","09:34:30",96900
23.2,-0.3,200,"sd","09:34:22",96800
23.2,-0.3,300,"sd","09:34:22",96600
23.2,-0.3,100,"sd","09:33:04",96300
23.2,-0.3,100,"sd","09:32:27",96200
23.2,-0.3,100,"bu","09:31:57",96100
23.2,-0.3,100,"bu","09:31:57",96000
23.2,-0.3,1300,"bu","09:31:57",95900
23.1,-0.4,100,"sd","09:31:24",94600
23.1,-0.4,100,"sd","09:30:31",94500
23.1,-0.4,100,"sd","09:30:31",94400
23.1,-0.4,200,"sd","09:30:09",94300
23.1,-0.4,100,"sd","09:30:09",94100
23.1,-0.4,100,"sd","09:30:09",94000
23.1,-0.4,200,"sd","09:29:45",93900
23.1,-0.4,100,"bu","09:29:20",93700
23.05,-0.45,900,"sd","09:29:19",93600
23.05,-0.45,200,"sd","09:29:19",92700
23.1,-0.4,200,"bu","09:29:18",92500
23.1,-0.4,100,"bu","09:29:07",92300
23.1,-0.4,100,"bu","09:28:56",92200
23.1,-0.4,200,"bu","09:28:51",92100
23.1,-0.4,600,"bu","09:28:22",91900
23.1,-0.4,100,"bu","09:28:22",91300
23.1,-0.4,100,"bu","09:28:22",91200
23.1,-0.4,200,"bu","09:28:22",91100
23.1,-0.4,100,"bu","09:28:12",90900
23.1,-0.4,1700,"bu","09:28:05",90800
23.1,-0.4,3300,"bu","09:28:05",89100
23.1,-0.4,100,"bu","09:27:11",85800
23.1,-0.4,100,"bu","09:27:06",85700
23,-0.5,100,"sd","09:26:27",85600
23,-0.5,1000,"sd","09:26:27",85500
23,-0.5,400,"sd","09:26:27",84500
23,-0.5,200,"sd","09:26:27",84100
23,-0.5,700,"sd","09:26:27",83900
23,-0.5,1500,"sd","09:26:27",83200
23,-0.5,1000,"sd","09:26:27",81700
23,-0.5,200,"sd","09:26:27",80700
23,-0.5,300,"sd","09:26:27",80500
23,-0.5,5000,"sd","09:26:27",80200
23,-0.5,500,"sd","09:26:27",75200
23,-0.5,100,"sd","09:26:27",74700
23,-0.5,300,"sd","09:26:27",74600
23,-0.5,100,"sd","09:26:27",74300
23,-0.5,1500,"sd","09:26:27",74200
23,-0.5,100,"sd","09:26:27",72700
23,-0.5,200,"sd","09:26:27",72600
23,-0.5,100,"sd","09:26:27",72400
23,-0.5,300,"sd","09:26:27",72300
23,-0.5,500,"sd","09:26:27",72000
23,-0.5,100,"sd","09:26:27",71500
23,-0.5,10000,"sd","09:26:27",71400
23,-0.5,500,"sd","09:26:27",61400
23,-0.5,300,"sd","09:26:27",60900
23.05,-0.45,100,"sd","09:26:27",60600
23,-0.5,100,"sd","09:26:27",60500
23,-0.5,100,"sd","09:26:27",60400
23,-0.5,1000,"sd","09:26:27",60300
23,-0.5,100,"sd","09:26:27",59300
23.05,-0.45,100,"sd","09:26:27",59200
23,-0.5,100,"sd","09:26:27",59100
23,-0.5,100,"sd","09:26:27",59000
23.05,-0.45,1000,"sd","09:26:27",58900
23,-0.5,200,"sd","09:26:27",57900
23,-0.5,100,"sd","09:26:27",57700
23.05,-0.45,200,"sd","09:26:27",57600
23,-0.5,500,"sd","09:26:27",57400
23.05,-0.45,100,"sd","09:26:27",56900
23.05,-0.45,1500,"sd","09:26:27",56800
23.05,-0.45,200,"sd","09:26:27",55300
23,-0.5,500,"sd","09:26:27",55100
23.05,-0.45,100,"sd","09:26:27",54600
23,-0.5,100,"sd","09:26:27",54500
23.05,-0.45,2000,"sd","09:26:27",54400
23,-0.5,200,"sd","09:26:27",52400
23.05,-0.45,6600,"sd","09:26:27",52200
23.05,-0.45,300,"sd","09:26:13",45600
23.1,-0.4,100,"bu","09:26:12",45300
23.05,-0.45,3100,"sd","09:26:12",45200
23.05,-0.45,900,"sd","09:26:12",42100
23.1,-0.4,1400,"sd","09:25:52",41200
23.1,-0.4,2100,"sd","09:25:41",39800
23.1,-0.4,1000,"sd","09:25:41",37700
23.1,-0.4,1000,"sd","09:25:41",36700
23.1,-0.4,500,"sd","09:25:41",35700
23.1,-0.4,100,"sd","09:25:41",35200
23.1,-0.4,300,"sd","09:25:41",35100
23.1,-0.4,100,"sd","09:25:19",34800
23.1,-0.4,100,"bu","09:24:30",34700
23.1,-0.4,500,"bu","09:24:22",34600
23.1,-0.4,100,"sd","09:24:21",34100
23.1,-0.4,100,"sd","09:24:21",34000
23.1,-0.4,1000,"sd","09:24:21",33900
23.1,-0.4,2200,"sd","09:24:21",32900
23.1,-0.4,6000,"sd","09:24:21",30700
23.2,-0.3,500,"bu","09:24:20",24700
23.1,-0.4,2000,"sd","09:24:03",24200
23.1,-0.4,500,"bu","09:23:53",22200
23.1,-0.4,500,"bu","09:23:53",21700
23.1,-0.4,200,"bu","09:23:53",21200
23.1,-0.4,100,"bu","09:23:53",21000
23.1,-0.4,400,"bu","09:23:53",20900
23.1,-0.4,300,"bu","09:23:53",20500
23.1,-0.4,700,"bu","09:23:27",20200
23.1,-0.4,300,"bu","09:23:27",19500
23.05,-0.45,100,"sd","09:23:03",19200
23.05,-0.45,100,"sd","09:23:03",19100
23.05,-0.45,300,"sd","09:23:03",19000
23.05,-0.45,400,"sd","09:22:58",18700
23.05,-0.45,100,"sd","09:22:58",18300
23.05,-0.45,100,"sd","09:22:35",18200
23.05,-0.45,1000,"sd","09:21:46",18100
23.05,-0.45,800,"sd","09:21:46",17100
23.05,-0.45,100,"sd","09:21:40",16300
23.05,-0.45,100,"sd","09:21:40",16200
23.05,-0.45,500,"sd","09:21:40",16100
23.05,-0.45,300,"sd","09:21:40",15600
23.1,-0.4,200,"bu","09:21:26",15300
23.1,-0.4,200,"bu","09:20:21",15100
23.1,-0.4,100,"sd","09:20:06",14900
23.1,-0.4,1000,"sd","09:20:06",14800
23.1,-0.4,200,"sd","09:20:06",13800
23.1,-0.4,800,"sd","09:19:55",13600
23.1,-0.4,200,"sd","09:19:55",12800
23.1,-0.4,300,"sd","09:19:43",12600
23.1,-0.4,200,"sd","09:19:43",12300
23.1,-0.4,500,"sd","09:19:43",12100
23.1,-0.4,700,"sd","09:19:15",11600
23.1,-0.4,300,"sd","09:19:15",10900
23.1,-0.4,1000,"sd","09:18:50",10600
23.2,-0.3,1000,"bu","09:18:43",9600
23.2,-0.3,200,"bu","09:18:41",8600
23.2,-0.3,500,"sd","09:18:37",8400
23.2,-0.3,700,"sd","09:18:37",7900
23.2,-0.3,800,"sd","09:18:37",7200
23.4,-0.1,300,"bu","09:18:35",6400
23.2,-0.3,700,"sd","09:18:34",6100
23.2,-0.3,300,"sd","09:18:34",5400
23.2,-0.3,100,"sd","09:18:33",5100
23.2,-0.3,300,"sd","09:17:01",5000
23.2,-0.3,500,"sd","09:16:54",4700
23.2,-0.3,300,"bu","09:15:43",4200
23.2,-0.3,100,"sd","09:15:39",3900
23.2,-0.3,3800,"sd","09:15:00",3800
