"price","change","match_qtty","side","time","total_vol"
22.9,0.65,9200,"bu","14:45:01",162900
22.9,0.65,100,"bu","14:24:40",153700
22.9,0.65,600,"bu","14:24:07",153600
22.8,0.55,9400,"bu","14:23:46",153000
22.8,0.55,600,"sd","14:23:09",143600
22.9,0.65,200,"bu","14:23:00",143000
22.9,0.65,2000,"bu","14:23:00",142800
22.85,0.6,100,"bu","14:22:42",140800
22.85,0.6,100,"bu","14:22:23",140700
22.85,0.6,200,"bu","14:22:23",140600
22.85,0.6,200,"bu","14:22:23",140400
22.85,0.6,300,"bu","14:22:20",140200
22.85,0.6,1700,"bu","14:22:20",139900
22.85,0.6,300,"bu","14:22:05",138200
22.85,0.6,500,"bu","14:22:05",137900
22.85,0.6,200,"bu","14:22:05",137400
22.85,0.6,500,"bu","14:21:24",137200
22.85,0.6,500,"bu","14:21:01",136700
22.8,0.55,2000,"bu","14:20:56",136200
22.8,0.55,1000,"bu","14:20:56",134200
22.8,0.55,100,"bu","14:20:56",133200
22.8,0.55,2000,"bu","14:20:56",133100
22.8,0.55,700,"bu","14:20:56",131100
22.8,0.55,2000,"bu","14:20:56",130400
22.8,0.55,500,"bu","14:20:56",128400
22.8,0.55,500,"bu","14:20:48",127900
22.8,0.55,200,"bu","14:20:48",127400
22.8,0.55,300,"bu","14:20:06",127200
22.75,0.5,500,"bu","14:18:51",126900
22.75,0.5,500,"bu","14:18:51",126400
22.7,0.45,4300,"bu","14:16:14",125900
22.7,0.45,1100,"bu","14:15:33",121600
22.7,0.45,500,"bu","14:14:15",120500
22.7,0.45,1100,"bu","14:13:31",120000
22.7,0.45,1100,"bu","14:11:28",118900
22.7,0.45,1200,"bu","14:09:26",117800
22.7,0.45,700,"bu","14:07:23",116600
22.7,0.45,500,"bu","14:07:23",115900
22.7,0.45,1200,"bu","14:05:21",115400
22.7,0.45,700,"bu","14:03:19",114200
22.7,0.45,700,"bu","14:01:16",113500
22.7,0.45,700,"bu","13:59:14",112800
22.7,0.45,700,"bu","13:57:11",112100
22.7,0.45,100,"bu","13:55:45",111400
22.7,0.45,700,"bu","13:55:08",111300
22.7,0.45,700,"bu","13:53:06",110600
22.7,0.45,700,"bu","13:51:03",109900
22.7,0.45,700,"bu","13:49:02",109200
22.7,0.45,700,"sd","13:48:53",108500
22.7,0.45,700,"sd","13:48:53",107800
22.7,0.45,200,"sd","13:48:53",107100
22.7,0.45,700,"sd","13:48:53",106900
22.7,0.45,700,"sd","13:48:53",106200
22.7,0.45,100,"sd","13:48:53",105500
22.7,0.45,600,"bu","13:38:49",105400
22.7,0.45,700,"sd","13:38:24",104800
22.7,0.45,600,"sd","13:38:24",104100
22.7,0.45,100,"sd","13:37:38",103500
22.7,0.45,100,"sd","13:37:28",103400
22.7,0.45,600,"sd","13:34:32",103300
22.7,0.45,500,"sd","13:34:32",102700
22.7,0.45,700,"sd","13:34:32",102200
22.7,0.45,200,"sd","13:34:32",101500
22.7,0.45,500,"sd","13:34:17",101300
22.7,0.45,100,"sd","13:31:16",100800
22.7,0.45,200,"sd","13:30:05",100700
22.75,0.5,700,"sd","13:29:34",100500
22.75,0.5,200,"sd","13:29:34",99800
22.75,0.5,100,"sd","13:29:34",99600
22.75,0.5,600,"sd","13:27:22",99500
22.75,0.5,400,"sd","13:27:22",98900
22.75,0.5,300,"bu","13:24:32",98500
22.75,0.5,700,"sd","13:23:17",98200
22.75,0.5,500,"bu","13:22:03",97500
22.75,0.5,1900,"bu","13:22:03",97000
22.75,0.5,200,"bu","13:21:23",95100
22.75,0.5,2000,"bu","13:20:34",94900
22.75,0.5,700,"bu","13:20:28",92900
22.75,0.5,700,"bu","13:18:26",92200
22.75,0.5,700,"bu","13:16:23",91500
22.75,0.5,700,"bu","13:14:21",90800
22.75,0.5,1000,"sd","13:13:34",90100
22.75,0.5,700,"sd","13:13:34",89100
22.75,0.5,1000,"bu","13:11:02",88400
22.65,0.4,300,"sd","13:02:25",87400
22.65,0.4,700,"sd","13:02:25",86100
22.65,0.4,1000,"sd","13:02:25",87100
22.8,0.55,700,"bu","13:02:06",85400
22.8,0.55,700,"sd","13:00:30",84700
22.8,0.55,1000,"sd","13:00:09",84000
22.8,0.55,1900,"sd","13:00:06",83000
22.8,0.55,300,"sd","13:00:05",81100
22.8,0.55,100,"sd","13:00:05",80800
22.8,0.55,400,"sd","13:00:04",80700
22.8,0.55,800,"sd","13:00:04",80300
22.8,0.55,200,"sd","13:00:03",79500
22.8,0.55,200,"sd","13:00:02",79300
22.8,0.55,100,"sd","11:28:46",79100
22.8,0.55,200,"bu","11:28:01",79000
22.8,0.55,300,"bu","11:25:59",78800
22.8,0.55,400,"bu","11:25:59",78500
22.8,0.55,600,"bu","11:23:57",78100
22.8,0.55,100,"bu","11:23:57",77500
22.8,0.55,100,"bu","11:22:55",77400
22.8,0.55,200,"bu","11:21:54",77300
22.8,0.55,100,"bu","11:21:54",77100
22.8,0.55,400,"bu","11:21:54",77000
22.8,0.55,600,"bu","11:19:51",76600
22.8,0.55,100,"bu","11:19:51",76000
22.8,0.55,400,"bu","11:17:49",75900
22.8,0.55,300,"bu","11:17:49",75500
22.8,0.55,2700,"bu","11:17:15",75200
22.8,0.55,500,"bu","11:17:15",72500
22.8,0.55,700,"bu","11:17:15",72000
22.8,0.55,1000,"bu","11:17:15",71300
22.8,0.55,1100,"bu","11:17:15",70300
22.8,0.55,400,"bu","11:16:01",69200
22.8,0.55,3000,"bu","11:16:01",68800
22.8,0.55,1000,"bu","11:16:01",65800
22.8,0.55,100,"bu","11:16:00",64800
22.8,0.55,2000,"bu","11:16:00",64700
22.8,0.55,100,"bu","11:16:00",62600
22.8,0.55,100,"bu","11:16:00",62700
22.75,0.5,500,"bu","11:16:00",62500
22.7,0.45,1500,"bu","11:16:00",62000
22.7,0.45,100,"bu","11:16:00",60500
22.7,0.45,200,"bu","11:16:00",60400
22.7,0.45,1000,"bu","11:16:00",60200
22.65,0.4,500,"bu","11:15:36",59200
22.7,0.45,2000,"bu","11:15:04",58700
22.7,0.45,500,"bu","11:15:04",56700
22.65,0.4,500,"bu","11:15:04",56200
22.6,0.35,100,"bu","11:14:09",55700
22.6,0.35,1100,"bu","11:14:08",55600
22.6,0.35,2000,"bu","11:14:08",54500
22.6,0.35,200,"bu","11:14:08",52500
22.6,0.35,5000,"bu","11:14:08",52300
22.6,0.35,200,"bu","11:14:08",47300
22.55,0.3,500,"bu","11:14:08",47100
22.55,0.3,500,"bu","11:13:45",46600
22.55,0.3,100,"bu","11:13:45",46100
22.55,0.3,100,"bu","11:13:45",46000
22.55,0.3,400,"bu","11:13:31",45900
22.55,0.3,500,"bu","11:13:31",45500
22.55,0.3,1000,"bu","11:13:31",45000
22.55,0.3,100,"bu","11:13:31",44000
22.5,0.25,300,"bu","11:12:54",43900
22.5,0.25,200,"bu","11:12:54",43600
22.5,0.25,700,"bu","11:11:42",43400
22.5,0.25,100,"bu","11:10:51",42700
22.5,0.25,1000,"bu","11:10:51",42600
22.5,0.25,900,"bu","11:10:51",41600
22.5,0.25,700,"bu","11:09:40",40700
22.5,0.25,2000,"bu","11:09:26",40000
22.5,0.25,2000,"bu","11:08:42",38000
22.5,0.25,1000,"bu","11:07:57",36000
22.5,0.25,700,"bu","11:07:38",35000
22.5,0.25,700,"bu","11:05:34",34300
22.5,0.25,700,"bu","11:03:33",33600
22.5,0.25,1300,"bu","11:02:43",32900
22.5,0.25,500,"bu","11:02:43",31600
22.5,0.25,200,"bu","11:02:43",31100
22.45,0.2,400,"bu","10:59:27",30900
22.4,0.15,300,"bu","10:59:27",30500
22.45,0.2,600,"sd","10:58:38",30200
22.45,0.2,100,"sd","10:58:31",29600
22.45,0.2,500,"sd","10:56:50",29500
22.45,0.2,100,"sd","10:56:29",29000
22.45,0.2,100,"sd","10:56:21",28900
22.45,0.2,400,"sd","10:56:21",28800
22.45,0.2,300,"bu","10:53:20",28400
22.45,0.2,700,"bu","10:51:17",28100
22.45,0.2,700,"sd","10:49:46",27400
22.45,0.2,300,"sd","10:49:46",26700
22.45,0.2,100,"sd","10:48:29",26400
22.45,0.2,300,"bu","10:47:12",26300
22.45,0.2,200,"bu","10:45:10",26000
22.45,0.2,500,"bu","10:45:10",25800
22.45,0.2,700,"bu","10:43:09",25300
22.45,0.2,300,"bu","10:43:07",24600
22.45,0.2,500,"bu","10:41:06",24300
22.45,0.2,200,"bu","10:41:06",23800
22.45,0.2,700,"bu","10:39:04",23600
22.45,0.2,400,"bu","10:37:00",22900
22.45,0.2,300,"bu","10:37:00",22500
22.45,0.2,700,"sd","10:35:18",22200
22.45,0.2,1000,"sd","10:35:18",21500
22.45,0.2,700,"bu","10:33:42",20300
22.45,0.2,200,"bu","10:33:42",20500
22.4,0.15,100,"bu","10:33:42",19600
22.4,0.15,100,"bu","10:32:55",19500
22.4,0.15,600,"bu","10:32:55",19400
22.4,0.15,700,"sd","10:31:30",18800
22.4,0.15,700,"sd","10:31:30",18100
22.4,0.15,700,"bu","10:26:49",17400
22.4,0.15,300,"sd","10:25:45",16700
22.4,0.15,400,"bu","10:24:46",16400
22.4,0.15,700,"bu","10:22:43",16000
22.4,0.15,700,"bu","10:20:41",15300
22.4,0.15,700,"sd","10:20:02",14600
22.4,0.15,100,"sd","10:20:02",13900
22.4,0.15,600,"sd","10:17:18",13800
22.4,0.15,400,"sd","10:17:18",13200
22.4,0.15,600,"bu","10:15:14",12800
22.4,0.15,700,"bu","10:14:34",12200
22.4,0.15,200,"bu","10:12:31",11500
22.4,0.15,500,"bu","10:12:31",11300
22.4,0.15,700,"bu","10:10:29",10800
22.4,0.15,700,"bu","10:08:26",10100
22.4,0.15,700,"bu","10:06:24",9400
22.4,0.15,400,"bu","10:05:56",8700
22.4,0.15,700,"bu","10:04:21",8300
22.4,0.15,700,"sd","10:03:21",7600
22.4,0.15,200,"sd","10:03:21",6900
22.4,0.15,400,"sd","10:03:21",6700
22.4,0.15,300,"bu","10:00:17",6300
22.4,0.15,200,"sd","09:59:03",6000
22.4,0.15,500,"bu","09:58:14",5800
22.4,0.15,500,"sd","09:56:51",5300
22.4,0.15,200,"bu","09:56:34",4800
22.4,0.15,300,"bu","09:56:34",4600
22.4,0.15,700,"bu","09:56:12",4300
22.4,0.15,400,"bu","09:54:09",3600
22.4,0.15,300,"bu","09:54:09",3200
22.4,0.15,700,"bu","09:52:07",2900
22.5,0.25,100,"bu","09:50:04",2200
22.5,0.25,600,"bu","09:50:04",2100
22.5,0.25,400,"bu","09:48:03",1500
22.5,0.25,300,"bu","09:48:03",1100
22.5,0.25,100,"bu","09:34:52",800
22.55,0.3,300,"sd","09:16:40",700
22.5,0.25,200,"bu","09:16:21",400
22.5,0.25,100,"bu","09:16:21",200
22.5,0.25,100,"bu","09:16:21",100
