"price","change","match_qtty","side","time","total_vol"
30.35,0.25,70000,"unknown","14:45:01",680300
30.15,0.05,3700,"bu","14:29:52",610300
30.15,0.05,5000,"bu","14:29:52",606600
30.15,0.05,500,"bu","14:29:52",601600
30.15,0.05,200,"bu","14:29:52",601100
30.15,0.05,1000,"bu","14:28:59",600900
30.15,0.05,300,"bu","14:28:14",599900
30.1,0,300,"bu","14:27:49",599600
30.1,0,100,"bu","14:27:49",599300
30.1,0,100,"sd","14:26:37",599200
30.1,0,1000,"sd","14:26:37",599100
30.1,0,2000,"sd","14:26:37",598100
30.1,0,1000,"sd","14:26:37",596100
30.15,0.05,300,"bu","14:25:19",595100
30.15,0.05,200,"bu","14:24:57",594800
30.15,0.05,2000,"sd","14:24:51",594600
30.15,0.05,2500,"sd","14:24:51",592600
30.2,0.1,300,"bu","14:19:04",590100
30.2,0.1,100,"bu","14:18:42",589800
30.2,0.1,1000,"bu","14:18:03",589700
30.2,0.1,100,"bu","14:17:55",588700
30.2,0.1,2000,"bu","14:17:55",588600
30.15,0.05,100,"bu","14:17:45",586600
30.15,0.05,2100,"bu","14:17:45",586500
30.15,0.05,200,"bu","14:17:42",584400
30.15,0.05,100,"bu","14:17:39",584200
30.1,0,500,"sd","14:17:20",584100
30.15,0.05,100,"bu","14:17:05",583600
30.15,0.05,500,"bu","14:17:01",583500
30.15,0.05,100,"bu","14:17:01",583000
30.15,0.05,200,"bu","14:17:00",582900
30.15,0.05,1000,"bu","14:16:36",582700
30.15,0.05,300,"bu","14:16:04",581700
30.15,0.05,100,"bu","14:15:45",581400
30.15,0.05,100,"bu","14:15:24",581300
30.15,0.05,1200,"bu","14:13:46",581200
30.15,0.05,1000,"bu","14:13:46",580000
30.1,0,3100,"bu","14:13:46",579000
30.1,0,1000,"bu","14:13:45",575900
30.1,0,500,"bu","14:13:45",574900
30.1,0,400,"bu","14:13:41",574400
30.1,0,5000,"bu","14:13:39",574000
30.1,0,2500,"bu","14:13:29",569000
30.1,0,1200,"bu","14:12:38",566500
30.1,0,100,"sd","14:11:55",565300
30.1,0,800,"sd","14:11:55",565200
30.1,0,100,"sd","14:11:55",564400
30.1,0,500,"sd","14:11:55",564300
30.1,0,3000,"sd","14:11:55",563800
30.1,0,1300,"sd","14:11:55",560800
30.1,0,100,"sd","14:11:55",559500
30.1,0,300,"sd","14:11:55",559400
30.1,0,100,"sd","14:11:55",559100
30.1,0,300,"sd","14:11:23",559000
30.1,0,100,"bu","14:07:41",558700
30.1,0,4500,"bu","14:07:41",558600
30.1,0,100,"bu","14:06:10",554100
30.1,0,200,"bu","14:05:32",554000
30.05,-0.05,400,"sd","14:05:17",553800
30.1,0,3800,"bu","14:02:27",553400
30.1,0,1200,"bu","14:02:27",549600
30.1,0,5800,"bu","14:01:06",548400
30.1,0,4200,"bu","14:01:06",542600
30.05,-0.05,1000,"sd","14:00:49",538400
30.05,-0.05,400,"sd","13:59:50",537400
30.05,-0.05,200,"sd","13:59:31",537000
30.1,0,5000,"bu","13:57:35",536800
30.1,0,100,"bu","13:56:36",531800
30.1,0,6000,"bu","13:56:34",531700
30.1,0,4700,"bu","13:55:53",525700
30.1,0,5300,"bu","13:55:53",521000
30,-0.1,500,"sd","13:54:42",515700
30,-0.1,2000,"sd","13:54:42",515200
30,-0.1,2000,"sd","13:54:42",513200
30,-0.1,1000,"sd","13:54:42",511200
30,-0.1,500,"sd","13:54:42",510200
30,-0.1,3100,"sd","13:54:42",509700
30.05,-0.05,2000,"unknown","13:54:42",506600
30.1,0,5000,"sd","13:51:32",504600
30.1,0,2500,"sd","13:51:32",499600
30.1,0,3900,"sd","13:51:32",497100
30.1,0,3600,"sd","13:51:31",493200
30.1,0,1500,"sd","13:51:18",489600
30.1,0,1000,"sd","13:50:11",488100
30.15,0.05,1400,"sd","13:47:23",487100
30.15,0.05,3600,"sd","13:44:47",485700
30.15,0.05,100,"sd","13:44:47",482100
30.2,0.1,1600,"sd","13:44:47",482000
30.2,0.1,100,"sd","13:44:47",480400
30.2,0.1,1000,"sd","13:44:44",480300
30.25,0.15,500,"bu","13:43:44",479300
30.25,0.15,500,"bu","13:43:44",478800
30.25,0.15,4000,"bu","13:43:44",478300
30.2,0.1,3900,"bu","13:43:40",474300
30.15,0.05,100,"sd","13:42:02",470400
30.2,0.1,900,"sd","13:42:02",470300
30.2,0.1,100,"bu","13:41:02",469400
30.2,0.1,100,"sd","13:40:51",469300
30.2,0.1,500,"sd","13:40:08",469200
30.2,0.1,1000,"sd","13:38:16",468700
30.25,0.15,10000,"bu","13:37:41",467700
30.25,0.15,200,"sd","13:36:11",457700
30.25,0.15,400,"sd","13:36:11",457500
30.25,0.15,400,"sd","13:36:11",457100
30.25,0.15,400,"sd","13:35:28",456700
30.25,0.15,400,"sd","13:35:23",456300
30.25,0.15,1000,"sd","13:34:57",455900
30.25,0.15,1000,"sd","13:34:43",454900
30.25,0.15,100,"sd","13:33:21",453900
30.25,0.15,1500,"sd","13:32:23",453800
30.3,0.2,500,"bu","13:31:50",452300
30.3,0.2,200,"bu","13:31:50",451800
30.3,0.2,4300,"bu","13:31:50",451600
30.25,0.15,100,"bu","13:31:46",447300
30.25,0.15,100,"bu","13:31:46",447200
30.25,0.15,900,"sd","13:30:57",447100
30.25,0.15,1000,"sd","13:30:55",446200
30.25,0.15,600,"sd","13:30:51",445200
30.25,0.15,400,"sd","13:30:51",444600
30.25,0.15,1000,"sd","13:30:48",444200
30.25,0.15,1000,"sd","13:30:35",443200
30.3,0.2,500,"bu","13:27:48",442200
30.3,0.2,500,"bu","13:27:25",441700
30.3,0.2,20000,"bu","13:26:46",441200
30.25,0.15,100,"sd","13:26:35",421200
30.25,0.15,300,"sd","13:26:20",421100
30.25,0.15,6400,"sd","13:26:10",420800
30.25,0.15,2300,"bu","13:26:10",414400
30.25,0.15,500,"bu","13:26:10",412100
30.2,0.1,700,"bu","13:26:03",411600
30.2,0.1,12800,"bu","13:26:03",410900
30.1,0,100,"sd","13:25:45",398100
30.2,0.1,100,"bu","13:24:52",398000
30.2,0.1,2600,"sd","13:24:16",397900
30.2,0.1,4500,"sd","13:24:16",395300
30.25,0.15,8500,"bu","13:23:17",390800
30.25,0.15,10000,"bu","13:23:01",382300
30.25,0.15,100,"bu","13:21:40",372300
30.25,0.15,10000,"bu","13:21:11",372200
30.2,0.1,1000,"bu","13:21:06",362200
30.2,0.1,500,"bu","13:21:06",361200
30.2,0.1,500,"bu","13:21:06",360700
30.2,0.1,1000,"bu","13:21:06",360200
30.2,0.1,1000,"bu","13:21:06",359200
30.2,0.1,1500,"bu","13:21:06",358200
30.2,0.1,500,"sd","13:20:15",356700
30.1,0,300,"sd","13:19:38",356200
30.25,0.15,1500,"sd","13:19:20",355900
30.25,0.15,400,"sd","13:19:20",354400
30.25,0.15,100,"bu","13:18:55",354000
30,-0.1,4900,"sd","13:16:17",353900
30.05,-0.05,5000,"sd","13:16:17",349000
30.05,-0.05,100,"sd","13:16:17",344000
30.05,-0.05,100,"sd","13:16:17",343900
30.1,0,4700,"sd","13:16:17",343800
30.2,0.1,300,"sd","13:16:17",339100
30.2,0.1,300,"sd","13:16:17",338800
30.2,0.1,3000,"sd","13:16:17",338500
30.2,0.1,200,"sd","13:16:17",335500
30.2,0.1,1400,"sd","13:16:17",335300
30.2,0.1,100,"sd","13:16:02",333900
30.2,0.1,100,"sd","13:14:37",333800
30.2,0.1,200,"sd","13:12:42",333700
30.2,0.1,2500,"bu","13:11:33",333500
30.2,0.1,700,"bu","13:11:33",331000
30.2,0.1,300,"sd","13:08:17",330300
30.3,0.2,4700,"bu","13:08:02",330000
30.3,0.2,3800,"bu","13:08:02",325300
30.25,0.15,1000,"bu","13:08:02",321500
30.25,0.15,500,"bu","13:08:02",320500
30.2,0.1,100,"bu","13:07:59",320000
30.2,0.1,500,"bu","13:07:59",319900
30.2,0.1,9100,"bu","13:07:59",319400
30.1,0,200,"sd","13:07:04",310300
30.1,0,100,"bu","13:06:52",310100
30.05,-0.05,100,"bu","13:04:00",310000
30.05,-0.05,1100,"bu","13:03:51",309900
30.05,-0.05,600,"bu","13:03:51",308800
30.05,-0.05,300,"bu","13:03:51",308200
30.05,-0.05,500,"sd","13:02:15",307900
30.05,-0.05,4900,"sd","13:02:11",307400
30.05,-0.05,800,"sd","13:02:11",302500
30.05,-0.05,1300,"sd","13:02:08",301700
30.05,-0.05,2500,"sd","13:01:43",300400
30.05,-0.05,100,"sd","13:00:53",297900
30.1,0,1000,"sd","13:00:45",297800
30.1,0,9800,"sd","13:00:45",296800
30.1,0,200,"sd","13:00:36",287000
30.2,0.1,700,"bu","13:00:18",286800
30.2,0.1,200,"sd","13:00:11",286100
30.25,0.15,1500,"bu","13:00:05",285900
30.2,0.1,100,"sd","13:00:05",284400
30.2,0.1,1900,"sd","13:00:05",284300
30.2,0.1,1800,"sd","13:00:04",282400
30.2,0.1,300,"sd","13:00:01",280600
30.3,0.2,11200,"bu","13:00:01",280300
30.3,0.2,2800,"bu","13:00:01",269100
30.25,0.15,500,"bu","13:00:01",266300
30.25,0.15,500,"bu","13:00:01",265800
30.2,0.1,1500,"sd","11:29:36",265300
30.2,0.1,1000,"sd","11:29:17",263800
30.2,0.1,500,"sd","11:29:09",262800
30.2,0.1,500,"sd","11:28:50",262300
30.2,0.1,2500,"sd","11:28:49",261800
30.2,0.1,1000,"sd","11:28:44",259300
30.2,0.1,5000,"sd","11:27:50",258300
30.2,0.1,500,"sd","11:26:41",253300
30.2,0.1,100,"sd","11:21:57",252800
30.3,0.2,22200,"bu","11:21:09",252700
30.3,0.2,1000,"bu","11:21:09",230500
30.3,0.2,100,"bu","11:21:09",229500
30.3,0.2,1000,"bu","11:21:09",229400
30.3,0.2,700,"bu","11:21:09",228400
30.3,0.2,2000,"sd","11:16:18",227700
30.3,0.2,100,"bu","11:15:38",225700
30.3,0.2,7900,"bu","11:15:38",225600
30.3,0.2,15000,"bu","11:14:20",217700
30.2,0.1,2000,"sd","11:14:19",202700
30.2,0.1,1400,"sd","11:14:04",200700
30.3,0.2,1000,"sd","11:13:40",199300
30.3,0.2,100,"sd","11:13:40",198300
30.3,0.2,6000,"sd","11:13:40",198200
30.3,0.2,10000,"sd","11:13:36",192200
30.3,0.2,1000,"sd","11:13:36",182200
30.3,0.2,1000,"sd","11:13:03",181200
30.3,0.2,10000,"sd","11:13:03",180200
30.3,0.2,1100,"sd","11:12:43",170200
30.35,0.25,300,"sd","11:11:45",169100
30.35,0.25,1700,"sd","11:11:22",168800
30.4,0.3,500,"bu","11:10:55",167100
30.4,0.3,500,"bu","11:10:55",166600
30.35,0.25,100,"bu","11:09:59",166100
30.35,0.25,100,"bu","11:09:59",166000
30.35,0.25,500,"bu","11:09:59",165900
30.35,0.25,4800,"bu","11:09:59",165400
30.35,0.25,200,"bu","11:09:49",160600
30.35,0.25,2800,"bu","11:09:49",160400
30.35,0.25,2000,"bu","11:09:03",157600
30.3,0.2,500,"sd","11:08:35",155600
30.35,0.25,600,"bu","11:08:09",155100
30.35,0.25,100,"bu","11:08:09",154500
30.35,0.25,500,"bu","11:08:09",154400
30.35,0.25,500,"bu","11:07:46",152400
30.35,0.25,1500,"bu","11:07:46",153900
30.3,0.2,100,"sd","11:07:11",151900
30.3,0.2,200,"sd","11:05:47",151800
30.3,0.2,100,"sd","11:05:34",151600
30.3,0.2,100,"sd","11:05:34",151500
30.3,0.2,700,"sd","11:03:11",151400
30.3,0.2,2600,"sd","11:03:11",150700
30.3,0.2,500,"sd","11:02:42",148100
30.3,0.2,200,"sd","11:01:06",147600
30.3,0.2,100,"sd","11:01:04",147400
30.3,0.2,100,"sd","11:00:59",147300
30.3,0.2,500,"sd","11:00:01",147200
30.3,0.2,1000,"sd","10:59:16",146700
30.3,0.2,400,"sd","10:58:38",145700
30.3,0.2,500,"bu","10:56:37",145300
30.3,0.2,200,"bu","10:56:37",144800
30.3,0.2,500,"bu","10:56:37",144600
30.3,0.2,2000,"bu","10:56:37",144100
30.3,0.2,200,"bu","10:56:37",142100
30.3,0.2,1000,"bu","10:56:37",141900
30.3,0.2,100,"bu","10:56:37",140900
30.3,0.2,100,"bu","10:56:37",140800
30.3,0.2,100,"bu","10:55:52",140700
30.25,0.15,100,"bu","10:55:24",140600
30.2,0.1,100,"sd","10:55:14",140500
30.2,0.1,100,"sd","10:53:55",140400
30.2,0.1,500,"bu","10:52:46",140300
30.2,0.1,500,"bu","10:52:46",139800
30.2,0.1,500,"bu","10:52:46",139300
30.2,0.1,100,"bu","10:52:46",138800
30.05,-0.05,500,"sd","10:50:20",138700
30.05,-0.05,300,"sd","10:49:36",138200
30.05,-0.05,100,"sd","10:49:09",137900
30.05,-0.05,100,"sd","10:48:58",137800
30.05,-0.05,300,"sd","10:47:49",137700
30.05,-0.05,600,"sd","10:46:42",137400
30.1,0,3200,"unknown","10:46:42",136800
30.2,0.1,2000,"unknown","10:46:42",133600
30.2,0.1,100,"unknown","10:46:42",131600
30.2,0.1,100,"unknown","10:46:42",131500
30.2,0.1,200,"bu","10:42:30",131400
30.2,0.1,1000,"bu","10:41:50",131200
30.2,0.1,400,"bu","10:41:49",130200
30.2,0.1,100,"bu","10:41:49",129800
30.15,0.05,300,"bu","10:40:39",129700
30.15,0.05,600,"bu","10:40:39",129400
30.1,0,500,"bu","10:40:15",128800
30.1,0,500,"bu","10:40:15",128300
30.1,0,500,"bu","10:40:15",127800
30.1,0,400,"bu","10:40:15",127300
30.05,-0.05,100,"sd","10:39:06",126900
30.05,-0.05,100,"sd","10:37:11",126800
30.05,-0.05,100,"bu","10:36:46",126700
30.05,-0.05,800,"bu","10:36:46",126600
30.05,-0.05,1000,"bu","10:36:46",125800
30.05,-0.05,900,"bu","10:36:46",124800
30.05,-0.05,100,"sd","10:34:21",123900
30.05,-0.05,1000,"sd","10:34:17",123800
30.05,-0.05,300,"bu","10:33:29",122800
30.05,-0.05,800,"bu","10:33:29",122500
30.05,-0.05,1100,"bu","10:33:29",121700
30.05,-0.05,500,"bu","10:33:10",120600
30,-0.1,2000,"sd","10:32:48",120100
30,-0.1,600,"unknown","10:30:39",118100
30,-0.1,1000,"unknown","10:30:39",117500
30,-0.1,200,"unknown","10:30:39",116500
30,-0.1,8700,"bu","10:28:20",116300
30,-0.1,1300,"bu","10:28:20",107600
29.9,-0.2,200,"bu","10:28:16",106300
29.8,-0.3,400,"bu","10:28:11",106100
29.8,-0.3,300,"bu","10:28:11",105700
29.8,-0.3,900,"bu","10:28:11",105400
29.8,-0.3,4000,"bu","10:28:06",104500
29.8,-0.3,3000,"bu","10:27:35",100500
29.75,-0.35,500,"sd","10:24:01",97500
29.75,-0.35,500,"bu","10:22:56",97000
29.7,-0.4,2200,"sd","10:19:38",96500
29.7,-0.4,100,"sd","10:19:38",94300
29.75,-0.35,100,"bu","10:17:38",94200
29.75,-0.35,300,"bu","10:15:25",94100
29.75,-0.35,100,"bu","10:15:04",93800
29.7,-0.4,100,"bu","10:14:16",93700
29.65,-0.45,400,"sd","10:12:51",93600
29.65,-0.45,300,"sd","10:11:56",93200
29.65,-0.45,100,"sd","10:08:18",92900
29.6,-0.5,100,"sd","10:03:23",92800
29.6,-0.5,400,"sd","10:03:23",92700
29.6,-0.5,600,"bu","10:03:16",92300
29.6,-0.5,100,"bu","10:03:13",91700
29.5,-0.6,200,"sd","10:02:53",91600
29.6,-0.5,600,"sd","10:02:26",91400
29.6,-0.5,1000,"sd","10:02:26",90800
29.6,-0.5,3900,"sd","10:02:26",89800
29.6,-0.5,1000,"sd","10:02:19",85900
29.6,-0.5,100,"sd","10:01:29",84900
29.6,-0.5,100,"sd","10:01:10",84800
29.7,-0.4,400,"sd","09:58:02",84700
29.7,-0.4,200,"sd","09:58:02",84300
29.7,-0.4,4400,"sd","09:58:02",84100
29.7,-0.4,100,"sd","09:54:44",79700
29.7,-0.4,500,"sd","09:54:29",79600
29.8,-0.3,300,"bu","09:52:14",79100
29.8,-0.3,10000,"unknown","09:51:37",78800
29.8,-0.3,1000,"sd","09:51:37",68800
29.8,-0.3,2300,"sd","09:51:37",67800
29.9,-0.2,1500,"sd","09:51:37",65500
29.95,-0.15,600,"sd","09:51:37",64000
29.95,-0.15,100,"sd","09:49:44",63400
29.95,-0.15,1000,"sd","09:49:27",63300
29.95,-0.15,2000,"sd","09:48:46",62300
29.95,-0.15,1100,"bu","09:48:14",60300
29.95,-0.15,200,"bu","09:48:14",59200
29.9,-0.2,3500,"bu","09:48:10",59000
29.9,-0.2,500,"sd","09:46:59",55500
29.9,-0.2,4500,"sd","09:46:39",55000
29.9,-0.2,500,"sd","09:46:39",50500
29.95,-0.15,4800,"sd","09:46:20",50000
30,-0.1,5000,"sd","09:45:29",45200
30.05,-0.05,100,"bu","09:44:41",40200
30.05,-0.05,300,"bu","09:42:12",40100
30.05,-0.05,200,"bu","09:42:12",39800
29.95,-0.15,200,"bu","09:40:35",39600
29.95,-0.15,100,"sd","09:40:34",39400
29.95,-0.15,500,"sd","09:39:29",39300
29.95,-0.15,3000,"sd","09:39:16",38800
29.95,-0.15,1000,"sd","09:38:53",35800
29.95,-0.15,200,"sd","09:38:33",34800
29.95,-0.15,200,"sd","09:38:33",34600
30,-0.1,2000,"sd","09:38:02",34400
30,-0.1,300,"sd","09:37:48",32400
30,-0.1,300,"sd","09:37:13",32100
30,-0.1,4700,"sd","09:37:13",31800
30.1,0,1000,"bu","09:35:58",27100
30.1,0,100,"bu","09:34:15",26100
30.1,0,400,"bu","09:34:15",26000
30,-0.1,1000,"sd","09:34:09",25600
30,-0.1,100,"sd","09:34:09",24600
30,-0.1,2000,"bu","09:34:09",24500
30,-0.1,600,"bu","09:34:09",22500
30,-0.1,1400,"bu","09:33:53",21900
30,-0.1,1000,"bu","09:33:53",20500
29.95,-0.15,500,"bu","09:33:32",19500
29.95,-0.15,2000,"bu","09:33:32",19000
29.95,-0.15,2000,"bu","09:33:32",17000
29.9,-0.2,1000,"bu","09:33:12",15000
29.9,-0.2,200,"bu","09:33:12",14000
29.9,-0.2,500,"bu","09:33:07",13800
29.8,-0.3,1000,"bu","09:30:00",13300
29.8,-0.3,400,"bu","09:30:00",12300
29.8,-0.3,100,"bu","09:30:00",11900
29.8,-0.3,200,"bu","09:30:00",11800
29.8,-0.3,1000,"bu","09:30:00",11600
29.6,-0.5,1500,"sd","09:29:50",10600
29.6,-0.5,100,"sd","09:28:16",8700
29.6,-0.5,400,"sd","09:28:16",9100
29.4,-0.7,100,"bu","09:23:38",8600
29.4,-0.7,100,"bu","09:23:05",8500
29.4,-0.7,600,"bu","09:22:50",8400
29.4,-0.7,500,"bu","09:22:30",7800
29.4,-0.7,200,"sd","09:22:26",7300
29.4,-0.7,100,"sd","09:22:26",7100
29.45,-0.65,300,"sd","09:22:25",6900
29.4,-0.7,100,"sd","09:22:25",7000
29.4,-0.7,1700,"sd","09:22:00",6600
29.4,-0.7,100,"sd","09:22:00",4900
29.4,-0.7,100,"bu","09:21:37",4800
29.4,-0.7,100,"bu","09:21:35",4700
29.4,-0.7,2000,"sd","09:20:58",4600
29.4,-0.7,1400,"sd","09:20:58",2600
29.4,-0.7,1000,"sd","09:20:58",1200
29.95,-0.15,200,"unknown","09:15:00",200
