"price","change","match_qtty","side","time","total_vol"
10.25,-0.35,574300,"unknown","14:45:01",10138900
10.2,-0.4,300,"bu","14:29:59",9564600
10.2,-0.4,300,"bu","14:29:59",9564300
10.2,-0.4,1000,"bu","14:29:59",9564000
10.2,-0.4,1000,"bu","14:29:59",9563000
10.2,-0.4,2200,"bu","14:29:59",9562000
10.2,-0.4,200,"bu","14:29:59",9559800
10.2,-0.4,5300,"bu","14:29:59",9559600
10.2,-0.4,1600,"bu","14:29:59",9554300
10.2,-0.4,600,"bu","14:29:58",9552700
10.2,-0.4,100,"bu","14:29:57",9552100
10.2,-0.4,2000,"bu","14:29:57",9552000
10.15,-0.45,10000,"sd","14:29:56",9550000
10.2,-0.4,400,"bu","14:29:56",9540000
10.2,-0.4,100,"bu","14:29:56",9539600
10.2,-0.4,100,"bu","14:29:55",9539500
10.2,-0.4,200,"bu","14:29:55",9539400
10.2,-0.4,400,"bu","14:29:55",9539200
10.2,-0.4,600,"bu","14:29:54",9538800
10.2,-0.4,400,"bu","14:29:54",9538200
10.2,-0.4,200,"bu","14:29:53",9537800
10.2,-0.4,200,"bu","14:29:53",9537600
10.2,-0.4,200,"bu","14:29:52",9537400
10.2,-0.4,300,"bu","14:29:51",9537200
10.2,-0.4,1300,"bu","14:29:50",9536900
10.2,-0.4,300,"bu","14:29:47",9535600
10.2,-0.4,100,"bu","14:29:46",9535300
10.15,-0.45,3000,"sd","14:29:46",9535200
10.2,-0.4,100,"bu","14:29:46",9532200
10.2,-0.4,500,"bu","14:29:45",9532100
10.2,-0.4,1600,"bu","14:29:43",9531600
10.15,-0.45,100,"sd","14:29:41",9530000
10.2,-0.4,800,"bu","14:29:41",9529900
10.2,-0.4,700,"bu","14:29:41",9529100
10.2,-0.4,100,"bu","14:29:41",9528400
10.2,-0.4,100,"bu","14:29:41",9528300
10.15,-0.45,15100,"sd","14:29:40",9528200
10.2,-0.4,100,"bu","14:29:38",9513100
10.2,-0.4,100,"bu","14:29:38",9513000
10.2,-0.4,4000,"bu","14:29:35",9512900
10.2,-0.4,100,"bu","14:29:35",9508900
10.2,-0.4,1000,"bu","14:29:34",9508800
10.2,-0.4,1000,"bu","14:29:33",9507800
10.2,-0.4,200,"bu","14:29:30",9506800
10.2,-0.4,200,"bu","14:29:29",9506600
10.2,-0.4,2400,"bu","14:29:29",9506400
10.2,-0.4,100,"bu","14:29:29",9504000
10.2,-0.4,2100,"bu","14:29:29",9503900
10.2,-0.4,200,"bu","14:29:29",9501800
10.2,-0.4,200,"bu","14:29:29",9501600
10.2,-0.4,800,"bu","14:29:28",9501400
10.2,-0.4,100,"bu","14:29:28",9500600
10.15,-0.45,30000,"sd","14:29:27",9500500
10.2,-0.4,300,"bu","14:29:27",9470500
10.2,-0.4,400,"bu","14:29:27",9470200
10.2,-0.4,1000,"bu","14:29:27",9469800
10.2,-0.4,200,"bu","14:29:27",9468800
10.2,-0.4,800,"bu","14:29:27",9468600
10.2,-0.4,500,"bu","14:29:26",9467800
10.2,-0.4,1000,"bu","14:29:26",9467300
10.2,-0.4,500,"bu","14:29:25",9466300
10.2,-0.4,200,"bu","14:29:24",9465800
10.2,-0.4,800,"bu","14:29:24",9465600
10.2,-0.4,100,"bu","14:29:24",9464800
10.2,-0.4,500,"bu","14:29:24",9464700
10.2,-0.4,3400,"bu","14:29:23",9464200
10.2,-0.4,1200,"bu","14:29:21",9460800
10.2,-0.4,100,"bu","14:29:21",9459600
10.2,-0.4,3900,"bu","14:29:20",9459500
10.2,-0.4,500,"bu","14:29:20",9455600
10.15,-0.45,100,"sd","14:29:20",9455100
10.2,-0.4,1400,"bu","14:29:18",9455000
10.2,-0.4,500,"bu","14:29:18",9453600
10.2,-0.4,100,"bu","14:29:17",9453100
10.2,-0.4,400,"bu","14:29:16",9453000
10.2,-0.4,1000,"bu","14:29:14",9452600
10.2,-0.4,500,"bu","14:29:13",9451600
10.2,-0.4,500,"bu","14:29:13",9451100
10.2,-0.4,700,"bu","14:29:12",9450600
10.2,-0.4,100,"bu","14:29:11",9449900
10.2,-0.4,100,"bu","14:29:11",9449800
10.2,-0.4,100,"bu","14:29:10",9449700
10.2,-0.4,100,"bu","14:29:08",9449600
10.2,-0.4,1000,"bu","14:29:08",9449500
10.2,-0.4,2000,"bu","14:29:05",9448500
10.15,-0.45,2000,"sd","14:29:05",9446500
10.2,-0.4,3000,"bu","14:29:04",9444500
10.2,-0.4,2000,"bu","14:29:04",9441500
10.2,-0.4,500,"bu","14:29:02",9439500
10.2,-0.4,2000,"bu","14:29:00",9439000
10.2,-0.4,100,"bu","14:28:59",9437000
10.15,-0.45,4800,"sd","14:28:58",9436900
10.15,-0.45,100,"sd","14:28:58",9432100
10.15,-0.45,100,"sd","14:28:58",9432000
10.2,-0.4,100,"bu","14:28:57",9431900
10.2,-0.4,100,"bu","14:28:57",9431800
10.2,-0.4,100,"bu","14:28:57",9431700
10.2,-0.4,300,"bu","14:28:55",9431600
10.2,-0.4,400,"bu","14:28:54",9431300
10.2,-0.4,100,"bu","14:28:53",9430900
10.2,-0.4,600,"bu","14:28:53",9430800
10.2,-0.4,500,"sd","14:28:52",9430200
10.2,-0.4,100,"sd","14:28:52",9429700
10.2,-0.4,2000,"sd","14:28:52",9429600
10.2,-0.4,500,"sd","14:28:52",9427600
10.2,-0.4,100,"sd","14:28:52",9427100
10.2,-0.4,5000,"sd","14:28:52",9427000
10.2,-0.4,1000,"sd","14:28:52",9422000
10.2,-0.4,100,"sd","14:28:52",9421000
10.2,-0.4,100,"sd","14:28:52",9420900
10.2,-0.4,1000,"sd","14:28:52",9420800
10.2,-0.4,1000,"sd","14:28:52",9419800
10.2,-0.4,100,"sd","14:28:52",9418800
10.2,-0.4,2000,"sd","14:28:52",9418700
10.2,-0.4,900,"sd","14:28:52",9416700
10.2,-0.4,100,"sd","14:28:52",9415800
10.2,-0.4,200,"sd","14:28:52",9415700
10.2,-0.4,100,"sd","14:28:52",9415500
10.2,-0.4,800,"sd","14:28:52",9415400
10.2,-0.4,1000,"sd","14:28:52",9414600
10.2,-0.4,700,"sd","14:28:52",9413600
10.2,-0.4,100,"sd","14:28:52",9412900
10.2,-0.4,500,"sd","14:28:52",9412800
10.2,-0.4,300,"sd","14:28:52",9412300
10.2,-0.4,1000,"sd","14:28:52",9412000
10.2,-0.4,500,"sd","14:28:52",9411000
10.2,-0.4,500,"sd","14:28:52",9410500
10.2,-0.4,500,"sd","14:28:52",9410000
10.2,-0.4,500,"sd","14:28:52",9409500
10.2,-0.4,1200,"sd","14:28:52",9409000
10.2,-0.4,100,"sd","14:28:52",9407800
10.2,-0.4,500,"sd","14:28:52",9407700
10.2,-0.4,300,"sd","14:28:52",9407200
10.2,-0.4,200,"sd","14:28:52",9406900
10.2,-0.4,900,"sd","14:28:52",9406700
10.2,-0.4,100,"sd","14:28:52",9405800
10.2,-0.4,1000,"sd","14:28:52",9405700
10.2,-0.4,100,"sd","14:28:52",9404700
10.2,-0.4,1000,"sd","14:28:52",9404600
10.2,-0.4,200,"sd","14:28:52",9403600
10.2,-0.4,900,"sd","14:28:52",9403400
10.2,-0.4,50000,"sd","14:28:52",9402500
10.2,-0.4,1500,"sd","14:28:52",9352500
10.2,-0.4,3200,"sd","14:28:52",9351000
10.2,-0.4,2000,"sd","14:28:52",9347800
10.2,-0.4,1000,"sd","14:28:52",9345800
10.2,-0.4,700,"sd","14:28:52",9344800
10.2,-0.4,10000,"sd","14:28:52",9344100
10.2,-0.4,500,"sd","14:28:52",9334100
10.2,-0.4,2200,"sd","14:28:52",9333600
10.2,-0.4,300,"sd","14:28:52",9331400
10.2,-0.4,5000,"sd","14:28:52",9331100
10.2,-0.4,1300,"sd","14:28:52",9326100
10.2,-0.4,300,"sd","14:28:52",9324800
10.2,-0.4,5000,"sd","14:28:52",9324500
10.2,-0.4,200,"sd","14:28:52",9319500
10.2,-0.4,2400,"sd","14:28:52",9319300
10.2,-0.4,600,"sd","14:28:52",9316900
10.2,-0.4,2000,"sd","14:28:52",9316300
10.2,-0.4,9000,"sd","14:28:52",9314300
10.25,-0.35,3000,"sd","14:28:52",9305300
10.2,-0.4,500,"sd","14:28:52",9302300
10.25,-0.35,2500,"sd","14:28:52",9301800
10.2,-0.4,1200,"sd","14:28:52",9299300
10.2,-0.4,100,"sd","14:28:52",9298100
10.2,-0.4,100,"sd","14:28:52",9298000
10.2,-0.4,100,"sd","14:28:52",9297900
10.2,-0.4,800,"sd","14:28:52",9297800
10.2,-0.4,1000,"sd","14:28:52",9297000
10.25,-0.35,5900,"sd","14:28:52",9296000
10.2,-0.4,100,"sd","14:28:52",9290100
10.2,-0.4,4200,"sd","14:28:52",9290000
10.2,-0.4,6000,"sd","14:28:52",9285800
10.25,-0.35,1000,"sd","14:28:52",9279800
10.2,-0.4,500,"sd","14:28:52",9278800
10.2,-0.4,1300,"sd","14:28:52",9278300
10.25,-0.35,2000,"sd","14:28:52",9277000
10.25,-0.35,1000,"sd","14:28:52",9275000
10.25,-0.35,3000,"sd","14:28:52",9274000
10.25,-0.35,400,"sd","14:28:52",9271000
10.25,-0.35,300,"sd","14:28:52",9270600
10.25,-0.35,800,"sd","14:28:52",9270300
10.25,-0.35,100,"sd","14:28:52",9269500
10.25,-0.35,1000,"sd","14:28:52",9269400
10.25,-0.35,100,"sd","14:28:52",9268400
10.25,-0.35,200,"sd","14:28:52",9268300
10.25,-0.35,400,"sd","14:28:52",9268100
10.25,-0.35,500,"sd","14:28:52",9267700
10.25,-0.35,200,"sd","14:28:52",9267200
10.25,-0.35,8500,"sd","14:28:52",9267000
10.25,-0.35,100,"sd","14:28:52",9258500
10.25,-0.35,1000,"sd","14:28:51",9258400
10.25,-0.35,700,"sd","14:28:49",9257400
10.25,-0.35,300,"sd","14:28:49",9256700
10.25,-0.35,700,"sd","14:28:48",9256400
10.25,-0.35,700,"sd","14:28:48",9255700
10.25,-0.35,1000,"sd","14:28:48",9255000
10.25,-0.35,200,"sd","14:28:48",9254000
10.25,-0.35,1000,"sd","14:28:48",9253800
10.25,-0.35,3000,"sd","14:28:48",9252800
10.25,-0.35,3400,"sd","14:28:48",9249800
10.25,-0.35,1100,"sd","14:28:47",9246400
10.25,-0.35,2000,"sd","14:28:47",9245300
10.25,-0.35,500,"sd","14:28:47",9243300
10.3,-0.3,100,"bu","14:28:47",9242800
10.25,-0.35,9500,"sd","14:28:47",9242700
10.25,-0.35,2300,"sd","14:28:47",9233200
10.3,-0.3,100,"bu","14:28:45",9230900
10.3,-0.3,1000,"bu","14:28:44",9230800
10.25,-0.35,2200,"sd","14:28:43",9229800
10.25,-0.35,100,"sd","14:28:43",9227600
10.25,-0.35,1700,"sd","14:28:43",9227500
10.25,-0.35,100,"sd","14:28:42",9225800
10.25,-0.35,100,"sd","14:28:42",9225700
10.25,-0.35,1000,"sd","14:28:42",9225600
10.25,-0.35,2000,"sd","14:28:42",9224600
10.25,-0.35,500,"sd","14:28:42",9222600
10.25,-0.35,10000,"sd","14:28:42",9222100
10.25,-0.35,100,"sd","14:28:42",9212100
10.25,-0.35,100,"sd","14:28:42",9212000
10.25,-0.35,100,"sd","14:28:42",9211900
10.25,-0.35,1000,"sd","14:28:42",9211800
10.25,-0.35,2000,"sd","14:28:42",9210800
10.25,-0.35,900,"sd","14:28:42",9208800
10.25,-0.35,3000,"sd","14:28:42",9207900
10.25,-0.35,100,"sd","14:28:42",9204900
10.25,-0.35,1000,"sd","14:28:42",9204800
10.25,-0.35,200,"sd","14:28:42",9203800
10.25,-0.35,1000,"sd","14:28:42",9203600
10.25,-0.35,1000,"sd","14:28:42",9202600
10.25,-0.35,100,"sd","14:28:42",9201600
10.25,-0.35,500,"sd","14:28:42",9201500
10.25,-0.35,600,"sd","14:28:42",9201000
10.25,-0.35,100,"sd","14:28:42",9200400
10.25,-0.35,5000,"sd","14:28:42",9200300
10.25,-0.35,4700,"sd","14:28:42",9195300
10.25,-0.35,300,"sd","14:28:42",9190600
10.25,-0.35,1500,"sd","14:28:42",9190300
10.25,-0.35,100,"sd","14:28:42",9188800
10.25,-0.35,500,"sd","14:28:42",9188700
10.25,-0.35,2000,"sd","14:28:42",9188200
10.25,-0.35,7000,"sd","14:28:42",9186200
10.25,-0.35,200,"sd","14:28:42",9179200
10.25,-0.35,500,"sd","14:28:42",9179000
10.25,-0.35,1000,"sd","14:28:42",9178500
10.25,-0.35,2000,"sd","14:28:42",9177500
10.25,-0.35,100,"sd","14:28:42",9175500
10.25,-0.35,100,"sd","14:28:42",9175400
10.25,-0.35,900,"sd","14:28:42",9175300
10.25,-0.35,100,"sd","14:28:42",9174400
10.25,-0.35,3000,"sd","14:28:42",9174300
10.25,-0.35,100,"sd","14:28:42",9171300
10.25,-0.35,1400,"sd","14:28:42",9171200
10.25,-0.35,4000,"sd","14:28:42",9169800
10.25,-0.35,300,"sd","14:28:39",9165800
10.25,-0.35,100,"sd","14:28:39",9165500
10.25,-0.35,600,"sd","14:28:39",9165400
10.3,-0.3,2000,"bu","14:28:37",9164800
10.3,-0.3,1500,"bu","14:28:34",9162800
10.3,-0.3,4000,"bu","14:28:34",9161300
10.3,-0.3,9700,"bu","14:28:34",9157300
10.3,-0.3,11000,"bu","14:28:34",9147600
10.3,-0.3,1800,"bu","14:28:34",9136600
10.3,-0.3,2000,"bu","14:28:34",9134800
10.25,-0.35,100,"sd","14:28:29",9132800
10.25,-0.35,200,"sd","14:28:29",9132700
10.25,-0.35,500,"sd","14:28:29",9132500
10.25,-0.35,1000,"sd","14:28:29",9132000
10.25,-0.35,100,"sd","14:28:29",9131000
10.25,-0.35,100,"sd","14:28:29",9130900
10.25,-0.35,200,"sd","14:28:29",9130800
10.25,-0.35,100,"sd","14:28:29",9130600
10.25,-0.35,300,"sd","14:28:29",9130500
10.25,-0.35,200,"sd","14:28:29",9130200
10.25,-0.35,2300,"sd","14:28:29",9130000
10.3,-0.3,200,"bu","14:28:26",9127700
10.3,-0.3,700,"bu","14:28:25",9127500
10.3,-0.3,1000,"bu","14:28:17",9126800
10.3,-0.3,5000,"bu","14:28:16",9125800
10.25,-0.35,2000,"sd","14:28:16",9120800
10.25,-0.35,5700,"sd","14:28:12",9118800
10.25,-0.35,1800,"sd","14:28:12",9113100
10.25,-0.35,200,"sd","14:28:12",9111300
10.25,-0.35,100,"sd","14:28:12",9111100
10.25,-0.35,700,"sd","14:28:12",9111000
10.25,-0.35,500,"sd","14:28:09",9110300
10.3,-0.3,300,"bu","14:28:09",9109800
10.25,-0.35,2000,"sd","14:28:08",9109500
10.25,-0.35,200,"sd","14:28:07",9107500
10.25,-0.35,100,"sd","14:28:07",9107300
10.25,-0.35,700,"sd","14:28:07",9107200
10.25,-0.35,100,"sd","14:28:07",9106500
10.25,-0.35,4100,"sd","14:28:07",9106400
10.25,-0.35,1800,"sd","14:28:07",9102300
10.25,-0.35,2500,"sd","14:28:07",9100500
10.25,-0.35,300,"sd","14:28:07",9098000
10.25,-0.35,200,"sd","14:28:07",9097700
10.25,-0.35,1000,"sd","14:28:07",9097500
10.3,-0.3,200,"bu","14:28:05",9096500
10.3,-0.3,100,"bu","14:28:05",9096300
10.3,-0.3,200,"bu","14:28:04",9096200
10.3,-0.3,100,"bu","14:28:04",9096000
10.25,-0.35,5400,"sd","14:28:03",9095900
10.3,-0.3,100,"bu","14:28:01",9090500
10.3,-0.3,1000,"bu","14:28:00",9090400
10.3,-0.3,100,"bu","14:28:00",9089400
10.3,-0.3,300,"bu","14:28:00",9089300
10.3,-0.3,200,"bu","14:28:00",9089000
10.3,-0.3,100,"bu","14:27:58",9088800
10.25,-0.35,7000,"sd","14:27:56",9088700
10.25,-0.35,100,"sd","14:27:55",9081700
10.25,-0.35,2000,"sd","14:27:55",9081600
10.25,-0.35,2800,"sd","14:27:55",9079600
10.3,-0.3,8700,"bu","14:27:50",9076800
10.3,-0.3,500,"bu","14:27:50",9068100
10.3,-0.3,700,"bu","14:27:50",9067600
10.3,-0.3,2800,"bu","14:27:49",9066900
10.3,-0.3,200,"bu","14:27:49",9064100
10.3,-0.3,1000,"bu","14:27:43",9063900
10.3,-0.3,1800,"bu","14:27:42",9062900
10.3,-0.3,200,"bu","14:27:42",9061100
10.3,-0.3,500,"bu","14:27:33",9060900
10.25,-0.35,1000,"sd","14:27:32",9060400
10.3,-0.3,300,"bu","14:27:28",9059400
10.3,-0.3,2700,"bu","14:27:28",9059100
10.3,-0.3,100,"bu","14:27:27",9056400
10.25,-0.35,300,"sd","14:27:26",9056300
10.25,-0.35,500,"sd","14:27:24",9056000
10.25,-0.35,400,"sd","14:27:24",9055500
10.25,-0.35,200,"sd","14:27:24",9055100
10.25,-0.35,400,"sd","14:27:24",9054900
10.25,-0.35,400,"sd","14:27:24",9054500
10.25,-0.35,800,"sd","14:27:24",9054100
10.25,-0.35,1000,"sd","14:27:24",9053300
10.25,-0.35,700,"sd","14:27:24",9052300
10.25,-0.35,200,"sd","14:27:24",9051600
10.25,-0.35,500,"sd","14:27:24",9051400
10.25,-0.35,3100,"sd","14:27:24",9050900
10.25,-0.35,1700,"sd","14:27:24",9047800
10.25,-0.35,700,"sd","14:27:24",9046100
10.25,-0.35,100,"sd","14:27:24",9045400
10.25,-0.35,500,"sd","14:27:24",9045300
10.25,-0.35,28800,"sd","14:27:24",9044800
10.3,-0.3,1000,"bu","14:27:23",9016000
10.3,-0.3,500,"bu","14:27:21",9015000
10.3,-0.3,200,"bu","14:27:20",9014500
10.3,-0.3,500,"bu","14:27:19",9014300
10.3,-0.3,500,"bu","14:27:19",9013800
10.25,-0.35,300,"sd","14:27:18",9013300
10.25,-0.35,200,"sd","14:27:17",9013000
10.25,-0.35,500,"sd","14:27:13",9012800
10.3,-0.3,1000,"bu","14:27:12",9012300
10.25,-0.35,500,"sd","14:27:11",9011300
10.25,-0.35,400,"sd","14:27:10",9010800
10.25,-0.35,15300,"sd","14:27:08",9010400
10.25,-0.35,18700,"sd","14:27:08",8995100
10.25,-0.35,1500,"sd","14:27:01",8976400
10.3,-0.3,1500,"bu","14:26:56",8974900
10.3,-0.3,100,"bu","14:26:56",8973400
10.25,-0.35,200,"sd","14:26:51",8973300
10.25,-0.35,800,"sd","14:26:50",8973100
10.3,-0.3,100,"bu","14:26:49",8972300
10.25,-0.35,500,"sd","14:26:44",8972200
10.3,-0.3,100,"bu","14:26:44",8971700
10.25,-0.35,500,"sd","14:26:42",8971600
10.25,-0.35,2800,"sd","14:26:39",8971100
10.25,-0.35,2200,"sd","14:26:39",8968300
10.3,-0.3,1000,"bu","14:26:39",8966100
10.3,-0.3,500,"bu","14:26:35",8965100
10.3,-0.3,100,"bu","14:26:34",8964600
10.3,-0.3,1000,"bu","14:26:33",8964500
10.25,-0.35,400,"sd","14:26:32",8963500
10.3,-0.3,2100,"bu","14:26:27",8963100
10.25,-0.35,10000,"sd","14:26:27",8961000
10.3,-0.3,1500,"bu","14:26:26",8951000
10.3,-0.3,500,"bu","14:26:26",8949500
10.25,-0.35,5000,"sd","14:26:26",8949000
10.3,-0.3,23000,"bu","14:26:21",8944000
10.3,-0.3,1000,"bu","14:26:21",8921000
10.3,-0.3,500,"bu","14:26:21",8920000
10.3,-0.3,4000,"bu","14:26:21",8919500
10.3,-0.3,2000,"bu","14:26:21",8915500
10.3,-0.3,100,"bu","14:26:21",8913500
10.3,-0.3,200,"bu","14:26:21",8913400
10.3,-0.3,1000,"bu","14:26:21",8913200
10.3,-0.3,8200,"bu","14:26:21",8912200
10.25,-0.35,500,"sd","14:26:20",8904000
10.25,-0.35,1000,"sd","14:26:11",8903500
10.3,-0.3,100,"bu","14:26:10",8902500
10.3,-0.3,1700,"bu","14:26:07",8902400
10.3,-0.3,100,"bu","14:26:07",8900700
10.3,-0.3,200,"bu","14:26:07",8900600
10.3,-0.3,3400,"bu","14:26:06",8900400
10.3,-0.3,1000,"bu","14:26:05",8897000
10.3,-0.3,200,"bu","14:26:00",8896000
10.3,-0.3,5000,"bu","14:26:00",8895800
10.3,-0.3,800,"bu","14:25:56",8890800
10.3,-0.3,1000,"bu","14:25:51",8890000
10.25,-0.35,500,"sd","14:25:50",8889000
10.3,-0.3,1000,"bu","14:25:48",8888500
10.3,-0.3,500,"bu","14:25:46",8887500
10.3,-0.3,100,"bu","14:25:42",8887000
10.3,-0.3,500,"bu","14:25:41",8886900
10.3,-0.3,100,"bu","14:25:37",8886400
10.3,-0.3,1100,"bu","14:25:34",8886300
10.3,-0.3,5000,"bu","14:25:33",8885200
10.25,-0.35,400,"sd","14:25:32",8880200
10.25,-0.35,9600,"sd","14:25:32",8879800
10.3,-0.3,100,"bu","14:25:32",8870200
10.3,-0.3,100,"bu","14:25:30",8870100
10.3,-0.3,600,"bu","14:25:29",8870000
10.3,-0.3,100,"bu","14:25:29",8869400
10.3,-0.3,1300,"bu","14:25:27",8869300
10.25,-0.35,600,"sd","14:25:25",8868000
10.3,-0.3,100,"bu","14:25:23",8867400
10.3,-0.3,500,"bu","14:25:20",8867300
10.3,-0.3,100,"bu","14:25:19",8866800
10.3,-0.3,1000,"bu","14:25:19",8866700
10.3,-0.3,1600,"bu","14:25:17",8865700
10.3,-0.3,1000,"bu","14:25:15",8864100
10.3,-0.3,1000,"bu","14:25:13",8863100
10.3,-0.3,200,"bu","14:24:59",8862100
10.3,-0.3,1000,"bu","14:24:56",8861900
10.3,-0.3,2000,"bu","14:24:54",8860900
10.3,-0.3,500,"bu","14:24:52",8858900
10.3,-0.3,1600,"bu","14:24:50",8858400
10.25,-0.35,100,"sd","14:24:50",8856800
10.25,-0.35,100,"sd","14:24:48",8856700
10.25,-0.35,500,"sd","14:24:45",8856600
10.25,-0.35,800,"sd","14:24:39",8856100
10.25,-0.35,100,"sd","14:24:38",8855300
10.3,-0.3,1000,"bu","14:24:36",8855200
10.3,-0.3,400,"bu","14:24:20",8854200
10.25,-0.35,2000,"sd","14:24:13",8853800
10.3,-0.3,200,"bu","14:24:13",8851800
10.3,-0.3,1900,"bu","14:24:11",8851600
10.25,-0.35,4000,"sd","14:24:11",8849700
10.25,-0.35,4000,"sd","14:24:09",8845700
10.3,-0.3,200,"bu","14:24:04",8841700
10.3,-0.3,100,"bu","14:24:00",8841500
10.3,-0.3,100,"bu","14:23:59",8841400
10.3,-0.3,2500,"bu","14:23:53",8841300
10.3,-0.3,3500,"bu","14:23:53",8838800
10.25,-0.35,3200,"sd","14:23:47",8835300
10.25,-0.35,100,"sd","14:23:47",8832100
10.25,-0.35,100,"sd","14:23:47",8832000
10.25,-0.35,300,"sd","14:23:47",8831900
10.25,-0.35,5300,"sd","14:23:47",8831600
10.25,-0.35,1700,"sd","14:23:42",8826300
10.3,-0.3,1600,"bu","14:23:41",8824600
10.3,-0.3,100,"bu","14:23:29",8823000
10.25,-0.35,200,"sd","14:23:27",8822900
10.3,-0.3,300,"bu","14:23:25",8822700
10.3,-0.3,1000,"bu","14:23:22",8822400
10.25,-0.35,100,"sd","14:23:20",8821400
10.25,-0.35,500,"sd","14:23:20",8821300
10.25,-0.35,1000,"sd","14:23:20",8820800
10.25,-0.35,1500,"sd","14:23:20",8819800
10.25,-0.35,400,"sd","14:23:20",8818300
10.25,-0.35,100,"sd","14:23:20",8817900
10.25,-0.35,2800,"sd","14:23:20",8817800
10.25,-0.35,1000,"sd","14:23:20",8815000
10.25,-0.35,200,"sd","14:23:20",8814000
10.25,-0.35,2500,"sd","14:23:20",8813800
10.25,-0.35,500,"sd","14:23:20",8811300
10.25,-0.35,1000,"sd","14:23:20",8810800
10.25,-0.35,200,"sd","14:23:20",8809800
10.25,-0.35,100,"sd","14:23:20",8809600
10.25,-0.35,500,"sd","14:23:20",8809500
10.25,-0.35,300,"sd","14:23:20",8809000
10.25,-0.35,100,"sd","14:23:20",8808700
10.25,-0.35,100,"sd","14:23:20",8808600
10.25,-0.35,100,"sd","14:23:20",8808500
10.25,-0.35,200,"sd","14:23:20",8808400
10.25,-0.35,300,"sd","14:23:20",8808200
10.25,-0.35,200,"sd","14:23:20",8807900
10.25,-0.35,1000,"sd","14:23:20",8807700
10.25,-0.35,4500,"sd","14:23:20",8806700
10.25,-0.35,300,"sd","14:23:20",8802200
10.25,-0.35,100,"sd","14:23:20",8801900
10.25,-0.35,1800,"sd","14:23:20",8801800
10.25,-0.35,500,"sd","14:23:20",8800000
10.25,-0.35,500,"sd","14:23:20",8799500
10.25,-0.35,22600,"sd","14:23:20",8799000
10.3,-0.3,5000,"bu","14:23:12",8776400
10.25,-0.35,2500,"sd","14:23:11",8771400
10.3,-0.3,300,"bu","14:23:09",8768900
10.3,-0.3,1000,"bu","14:23:08",8768600
10.25,-0.35,2800,"sd","14:23:02",8767600
10.25,-0.35,13500,"sd","14:23:01",8764800
10.25,-0.35,100,"sd","14:22:58",8751300
10.25,-0.35,1900,"sd","14:22:58",8751200
10.25,-0.35,1100,"sd","14:22:58",8749300
10.25,-0.35,100,"sd","14:22:55",8748200
10.3,-0.3,200,"bu","14:22:53",8748100
10.25,-0.35,800,"sd","14:22:49",8747900
10.25,-0.35,1000,"sd","14:22:49",8747100
10.25,-0.35,100,"sd","14:22:49",8746100
10.25,-0.35,100,"sd","14:22:49",8746000
10.25,-0.35,8000,"sd","14:22:49",8745900
10.3,-0.3,300,"bu","14:22:43",8737900
10.25,-0.35,1000,"sd","14:22:36",8737600
10.3,-0.3,100,"bu","14:22:35",8736600
10.3,-0.3,100,"bu","14:22:33",8736500
10.3,-0.3,1000,"bu","14:22:28",8736400
10.3,-0.3,500,"bu","14:22:28",8735400
10.3,-0.3,500,"bu","14:22:23",8734900
10.3,-0.3,500,"bu","14:22:18",8734400
10.3,-0.3,5000,"bu","14:22:12",8733900
10.3,-0.3,9000,"bu","14:22:03",8728900
10.3,-0.3,6800,"bu","14:22:03",8719900
10.3,-0.3,300,"bu","14:21:56",8713100
10.3,-0.3,2900,"bu","14:21:55",8712800
10.3,-0.3,2000,"bu","14:21:55",8709900
10.3,-0.3,600,"bu","14:21:55",8707900
10.3,-0.3,100,"bu","14:21:53",8707300
10.3,-0.3,100,"bu","14:21:46",8707200
10.3,-0.3,200,"bu","14:21:43",8707100
10.3,-0.3,700,"bu","14:21:38",8706900
10.3,-0.3,1200,"bu","14:21:38",8706200
10.3,-0.3,1900,"bu","14:21:28",8705000
10.25,-0.35,500,"sd","14:21:27",8703100
10.25,-0.35,10000,"sd","14:21:19",8702600
10.25,-0.35,2500,"sd","14:21:17",8692600
10.25,-0.35,200,"sd","14:21:17",8690100
10.25,-0.35,1000,"sd","14:21:17",8689900
10.25,-0.35,1300,"sd","14:21:17",8688900
10.25,-0.35,200,"sd","14:21:16",8687600
10.25,-0.35,500,"sd","14:21:12",8687400
10.25,-0.35,100,"sd","14:21:12",8686900
10.25,-0.35,400,"sd","14:21:12",8686800
10.3,-0.3,100,"bu","14:21:11",8686400
10.25,-0.35,100,"bu","14:21:04",8686300
10.25,-0.35,500,"bu","14:21:04",8686200
10.2,-0.4,700,"sd","14:21:04",8685700
10.2,-0.4,1000,"sd","14:21:04",8685000
10.2,-0.4,500,"sd","14:21:04",8684000
10.25,-0.35,500,"bu","14:21:03",8683500
10.25,-0.35,500,"bu","14:21:02",8683000
10.25,-0.35,200,"bu","14:21:02",8682500
10.25,-0.35,100,"bu","14:21:02",8682300
10.25,-0.35,2500,"bu","14:21:02",8682200
10.25,-0.35,500,"bu","14:21:00",8679700
10.25,-0.35,200,"bu","14:21:00",8679200
10.25,-0.35,1200,"bu","14:21:00",8679000
10.25,-0.35,100,"bu","14:21:00",8677800
10.25,-0.35,4200,"bu","14:21:00",8677700
10.25,-0.35,600,"bu","14:20:59",8673500
10.25,-0.35,100,"bu","14:20:59",8672900
10.25,-0.35,100,"bu","14:20:58",8672800
10.25,-0.35,400,"bu","14:20:58",8672700
10.25,-0.35,100,"bu","14:20:57",8672300
10.25,-0.35,1000,"bu","14:20:57",8672200
10.25,-0.35,900,"bu","14:20:54",8671200
10.25,-0.35,1000,"bu","14:20:54",8670300
10.25,-0.35,600,"bu","14:20:53",8669300
10.25,-0.35,800,"bu","14:20:53",8668700
10.25,-0.35,500,"bu","14:20:52",8667900
10.25,-0.35,900,"bu","14:20:50",8667400
10.25,-0.35,100,"bu","14:20:47",8666500
10.25,-0.35,100,"bu","14:20:45",8666400
10.25,-0.35,100,"bu","14:20:42",8666300
10.25,-0.35,100,"bu","14:20:42",8666200
10.25,-0.35,100,"bu","14:20:41",8666100
10.25,-0.35,900,"bu","14:20:41",8666000
10.25,-0.35,600,"bu","14:20:39",8665100
10.25,-0.35,1000,"bu","14:20:37",8664500
10.25,-0.35,500,"bu","14:20:33",8663500
10.25,-0.35,100,"bu","14:20:32",8663000
10.25,-0.35,500,"bu","14:20:32",8662900
10.25,-0.35,3400,"bu","14:20:31",8662400
10.25,-0.35,300,"bu","14:20:28",8659000
10.25,-0.35,1000,"bu","14:20:27",8658700
10.25,-0.35,1000,"bu","14:20:21",8657700
10.25,-0.35,900,"bu","14:20:18",8656700
10.25,-0.35,100,"bu","14:20:17",8655800
10.2,-0.4,200,"sd","14:20:16",8655700
10.2,-0.4,200,"sd","14:20:16",8655500
10.2,-0.4,100,"sd","14:20:16",8655300
10.2,-0.4,3000,"sd","14:20:16",8655200
10.2,-0.4,500,"sd","14:20:16",8652200
10.2,-0.4,1000,"sd","14:20:16",8651700
10.2,-0.4,200,"sd","14:20:16",8650700
10.2,-0.4,100,"sd","14:20:16",8650500
10.2,-0.4,200,"sd","14:20:16",8650400
10.2,-0.4,200,"sd","14:20:16",8650200
10.2,-0.4,300,"sd","14:20:16",8650000
10.2,-0.4,400,"sd","14:20:16",8649700
10.2,-0.4,200,"sd","14:20:16",8649300
10.2,-0.4,500,"sd","14:20:16",8649100
10.2,-0.4,200,"sd","14:20:16",8648600
10.2,-0.4,5000,"sd","14:20:16",8648400
10.2,-0.4,500,"sd","14:20:16",8643400
10.2,-0.4,1000,"sd","14:20:16",8642900
10.2,-0.4,2000,"sd","14:20:16",8641900
10.2,-0.4,1000,"sd","14:20:16",8639900
10.2,-0.4,100,"sd","14:20:16",8638900
10.2,-0.4,200,"sd","14:20:16",8638800
10.2,-0.4,100,"sd","14:20:16",8638600
10.2,-0.4,2000,"sd","14:20:16",8638500
10.2,-0.4,200,"sd","14:20:16",8636500
10.2,-0.4,200,"sd","14:20:16",8636300
10.2,-0.4,100,"sd","14:20:16",8636100
10.2,-0.4,2000,"sd","14:20:16",8636000
10.2,-0.4,300,"sd","14:20:16",8634000
10.2,-0.4,1800,"sd","14:20:16",8633700
10.2,-0.4,200,"sd","14:20:16",8631900
10.2,-0.4,400,"sd","14:20:16",8631700
10.2,-0.4,500,"sd","14:20:16",8631300
10.2,-0.4,600,"sd","14:20:16",8630800
10.2,-0.4,500,"sd","14:20:16",8630200
10.2,-0.4,2000,"sd","14:20:16",8629700
10.2,-0.4,2000,"sd","14:20:16",8627700
10.25,-0.35,1300,"bu","14:20:10",8625700
10.25,-0.35,100,"bu","14:20:09",8624400
10.25,-0.35,400,"bu","14:20:09",8624300
10.25,-0.35,100,"bu","14:20:08",8623900
10.25,-0.35,100,"bu","14:20:04",8623800
10.25,-0.35,100,"bu","14:19:57",8623700
10.25,-0.35,5000,"bu","14:19:55",8623600
10.25,-0.35,3000,"bu","14:19:52",8618600
10.25,-0.35,100,"bu","14:19:50",8615600
10.25,-0.35,8300,"bu","14:19:48",8615500
10.25,-0.35,300,"bu","14:19:48",8607200
10.25,-0.35,900,"bu","14:19:48",8606900
10.25,-0.35,100,"bu","14:19:48",8606000
10.25,-0.35,100,"bu","14:19:48",8605900
10.25,-0.35,3000,"bu","14:19:48",8605800
10.25,-0.35,2800,"bu","14:19:48",8602800
10.25,-0.35,3400,"bu","14:19:48",8600000
10.25,-0.35,200,"bu","14:19:48",8596600
10.25,-0.35,100,"sd","14:19:48",8596400
10.25,-0.35,500,"sd","14:19:48",8596300
10.25,-0.35,200,"sd","14:19:48",8595800
10.25,-0.35,5000,"sd","14:19:48",8595600
10.25,-0.35,1000,"sd","14:19:48",8590600
10.25,-0.35,500,"sd","14:19:48",8589600
10.25,-0.35,100,"sd","14:19:48",8589100
10.25,-0.35,100,"sd","14:19:48",8589000
10.25,-0.35,200,"sd","14:19:48",8588900
10.25,-0.35,1400,"sd","14:19:41",8588700
10.25,-0.35,200,"sd","14:19:41",8587300
10.25,-0.35,100,"sd","14:19:41",8587100
10.25,-0.35,1000,"sd","14:19:41",8587000
10.25,-0.35,700,"sd","14:19:41",8586000
10.25,-0.35,100,"sd","14:19:41",8585300
10.25,-0.35,100,"sd","14:19:41",8585200
10.25,-0.35,100,"sd","14:19:41",8585100
10.25,-0.35,500,"sd","14:19:41",8585000
10.25,-0.35,400,"sd","14:19:41",8584500
10.25,-0.35,100,"sd","14:19:41",8584100
10.25,-0.35,100,"sd","14:19:41",8584000
10.25,-0.35,1200,"sd","14:19:41",8583900
10.3,-0.3,1000,"bu","14:19:41",8582700
10.25,-0.35,800,"sd","14:19:37",8581700
10.25,-0.35,100,"sd","14:19:37",8580900
10.25,-0.35,200,"sd","14:19:37",8580800
10.25,-0.35,3900,"sd","14:19:37",8580600
10.25,-0.35,100,"sd","14:19:33",8576700
10.3,-0.3,500,"bu","14:19:05",8576600
10.25,-0.35,1000,"sd","14:18:47",8576100
10.25,-0.35,500,"sd","14:18:47",8575100
10.25,-0.35,900,"sd","14:18:47",8574600
10.25,-0.35,100,"sd","14:18:47",8573700
10.25,-0.35,1000,"sd","14:18:47",8573600
10.25,-0.35,200,"sd","14:18:47",8572600
10.25,-0.35,2000,"sd","14:18:47",8572400
10.25,-0.35,2000,"sd","14:18:47",8570400
10.25,-0.35,300,"sd","14:18:47",8568400
10.25,-0.35,2000,"sd","14:18:47",8568100
10.3,-0.3,100,"bu","14:18:47",8566100
10.25,-0.35,400,"sd","14:18:45",8566000
10.25,-0.35,300,"sd","14:18:45",8565600
10.25,-0.35,300,"sd","14:18:45",8565300
10.25,-0.35,200,"sd","14:18:45",8565000
10.3,-0.3,3500,"bu","14:18:43",8564800
10.3,-0.3,5000,"bu","14:18:41",8561300
10.3,-0.3,1000,"bu","14:18:35",8556300
10.3,-0.3,3000,"bu","14:18:24",8555300
10.3,-0.3,5000,"bu","14:18:22",8552300
10.3,-0.3,200,"bu","14:18:22",8547300
10.3,-0.3,7000,"sd","14:18:19",8547100
10.3,-0.3,15300,"sd","14:18:19",8540100
10.3,-0.3,1000,"sd","14:18:17",8524800
10.3,-0.3,100,"sd","14:18:17",8523800
10.3,-0.3,100,"sd","14:18:17",8523700
10.3,-0.3,1000,"sd","14:18:17",8523600
10.3,-0.3,1000,"sd","14:18:17",8522600
10.3,-0.3,1800,"sd","14:18:17",8521600
10.3,-0.3,800,"sd","14:18:15",8519800
10.3,-0.3,4400,"sd","14:18:05",8519000
10.3,-0.3,5000,"sd","14:18:05",8514600
10.3,-0.3,100,"sd","14:18:05",8509600
10.3,-0.3,100,"sd","14:18:05",8509500
10.3,-0.3,400,"sd","14:18:05",8509400
10.3,-0.3,600,"sd","14:18:02",8509000
10.3,-0.3,3900,"sd","14:17:58",8508400
10.3,-0.3,100,"sd","14:17:58",8504500
10.3,-0.3,1000,"sd","14:17:58",8504400
10.3,-0.3,1300,"sd","14:17:58",8503400
10.3,-0.3,100,"sd","14:17:58",8502100
10.3,-0.3,100,"sd","14:17:58",8502000
10.3,-0.3,900,"sd","14:17:58",8501900
10.3,-0.3,300,"sd","14:17:58",8501000
10.3,-0.3,1900,"sd","14:17:58",8500700
10.3,-0.3,200,"sd","14:17:58",8498800
10.3,-0.3,1000,"sd","14:17:58",8498600
10.3,-0.3,100,"sd","14:17:58",8497600
10.3,-0.3,100,"sd","14:17:58",8497500
10.3,-0.3,5000,"sd","14:17:58",8497400
10.3,-0.3,1000,"sd","14:17:58",8492400
10.3,-0.3,800,"sd","14:17:58",8491400
10.3,-0.3,1500,"sd","14:17:58",8490600
10.3,-0.3,10000,"sd","14:17:58",8489100
10.3,-0.3,700,"sd","14:17:58",8479100
10.3,-0.3,200,"sd","14:17:58",8478400
10.3,-0.3,4800,"sd","14:17:58",8478200
10.3,-0.3,100,"sd","14:17:56",8473400
10.3,-0.3,7000,"sd","14:17:53",8473300
10.35,-0.25,1000,"bu","14:17:52",8466300
10.3,-0.3,6300,"sd","14:17:50",8465300
10.3,-0.3,1000,"sd","14:17:49",8459000
10.35,-0.25,2900,"bu","14:17:43",8458000
10.35,-0.25,700,"bu","14:17:43",8455100
10.35,-0.25,400,"bu","14:17:43",8454400
10.3,-0.3,1000,"sd","14:17:20",8454000
10.3,-0.3,1000,"sd","14:17:18",8453000
10.3,-0.3,5800,"sd","14:17:14",8452000
10.35,-0.25,200,"bu","14:17:12",8446200
10.35,-0.25,1000,"bu","14:17:01",8446000
10.35,-0.25,2400,"bu","14:16:58",8445000
10.35,-0.25,200,"bu","14:16:56",8442600
10.35,-0.25,100,"bu","14:16:32",8442400
10.3,-0.3,3000,"sd","14:16:30",8442300
10.3,-0.3,1000,"sd","14:16:30",8439300
10.3,-0.3,6000,"sd","14:16:30",8438300
10.35,-0.25,600,"bu","14:16:29",8432300
10.3,-0.3,2000,"sd","14:16:20",8431700
10.4,-0.2,700,"bu","14:16:17",8429700
10.35,-0.25,300,"bu","14:16:17",8429000
10.3,-0.3,1500,"sd","14:16:04",8428700
10.35,-0.25,200,"sd","14:16:04",8427200
10.35,-0.25,200,"sd","14:16:04",8427000
10.35,-0.25,900,"sd","14:16:01",8426800
10.35,-0.25,100,"sd","14:16:01",8425900
10.35,-0.25,100,"sd","14:16:00",8425800
10.35,-0.25,300,"sd","14:15:53",8425700
10.35,-0.25,2000,"sd","14:15:53",8425400
10.35,-0.25,700,"sd","14:15:53",8423400
10.35,-0.25,700,"sd","14:15:46",8422700
10.4,-0.2,100,"bu","14:15:45",8422000
10.35,-0.25,300,"bu","14:15:45",8421900
10.35,-0.25,5000,"bu","14:15:45",8421600
10.35,-0.25,2000,"bu","14:15:45",8416600
10.35,-0.25,100,"bu","14:15:45",8414600
10.35,-0.25,11200,"bu","14:15:45",8414500
10.3,-0.3,500,"sd","14:15:43",8403300
10.3,-0.3,200,"sd","14:15:43",8402800
10.3,-0.3,300,"sd","14:15:43",8402600
10.35,-0.25,100,"bu","14:15:41",8402300
10.35,-0.25,1000,"bu","14:15:41",8402200
10.35,-0.25,1000,"bu","14:15:33",8401200
10.35,-0.25,100,"bu","14:15:33",8400200
10.35,-0.25,100,"sd","14:15:31",8400100
10.35,-0.25,6600,"sd","14:15:31",8400000
10.35,-0.25,100,"sd","14:15:31",8393400
10.35,-0.25,2000,"sd","14:15:31",8393300
10.35,-0.25,13600,"sd","14:15:31",8391300
10.35,-0.25,100,"sd","14:15:31",8377700
10.35,-0.25,1000,"sd","14:15:31",8377600
10.35,-0.25,200,"sd","14:15:31",8376600
10.35,-0.25,2000,"sd","14:15:31",8376400
10.35,-0.25,10500,"sd","14:15:31",8374400
10.35,-0.25,400,"sd","14:15:31",8363900
10.35,-0.25,100,"sd","14:15:24",8363500
10.35,-0.25,1900,"sd","14:15:24",8363400
10.35,-0.25,100,"sd","14:15:22",8361500
10.35,-0.25,4500,"sd","14:15:13",8361400
10.35,-0.25,100,"sd","14:15:13",8356900
10.35,-0.25,5400,"sd","14:15:13",8356800
10.35,-0.25,100,"sd","14:15:10",8351400
10.4,-0.2,2200,"bu","14:15:08",8351300
10.35,-0.25,500,"bu","14:15:07",8349100
10.35,-0.25,100,"bu","14:15:07",8348600
10.35,-0.25,600,"bu","14:15:07",8348500
10.35,-0.25,1000,"bu","14:15:07",8347900
10.35,-0.25,500,"bu","14:15:07",8346900
10.35,-0.25,7000,"bu","14:15:07",8346400
10.35,-0.25,100,"bu","14:15:07",8339400
10.35,-0.25,200,"bu","14:15:07",8339300
10.35,-0.25,3000,"bu","14:15:07",8339100
10.35,-0.25,7100,"bu","14:15:07",8336100
10.35,-0.25,200,"bu","14:15:07",8329000
10.35,-0.25,200,"bu","14:15:07",8328800
10.35,-0.25,100,"bu","14:15:07",8328600
10.35,-0.25,1800,"bu","14:15:06",8328500
10.35,-0.25,1500,"bu","14:15:06",8326700
10.35,-0.25,100,"bu","14:15:06",8325200
10.35,-0.25,600,"bu","14:15:06",8325100
10.35,-0.25,5000,"bu","14:15:06",8324500
10.35,-0.25,1900,"bu","14:15:05",8319500
10.35,-0.25,700,"bu","14:15:05",8317600
10.35,-0.25,800,"bu","14:15:04",8316900
10.35,-0.25,500,"bu","14:15:04",8316100
10.35,-0.25,600,"bu","14:15:04",8315600
10.35,-0.25,3100,"bu","14:15:04",8315000
10.35,-0.25,700,"bu","14:15:04",8311900
10.35,-0.25,100,"bu","14:15:04",8311200
10.35,-0.25,100,"bu","14:15:04",8311100
10.35,-0.25,300,"bu","14:15:04",8311000
10.35,-0.25,4700,"bu","14:15:04",8310700
10.35,-0.25,100,"bu","14:15:03",8306000
10.35,-0.25,300,"bu","14:15:03",8305900
10.35,-0.25,400,"bu","14:15:03",8305600
10.35,-0.25,100,"bu","14:15:03",8305200
10.35,-0.25,100,"bu","14:15:02",8305100
10.35,-0.25,1900,"bu","14:15:01",8305000
10.35,-0.25,1100,"bu","14:15:01",8303100
10.3,-0.3,34000,"sd","14:15:00",8302000
10.3,-0.3,5000,"sd","14:15:00",8268000
10.3,-0.3,100,"sd","14:15:00",8263000
10.3,-0.3,900,"sd","14:15:00",8262900
10.3,-0.3,100,"sd","14:15:00",8262000
10.3,-0.3,9000,"sd","14:15:00",8261900
10.3,-0.3,900,"sd","14:15:00",8252900
10.3,-0.3,4800,"sd","14:14:49",8252000
10.3,-0.3,200,"sd","14:14:49",8247200
10.3,-0.3,3900,"sd","14:14:49",8247000
10.35,-0.25,200,"bu","14:14:49",8243100
10.3,-0.3,1100,"sd","14:14:49",8242900
10.35,-0.25,300,"bu","14:14:44",8241800
10.3,-0.3,500,"sd","14:14:44",8241500
10.35,-0.25,1000,"bu","14:14:43",8241000
10.35,-0.25,400,"bu","14:14:35",8240000
10.3,-0.3,1000,"bu","14:14:31",8239600
10.3,-0.3,1100,"bu","14:14:31",8238600
10.3,-0.3,300,"bu","14:14:31",8237500
10.3,-0.3,8600,"bu","14:14:31",8237200
10.3,-0.3,200,"bu","14:14:31",8228600
10.3,-0.3,3000,"bu","14:14:31",8228400
10.3,-0.3,2000,"bu","14:14:31",8225400
10.3,-0.3,100,"bu","14:14:31",8223400
10.3,-0.3,3500,"bu","14:14:31",8223300
10.3,-0.3,500,"bu","14:14:31",8219800
10.3,-0.3,5000,"bu","14:14:31",8219300
10.3,-0.3,1700,"bu","14:14:31",8214300
10.3,-0.3,10000,"bu","14:14:31",8212600
10.3,-0.3,1400,"bu","14:14:31",8202600
10.3,-0.3,200,"bu","14:14:31",8201200
10.3,-0.3,100,"bu","14:14:31",8201000
10.3,-0.3,7300,"bu","14:14:30",8200900
10.3,-0.3,5000,"bu","14:14:30",8193600
10.3,-0.3,1000,"bu","14:14:30",8188600
10.3,-0.3,1000,"bu","14:14:30",8187600
10.3,-0.3,300,"bu","14:14:30",8186600
10.3,-0.3,1000,"bu","14:14:30",8186300
10.3,-0.3,200,"bu","14:14:30",8185300
10.3,-0.3,2000,"bu","14:14:30",8185100
10.3,-0.3,1000,"bu","14:14:30",8183100
10.3,-0.3,400,"bu","14:14:30",8182100
10.3,-0.3,100,"bu","14:14:30",8181700
10.3,-0.3,200,"bu","14:14:30",8181600
10.3,-0.3,500,"bu","14:14:30",8181400
10.3,-0.3,2000,"bu","14:14:30",8180900
10.3,-0.3,200,"bu","14:14:30",8178900
10.3,-0.3,1000,"bu","14:14:30",8178700
10.3,-0.3,400,"bu","14:14:30",8177700
10.3,-0.3,1000,"bu","14:14:30",8177300
10.3,-0.3,39100,"bu","14:14:30",8176300
10.3,-0.3,10900,"bu","14:14:30",8137200
10.3,-0.3,1000,"bu","14:14:30",8126300
10.3,-0.3,7000,"bu","14:14:30",8125300
10.3,-0.3,3100,"bu","14:14:30",8118300
10.3,-0.3,800,"bu","14:14:29",8115200
10.3,-0.3,1100,"bu","14:14:28",8114400
10.3,-0.3,1000,"bu","14:14:28",8113300
10.3,-0.3,500,"bu","14:14:28",8112300
10.3,-0.3,400,"bu","14:14:28",8111800
10.3,-0.3,100,"bu","14:14:28",8111400
10.3,-0.3,36900,"bu","14:14:28",8111300
10.3,-0.3,300,"bu","14:14:27",8074400
10.25,-0.35,1100,"sd","14:14:25",8074100
10.3,-0.3,1900,"bu","14:14:25",8073000
10.3,-0.3,10900,"bu","14:14:25",8071100
10.3,-0.3,300,"bu","14:14:25",8060200
10.3,-0.3,100,"bu","14:14:25",8059900
10.3,-0.3,11900,"bu","14:14:25",8059800
10.3,-0.3,3000,"bu","14:14:25",8047900
10.3,-0.3,1500,"bu","14:14:25",8044900
10.3,-0.3,200,"bu","14:14:25",8043400
10.3,-0.3,200,"bu","14:14:25",8043200
10.3,-0.3,500,"bu","14:14:25",8043000
10.3,-0.3,5000,"bu","14:14:25",8042500
10.3,-0.3,800,"bu","14:14:25",8037500
10.3,-0.3,500,"bu","14:14:25",8036700
10.3,-0.3,100,"bu","14:14:25",8036200
10.3,-0.3,10000,"bu","14:14:25",8036100
10.3,-0.3,3100,"bu","14:14:25",8026100
10.3,-0.3,100,"bu","14:14:19",8023000
10.25,-0.35,200,"sd","14:14:13",8022900
10.3,-0.3,500,"bu","14:14:10",8022700
10.3,-0.3,600,"bu","14:14:08",8022200
10.25,-0.35,2500,"sd","14:14:04",8021600
10.3,-0.3,100,"bu","14:14:03",8019100
10.3,-0.3,500,"bu","14:14:03",8019000
10.3,-0.3,1000,"bu","14:14:00",8018500
10.3,-0.3,600,"bu","14:13:55",8017500
10.3,-0.3,23500,"bu","14:13:55",8016900
10.3,-0.3,100,"bu","14:13:55",7993400
10.3,-0.3,6900,"bu","14:13:55",7993300
10.3,-0.3,300,"bu","14:13:55",7986400
10.3,-0.3,1500,"bu","14:13:50",7986100
10.3,-0.3,27500,"bu","14:13:50",7984600
10.3,-0.3,100,"bu","14:13:45",7957100
10.3,-0.3,400,"bu","14:13:21",7957000
10.3,-0.3,300,"bu","14:13:20",7956600
10.25,-0.35,1300,"sd","14:13:19",7956300
10.3,-0.3,1000,"bu","14:13:16",7955000
10.3,-0.3,500,"bu","14:13:15",7954000
10.3,-0.3,100,"bu","14:13:13",7953500
10.3,-0.3,1400,"bu","14:13:11",7953400
10.3,-0.3,600,"bu","14:13:11",7952000
10.3,-0.3,100,"bu","14:13:08",7951400
10.3,-0.3,100,"bu","14:13:01",7951300
10.3,-0.3,100,"bu","14:13:00",7951200
10.3,-0.3,100,"bu","14:12:44",7951100
10.3,-0.3,2000,"bu","14:12:43",7951000
10.3,-0.3,200,"bu","14:12:36",7949000
10.3,-0.3,1900,"bu","14:12:32",7948800
10.25,-0.35,3000,"sd","14:12:29",7946900
10.3,-0.3,10600,"bu","14:12:28",7943900
10.3,-0.3,4300,"bu","14:12:28",7933300
10.3,-0.3,500,"bu","14:12:28",7929000
10.3,-0.3,2000,"bu","14:12:28",7928500
10.3,-0.3,300,"bu","14:12:28",7926500
10.3,-0.3,3200,"bu","14:12:28",7926200
10.3,-0.3,1000,"bu","14:12:28",7923000
10.3,-0.3,200,"bu","14:12:28",7922000
10.3,-0.3,1000,"bu","14:12:28",7921800
10.3,-0.3,1000,"bu","14:12:28",7920800
10.3,-0.3,100,"bu","14:12:28",7919800
10.3,-0.3,1000,"bu","14:12:28",7919700
10.3,-0.3,1000,"bu","14:12:28",7918700
10.3,-0.3,18800,"bu","14:12:28",7917700
10.25,-0.35,200,"sd","14:12:28",7898900
10.25,-0.35,8000,"sd","14:12:23",7898700
10.3,-0.3,1200,"bu","14:12:23",7890700
10.3,-0.3,100,"bu","14:12:23",7889500
10.3,-0.3,600,"bu","14:12:23",7889400
10.3,-0.3,100,"bu","14:12:13",7888800
10.3,-0.3,1000,"bu","14:12:10",7888700
10.3,-0.3,1900,"bu","14:12:03",7887700
10.3,-0.3,300,"bu","14:11:59",7885800
10.25,-0.35,6000,"sd","14:11:59",7885500
10.25,-0.35,5900,"sd","14:11:55",7879500
10.25,-0.35,100,"sd","14:11:55",7873600
10.3,-0.3,100,"bu","14:11:47",7873500
10.25,-0.35,1000,"sd","14:11:35",7873400
10.3,-0.3,100,"bu","14:11:19",7872400
10.3,-0.3,200,"bu","14:11:13",7872300
10.25,-0.35,2000,"sd","14:11:12",7872100
10.25,-0.35,1100,"sd","14:11:11",7870100
10.25,-0.35,900,"sd","14:11:11",7869000
10.25,-0.35,100,"sd","14:11:10",7868100
10.25,-0.35,400,"sd","14:11:10",7868000
10.25,-0.35,1000,"sd","14:11:08",7867600
10.25,-0.35,100,"sd","14:11:06",7866600
10.25,-0.35,2000,"sd","14:11:05",7866500
10.3,-0.3,1900,"bu","14:10:58",7864500
10.25,-0.35,1200,"sd","14:10:57",7862600
10.25,-0.35,300,"sd","14:10:57",7861400
10.25,-0.35,400,"sd","14:10:57",7861100
10.25,-0.35,300,"sd","14:10:48",7860700
10.25,-0.35,200,"sd","14:10:48",7860400
10.25,-0.35,500,"sd","14:10:48",7860200
10.25,-0.35,800,"sd","14:10:48",7859700
10.25,-0.35,100,"sd","14:10:48",7858900
10.25,-0.35,1000,"sd","14:10:48",7858800
10.25,-0.35,100,"sd","14:10:48",7857800
10.25,-0.35,3000,"sd","14:10:46",7857700
10.25,-0.35,100,"sd","14:10:46",7854700
10.25,-0.35,100,"sd","14:10:37",7854600
10.25,-0.35,5000,"sd","14:10:37",7854500
10.25,-0.35,900,"sd","14:10:34",7849500
10.3,-0.3,2000,"bu","14:10:19",7848600
10.25,-0.35,800,"sd","14:10:18",7846600
10.25,-0.35,300,"sd","14:10:18",7845800
10.25,-0.35,1000,"sd","14:10:18",7845500
10.25,-0.35,32900,"sd","14:10:18",7844500
10.3,-0.3,500,"bu","14:10:08",7811600
10.25,-0.35,1900,"sd","14:10:07",7811100
10.25,-0.35,1000,"sd","14:10:05",7809200
10.25,-0.35,200,"sd","14:09:58",7808200
10.25,-0.35,1900,"sd","14:09:56",7808000
10.3,-0.3,600,"bu","14:09:48",7806100
10.25,-0.35,9200,"sd","14:09:41",7805500
10.3,-0.3,100,"bu","14:09:39",7796300
10.3,-0.3,1000,"bu","14:09:34",7796200
10.25,-0.35,1300,"sd","14:09:33",7795200
10.25,-0.35,200,"sd","14:09:33",7793900
10.25,-0.35,500,"sd","14:09:33",7793700
10.3,-0.3,2000,"bu","14:09:24",7793200
10.3,-0.3,5000,"bu","14:09:23",7791200
10.25,-0.35,300,"sd","14:09:17",7786200
10.3,-0.3,100,"bu","14:09:08",7785900
10.25,-0.35,200,"sd","14:09:07",7785800
10.25,-0.35,100,"sd","14:09:01",7785600
10.3,-0.3,200,"bu","14:08:58",7785500
10.25,-0.35,400,"sd","14:08:49",7785300
10.3,-0.3,300,"bu","14:08:29",7784900
10.3,-0.3,500,"bu","14:08:21",7784600
10.25,-0.35,2800,"sd","14:08:20",7784100
10.3,-0.3,200,"bu","14:08:12",7781300
10.25,-0.35,300,"sd","14:08:05",7781100
10.25,-0.35,8000,"sd","14:07:58",7780800
10.25,-0.35,500,"sd","14:07:54",7772800
10.25,-0.35,200,"bu","14:07:52",7772300
10.25,-0.35,200,"bu","14:07:52",7772100
10.25,-0.35,100,"bu","14:07:52",7771900
10.25,-0.35,11000,"bu","14:07:52",7771800
10.25,-0.35,5000,"bu","14:07:52",7760800
10.25,-0.35,100,"bu","14:07:52",7755800
10.25,-0.35,300,"bu","14:07:52",7755700
10.25,-0.35,100,"bu","14:07:52",7755400
10.25,-0.35,300,"bu","14:07:52",7755300
10.25,-0.35,1900,"bu","14:07:52",7755000
10.25,-0.35,1000,"bu","14:07:52",7753100
10.25,-0.35,500,"bu","14:07:52",7752100
10.25,-0.35,2000,"bu","14:07:52",7751600
10.25,-0.35,3900,"bu","14:07:52",7749600
10.25,-0.35,200,"bu","14:07:52",7745700
10.25,-0.35,3000,"bu","14:07:52",7745500
10.25,-0.35,1000,"bu","14:07:52",7742500
10.25,-0.35,200,"bu","14:07:52",7741500
10.25,-0.35,100,"bu","14:07:52",7741300
10.25,-0.35,500,"bu","14:07:52",7741200
10.25,-0.35,2000,"bu","14:07:52",7740700
10.25,-0.35,200,"bu","14:07:52",7738700
10.25,-0.35,3100,"bu","14:07:52",7738500
10.25,-0.35,200,"bu","14:07:52",7735400
10.25,-0.35,100,"bu","14:07:43",7735200
10.25,-0.35,300,"bu","14:07:43",7735100
10.25,-0.35,300,"bu","14:07:43",7734800
10.25,-0.35,4600,"bu","14:07:43",7734500
10.25,-0.35,300,"bu","14:07:43",7729900
10.25,-0.35,200,"bu","14:07:43",7729600
10.25,-0.35,200,"bu","14:07:43",7729400
10.25,-0.35,14000,"bu","14:07:43",7729200
10.25,-0.35,200,"bu","14:07:37",7715200
10.25,-0.35,400,"bu","14:07:34",7715000
10.2,-0.4,100,"sd","14:07:28",7714600
10.2,-0.4,1000,"sd","14:07:23",7714500
10.25,-0.35,200,"bu","14:07:17",7713500
10.2,-0.4,200,"sd","14:07:06",7713300
10.2,-0.4,2000,"sd","14:07:00",7713100
10.2,-0.4,1600,"sd","14:06:55",7711100
10.2,-0.4,3000,"bu","14:06:43",7709500
10.2,-0.4,1000,"bu","14:06:43",7706500
10.2,-0.4,900,"bu","14:06:39",7705500
10.2,-0.4,4100,"bu","14:06:39",7704600
10.2,-0.4,3400,"bu","14:06:33",7700500
10.2,-0.4,19000,"bu","14:06:30",7697100
10.2,-0.4,100,"bu","14:06:27",7678100
10.2,-0.4,100,"sd","14:06:24",7678000
10.2,-0.4,100,"sd","14:06:24",7677900
10.2,-0.4,200,"sd","14:06:24",7677800
10.2,-0.4,500,"sd","14:06:24",7677600
10.2,-0.4,4000,"sd","14:06:24",7677100
10.2,-0.4,200,"sd","14:06:24",7673100
10.2,-0.4,100,"sd","14:06:24",7672900
10.2,-0.4,1000,"sd","14:06:24",7672800
10.2,-0.4,1000,"sd","14:06:24",7671800
10.2,-0.4,300,"sd","14:06:24",7670800
10.2,-0.4,5000,"sd","14:06:24",7670500
10.2,-0.4,100,"sd","14:06:24",7665500
10.2,-0.4,1000,"sd","14:06:23",7665400
10.2,-0.4,1000,"sd","14:06:23",7664400
10.2,-0.4,8800,"sd","14:06:23",7663400
10.2,-0.4,1000,"sd","14:06:22",7654600
10.25,-0.35,100,"bu","14:06:12",7653600
10.25,-0.35,500,"bu","14:06:12",7653500
10.25,-0.35,400,"bu","14:06:12",7653000
10.25,-0.35,100,"bu","14:06:07",7652600
10.25,-0.35,500,"bu","14:06:07",7652500
10.2,-0.4,200,"sd","14:06:06",7652000
10.2,-0.4,100,"sd","14:06:06",7651800
10.2,-0.4,300,"sd","14:06:06",7651700
10.2,-0.4,100,"sd","14:06:06",7651400
10.2,-0.4,800,"sd","14:06:06",7651300
10.2,-0.4,100,"sd","14:06:00",7650500
10.2,-0.4,2000,"sd","14:06:00",7650400
10.2,-0.4,200,"sd","14:06:00",7648400
10.2,-0.4,1000,"sd","14:06:00",7648200
10.2,-0.4,10000,"sd","14:06:00",7647200
10.2,-0.4,1000,"sd","14:06:00",7637200
10.2,-0.4,1000,"sd","14:06:00",7636200
10.2,-0.4,4700,"sd","14:06:00",7635200
10.2,-0.4,200,"sd","14:05:56",7630500
10.2,-0.4,100,"sd","14:05:49",7630300
10.2,-0.4,200,"sd","14:05:46",7630200
10.2,-0.4,2800,"sd","14:05:39",7630000
10.2,-0.4,6000,"sd","14:05:39",7627200
10.2,-0.4,300,"sd","14:05:29",7621200
10.2,-0.4,2700,"sd","14:05:19",7620900
10.2,-0.4,4200,"sd","14:05:16",7618200
10.2,-0.4,100,"bu","14:05:14",7614000
10.2,-0.4,400,"bu","14:05:14",7613900
10.2,-0.4,6300,"bu","14:05:14",7613500
10.2,-0.4,200,"bu","14:05:14",7607200
10.2,-0.4,100,"bu","14:05:13",7607000
10.2,-0.4,1000,"bu","14:05:13",7606900
10.2,-0.4,3000,"bu","14:05:11",7605900
10.2,-0.4,1000,"bu","14:05:10",7602900
10.2,-0.4,100,"bu","14:05:10",7601900
10.2,-0.4,500,"bu","14:05:10",7601800
10.2,-0.4,100,"bu","14:05:09",7601300
10.2,-0.4,1000,"bu","14:05:08",7601200
10.2,-0.4,5000,"bu","14:05:08",7600200
10.2,-0.4,1700,"bu","14:05:06",7595200
10.2,-0.4,1500,"bu","14:05:06",7593500
10.15,-0.45,4000,"sd","14:05:06",7592000
10.2,-0.4,700,"bu","14:05:06",7588000
10.15,-0.45,100,"sd","14:05:06",7587300
10.15,-0.45,900,"sd","14:05:06",7587200
10.2,-0.4,700,"bu","14:05:06",7586300
10.2,-0.4,1000,"bu","14:05:05",7585600
10.2,-0.4,100,"bu","14:05:05",7584600
10.2,-0.4,1000,"bu","14:05:05",7584500
10.2,-0.4,200,"bu","14:05:04",7583500
10.2,-0.4,1000,"bu","14:05:04",7583300
10.2,-0.4,1000,"bu","14:05:04",7582300
10.2,-0.4,1000,"bu","14:05:04",7581300
10.2,-0.4,500,"bu","14:05:03",7580300
10.2,-0.4,2000,"bu","14:05:02",7579800
10.2,-0.4,800,"bu","14:05:01",7577800
10.2,-0.4,100,"bu","14:05:01",7577000
10.2,-0.4,1200,"bu","14:05:01",7576900
10.2,-0.4,2200,"bu","14:05:01",7575700
10.2,-0.4,2000,"bu","14:05:01",7573500
10.2,-0.4,100,"bu","14:05:01",7571500
10.2,-0.4,1000,"bu","14:05:01",7571400
10.2,-0.4,10000,"bu","14:05:01",7570400
10.2,-0.4,3000,"bu","14:05:01",7560400
10.2,-0.4,500,"bu","14:05:00",7557400
10.2,-0.4,2000,"bu","14:04:58",7556900
10.2,-0.4,1000,"bu","14:04:58",7554900
10.2,-0.4,100,"bu","14:04:58",7553900
10.2,-0.4,100,"bu","14:04:58",7553800
10.2,-0.4,1300,"bu","14:04:58",7553700
10.2,-0.4,1000,"bu","14:04:58",7552400
10.2,-0.4,800,"bu","14:04:58",7551400
10.2,-0.4,1000,"bu","14:04:58",7550600
10.2,-0.4,900,"bu","14:04:58",7549600
10.2,-0.4,300,"bu","14:04:57",7548700
10.2,-0.4,700,"bu","14:04:57",7548400
10.2,-0.4,100,"bu","14:04:57",7547700
10.2,-0.4,4200,"bu","14:04:55",7547600
10.2,-0.4,10000,"bu","14:04:55",7543400
10.2,-0.4,1000,"bu","14:04:55",7533400
10.2,-0.4,2500,"bu","14:04:55",7532400
10.2,-0.4,100,"bu","14:04:55",7529900
10.2,-0.4,4000,"bu","14:04:55",7529800
10.2,-0.4,13900,"bu","14:04:55",7525800
10.2,-0.4,100,"bu","14:04:55",7511900
10.15,-0.45,400,"sd","14:04:52",7511800
10.15,-0.45,100,"sd","14:04:52",7511400
10.15,-0.45,200,"sd","14:04:52",7511300
10.15,-0.45,1300,"sd","14:04:52",7511100
10.2,-0.4,600,"bu","14:04:44",7509800
10.2,-0.4,500,"bu","14:04:44",7509200
10.2,-0.4,100,"bu","14:04:43",7508700
10.2,-0.4,700,"bu","14:04:42",7508600
10.2,-0.4,200,"bu","14:04:42",7507900
10.2,-0.4,500,"bu","14:04:41",7507700
10.2,-0.4,5000,"bu","14:04:39",7507200
10.2,-0.4,100,"bu","14:04:37",7502200
10.2,-0.4,200,"bu","14:04:36",7502100
10.2,-0.4,700,"bu","14:04:35",7501900
10.2,-0.4,6000,"bu","14:04:27",7501200
10.2,-0.4,4100,"bu","14:04:22",7495200
10.2,-0.4,300,"bu","14:04:21",7491100
10.2,-0.4,5000,"bu","14:04:16",7490800
10.2,-0.4,100,"bu","14:04:14",7485800
10.2,-0.4,500,"bu","14:04:14",7485700
10.2,-0.4,4000,"bu","14:04:12",7485200
10.2,-0.4,100,"bu","14:04:11",7481200
10.2,-0.4,200,"bu","14:04:01",7481100
10.2,-0.4,300,"bu","14:04:01",7480900
10.2,-0.4,100,"bu","14:04:00",7480600
10.2,-0.4,6400,"bu","14:04:00",7480500
10.2,-0.4,100,"bu","14:03:58",7474100
10.2,-0.4,100,"bu","14:03:55",7474000
10.2,-0.4,100,"bu","14:03:54",7473900
10.2,-0.4,500,"bu","14:03:54",7473800
10.2,-0.4,500,"bu","14:03:54",7473300
10.2,-0.4,500,"bu","14:03:54",7472800
10.2,-0.4,400,"bu","14:03:54",7472300
10.2,-0.4,1600,"bu","14:03:53",7471900
10.2,-0.4,300,"bu","14:03:53",7470300
10.2,-0.4,100,"bu","14:03:53",7470000
10.2,-0.4,1900,"bu","14:03:47",7469900
10.2,-0.4,10100,"bu","14:03:47",7468000
10.2,-0.4,5000,"bu","14:03:47",7457900
10.2,-0.4,33000,"bu","14:03:47",7452900
10.2,-0.4,1800,"bu","14:03:42",7419900
10.15,-0.45,300,"sd","14:03:41",7418100
10.2,-0.4,600,"bu","14:03:29",7417800
10.15,-0.45,2400,"sd","14:03:26",7417200
10.15,-0.45,1000,"sd","14:03:26",7414800
10.15,-0.45,600,"sd","14:03:26",7413800
10.2,-0.4,2000,"bu","14:03:25",7413200
10.2,-0.4,1000,"bu","14:03:17",7411200
10.2,-0.4,100,"bu","14:03:08",7410200
10.15,-0.45,500,"sd","14:03:01",7410100
10.2,-0.4,1000,"bu","14:02:49",7409600
10.15,-0.45,500,"sd","14:02:48",7408600
10.15,-0.45,200,"sd","14:02:41",7408100
10.15,-0.45,1000,"sd","14:02:40",7407900
10.15,-0.45,2000,"sd","14:02:31",7406900
10.15,-0.45,200,"sd","14:02:24",7404900
10.15,-0.45,400,"sd","14:02:24",7404700
10.15,-0.45,200,"sd","14:02:23",7404300
10.15,-0.45,100,"sd","14:02:23",7404100
10.15,-0.45,200,"sd","14:02:23",7404000
10.15,-0.45,4500,"sd","14:02:23",7403800
10.15,-0.45,1000,"bu","14:02:18",7399300
10.15,-0.45,4500,"bu","14:02:18",7398300
10.15,-0.45,1500,"bu","14:02:18",7393800
10.15,-0.45,500,"bu","14:02:18",7392300
10.15,-0.45,100,"bu","14:02:18",7391800
10.15,-0.45,1300,"bu","14:02:16",7391700
10.1,-0.5,800,"sd","14:02:13",7390400
10.1,-0.5,100,"sd","14:02:13",7389600
10.1,-0.5,100,"sd","14:02:13",7389500
10.15,-0.45,700,"bu","14:02:12",7389400
10.15,-0.45,4100,"bu","14:02:12",7388700
10.15,-0.45,200,"bu","14:02:12",7384600
10.15,-0.45,200,"bu","14:02:10",7384400
10.15,-0.45,2000,"bu","14:02:10",7384200
10.15,-0.45,100,"bu","14:02:10",7382200
10.15,-0.45,600,"bu","14:02:10",7382100
10.15,-0.45,100,"bu","14:02:10",7381500
10.15,-0.45,5400,"bu","14:02:10",7381400
10.15,-0.45,7800,"bu","14:02:10",7376000
10.15,-0.45,7200,"bu","14:02:10",7368200
10.15,-0.45,500,"bu","14:02:10",7361000
10.15,-0.45,300,"bu","14:02:10",7360500
10.15,-0.45,100,"bu","14:02:10",7360200
10.15,-0.45,200,"bu","14:02:10",7360100
10.15,-0.45,700,"bu","14:02:10",7359900
10.15,-0.45,300,"bu","14:02:10",7359200
10.15,-0.45,5700,"bu","14:02:10",7358900
10.1,-0.5,24700,"sd","14:02:09",7353200
10.1,-0.5,200,"sd","14:02:09",7328500
10.1,-0.5,1000,"sd","14:02:09",7328300
10.1,-0.5,100,"sd","14:02:09",7327300
10.1,-0.5,200,"sd","14:02:09",7327200
10.1,-0.5,500,"sd","14:02:09",7327000
10.1,-0.5,100,"sd","14:02:09",7326500
10.1,-0.5,100,"sd","14:02:09",7326400
10.1,-0.5,500,"sd","14:02:09",7326300
10.1,-0.5,100,"sd","14:02:09",7325800
10.15,-0.45,100,"bu","14:02:08",7325700
10.15,-0.45,500,"bu","14:02:06",7325600
10.15,-0.45,500,"bu","14:02:05",7325100
10.15,-0.45,200,"bu","14:02:03",7324600
10.15,-0.45,500,"bu","14:01:58",7324400
10.15,-0.45,100,"bu","14:01:57",7323900
10.15,-0.45,200,"bu","14:01:56",7323800
10.15,-0.45,200,"bu","14:01:56",7323600
10.15,-0.45,200,"bu","14:01:55",7323400
10.15,-0.45,200,"bu","14:01:55",7323200
10.15,-0.45,100,"bu","14:01:53",7323000
10.15,-0.45,4600,"bu","14:01:53",7322900
10.15,-0.45,500,"bu","14:01:53",7318300
10.15,-0.45,2000,"bu","14:01:53",7317800
10.15,-0.45,500,"bu","14:01:53",7315800
10.15,-0.45,1000,"bu","14:01:53",7315300
10.15,-0.45,300,"bu","14:01:53",7314300
10.15,-0.45,1100,"bu","14:01:53",7314000
10.15,-0.45,500,"bu","14:01:49",7312900
10.1,-0.5,400,"sd","14:01:49",7312400
10.1,-0.5,100,"sd","14:01:49",7312000
10.1,-0.5,1000,"sd","14:01:49",7311900
10.1,-0.5,100,"sd","14:01:49",7310900
10.1,-0.5,500,"sd","14:01:49",7310800
10.1,-0.5,100,"sd","14:01:49",7310300
10.1,-0.5,5000,"sd","14:01:49",7310200
10.1,-0.5,300,"sd","14:01:49",7305200
10.1,-0.5,500,"sd","14:01:49",7304900
10.1,-0.5,100,"sd","14:01:49",7304400
10.1,-0.5,500,"sd","14:01:49",7304300
10.1,-0.5,500,"sd","14:01:49",7303800
10.1,-0.5,100,"sd","14:01:49",7303300
10.1,-0.5,2000,"sd","14:01:49",7303200
10.1,-0.5,1000,"sd","14:01:49",7301200
10.1,-0.5,1000,"sd","14:01:49",7300200
10.1,-0.5,500,"sd","14:01:49",7299200
10.1,-0.5,500,"sd","14:01:49",7298700
10.1,-0.5,100,"sd","14:01:49",7298200
10.1,-0.5,100,"sd","14:01:49",7298100
10.1,-0.5,200,"sd","14:01:49",7298000
10.1,-0.5,300,"sd","14:01:49",7297800
10.1,-0.5,100,"sd","14:01:49",7297500
10.1,-0.5,10000,"sd","14:01:49",7297400
10.1,-0.5,500,"sd","14:01:49",7287400
10.1,-0.5,200,"sd","14:01:49",7286900
10.1,-0.5,100,"sd","14:01:49",7286700
10.1,-0.5,100,"sd","14:01:49",7286600
10.1,-0.5,2000,"sd","14:01:49",7286500
10.1,-0.5,100,"sd","14:01:49",7284500
10.1,-0.5,100,"sd","14:01:49",7284400
10.1,-0.5,100,"sd","14:01:49",7284300
10.1,-0.5,100,"sd","14:01:49",7284200
10.1,-0.5,1000,"sd","14:01:49",7284100
10.1,-0.5,300,"sd","14:01:49",7283100
10.1,-0.5,100,"sd","14:01:49",7282800
10.1,-0.5,300,"sd","14:01:49",7282700
10.15,-0.45,200,"bu","14:01:49",7282400
10.15,-0.45,300,"bu","14:01:48",7282200
10.15,-0.45,300,"bu","14:01:47",7281900
10.15,-0.45,100,"bu","14:01:47",7281600
10.15,-0.45,1000,"bu","14:01:47",7281500
10.15,-0.45,200,"bu","14:01:43",7280500
10.15,-0.45,200,"bu","14:01:40",7280300
10.1,-0.5,100,"sd","14:01:35",7280100
10.1,-0.5,100,"sd","14:01:35",7280000
10.1,-0.5,100,"sd","14:01:35",7279900
10.1,-0.5,1000,"sd","14:01:35",7279800
10.15,-0.45,100,"bu","14:01:35",7278800
10.15,-0.45,100,"bu","14:01:34",7278700
10.15,-0.45,1000,"bu","14:01:32",7278600
10.15,-0.45,500,"bu","14:01:32",7277600
10.15,-0.45,2000,"bu","14:01:30",7277100
10.15,-0.45,100,"bu","14:01:23",7275100
10.15,-0.45,100,"bu","14:01:22",7275000
10.15,-0.45,1000,"bu","14:01:21",7274900
10.15,-0.45,100,"bu","14:01:19",7273900
10.15,-0.45,100,"bu","14:01:19",7273800
10.15,-0.45,7000,"bu","14:01:18",7273700
10.15,-0.45,500,"bu","14:01:16",7266700
10.15,-0.45,13000,"bu","14:01:14",7266200
10.15,-0.45,100,"bu","14:01:11",7253200
10.15,-0.45,100,"bu","14:01:10",7253100
10.15,-0.45,100,"bu","14:01:10",7253000
10.15,-0.45,2200,"bu","14:01:06",7252900
10.15,-0.45,1000,"bu","14:01:06",7250700
10.15,-0.45,2000,"bu","14:01:02",7249700
10.15,-0.45,300,"bu","14:01:01",7247700
10.1,-0.5,2000,"sd","14:00:59",7247400
10.15,-0.45,1000,"bu","14:00:58",7245400
10.15,-0.45,2000,"sd","14:00:58",7244400
10.15,-0.45,500,"sd","14:00:58",7242400
10.15,-0.45,100,"sd","14:00:58",7241900
10.15,-0.45,400,"sd","14:00:58",7241800
10.15,-0.45,700,"sd","14:00:58",7241400
10.15,-0.45,300,"sd","14:00:54",7240700
10.15,-0.45,500,"sd","14:00:54",7240400
10.15,-0.45,4200,"sd","14:00:54",7239900
10.15,-0.45,300,"sd","14:00:42",7235700
10.15,-0.45,500,"sd","14:00:34",7235400
10.15,-0.45,200,"sd","14:00:34",7234900
10.15,-0.45,800,"sd","14:00:34",7234700
10.15,-0.45,200,"sd","14:00:30",7233900
10.15,-0.45,300,"sd","14:00:30",7233700
10.15,-0.45,1500,"sd","14:00:30",7233400
10.15,-0.45,300,"sd","14:00:29",7231900
10.15,-0.45,8200,"sd","14:00:27",7231600
10.15,-0.45,100,"sd","14:00:27",7223400
10.15,-0.45,500,"sd","14:00:27",7223300
10.15,-0.45,300,"sd","14:00:27",7222800
10.15,-0.45,100,"sd","14:00:27",7222500
10.15,-0.45,100,"sd","14:00:27",7222400
10.15,-0.45,1300,"sd","14:00:27",7222300
10.15,-0.45,300,"sd","14:00:27",7221000
10.15,-0.45,100,"sd","14:00:27",7220700
10.15,-0.45,100,"sd","14:00:27",7220600
10.15,-0.45,200,"sd","14:00:27",7220500
10.15,-0.45,100,"sd","14:00:27",7220300
10.15,-0.45,100,"sd","14:00:27",7220200
10.15,-0.45,1000,"sd","14:00:27",7220100
10.15,-0.45,1000,"sd","14:00:27",7219100
10.15,-0.45,5000,"sd","14:00:27",7218100
10.15,-0.45,1000,"sd","14:00:27",7213100
10.15,-0.45,600,"sd","14:00:27",7212100
10.15,-0.45,3000,"sd","14:00:27",7211500
10.15,-0.45,200,"sd","14:00:27",7208500
10.15,-0.45,4300,"sd","14:00:27",7208300
10.15,-0.45,500,"sd","14:00:25",7204000
10.15,-0.45,2000,"sd","14:00:21",7203500
10.15,-0.45,300,"sd","14:00:14",7201500
10.15,-0.45,2900,"sd","14:00:12",7201200
10.15,-0.45,100,"sd","14:00:12",7198300
10.15,-0.45,2000,"sd","14:00:12",7198200
10.15,-0.45,300,"sd","14:00:07",7196200
10.15,-0.45,500,"sd","14:00:07",7195900
10.15,-0.45,1000,"sd","14:00:07",7195400
10.15,-0.45,400,"sd","14:00:07",7194400
10.15,-0.45,100,"sd","14:00:07",7194000
10.15,-0.45,300,"sd","14:00:07",7193900
10.15,-0.45,300,"sd","14:00:07",7193600
10.15,-0.45,100,"sd","14:00:03",7193300
10.15,-0.45,300,"sd","14:00:00",7193200
10.15,-0.45,1000,"sd","13:59:56",7192900
10.15,-0.45,5500,"sd","13:59:55",7191900
10.15,-0.45,2000,"sd","13:59:54",7186400
10.2,-0.4,100,"bu","13:59:52",7184400
10.15,-0.45,100,"sd","13:59:46",7184300
10.15,-0.45,100,"sd","13:59:46",7184200
10.15,-0.45,200,"sd","13:59:46",7184100
10.15,-0.45,200,"sd","13:59:46",7183900
10.15,-0.45,200,"sd","13:59:46",7183700
10.15,-0.45,500,"sd","13:59:46",7183500
10.15,-0.45,400,"sd","13:59:46",7183000
10.15,-0.45,1000,"sd","13:59:46",7182600
10.15,-0.45,200,"sd","13:59:46",7181600
10.15,-0.45,5000,"sd","13:59:46",7181400
10.15,-0.45,1000,"sd","13:59:46",7176400
10.15,-0.45,200,"sd","13:59:46",7175400
10.15,-0.45,400,"sd","13:59:46",7175200
10.15,-0.45,500,"sd","13:59:46",7174800
10.15,-0.45,100,"sd","13:59:46",7174300
10.15,-0.45,1000,"sd","13:59:46",7174200
10.15,-0.45,1000,"sd","13:59:46",7173200
10.15,-0.45,500,"sd","13:59:46",7172200
10.15,-0.45,500,"sd","13:59:46",7171700
10.15,-0.45,2500,"sd","13:59:46",7171200
10.15,-0.45,200,"sd","13:59:46",7168700
10.15,-0.45,100,"sd","13:59:46",7168500
10.15,-0.45,400,"sd","13:59:46",7168400
10.15,-0.45,1000,"sd","13:59:46",7168000
10.15,-0.45,100,"sd","13:59:46",7167000
10.15,-0.45,1200,"sd","13:59:46",7166900
10.15,-0.45,5000,"sd","13:59:46",7165700
10.15,-0.45,20000,"sd","13:59:46",7160700
10.15,-0.45,100,"sd","13:59:46",7140700
10.15,-0.45,400,"sd","13:59:46",7140600
10.15,-0.45,200,"sd","13:59:46",7140200
10.15,-0.45,100,"sd","13:59:46",7140000
10.15,-0.45,100,"sd","13:59:46",7139900
10.15,-0.45,4000,"sd","13:59:46",7139800
10.15,-0.45,100,"sd","13:59:46",7135800
10.15,-0.45,300,"sd","13:59:46",7135700
10.15,-0.45,9900,"sd","13:59:46",7135400
10.15,-0.45,500,"sd","13:59:46",7125500
10.15,-0.45,1000,"sd","13:59:46",7125000
10.15,-0.45,1200,"sd","13:59:46",7124000
10.15,-0.45,300,"sd","13:59:46",7122800
10.15,-0.45,13300,"sd","13:59:46",7122500
10.15,-0.45,100,"sd","13:59:46",7109200
10.15,-0.45,200,"sd","13:59:46",7109100
10.15,-0.45,3000,"sd","13:59:46",7108900
10.15,-0.45,1100,"sd","13:59:46",7105900
10.15,-0.45,5000,"sd","13:59:46",7104800
10.15,-0.45,200,"sd","13:59:46",7099800
10.15,-0.45,100,"sd","13:59:46",7099600
10.15,-0.45,100,"sd","13:59:46",7099500
10.15,-0.45,1000,"sd","13:59:46",7099400
10.15,-0.45,100,"sd","13:59:46",7098400
10.15,-0.45,500,"sd","13:59:46",7098300
10.15,-0.45,100,"sd","13:59:46",7097800
10.15,-0.45,500,"sd","13:59:46",7097700
10.15,-0.45,100,"sd","13:59:46",7097200
10.15,-0.45,200,"sd","13:59:46",7097100
10.15,-0.45,100,"sd","13:59:46",7096900
10.15,-0.45,100,"sd","13:59:46",7096800
10.15,-0.45,10000,"sd","13:59:46",7096700
10.15,-0.45,1000,"sd","13:59:46",7086700
10.15,-0.45,500,"sd","13:59:46",7085700
10.15,-0.45,100,"sd","13:59:46",7085200
10.15,-0.45,200,"sd","13:59:46",7085100
10.15,-0.45,100,"sd","13:59:46",7084900
10.15,-0.45,200,"sd","13:59:46",7084800
10.15,-0.45,300,"sd","13:59:46",7084600
10.15,-0.45,100,"sd","13:59:44",7084300
10.15,-0.45,200,"sd","13:59:44",7084200
10.15,-0.45,100,"sd","13:59:44",7084000
10.15,-0.45,100,"sd","13:59:43",7083900
10.2,-0.4,400,"bu","13:59:43",7083800
10.2,-0.4,1600,"bu","13:59:43",7083400
10.2,-0.4,100,"bu","13:59:34",7081800
10.15,-0.45,4000,"sd","13:59:31",7081700
10.15,-0.45,900,"sd","13:59:30",7077700
10.15,-0.45,1000,"sd","13:59:30",7076800
10.15,-0.45,100,"sd","13:59:30",7075800
10.15,-0.45,100,"sd","13:59:30",7075700
10.15,-0.45,100,"sd","13:59:30",7075600
10.15,-0.45,800,"sd","13:59:29",7075500
10.15,-0.45,2000,"sd","13:59:29",7074700
10.15,-0.45,10000,"sd","13:59:22",7072700
10.2,-0.4,1900,"bu","13:59:19",7062700
10.2,-0.4,100,"bu","13:59:19",7060800
10.2,-0.4,9900,"bu","13:59:16",7060700
10.2,-0.4,100,"bu","13:59:16",7050800
10.2,-0.4,100,"bu","13:59:08",7050700
10.2,-0.4,200,"bu","13:59:07",7050600
10.2,-0.4,200,"bu","13:59:02",7050400
10.2,-0.4,300,"bu","13:59:02",7050200
10.2,-0.4,500,"bu","13:59:02",7049900
10.2,-0.4,200,"bu","13:58:59",7049400
10.15,-0.45,300,"sd","13:58:55",7049200
10.15,-0.45,1000,"sd","13:58:55",7048900
10.15,-0.45,100,"sd","13:58:55",7047900
10.15,-0.45,300,"sd","13:58:55",7047800
10.15,-0.45,300,"sd","13:58:55",7047500
10.2,-0.4,200,"bu","13:58:55",7047200
10.15,-0.45,200,"sd","13:58:50",7047000
10.15,-0.45,700,"sd","13:58:50",7046800
10.15,-0.45,100,"sd","13:58:50",7046100
10.15,-0.45,100,"sd","13:58:50",7046000
10.15,-0.45,600,"sd","13:58:50",7045900
10.15,-0.45,600,"sd","13:58:50",7045300
10.15,-0.45,700,"sd","13:58:50",7044700
10.2,-0.4,500,"bu","13:58:48",7044000
10.15,-0.45,300,"sd","13:58:47",7043500
10.15,-0.45,100,"sd","13:58:47",7043200
10.15,-0.45,100,"sd","13:58:47",7043100
10.15,-0.45,500,"sd","13:58:47",7043000
10.15,-0.45,500,"sd","13:58:47",7042500
10.15,-0.45,500,"sd","13:58:47",7042000
10.2,-0.4,200,"bu","13:58:43",7041500
10.15,-0.45,200,"sd","13:58:36",7041300
10.2,-0.4,3400,"bu","13:58:23",7041100
10.2,-0.4,100,"bu","13:58:21",7037700
10.2,-0.4,200,"bu","13:58:02",7037600
10.2,-0.4,800,"bu","13:58:02",7037400
10.2,-0.4,1200,"bu","13:57:51",7036600
10.15,-0.45,300,"sd","13:57:51",7035400
10.15,-0.45,100,"sd","13:57:51",7035100
10.15,-0.45,100,"sd","13:57:51",7035000
10.15,-0.45,100,"sd","13:57:51",7034900
10.15,-0.45,1400,"sd","13:57:51",7034800
10.15,-0.45,300,"sd","13:57:45",7033400
10.2,-0.4,1500,"bu","13:57:37",7033100
10.2,-0.4,200,"bu","13:57:35",7031600
10.2,-0.4,2000,"bu","13:57:34",7031400
10.2,-0.4,300,"bu","13:57:34",7029400
10.15,-0.45,500,"sd","13:57:34",7029100
10.15,-0.45,7800,"sd","13:57:30",7028600
10.15,-0.45,100,"sd","13:57:30",7020800
10.15,-0.45,800,"sd","13:57:30",7020700
10.15,-0.45,100,"sd","13:57:30",7019900
10.15,-0.45,200,"sd","13:57:30",7019800
10.15,-0.45,1000,"sd","13:57:30",7019600
10.15,-0.45,100,"sd","13:57:30",7018600
10.15,-0.45,100,"sd","13:57:26",7018500
10.2,-0.4,400,"bu","13:57:22",7018400
10.2,-0.4,100,"bu","13:57:18",7018000
10.2,-0.4,100,"bu","13:57:15",7017900
10.2,-0.4,20000,"bu","13:57:13",7017800
10.15,-0.45,100,"sd","13:57:11",6997800
10.15,-0.45,1000,"sd","13:57:11",6997700
10.15,-0.45,500,"sd","13:57:11",6996700
10.15,-0.45,100,"sd","13:57:11",6996200
10.15,-0.45,200,"sd","13:57:11",6996100
10.2,-0.4,500,"bu","13:57:07",6995900
10.2,-0.4,100,"bu","13:57:02",6995400
10.2,-0.4,100,"bu","13:57:00",6995300
10.15,-0.45,200,"sd","13:57:00",6995200
10.15,-0.45,300,"sd","13:57:00",6995000
10.15,-0.45,100,"sd","13:57:00",6994700
10.15,-0.45,1300,"sd","13:57:00",6994600
10.15,-0.45,400,"sd","13:56:58",6993300
10.15,-0.45,500,"sd","13:56:58",6992900
10.15,-0.45,100,"sd","13:56:58",6992400
10.15,-0.45,100,"sd","13:56:58",6992300
10.15,-0.45,500,"sd","13:56:58",6992200
10.15,-0.45,400,"sd","13:56:58",6991700
10.2,-0.4,4700,"sd","13:56:58",6991300
10.2,-0.4,1000,"sd","13:56:58",6986600
10.2,-0.4,100,"sd","13:56:58",6985600
10.2,-0.4,300,"sd","13:56:58",6985500
10.2,-0.4,4600,"sd","13:56:58",6985200
10.2,-0.4,1000,"sd","13:56:58",6980600
10.2,-0.4,100,"sd","13:56:58",6979600
10.2,-0.4,800,"sd","13:56:58",6979500
10.2,-0.4,500,"sd","13:56:58",6978700
10.2,-0.4,200,"sd","13:56:58",6978200
10.2,-0.4,1000,"sd","13:56:42",6978000
10.2,-0.4,1000,"sd","13:56:42",6977000
10.2,-0.4,400,"bu","13:56:39",6976000
10.2,-0.4,100,"bu","13:56:37",6975600
10.2,-0.4,100,"bu","13:56:34",6975500
10.2,-0.4,200,"bu","13:56:32",6975400
10.2,-0.4,400,"bu","13:56:32",6975200
10.2,-0.4,1300,"bu","13:56:32",6974800
10.2,-0.4,100,"bu","13:56:32",6973500
10.2,-0.4,1000,"bu","13:56:28",6973400
10.2,-0.4,900,"bu","13:56:25",6972400
10.2,-0.4,1000,"bu","13:56:25",6971500
10.2,-0.4,2000,"bu","13:56:25",6970500
10.2,-0.4,500,"bu","13:56:25",6968500
10.2,-0.4,600,"bu","13:56:25",6968000
10.2,-0.4,200,"bu","13:56:25",6967400
10.2,-0.4,300,"bu","13:56:25",6967200
10.2,-0.4,500,"bu","13:56:25",6966900
10.2,-0.4,100,"bu","13:56:24",6966400
10.2,-0.4,100,"bu","13:56:18",6966300
10.2,-0.4,100,"bu","13:56:16",6966200
10.2,-0.4,2000,"bu","13:56:16",6966100
10.2,-0.4,2200,"bu","13:56:16",6964100
10.2,-0.4,900,"bu","13:56:13",6961900
10.2,-0.4,100,"bu","13:56:13",6961000
10.2,-0.4,2400,"bu","13:56:00",6960900
10.2,-0.4,200,"bu","13:56:00",6958500
10.2,-0.4,3000,"bu","13:56:00",6958300
10.2,-0.4,500,"bu","13:56:00",6955300
10.2,-0.4,1000,"bu","13:56:00",6954800
10.2,-0.4,1900,"bu","13:56:00",6953800
10.2,-0.4,100,"bu","13:55:51",6951900
10.2,-0.4,200,"bu","13:55:41",6951800
10.2,-0.4,500,"bu","13:55:41",6951600
10.15,-0.45,9600,"sd","13:55:40",6951100
10.15,-0.45,200,"sd","13:55:40",6941500
10.15,-0.45,200,"sd","13:55:40",6941300
10.2,-0.4,300,"bu","13:55:38",6941100
10.2,-0.4,100,"sd","13:55:35",6940800
10.2,-0.4,100,"sd","13:55:35",6940700
10.2,-0.4,400,"sd","13:55:35",6940600
10.2,-0.4,200,"sd","13:55:35",6940200
10.2,-0.4,200,"sd","13:55:35",6940000
10.2,-0.4,500,"sd","13:55:35",6939800
10.2,-0.4,500,"sd","13:55:35",6939300
10.2,-0.4,100,"sd","13:55:35",6938800
10.2,-0.4,500,"sd","13:55:34",6938700
10.2,-0.4,800,"sd","13:55:34",6938200
10.2,-0.4,700,"sd","13:55:34",6937400
10.2,-0.4,2300,"sd","13:55:31",6936700
10.2,-0.4,100,"sd","13:55:31",6934400
10.2,-0.4,600,"sd","13:55:31",6934300
10.2,-0.4,1400,"sd","13:55:30",6933700
10.2,-0.4,100,"sd","13:55:30",6932300
10.2,-0.4,200,"sd","13:55:30",6932200
10.2,-0.4,300,"sd","13:55:30",6932000
10.2,-0.4,1000,"sd","13:55:27",6931700
10.2,-0.4,100,"sd","13:55:27",6930700
10.2,-0.4,500,"sd","13:55:27",6930600
10.2,-0.4,700,"sd","13:55:27",6930100
10.2,-0.4,200,"sd","13:55:27",6929400
10.2,-0.4,500,"sd","13:55:27",6929200
10.2,-0.4,200,"sd","13:55:27",6928700
10.2,-0.4,100,"sd","13:55:27",6928500
10.2,-0.4,1000,"sd","13:55:27",6928400
10.2,-0.4,200,"sd","13:55:27",6927400
10.2,-0.4,100,"sd","13:55:27",6927200
10.2,-0.4,1000,"sd","13:55:27",6927100
10.2,-0.4,500,"sd","13:55:27",6926100
10.2,-0.4,3000,"sd","13:55:27",6925600
10.2,-0.4,900,"sd","13:55:27",6922600
10.2,-0.4,500,"sd","13:55:27",6921700
10.2,-0.4,100,"sd","13:55:27",6921200
10.2,-0.4,200,"sd","13:55:27",6921100
10.2,-0.4,200,"sd","13:55:27",6920900
10.2,-0.4,200,"sd","13:55:26",6920700
10.2,-0.4,100,"sd","13:55:26",6920500
10.2,-0.4,100,"sd","13:55:26",6920400
10.2,-0.4,3100,"sd","13:55:26",6920300
10.2,-0.4,1000,"sd","13:55:21",6917200
10.2,-0.4,100,"sd","13:55:21",6916200
10.2,-0.4,2500,"sd","13:55:21",6916100
10.2,-0.4,400,"sd","13:55:21",6913600
10.2,-0.4,200,"sd","13:55:21",6913200
10.2,-0.4,100,"sd","13:55:21",6913000
10.2,-0.4,1900,"sd","13:55:21",6912900
10.2,-0.4,100,"sd","13:55:21",6911000
10.2,-0.4,100,"sd","13:55:21",6910900
10.2,-0.4,1000,"sd","13:55:21",6910800
10.2,-0.4,100,"sd","13:55:21",6909800
10.2,-0.4,19100,"sd","13:55:21",6909700
10.2,-0.4,100,"sd","13:55:21",6890600
10.2,-0.4,1100,"sd","13:55:21",6890500
10.2,-0.4,100,"sd","13:55:21",6889400
10.2,-0.4,10000,"sd","13:55:21",6889300
10.2,-0.4,400,"sd","13:55:21",6879300
10.2,-0.4,100,"sd","13:55:21",6878900
10.2,-0.4,200,"sd","13:55:21",6878800
10.2,-0.4,4500,"sd","13:55:21",6878600
10.2,-0.4,400,"sd","13:55:21",6874100
10.2,-0.4,300,"sd","13:55:21",6873700
10.2,-0.4,5000,"sd","13:55:21",6873400
10.2,-0.4,2000,"sd","13:55:21",6868400
10.2,-0.4,600,"sd","13:55:21",6866400
10.2,-0.4,1000,"sd","13:55:21",6865800
10.2,-0.4,1100,"sd","13:55:21",6864800
10.2,-0.4,100,"sd","13:55:21",6863700
10.2,-0.4,100,"sd","13:55:21",6863600
10.2,-0.4,200,"sd","13:55:21",6863500
10.2,-0.4,100,"sd","13:55:21",6863300
10.2,-0.4,300,"sd","13:55:21",6863200
10.2,-0.4,5200,"sd","13:55:21",6862900
10.2,-0.4,2000,"sd","13:55:21",6857700
10.2,-0.4,500,"sd","13:55:21",6855700
10.2,-0.4,3000,"sd","13:55:21",6855200
10.2,-0.4,10000,"sd","13:55:21",6852200
10.2,-0.4,5000,"sd","13:55:21",6842200
10.2,-0.4,300,"sd","13:55:21",6837200
10.2,-0.4,1000,"sd","13:55:21",6836900
10.2,-0.4,100,"sd","13:55:21",6835900
10.2,-0.4,18600,"sd","13:55:21",6835800
10.25,-0.35,700,"bu","13:55:15",6817200
10.2,-0.4,1400,"sd","13:55:15",6816500
10.2,-0.4,300,"sd","13:55:15",6815100
10.2,-0.4,200,"sd","13:55:06",6814800
10.2,-0.4,300,"sd","13:55:06",6814600
10.2,-0.4,100,"sd","13:55:04",6814300
10.2,-0.4,100,"sd","13:55:04",6814200
10.2,-0.4,300,"sd","13:55:04",6814100
10.2,-0.4,1000,"sd","13:55:04",6813800
10.2,-0.4,100,"sd","13:55:04",6812800
10.2,-0.4,100,"sd","13:55:04",6812700
10.2,-0.4,2000,"sd","13:55:04",6812600
10.2,-0.4,100,"sd","13:55:04",6810600
10.2,-0.4,200,"sd","13:55:04",6810500
10.2,-0.4,3000,"sd","13:55:03",6810300
10.2,-0.4,1500,"sd","13:55:01",6807300
10.2,-0.4,200,"sd","13:55:01",6805800
10.2,-0.4,100,"sd","13:55:01",6805600
10.2,-0.4,500,"sd","13:55:01",6805500
10.2,-0.4,200,"sd","13:55:01",6805000
10.2,-0.4,100,"sd","13:54:54",6804800
10.2,-0.4,900,"sd","13:54:54",6804700
10.2,-0.4,100,"sd","13:54:54",6803800
10.2,-0.4,100,"sd","13:54:54",6803700
10.2,-0.4,100,"sd","13:54:54",6803600
10.2,-0.4,1000,"sd","13:54:54",6803500
10.2,-0.4,100,"sd","13:54:54",6802500
10.2,-0.4,600,"sd","13:54:54",6802400
10.2,-0.4,400,"sd","13:54:49",6801800
10.2,-0.4,300,"sd","13:54:49",6801400
10.2,-0.4,100,"sd","13:54:49",6801100
10.2,-0.4,100,"sd","13:54:49",6801000
10.2,-0.4,100,"sd","13:54:49",6800900
10.2,-0.4,200,"sd","13:54:47",6800800
10.2,-0.4,1000,"sd","13:54:47",6800600
10.2,-0.4,100,"sd","13:54:47",6799600
10.2,-0.4,600,"sd","13:54:47",6799500
10.2,-0.4,1400,"sd","13:54:45",6798900
10.2,-0.4,5000,"sd","13:54:45",6797500
10.2,-0.4,100,"sd","13:54:45",6792500
10.2,-0.4,500,"sd","13:54:45",6792400
10.2,-0.4,200,"sd","13:54:45",6791900
10.2,-0.4,1000,"sd","13:54:45",6791700
10.2,-0.4,500,"sd","13:54:45",6790700
10.2,-0.4,2200,"sd","13:54:45",6790200
10.2,-0.4,4100,"sd","13:54:45",6788000
10.2,-0.4,1900,"sd","13:54:32",6783900
10.25,-0.35,100,"bu","13:54:32",6782000
10.25,-0.35,200,"bu","13:54:25",6781900
10.25,-0.35,1600,"bu","13:54:18",6781700
10.2,-0.4,1900,"sd","13:54:14",6780100
10.25,-0.35,1300,"bu","13:54:09",6778200
10.2,-0.4,1600,"sd","13:54:06",6776900
10.2,-0.4,100,"sd","13:54:06",6775300
10.2,-0.4,100,"sd","13:54:06",6775200
10.2,-0.4,500,"sd","13:54:06",6775100
10.2,-0.4,700,"sd","13:54:06",6774600
10.25,-0.35,1000,"bu","13:54:00",6773900
10.2,-0.4,100,"sd","13:53:58",6772900
10.2,-0.4,100,"sd","13:53:58",6772800
10.2,-0.4,200,"sd","13:53:58",6772700
10.2,-0.4,100,"sd","13:53:58",6772500
10.2,-0.4,1800,"sd","13:53:58",6772400
10.2,-0.4,500,"sd","13:53:58",6770600
10.2,-0.4,500,"sd","13:53:58",6770100
10.2,-0.4,100,"sd","13:53:58",6769600
10.2,-0.4,3000,"sd","13:53:58",6769500
10.2,-0.4,300,"sd","13:53:58",6766500
10.2,-0.4,100,"sd","13:53:58",6766200
10.2,-0.4,2000,"sd","13:53:58",6766100
10.2,-0.4,200,"sd","13:53:58",6764100
10.2,-0.4,1000,"sd","13:53:58",6763900
10.25,-0.35,200,"bu","13:53:56",6762900
10.25,-0.35,200,"bu","13:53:52",6762700
10.2,-0.4,1000,"sd","13:53:50",6762500
10.2,-0.4,500,"sd","13:53:50",6761500
10.2,-0.4,300,"sd","13:53:50",6761000
10.2,-0.4,100,"sd","13:53:50",6760700
10.25,-0.35,2000,"bu","13:53:40",6760600
10.25,-0.35,500,"bu","13:53:36",6758600
10.25,-0.35,2000,"bu","13:53:36",6758100
10.25,-0.35,2500,"bu","13:53:34",6756100
10.25,-0.35,2000,"bu","13:53:24",6753600
10.25,-0.35,7300,"bu","13:53:10",6751600
10.25,-0.35,2000,"bu","13:53:08",6744300
10.25,-0.35,11000,"bu","13:53:05",6742300
10.25,-0.35,900,"bu","13:53:03",6731300
10.25,-0.35,100,"bu","13:52:54",6730400
10.2,-0.4,900,"sd","13:52:43",6730300
10.2,-0.4,100,"sd","13:52:43",6729400
10.2,-0.4,1000,"sd","13:52:43",6729300
10.25,-0.35,1800,"bu","13:52:38",6728300
10.25,-0.35,1800,"bu","13:52:29",6726500
10.25,-0.35,100,"bu","13:52:22",6724700
10.2,-0.4,3000,"sd","13:52:14",6724600
10.2,-0.4,200,"sd","13:52:14",6721600
10.2,-0.4,300,"sd","13:52:14",6721400
10.2,-0.4,16500,"sd","13:52:14",6721100
10.25,-0.35,200,"bu","13:52:14",6704600
10.25,-0.35,300,"bu","13:52:09",6704400
10.25,-0.35,500,"bu","13:52:09",6704100
10.25,-0.35,100,"bu","13:52:09",6703600
10.25,-0.35,100,"bu","13:52:09",6703500
10.25,-0.35,900,"bu","13:52:09",6703400
10.25,-0.35,100,"bu","13:52:09",6702500
10.25,-0.35,500,"bu","13:52:09",6702400
10.25,-0.35,300,"bu","13:52:09",6701900
10.25,-0.35,6700,"unknown","13:52:09",6701600
10.25,-0.35,800,"sd","13:52:05",6694900
10.25,-0.35,1000,"sd","13:52:03",6694100
10.25,-0.35,2000,"sd","13:52:00",6693100
10.25,-0.35,100,"sd","13:51:47",6691100
10.25,-0.35,100,"sd","13:51:47",6691000
10.25,-0.35,1000,"sd","13:51:47",6690900
10.25,-0.35,100,"sd","13:51:47",6689900
10.25,-0.35,8000,"sd","13:51:47",6689800
10.25,-0.35,200,"sd","13:51:47",6681800
10.25,-0.35,100,"sd","13:51:47",6681600
10.25,-0.35,200,"sd","13:51:47",6681500
10.25,-0.35,1500,"sd","13:51:47",6681300
10.25,-0.35,1500,"sd","13:51:47",6679800
10.25,-0.35,100,"sd","13:51:47",6678300
10.25,-0.35,1000,"sd","13:51:47",6678200
10.25,-0.35,100,"sd","13:51:47",6677200
10.25,-0.35,500,"sd","13:51:34",6677100
10.3,-0.3,2000,"bu","13:51:29",6676600
10.25,-0.35,2000,"sd","13:51:23",6674600
10.25,-0.35,5000,"sd","13:51:21",6672600
10.25,-0.35,1000,"sd","13:51:11",6667600
10.25,-0.35,200,"sd","13:51:11",6666600
10.25,-0.35,2900,"sd","13:51:11",6666400
10.25,-0.35,1000,"sd","13:51:10",6663500
10.25,-0.35,1100,"sd","13:51:05",6662500
10.25,-0.35,400,"sd","13:51:05",6661400
10.25,-0.35,1300,"bu","13:50:45",6661000
10.25,-0.35,1000,"bu","13:50:45",6659700
10.25,-0.35,400,"bu","13:50:45",6658700
10.25,-0.35,2000,"bu","13:50:45",6658300
10.25,-0.35,1000,"bu","13:50:45",6656300
10.25,-0.35,1000,"bu","13:50:45",6655300
10.25,-0.35,1000,"bu","13:50:45",6654300
10.25,-0.35,200,"bu","13:50:45",6653300
10.25,-0.35,100,"bu","13:50:45",6653100
10.25,-0.35,3000,"bu","13:50:45",6653000
10.25,-0.35,1000,"bu","13:50:45",6650000
10.25,-0.35,800,"bu","13:50:45",6649000
10.25,-0.35,1000,"bu","13:50:45",6648200
10.25,-0.35,2000,"bu","13:50:45",6647200
10.25,-0.35,600,"bu","13:50:45",6645200
10.25,-0.35,15200,"bu","13:50:45",6644600
10.25,-0.35,200,"bu","13:50:37",6629400
10.25,-0.35,100,"bu","13:50:31",6629200
10.25,-0.35,100,"bu","13:50:26",6629100
10.25,-0.35,1000,"bu","13:50:14",6629000
10.2,-0.4,500,"sd","13:50:12",6628000
10.2,-0.4,100,"sd","13:50:12",6627500
10.2,-0.4,100,"sd","13:50:12",6627400
10.2,-0.4,1500,"sd","13:50:12",6627300
10.2,-0.4,4700,"sd","13:50:12",6625800
10.2,-0.4,100,"sd","13:50:12",6621100
10.25,-0.35,100,"bu","13:50:11",6621000
10.25,-0.35,200,"bu","13:50:09",6620900
10.25,-0.35,100,"bu","13:50:05",6620700
10.25,-0.35,100,"bu","13:50:05",6620600
10.25,-0.35,6000,"bu","13:50:02",6620500
10.2,-0.4,300,"sd","13:50:01",6614500
10.2,-0.4,100,"sd","13:50:01",6614200
10.2,-0.4,100,"sd","13:50:01",6614100
10.2,-0.4,900,"sd","13:50:01",6614000
10.2,-0.4,100,"sd","13:50:01",6613100
10.2,-0.4,100,"sd","13:50:01",6613000
10.2,-0.4,10000,"sd","13:50:01",6612900
10.2,-0.4,700,"sd","13:50:01",6602900
10.2,-0.4,500,"sd","13:50:01",6602200
10.2,-0.4,300,"sd","13:50:01",6601700
10.2,-0.4,100,"sd","13:50:01",6601400
10.2,-0.4,3000,"sd","13:50:01",6601300
10.2,-0.4,1000,"sd","13:50:01",6598300
10.2,-0.4,100,"sd","13:50:01",6597300
10.2,-0.4,300,"sd","13:50:01",6597200
10.2,-0.4,100,"sd","13:50:01",6596900
10.2,-0.4,100,"sd","13:50:01",6596800
10.2,-0.4,200,"sd","13:50:01",6596700
10.2,-0.4,500,"sd","13:50:01",6596500
10.2,-0.4,300,"sd","13:50:01",6596000
10.2,-0.4,1200,"sd","13:50:01",6595700
10.25,-0.35,11100,"bu","13:49:58",6594500
10.25,-0.35,1000,"bu","13:49:51",6583400
10.25,-0.35,100,"bu","13:49:48",6582400
10.25,-0.35,100,"bu","13:49:36",6582300
10.2,-0.4,800,"sd","13:49:36",6582200
10.2,-0.4,1200,"sd","13:49:36",6581400
10.25,-0.35,1000,"bu","13:49:35",6580200
10.2,-0.4,200,"sd","13:49:32",6579200
10.2,-0.4,2000,"sd","13:49:29",6579000
10.2,-0.4,1000,"sd","13:49:24",6577000
10.25,-0.35,1000,"bu","13:49:21",6576000
10.25,-0.35,100,"bu","13:49:17",6575000
10.25,-0.35,300,"bu","13:49:17",6574900
10.25,-0.35,1200,"bu","13:49:11",6574600
10.25,-0.35,500,"bu","13:49:05",6573400
10.25,-0.35,100,"bu","13:49:03",6572900
10.25,-0.35,5000,"bu","13:49:00",6572800
10.25,-0.35,1000,"bu","13:48:58",6567800
10.2,-0.4,600,"sd","13:48:51",6566800
10.2,-0.4,1000,"sd","13:48:51",6566200
10.2,-0.4,200,"sd","13:48:51",6565200
10.2,-0.4,100,"sd","13:48:51",6565000
10.2,-0.4,3000,"sd","13:48:51",6564900
10.2,-0.4,200,"sd","13:48:51",6561900
10.2,-0.4,100,"sd","13:48:51",6561700
10.2,-0.4,2000,"sd","13:48:51",6561600
10.2,-0.4,2000,"sd","13:48:51",6559600
10.2,-0.4,100,"sd","13:48:51",6557600
10.2,-0.4,100,"sd","13:48:51",6557500
10.2,-0.4,100,"sd","13:48:51",6557400
10.2,-0.4,3700,"sd","13:48:51",6557300
10.2,-0.4,500,"sd","13:48:51",6553600
10.2,-0.4,300,"sd","13:48:51",6553100
10.2,-0.4,500,"sd","13:48:51",6552800
10.2,-0.4,1000,"sd","13:48:51",6552300
10.2,-0.4,500,"sd","13:48:51",6551300
10.2,-0.4,2500,"sd","13:48:51",6550800
10.2,-0.4,1000,"sd","13:48:51",6548300
10.25,-0.35,100,"bu","13:48:45",6547300
10.25,-0.35,200,"bu","13:48:37",6547200
10.25,-0.35,1000,"bu","13:48:33",6547000
10.25,-0.35,2000,"bu","13:48:25",6546000
10.25,-0.35,100,"bu","13:48:22",6544000
10.25,-0.35,1000,"bu","13:48:19",6543900
10.25,-0.35,1000,"bu","13:48:15",6542900
10.25,-0.35,100,"bu","13:48:14",6541900
10.25,-0.35,300,"bu","13:48:03",6541800
10.25,-0.35,300,"bu","13:48:02",6541500
10.25,-0.35,600,"bu","13:47:59",6541200
10.25,-0.35,200,"bu","13:47:59",6540600
10.25,-0.35,100,"bu","13:47:59",6540400
10.25,-0.35,500,"bu","13:47:54",6540300
10.25,-0.35,1300,"bu","13:47:45",6539800
10.25,-0.35,1300,"bu","13:47:45",6538500
10.25,-0.35,1000,"bu","13:47:41",6537200
10.25,-0.35,5000,"bu","13:47:40",6536200
10.25,-0.35,1000,"bu","13:47:40",6531200
10.25,-0.35,3000,"bu","13:47:40",6530200
10.25,-0.35,5000,"bu","13:47:40",6527200
10.25,-0.35,300,"bu","13:47:40",6522200
10.25,-0.35,3000,"bu","13:47:40",6521900
10.25,-0.35,2700,"bu","13:47:40",6518900
10.25,-0.35,100,"bu","13:47:20",6516200
10.2,-0.4,1000,"sd","13:47:20",6516100
10.2,-0.4,2100,"sd","13:47:20",6515100
10.25,-0.35,300,"bu","13:47:19",6513000
10.2,-0.4,2900,"sd","13:47:17",6512700
10.2,-0.4,1100,"sd","13:47:17",6509800
10.25,-0.35,100,"bu","13:47:10",6508700
10.25,-0.35,3500,"bu","13:47:04",6508600
10.25,-0.35,100,"bu","13:47:04",6505100
10.25,-0.35,4000,"bu","13:47:04",6505000
10.25,-0.35,2400,"bu","13:47:04",6501000
10.25,-0.35,1000,"bu","13:47:02",6498600
10.25,-0.35,100,"bu","13:47:02",6497600
10.2,-0.4,1900,"sd","13:47:00",6497500
10.2,-0.4,2000,"sd","13:47:00",6495600
10.2,-0.4,300,"sd","13:47:00",6493600
10.2,-0.4,100,"sd","13:47:00",6493300
10.2,-0.4,1000,"sd","13:47:00",6493200
10.2,-0.4,2700,"sd","13:47:00",6492200
10.25,-0.35,1000,"bu","13:46:51",6489500
10.25,-0.35,900,"bu","13:46:44",6488500
10.25,-0.35,1800,"bu","13:46:31",6487600
10.2,-0.4,500,"sd","13:46:31",6485800
10.2,-0.4,300,"sd","13:46:31",6485300
10.2,-0.4,200,"sd","13:46:26",6485000
10.2,-0.4,5300,"sd","13:46:24",6484800
10.2,-0.4,100,"sd","13:46:24",6479500
10.2,-0.4,100,"sd","13:46:24",6479400
10.2,-0.4,4500,"sd","13:46:24",6479300
10.2,-0.4,500,"sd","13:46:23",6474800
10.2,-0.4,100,"sd","13:46:23",6474300
10.2,-0.4,1000,"sd","13:46:23",6474200
10.2,-0.4,2000,"sd","13:46:23",6473200
10.2,-0.4,100,"sd","13:46:23",6471200
10.2,-0.4,100,"sd","13:46:23",6471100
10.2,-0.4,100,"sd","13:46:23",6471000
10.25,-0.35,100,"bu","13:46:23",6470900
10.25,-0.35,200,"bu","13:46:23",6470800
10.25,-0.35,1800,"bu","13:46:22",6470600
10.2,-0.4,100,"sd","13:46:18",6468800
10.2,-0.4,1800,"sd","13:46:17",6468700
10.2,-0.4,100,"sd","13:46:17",6466900
10.2,-0.4,200,"sd","13:46:17",6466800
10.2,-0.4,100,"sd","13:46:17",6466600
10.2,-0.4,100,"sd","13:46:17",6466500
10.2,-0.4,2000,"sd","13:46:17",6466400
10.2,-0.4,5000,"sd","13:46:17",6464400
10.2,-0.4,100,"sd","13:46:17",6459400
10.2,-0.4,100,"sd","13:46:17",6459300
10.2,-0.4,200,"sd","13:46:17",6459200
10.2,-0.4,300,"sd","13:46:17",6459000
10.25,-0.35,1000,"bu","13:46:17",6458700
10.25,-0.35,500,"bu","13:46:12",6457700
10.2,-0.4,700,"sd","13:46:12",6457200
10.2,-0.4,300,"sd","13:46:12",6456500
10.2,-0.4,100,"sd","13:46:12",6456200
10.2,-0.4,100,"sd","13:46:12",6456100
10.2,-0.4,700,"sd","13:46:12",6456000
10.25,-0.35,100,"bu","13:46:11",6455300
10.25,-0.35,1800,"bu","13:46:10",6455200
10.25,-0.35,200,"bu","13:46:07",6453400
10.25,-0.35,5000,"bu","13:46:06",6453200
10.25,-0.35,200,"bu","13:46:04",6448200
10.2,-0.4,1000,"sd","13:46:00",6448000
10.2,-0.4,600,"sd","13:46:00",6447000
10.25,-0.35,1800,"bu","13:46:00",6446400
10.2,-0.4,300,"sd","13:46:00",6444600
10.2,-0.4,100,"sd","13:46:00",6444300
10.25,-0.35,200,"bu","13:45:57",6444200
10.25,-0.35,1800,"bu","13:45:50",6444000
10.25,-0.35,5000,"bu","13:45:48",6442200
10.25,-0.35,3000,"bu","13:45:44",6437200
10.2,-0.4,500,"sd","13:45:44",6434200
10.25,-0.35,100,"bu","13:45:42",6433700
10.25,-0.35,200,"bu","13:45:40",6433600
10.25,-0.35,100,"bu","13:45:38",6433400
10.25,-0.35,200,"bu","13:45:37",6433300
10.25,-0.35,500,"bu","13:45:30",6433100
10.25,-0.35,100,"bu","13:45:28",6432600
10.25,-0.35,100,"bu","13:45:28",6432500
10.25,-0.35,400,"bu","13:45:27",6432400
10.25,-0.35,5000,"bu","13:45:06",6432000
10.25,-0.35,1000,"bu","13:45:04",6427000
10.2,-0.4,200,"sd","13:45:01",6426000
10.25,-0.35,100,"bu","13:44:56",6425800
10.25,-0.35,5000,"bu","13:44:50",6425700
10.25,-0.35,1800,"sd","13:44:48",6420700
10.25,-0.35,100,"sd","13:44:48",6418900
10.25,-0.35,3200,"sd","13:44:48",6418800
10.25,-0.35,100,"sd","13:44:48",6415600
10.25,-0.35,1000,"sd","13:44:48",6415500
10.25,-0.35,3100,"sd","13:44:48",6414500
10.25,-0.35,100,"sd","13:44:48",6411400
10.25,-0.35,1000,"sd","13:44:48",6411300
10.25,-0.35,900,"sd","13:44:48",6410300
10.25,-0.35,1900,"sd","13:44:48",6409400
10.25,-0.35,100,"sd","13:44:48",6407500
10.25,-0.35,100,"sd","13:44:48",6407400
10.25,-0.35,100,"sd","13:44:48",6407300
10.25,-0.35,1800,"sd","13:44:48",6407200
10.3,-0.3,500,"bu","13:44:45",6405400
10.25,-0.35,4000,"sd","13:44:42",6404900
10.3,-0.3,300,"bu","13:44:33",6400900
10.25,-0.35,2300,"sd","13:44:30",6400600
10.25,-0.35,1900,"sd","13:44:30",6398300
10.25,-0.35,100,"sd","13:44:30",6396400
10.3,-0.3,100,"bu","13:44:17",6396300
10.3,-0.3,500,"bu","13:43:59",6396200
10.25,-0.35,400,"sd","13:43:55",6395700
10.25,-0.35,2400,"sd","13:43:55",6395300
10.25,-0.35,900,"sd","13:43:55",6392900
10.25,-0.35,100,"sd","13:43:55",6392000
10.25,-0.35,100,"sd","13:43:55",6391900
10.25,-0.35,100,"sd","13:43:55",6391800
10.25,-0.35,100,"sd","13:43:55",6391700
10.25,-0.35,900,"sd","13:43:55",6391600
10.25,-0.35,100,"sd","13:43:50",6390700
10.25,-0.35,100,"sd","13:43:50",6390600
10.25,-0.35,300,"sd","13:43:50",6390500
10.25,-0.35,300,"sd","13:43:50",6390200
10.25,-0.35,700,"sd","13:43:50",6389900
10.25,-0.35,1000,"sd","13:43:50",6389200
10.25,-0.35,500,"sd","13:43:50",6388200
10.25,-0.35,100,"sd","13:43:49",6387700
10.25,-0.35,900,"sd","13:43:42",6387600
10.25,-0.35,100,"sd","13:43:42",6386700
10.25,-0.35,1000,"sd","13:43:42",6386600
10.25,-0.35,100,"sd","13:43:42",6385600
10.25,-0.35,3000,"sd","13:43:42",6385500
10.25,-0.35,5000,"sd","13:43:42",6382500
10.25,-0.35,500,"sd","13:43:42",6377500
10.25,-0.35,200,"sd","13:43:42",6377000
10.25,-0.35,4800,"sd","13:43:42",6376800
10.25,-0.35,4000,"sd","13:43:42",6372000
10.25,-0.35,100,"sd","13:43:42",6368000
10.25,-0.35,300,"sd","13:43:42",6367900
10.25,-0.35,7300,"sd","13:43:42",6367600
10.25,-0.35,5000,"sd","13:43:21",6360300
10.3,-0.3,7900,"bu","13:43:07",6355300
10.3,-0.3,1000,"bu","13:43:07",6347400
10.3,-0.3,1100,"bu","13:43:07",6346400
10.25,-0.35,1200,"sd","13:42:46",6345300
10.3,-0.3,300,"bu","13:42:44",6344100
10.25,-0.35,200,"sd","13:42:35",6343800
10.25,-0.35,100,"sd","13:42:27",6343600
10.25,-0.35,500,"sd","13:42:24",6343500
10.25,-0.35,600,"sd","13:42:20",6343000
10.25,-0.35,2000,"bu","13:42:17",6342400
10.25,-0.35,9200,"bu","13:42:17",6340400
10.25,-0.35,500,"bu","13:42:17",6331200
10.25,-0.35,1800,"bu","13:42:15",6330700
10.25,-0.35,300,"bu","13:42:09",6328900
10.25,-0.35,200,"bu","13:42:07",6328600
10.25,-0.35,100,"bu","13:42:07",6328400
10.25,-0.35,100,"bu","13:42:07",6328300
10.25,-0.35,200,"bu","13:42:07",6328200
10.25,-0.35,100,"bu","13:42:07",6328000
10.2,-0.4,800,"sd","13:42:05",6327900
10.2,-0.4,200,"sd","13:42:05",6327100
10.25,-0.35,100,"bu","13:42:03",6326900
10.25,-0.35,2900,"bu","13:42:02",6326800
10.25,-0.35,1000,"bu","13:42:01",6323900
10.25,-0.35,100,"bu","13:41:58",6322900
10.25,-0.35,400,"bu","13:41:58",6322800
10.25,-0.35,100,"bu","13:41:58",6322400
10.2,-0.4,4000,"sd","13:41:58",6322300
10.25,-0.35,100,"bu","13:41:55",6318300
10.25,-0.35,500,"bu","13:41:55",6318200
10.25,-0.35,500,"bu","13:41:54",6317700
10.25,-0.35,700,"bu","13:41:51",6317200
10.25,-0.35,100,"bu","13:41:51",6316500
10.25,-0.35,3000,"bu","13:41:48",6316400
10.25,-0.35,100,"bu","13:41:47",6313400
10.25,-0.35,300,"bu","13:41:47",6313300
10.25,-0.35,1000,"bu","13:41:46",6313000
10.25,-0.35,100,"bu","13:41:46",6312000
10.25,-0.35,7200,"bu","13:41:41",6311900
10.25,-0.35,100,"bu","13:41:40",6304700
10.25,-0.35,500,"bu","13:41:39",6304600
10.25,-0.35,100,"bu","13:41:38",6304100
10.25,-0.35,100,"bu","13:41:36",6304000
10.25,-0.35,1000,"bu","13:41:33",6303900
10.25,-0.35,100,"bu","13:41:27",6302900
10.25,-0.35,100,"bu","13:41:23",6302800
10.25,-0.35,100,"bu","13:41:22",6302700
10.25,-0.35,500,"bu","13:41:20",6302600
10.2,-0.4,800,"sd","13:41:20",6302100
10.25,-0.35,100,"bu","13:41:20",6301300
10.25,-0.35,1000,"bu","13:41:17",6301200
10.25,-0.35,400,"bu","13:41:17",6300200
10.25,-0.35,100,"bu","13:41:16",6299800
10.25,-0.35,800,"bu","13:41:16",6299700
10.25,-0.35,1000,"bu","13:41:14",6298900
10.25,-0.35,200,"bu","13:41:13",6297900
10.25,-0.35,3000,"bu","13:41:11",6297700
10.25,-0.35,1800,"bu","13:41:09",6294700
10.25,-0.35,200,"bu","13:41:08",6292900
10.25,-0.35,100,"bu","13:41:07",6292700
10.25,-0.35,100,"sd","13:40:59",6292600
10.25,-0.35,100,"sd","13:40:59",6292500
10.25,-0.35,200,"sd","13:40:59",6292400
10.25,-0.35,3000,"sd","13:40:59",6292200
10.25,-0.35,7200,"sd","13:40:59",6289200
10.25,-0.35,2000,"sd","13:40:59",6282000
10.25,-0.35,7400,"sd","13:40:59",6280000
10.25,-0.35,1000,"sd","13:40:59",6272600
10.25,-0.35,100,"sd","13:40:59",6271600
10.25,-0.35,4700,"sd","13:40:59",6271500
10.3,-0.3,100,"bu","13:40:53",6266800
10.3,-0.3,500,"bu","13:40:50",6266700
10.3,-0.3,500,"bu","13:40:50",6266200
10.25,-0.35,300,"sd","13:40:50",6265700
10.25,-0.35,100,"sd","13:40:50",6265400
10.25,-0.35,600,"sd","13:40:50",6265300
10.25,-0.35,4400,"sd","13:40:49",6264700
10.25,-0.35,200,"sd","13:40:49",6260300
10.25,-0.35,400,"sd","13:40:49",6260100
10.25,-0.35,10600,"sd","13:40:48",6259700
10.25,-0.35,1200,"sd","13:40:48",6249100
10.25,-0.35,100,"sd","13:40:48",6247900
10.25,-0.35,100,"sd","13:40:48",6247800
10.25,-0.35,2000,"sd","13:40:48",6247700
10.25,-0.35,100,"sd","13:40:48",6245700
10.25,-0.35,200,"sd","13:40:48",6245600
10.25,-0.35,200,"sd","13:40:48",6245400
10.25,-0.35,17500,"sd","13:40:48",6245200
10.3,-0.3,100,"bu","13:40:45",6227700
10.25,-0.35,100,"sd","13:40:45",6227600
10.25,-0.35,1000,"sd","13:40:43",6227500
10.3,-0.3,100,"bu","13:40:40",6226500
10.25,-0.35,8000,"sd","13:40:39",6226400
10.3,-0.3,1200,"bu","13:40:36",6218400
10.3,-0.3,700,"bu","13:40:35",6217200
10.3,-0.3,1800,"bu","13:40:33",6216500
10.3,-0.3,100,"bu","13:40:31",6214700
10.25,-0.35,13400,"sd","13:40:27",6214600
10.25,-0.35,200,"sd","13:40:27",6201200
10.25,-0.35,600,"sd","13:40:27",6201000
10.25,-0.35,100,"sd","13:40:27",6200400
10.25,-0.35,100,"sd","13:40:27",6200300
10.25,-0.35,100,"sd","13:40:27",6200200
10.25,-0.35,300,"sd","13:40:27",6200100
10.25,-0.35,3000,"sd","13:40:27",6199800
10.25,-0.35,100,"sd","13:40:27",6196800
10.25,-0.35,100,"sd","13:40:27",6196700
10.25,-0.35,200,"sd","13:40:27",6196600
10.25,-0.35,300,"sd","13:40:27",6196400
10.25,-0.35,1000,"sd","13:40:27",6196100
10.25,-0.35,100,"sd","13:40:27",6195100
10.25,-0.35,200,"sd","13:40:27",6195000
10.25,-0.35,200,"sd","13:40:27",6194800
10.25,-0.35,100,"sd","13:40:27",6194600
10.25,-0.35,500,"sd","13:40:27",6194500
10.25,-0.35,500,"sd","13:40:27",6194000
10.25,-0.35,1000,"sd","13:40:27",6193500
10.25,-0.35,100,"sd","13:40:27",6192500
10.25,-0.35,30000,"sd","13:40:27",6192400
10.25,-0.35,400,"sd","13:40:27",6162400
10.25,-0.35,500,"sd","13:40:27",6162000
10.25,-0.35,200,"sd","13:40:27",6161500
10.25,-0.35,300,"sd","13:40:27",6161300
10.25,-0.35,5000,"sd","13:40:27",6161000
10.25,-0.35,200,"sd","13:40:27",6156000
10.25,-0.35,100,"sd","13:40:27",6155800
10.25,-0.35,100,"sd","13:40:27",6155700
10.25,-0.35,200,"sd","13:40:27",6155600
10.25,-0.35,200,"sd","13:40:27",6155400
10.25,-0.35,900,"sd","13:40:27",6155200
10.25,-0.35,100,"sd","13:40:27",6154300
10.25,-0.35,200,"sd","13:40:27",6154200
10.25,-0.35,500,"sd","13:40:27",6154000
10.25,-0.35,100,"sd","13:40:27",6153500
10.25,-0.35,100,"sd","13:40:27",6153400
10.25,-0.35,100,"sd","13:40:27",6153300
10.25,-0.35,100,"sd","13:40:27",6153200
10.25,-0.35,300,"sd","13:40:27",6153100
10.25,-0.35,1000,"sd","13:40:27",6152800
10.25,-0.35,2000,"sd","13:40:27",6151800
10.25,-0.35,100,"sd","13:40:27",6149800
10.25,-0.35,2000,"sd","13:40:27",6149700
10.25,-0.35,500,"sd","13:40:27",6147700
10.25,-0.35,100,"sd","13:40:27",6147200
10.25,-0.35,500,"sd","13:40:27",6147100
10.25,-0.35,500,"sd","13:40:27",6146600
10.25,-0.35,200,"sd","13:40:27",6146100
10.25,-0.35,1000,"sd","13:40:27",6145900
10.25,-0.35,100,"sd","13:40:27",6144900
10.25,-0.35,1000,"sd","13:40:27",6144800
10.25,-0.35,300,"sd","13:40:27",6143800
10.25,-0.35,6000,"sd","13:40:27",6143500
10.25,-0.35,5900,"sd","13:40:27",6137500
10.25,-0.35,200,"sd","13:40:27",6131600
10.25,-0.35,300,"sd","13:40:27",6131400
10.25,-0.35,100,"sd","13:40:27",6131100
10.25,-0.35,100,"sd","13:40:27",6131000
10.25,-0.35,5000,"sd","13:40:27",6130900
10.25,-0.35,500,"sd","13:40:27",6125900
10.25,-0.35,4000,"sd","13:40:27",6125400
10.25,-0.35,3000,"sd","13:40:27",6121400
10.25,-0.35,500,"sd","13:40:27",6118400
10.25,-0.35,1000,"sd","13:40:27",6117900
10.25,-0.35,100,"sd","13:40:27",6116900
10.25,-0.35,500,"sd","13:40:27",6116800
10.25,-0.35,1000,"sd","13:40:27",6116300
10.25,-0.35,400,"sd","13:40:27",6115300
10.25,-0.35,200,"sd","13:40:27",6114900
10.25,-0.35,100,"sd","13:40:27",6114700
10.3,-0.3,11000,"bu","13:40:25",6114600
10.3,-0.3,400,"bu","13:40:24",6103600
10.3,-0.3,200,"bu","13:40:18",6103200
10.3,-0.3,100,"bu","13:40:05",6103000
10.3,-0.3,100,"bu","13:40:02",6102900
10.3,-0.3,100,"bu","13:39:59",6102800
10.25,-0.35,200,"sd","13:39:55",6102700
10.3,-0.3,500,"bu","13:39:38",6102500
10.3,-0.3,100,"bu","13:39:33",6102000
10.3,-0.3,600,"bu","13:39:32",6101900
10.3,-0.3,1000,"bu","13:39:30",6101300
10.3,-0.3,100,"bu","13:39:26",6100300
10.3,-0.3,100,"bu","13:39:25",6100200
10.3,-0.3,1800,"bu","13:39:15",6100100
10.3,-0.3,200,"bu","13:39:15",6098300
10.3,-0.3,100,"bu","13:39:15",6098100
10.3,-0.3,500,"bu","13:39:15",6098000
10.3,-0.3,500,"bu","13:39:15",6097500
10.3,-0.3,1500,"bu","13:39:15",6097000
10.3,-0.3,100,"bu","13:39:11",6095500
10.3,-0.3,900,"bu","13:39:07",6095400
10.3,-0.3,2500,"bu","13:39:07",6094500
10.3,-0.3,1300,"bu","13:39:07",6092000
10.3,-0.3,300,"bu","13:39:07",6090700
10.3,-0.3,2000,"bu","13:39:07",6090400
10.3,-0.3,500,"bu","13:39:07",6088400
10.3,-0.3,2300,"bu","13:39:07",6087900
10.3,-0.3,1800,"bu","13:39:06",6085600
10.3,-0.3,800,"bu","13:39:04",6083800
10.3,-0.3,200,"bu","13:39:04",6083000
10.3,-0.3,1800,"bu","13:38:55",6082800
10.25,-0.35,1900,"sd","13:38:50",6081000
10.3,-0.3,1800,"bu","13:38:47",6079100
10.25,-0.35,1600,"sd","13:38:42",6077300
10.25,-0.35,100,"sd","13:38:42",6075700
10.25,-0.35,300,"sd","13:38:42",6075600
10.3,-0.3,1500,"bu","13:38:41",6075300
10.3,-0.3,100,"bu","13:38:40",6073800
10.3,-0.3,1800,"bu","13:38:36",6073700
10.3,-0.3,500,"bu","13:38:33",6071900
10.3,-0.3,100,"bu","13:38:30",6071400
10.3,-0.3,100,"bu","13:38:28",6071300
10.25,-0.35,200,"sd","13:38:28",6071200
10.25,-0.35,100,"sd","13:38:28",6071000
10.25,-0.35,2000,"sd","13:38:28",6070900
10.25,-0.35,5000,"sd","13:38:28",6068900
10.25,-0.35,3000,"sd","13:38:28",6063900
10.25,-0.35,5000,"sd","13:38:28",6060900
10.25,-0.35,100,"sd","13:38:28",6055900
10.25,-0.35,100,"sd","13:38:28",6055800
10.25,-0.35,4500,"sd","13:38:28",6055700
10.3,-0.3,200,"bu","13:38:28",6051200
10.3,-0.3,400,"bu","13:38:28",6051000
10.3,-0.3,600,"bu","13:38:28",6050600
10.3,-0.3,400,"bu","13:38:27",6050000
10.3,-0.3,100,"bu","13:38:27",6049600
10.3,-0.3,100,"bu","13:38:15",6049500
10.3,-0.3,100,"bu","13:38:07",6049400
10.3,-0.3,2400,"bu","13:38:07",6049300
10.3,-0.3,900,"bu","13:38:05",6046900
10.3,-0.3,600,"bu","13:38:02",6046000
10.3,-0.3,400,"bu","13:38:02",6045400
10.3,-0.3,100,"bu","13:37:49",6045000
10.3,-0.3,200,"bu","13:37:45",6044900
10.3,-0.3,400,"bu","13:37:27",6044700
10.3,-0.3,1000,"bu","13:37:24",6044300
10.3,-0.3,100,"bu","13:37:24",6043300
10.3,-0.3,200,"bu","13:37:23",6043200
10.3,-0.3,100,"bu","13:37:21",6043000
10.3,-0.3,400,"bu","13:37:17",6042900
10.3,-0.3,100,"bu","13:37:12",6042500
10.3,-0.3,300,"bu","13:37:08",6042400
10.3,-0.3,200,"bu","13:37:06",6042100
10.3,-0.3,100,"bu","13:37:03",6041900
10.3,-0.3,100,"bu","13:37:02",6041800
10.3,-0.3,2800,"sd","13:37:02",6041700
10.3,-0.3,200,"bu","13:37:00",6038900
10.3,-0.3,4000,"bu","13:37:00",6038700
10.3,-0.3,200,"sd","13:36:51",6034700
10.3,-0.3,200,"sd","13:36:51",6034500
10.3,-0.3,5000,"sd","13:36:51",6034300
10.3,-0.3,2000,"sd","13:36:51",6029300
10.3,-0.3,200,"sd","13:36:51",6027300
10.3,-0.3,200,"sd","13:36:51",6027100
10.3,-0.3,200,"sd","13:36:51",6026900
10.3,-0.3,200,"sd","13:36:51",6026700
10.3,-0.3,2200,"sd","13:36:51",6026500
10.3,-0.3,600,"sd","13:36:51",6024300
10.3,-0.3,300,"sd","13:36:51",6023700
10.3,-0.3,500,"sd","13:36:51",6023400
10.3,-0.3,100,"sd","13:36:51",6022900
10.3,-0.3,200,"sd","13:36:51",6022800
10.3,-0.3,300,"sd","13:36:51",6022600
10.3,-0.3,200,"sd","13:36:51",6022300
10.3,-0.3,300,"sd","13:36:51",6022100
10.3,-0.3,500,"sd","13:36:51",6021800
10.3,-0.3,1000,"sd","13:36:51",6021300
10.3,-0.3,200,"sd","13:36:51",6020300
10.3,-0.3,600,"sd","13:36:50",6020100
10.3,-0.3,1000,"sd","13:36:50",6019500
10.3,-0.3,200,"sd","13:36:50",6018500
10.3,-0.3,100,"sd","13:36:50",6018300
10.3,-0.3,100,"sd","13:36:50",6018200
10.3,-0.3,300,"sd","13:36:50",6018100
10.3,-0.3,200,"sd","13:36:50",6017800
10.3,-0.3,500,"sd","13:36:50",6017600
10.3,-0.3,100,"sd","13:36:50",6017100
10.3,-0.3,100,"sd","13:36:50",6017000
10.3,-0.3,100,"sd","13:36:50",6016900
10.3,-0.3,100,"sd","13:36:50",6016800
10.3,-0.3,100,"sd","13:36:50",6016700
10.3,-0.3,400,"sd","13:36:50",6016600
10.3,-0.3,100,"sd","13:36:50",6016200
10.3,-0.3,200,"sd","13:36:50",6016100
10.3,-0.3,900,"sd","13:36:50",6015900
10.3,-0.3,14800,"sd","13:36:50",6015000
10.3,-0.3,100,"sd","13:36:50",6000200
10.3,-0.3,500,"sd","13:36:50",6000100
10.3,-0.3,3000,"sd","13:36:47",5999600
10.3,-0.3,1100,"sd","13:36:45",5996600
10.3,-0.3,600,"sd","13:36:43",5995500
10.3,-0.3,700,"sd","13:36:43",5994900
10.3,-0.3,100,"sd","13:36:43",5994200
10.3,-0.3,1000,"sd","13:36:43",5994100
10.3,-0.3,200,"sd","13:36:43",5993100
10.3,-0.3,500,"sd","13:36:43",5992900
10.3,-0.3,100,"sd","13:36:43",5992400
10.3,-0.3,19000,"sd","13:36:43",5992300
10.3,-0.3,400,"sd","13:36:43",5973300
10.3,-0.3,5000,"sd","13:36:43",5972900
10.3,-0.3,200,"sd","13:36:43",5967900
10.3,-0.3,100,"sd","13:36:43",5967700
10.3,-0.3,100,"sd","13:36:43",5967600
10.3,-0.3,500,"sd","13:36:43",5967500
10.3,-0.3,100,"sd","13:36:43",5967000
10.3,-0.3,200,"sd","13:36:43",5966900
10.3,-0.3,500,"sd","13:36:43",5966700
10.3,-0.3,500,"sd","13:36:43",5966200
10.3,-0.3,24000,"sd","13:36:43",5965700
10.3,-0.3,500,"sd","13:36:30",5941700
10.3,-0.3,900,"sd","13:36:28",5941200
10.3,-0.3,3600,"sd","13:36:23",5940300
10.3,-0.3,200,"sd","13:36:23",5936700
10.3,-0.3,10000,"sd","13:36:23",5936500
10.3,-0.3,14000,"sd","13:36:23",5926500
10.3,-0.3,1000,"sd","13:36:23",5912500
10.3,-0.3,100,"sd","13:36:23",5911500
10.3,-0.3,500,"sd","13:36:23",5911400
10.3,-0.3,100,"sd","13:36:23",5910900
10.3,-0.3,100,"sd","13:36:23",5910800
10.3,-0.3,100,"sd","13:36:23",5910700
10.3,-0.3,100,"sd","13:36:23",5910600
10.3,-0.3,5700,"sd","13:36:23",5910500
10.35,-0.25,100,"bu","13:36:15",5904800
10.3,-0.3,1000,"sd","13:35:57",5904700
10.3,-0.3,1000,"sd","13:35:56",5903700
10.3,-0.3,500,"sd","13:35:53",5902700
10.3,-0.3,1000,"sd","13:35:53",5902200
10.3,-0.3,200,"sd","13:35:44",5901200
10.3,-0.3,3000,"sd","13:35:44",5901000
10.3,-0.3,2000,"sd","13:35:39",5898000
10.3,-0.3,3000,"sd","13:35:36",5896000
10.3,-0.3,300,"sd","13:35:34",5893000
10.3,-0.3,500,"sd","13:35:33",5892700
10.3,-0.3,100,"sd","13:35:33",5892200
10.3,-0.3,1000,"sd","13:35:33",5892100
10.3,-0.3,100,"sd","13:35:33",5891100
10.3,-0.3,100,"sd","13:35:33",5891000
10.3,-0.3,300,"sd","13:35:33",5890900
10.3,-0.3,100,"sd","13:35:24",5890600
10.3,-0.3,900,"sd","13:35:24",5890500
10.3,-0.3,9100,"sd","13:35:20",5889600
10.3,-0.3,300,"sd","13:35:20",5880500
10.3,-0.3,1000,"sd","13:35:20",5880200
10.3,-0.3,200,"sd","13:35:20",5879200
10.3,-0.3,500,"sd","13:35:20",5879000
10.3,-0.3,1000,"sd","13:35:20",5878500
10.3,-0.3,100,"sd","13:35:20",5877500
10.3,-0.3,1000,"sd","13:35:20",5877400
10.3,-0.3,2000,"sd","13:35:20",5876400
10.3,-0.3,400,"sd","13:35:20",5874400
10.3,-0.3,200,"sd","13:35:20",5874000
10.3,-0.3,600,"sd","13:35:20",5873800
10.3,-0.3,1700,"sd","13:35:20",5873200
10.3,-0.3,2600,"sd","13:35:20",5871500
10.3,-0.3,500,"sd","13:35:17",5868900
10.3,-0.3,100,"sd","13:35:15",5868400
10.3,-0.3,1800,"sd","13:35:11",5868300
10.3,-0.3,100,"sd","13:35:11",5866500
10.3,-0.3,100,"sd","13:34:55",5866400
10.35,-0.25,100,"bu","13:34:45",5866300
10.3,-0.3,4500,"sd","13:34:43",5866200
10.3,-0.3,100,"sd","13:34:42",5861700
10.35,-0.25,1000,"bu","13:34:34",5861600
10.3,-0.3,200,"sd","13:34:31",5860600
10.3,-0.3,600,"sd","13:34:31",5860400
10.3,-0.3,100,"sd","13:34:17",5859800
10.35,-0.25,400,"bu","13:34:12",5859700
10.35,-0.25,100,"bu","13:34:04",5859300
10.35,-0.25,100,"bu","13:33:53",5859200
10.3,-0.3,400,"sd","13:33:50",5859100
10.3,-0.3,100,"sd","13:33:47",5858700
10.35,-0.25,300,"bu","13:33:44",5858600
10.3,-0.3,500,"sd","13:33:38",5858300
10.35,-0.25,1000,"bu","13:33:36",5857800
10.35,-0.25,300,"bu","13:33:32",5856800
10.35,-0.25,1000,"bu","13:33:31",5856500
10.35,-0.25,500,"bu","13:33:28",5855500
10.35,-0.25,500,"bu","13:33:28",5855000
10.35,-0.25,100,"bu","13:33:28",5854500
10.35,-0.25,500,"bu","13:33:26",5854400
10.35,-0.25,1000,"bu","13:33:21",5853900
10.35,-0.25,100,"bu","13:32:59",5852900
10.35,-0.25,100,"bu","13:32:56",5852800
10.35,-0.25,1800,"bu","13:32:53",5852700
10.3,-0.3,2000,"sd","13:32:50",5850900
10.35,-0.25,200,"bu","13:32:47",5848900
10.35,-0.25,1800,"bu","13:32:44",5848700
10.35,-0.25,1800,"bu","13:32:36",5846900
10.35,-0.25,100,"bu","13:32:35",5845100
10.35,-0.25,7800,"bu","13:32:35",5845000
10.35,-0.25,2100,"bu","13:32:35",5837200
10.3,-0.3,1100,"sd","13:32:28",5835100
10.3,-0.3,1000,"sd","13:32:28",5834000
10.3,-0.3,400,"sd","13:32:28",5833000
10.35,-0.25,100,"bu","13:32:23",5832600
10.35,-0.25,1700,"bu","13:32:23",5832500
10.3,-0.3,600,"sd","13:32:21",5830800
10.3,-0.3,100,"sd","13:32:21",5830200
10.3,-0.3,300,"sd","13:32:21",5830100
10.35,-0.25,5000,"sd","13:32:11",5829800
10.35,-0.25,100,"sd","13:32:11",5824800
10.35,-0.25,100,"sd","13:32:11",5824700
10.35,-0.25,200,"sd","13:32:11",5824600
10.35,-0.25,500,"sd","13:32:11",5824400
10.35,-0.25,300,"sd","13:32:11",5823900
10.35,-0.25,5000,"sd","13:32:11",5823600
10.35,-0.25,100,"sd","13:32:11",5818600
10.35,-0.25,100,"sd","13:32:11",5818500
10.35,-0.25,1900,"sd","13:32:11",5818400
10.35,-0.25,3600,"sd","13:32:08",5816500
10.35,-0.25,3000,"sd","13:32:06",5812900
10.35,-0.25,800,"sd","13:32:05",5809900
10.35,-0.25,700,"sd","13:32:05",5809100
10.35,-0.25,300,"sd","13:32:05",5808400
10.35,-0.25,300,"sd","13:32:03",5808100
10.35,-0.25,700,"sd","13:32:03",5807800
10.35,-0.25,300,"sd","13:32:03",5807100
10.35,-0.25,1100,"sd","13:32:03",5806800
10.35,-0.25,100,"sd","13:32:03",5805700
10.35,-0.25,500,"sd","13:32:03",5805600
10.35,-0.25,300,"sd","13:32:03",5805100
10.35,-0.25,1000,"sd","13:32:00",5804800
10.35,-0.25,100,"sd","13:31:56",5803800
10.35,-0.25,1000,"sd","13:31:54",5803700
10.35,-0.25,2100,"sd","13:31:51",5802700
10.35,-0.25,100,"sd","13:31:51",5800600
10.35,-0.25,100,"sd","13:31:51",5800500
10.35,-0.25,3900,"sd","13:31:51",5800400
10.35,-0.25,100,"sd","13:31:51",5796500
10.35,-0.25,100,"sd","13:31:51",5796400
10.35,-0.25,600,"sd","13:31:51",5796300
10.35,-0.25,100,"sd","13:31:51",5795700
10.35,-0.25,5900,"sd","13:31:43",5795600
10.35,-0.25,200,"sd","13:31:38",5789700
10.35,-0.25,4200,"sd","13:31:35",5789500
10.35,-0.25,100,"sd","13:31:35",5785300
10.35,-0.25,100,"sd","13:31:35",5785200
10.35,-0.25,400,"sd","13:31:35",5785100
10.35,-0.25,200,"sd","13:31:34",5784700
10.35,-0.25,200,"sd","13:31:30",5784500
10.35,-0.25,300,"sd","13:31:21",5784300
10.35,-0.25,1700,"sd","13:31:09",5784000
10.35,-0.25,200,"sd","13:30:59",5782300
10.35,-0.25,100,"sd","13:30:58",5782100
10.35,-0.25,1900,"sd","13:30:52",5782000
10.35,-0.25,10000,"sd","13:30:52",5780100
10.35,-0.25,100,"sd","13:30:52",5770100
10.35,-0.25,3000,"sd","13:30:52",5770000
10.35,-0.25,100,"sd","13:30:52",5767000
10.35,-0.25,100,"sd","13:30:52",5766900
10.35,-0.25,300,"sd","13:30:52",5766800
10.4,-0.2,2700,"bu","13:30:38",5766500
