"price","change","match_qtty","side","time","total_vol"
15,0.3,10500,"unknown","14:45:02",715100
15.1,0.4,500,"bu","14:28:42",704600
15.1,0.4,8900,"bu","14:28:35",704100
15.1,0.4,300,"sd","14:27:35",695200
15.2,0.5,600,"bu","14:27:19",694900
15.2,0.5,10700,"bu","14:27:16",694300
15.2,0.5,10000,"bu","14:27:01",683600
15.1,0.4,4800,"bu","14:26:23",673600
15.1,0.4,400,"bu","14:26:16",668800
15.1,0.4,10000,"bu","14:25:43",668400
15.1,0.4,500,"bu","14:25:33",658400
15.1,0.4,200,"bu","14:24:58",657900
15.1,0.4,500,"bu","14:23:21",657700
15,0.3,6300,"sd","14:21:52",657200
14.9,0.2,3900,"sd","14:21:47",650900
14.9,0.2,5000,"sd","14:21:45",647000
15,0.3,12600,"bu","14:21:38",642000
15,0.3,200,"bu","14:20:54",629400
15,0.3,100,"bu","14:20:37",629200
14.9,0.2,2100,"bu","14:20:18",629100
14.9,0.2,2700,"bu","14:20:08",627000
14.9,0.2,6800,"bu","14:19:47",624300
14.9,0.2,100,"bu","14:19:10",617500
14.8,0.1,5300,"sd","14:18:36",617400
14.8,0.1,1000,"bu","14:18:18",612100
14.8,0.1,200,"bu","14:16:59",611100
14.8,0.1,100,"bu","14:16:04",610900
14.8,0.1,200,"bu","14:16:03",610800
14.8,0.1,1000,"bu","14:15:46",610600
14.8,0.1,1200,"bu","14:15:21",609600
14.7,0,2700,"sd","14:11:45",608400
14.8,0.1,10000,"bu","14:10:06",605700
14.8,0.1,500,"bu","14:05:51",595700
14.8,0.1,100,"bu","14:05:33",595200
14.8,0.1,300,"bu","14:02:58",595100
14.8,0.1,300,"bu","14:02:22",594800
14.8,0.1,300,"bu","14:01:44",594500
14.8,0.1,500,"bu","14:00:10",594200
14.8,0.1,100,"bu","13:59:26",593700
14.8,0.1,3600,"bu","13:58:06",593600
14.8,0.1,2400,"bu","13:57:31",590000
14.8,0.1,1000,"bu","13:56:54",587600
14.8,0.1,100,"bu","13:56:37",586600
14.8,0.1,1500,"sd","13:55:55",586500
14.8,0.1,4900,"sd","13:54:19",585000
14.8,0.1,300,"bu","13:50:37",580100
14.8,0.1,200,"unknown","13:47:21",579800
14.8,0.1,100,"bu","13:47:13",579600
14.8,0.1,300,"bu","13:46:31",579500
14.8,0.1,2000,"bu","13:45:19",579200
14.8,0.1,400,"bu","13:44:27",577200
14.8,0.1,700,"bu","13:43:13",576800
14.8,0.1,1100,"bu","13:41:48",576100
14.8,0.1,200,"bu","13:39:02",575000
14.8,0.1,2000,"bu","13:37:36",574800
14.8,0.1,1000,"bu","13:33:22",572800
14.8,0.1,1000,"bu","13:27:59",571800
14.8,0.1,4700,"sd","13:27:54",570800
14.8,0.1,5300,"sd","13:27:16",566100
14.9,0.2,100,"bu","13:16:14",560800
14.8,0.1,100,"bu","13:15:32",560700
14.7,0,300,"sd","13:14:55",560600
14.7,0,51000,"bu","13:14:52",560300
14.7,0,100,"bu","13:14:25",509300
14.7,0,2000,"bu","13:14:24",509200
14.7,0,500,"bu","13:14:17",507200
14.7,0,1000,"bu","13:14:08",506700
14.7,0,300,"bu","13:14:05",505700
14.7,0,2000,"bu","13:14:01",505400
14.7,0,5000,"bu","13:13:55",503400
14.7,0,900,"bu","13:13:40",498400
14.7,0,3000,"bu","13:13:13",497500
14.7,0,8000,"bu","13:13:02",494500
14.7,0,10000,"bu","13:12:49",486500
14.7,0,1100,"bu","13:12:43",476500
14.7,0,100,"bu","13:12:27",475400
14.7,0,500,"bu","13:12:25",475300
14.7,0,500,"bu","13:12:12",474800
14.7,0,100,"bu","13:12:07",474300
14.7,0,10000,"bu","13:11:43",474200
14.7,0,100,"bu","13:11:23",464200
14.7,0,500,"bu","13:10:58",464100
14.7,0,1300,"bu","13:10:56",463600
14.7,0,1700,"bu","13:10:47",462300
14.7,0,8400,"sd","13:10:31",460600
14.7,0,100,"bu","13:10:19",452200
14.7,0,18500,"bu","13:09:17",452100
14.7,0,1000,"sd","13:08:41",433600
14.8,0.1,14900,"bu","13:08:07",432600
14.9,0.2,3000,"sd","13:00:08",417700
15,0.3,100,"bu","13:00:05",414700
14.9,0.2,2000,"sd","13:00:04",414600
14.9,0.2,1000,"sd","13:00:03",412600
14.9,0.2,400,"sd","11:29:43",411600
15,0.3,100,"bu","11:29:35",411200
15,0.3,1000,"bu","11:25:26",411100
15,0.3,1000,"bu","11:25:07",410100
15,0.3,100,"bu","11:22:43",409100
14.9,0.2,2500,"unknown","11:21:50",409000
14.9,0.2,500,"bu","11:17:10",406500
14.9,0.2,700,"bu","11:15:24",406000
14.9,0.2,800,"bu","11:15:19",405300
14.9,0.2,200,"bu","11:15:11",404500
14.9,0.2,500,"bu","11:15:09",404300
14.9,0.2,500,"bu","11:14:53",403800
14.9,0.2,400,"bu","11:14:25",403300
14.9,0.2,1000,"bu","11:13:45",402900
14.9,0.2,2000,"bu","11:13:29",401900
14.9,0.2,700,"bu","11:11:57",399900
14.9,0.2,100,"bu","11:10:42",399200
14.8,0.1,200,"bu","11:09:40",399100
14.8,0.1,700,"bu","11:08:41",398900
14.8,0.1,1500,"bu","11:07:24",398200
14.8,0.1,7000,"bu","11:07:10",396700
14.8,0.1,4000,"bu","11:06:42",389700
14.8,0.1,500,"bu","11:05:07",385700
14.8,0.1,2000,"bu","11:03:08",385200
14.8,0.1,100,"bu","10:58:30",383200
14.7,0,300,"sd","10:54:49",383100
14.7,0,100,"sd","10:49:02",382800
14.7,0,4600,"sd","10:48:42",382700
14.7,0,200,"sd","10:48:02",378100
14.7,0,300,"sd","10:43:33",377900
14.7,0,900,"bu","10:38:38",377600
14.7,0,500,"bu","10:38:34",376700
14.7,0,700,"bu","10:38:30",376200
14.7,0,700,"bu","10:38:19",375500
14.7,0,5000,"bu","10:38:09",374800
14.7,0,300,"bu","10:37:54",369800
14.7,0,500,"bu","10:37:24",369500
14.7,0,500,"bu","10:37:08",369000
14.6,-0.1,500,"sd","10:33:49",368500
14.6,-0.1,400,"sd","10:25:57",368000
14.6,-0.1,2000,"sd","10:17:04",367600
14.6,-0.1,2000,"sd","10:14:15",365600
14.7,0,200,"bu","10:13:14",363600
14.7,0,300,"bu","10:08:09",363400
14.7,0,100,"bu","10:03:46",363100
14.7,0,22000,"bu","10:03:02",363000
14.7,0,2400,"sd","10:00:44",341000
14.8,0.1,2000,"sd","09:54:53",338600
14.8,0.1,3000,"sd","09:54:35",336600
14.8,0.1,100,"bu","09:46:56",333600
14.8,0.1,3000,"bu","09:46:36",333500
14.8,0.1,1000,"bu","09:44:10",330500
14.8,0.1,1000,"bu","09:43:25",329500
14.8,0.1,200,"bu","09:42:24",328500
14.8,0.1,700,"bu","09:40:06",328300
14.8,0.1,2000,"sd","09:39:26",327600
14.8,0.1,1000,"sd","09:39:12",325600
14.8,0.1,700,"sd","09:38:38",324600
14.8,0.1,1000,"sd","09:38:25",323900
14.8,0.1,2000,"sd","09:38:14",322900
14.9,0.2,5000,"bu","09:37:54",320900
14.8,0.1,12000,"sd","09:37:50",315900
14.9,0.2,900,"bu","09:36:01",303900
14.8,0.1,2300,"bu","09:35:06",303000
14.8,0.1,2000,"bu","09:35:03",300700
14.8,0.1,500,"bu","09:35:01",298700
14.8,0.1,100,"bu","09:34:51",298200
14.8,0.1,200,"bu","09:34:49",298100
14.8,0.1,200,"bu","09:34:47",297900
14.8,0.1,2100,"bu","09:34:39",297700
14.8,0.1,100,"bu","09:34:37",295600
14.8,0.1,5000,"bu","09:34:28",295500
14.7,0,400,"sd","09:32:09",290500
14.7,0,100,"sd","09:29:51",290100
14.7,0,31500,"sd","09:28:38",290000
14.7,0,40100,"bu","09:28:21",258500
14.7,0,1000,"bu","09:27:37",218400
14.7,0,100000,"bu","09:26:56",217400
14.6,-0.1,2000,"bu","09:26:35",117400
14.6,-0.1,1000,"bu","09:26:32",115400
14.6,-0.1,100,"bu","09:26:03",114400
14.6,-0.1,2000,"bu","09:26:02",114300
14.6,-0.1,100,"bu","09:24:39",112300
14.6,-0.1,300,"bu","09:24:37",112200
14.6,-0.1,2000,"bu","09:24:03",111900
14.7,0,100000,"bu","09:23:27",109900
14.6,-0.1,600,"bu","09:21:49",9900
14.6,-0.1,400,"sd","09:21:41",9300
14.6,-0.1,1000,"sd","09:21:29",8900
14.7,0,1000,"bu","09:20:21",7900
14.7,0,3000,"bu","09:14:18",6900
14.7,0,100,"bu","09:06:00",3900
14.7,0,1000,"sd","09:05:32",3800
14.7,0,800,"sd","09:05:26",2800
14.9,0.2,2000,"bu","09:00:07",2000
