"price","change","match_qtty","side","time","total_vol"
8050,-160,222000,"unknown","14:45:01",3732400
8090,-120,500,"bu","14:29:32",3510400
8090,-120,100,"sd","14:29:27",3509900
8100,-110,200,"bu","14:29:26",3509800
8080,-130,1400,"sd","14:29:22",3509600
8090,-120,100,"sd","14:29:22",3508200
8090,-120,400,"sd","14:29:21",3508100
8080,-130,2800,"sd","14:29:12",3507700
8080,-130,1000,"sd","14:29:12",3504900
8080,-130,3800,"sd","14:29:12",3503900
8080,-130,10000,"sd","14:29:12",3500100
8080,-130,200,"sd","14:29:12",3490100
8080,-130,500,"sd","14:29:11",3489900
8080,-130,1000,"sd","14:29:11",3489400
8080,-130,5000,"sd","14:29:11",3488400
8080,-130,800,"sd","14:29:11",3483400
8080,-130,500,"sd","14:29:11",3482600
8080,-130,500,"sd","14:29:11",3482100
8080,-130,1000,"sd","14:29:11",3481600
8080,-130,5000,"sd","14:29:11",3480600
8080,-130,400,"sd","14:29:11",3475600
8080,-130,100,"sd","14:29:11",3475200
8080,-130,13200,"sd","14:29:11",3475100
8090,-120,3500,"sd","14:29:11",3461900
8090,-120,700,"sd","14:29:11",3458400
8090,-120,5000,"sd","14:29:11",3457700
8090,-120,4300,"sd","14:29:09",3452700
8090,-120,1700,"sd","14:29:09",3448400
8090,-120,5000,"bu","14:29:04",3446700
8090,-120,4000,"bu","14:29:04",3441700
8080,-130,100,"sd","14:28:57",3437700
8090,-120,5000,"bu","14:28:57",3437600
8080,-130,100,"sd","14:28:57",3432600
8090,-120,5000,"bu","14:28:56",3432500
8090,-120,400,"bu","14:28:49",3427500
8080,-130,1000,"sd","14:28:47",3427100
8090,-120,2000,"bu","14:28:43",3426100
8090,-120,5000,"bu","14:28:39",3424100
8090,-120,4000,"bu","14:28:33",3419100
8080,-130,1600,"sd","14:28:25",3415100
8090,-120,500,"bu","14:28:16",3413500
8090,-120,1000,"bu","14:27:55",3413000
8080,-130,2000,"sd","14:27:52",3412000
8080,-130,100,"sd","14:27:50",3410000
8090,-120,500,"bu","14:27:46",3409900
8090,-120,200,"bu","14:27:46",3409400
8090,-120,2400,"bu","14:27:29",3409200
8090,-120,2600,"bu","14:27:29",3406800
8080,-130,200,"sd","14:27:25",3404200
8090,-120,100,"bu","14:27:15",3404000
8080,-130,5300,"sd","14:27:11",3403900
8090,-120,300,"bu","14:27:11",3398600
8090,-120,2000,"bu","14:26:55",3398300
8080,-130,6400,"sd","14:26:13",3396300
8080,-130,3600,"sd","14:26:13",3389900
8090,-120,1000,"bu","14:26:12",3386300
8090,-120,100,"bu","14:26:12",3385300
8080,-130,500,"bu","14:25:47",3385200
8080,-130,500,"bu","14:25:47",3384700
8080,-130,500,"bu","14:25:47",3384200
8080,-130,3000,"bu","14:25:47",3383700
8080,-130,1900,"bu","14:25:47",3380700
8080,-130,1000,"bu","14:25:43",3378800
8080,-130,5600,"bu","14:25:42",3377800
8080,-130,15000,"bu","14:25:41",3372200
8070,-140,600,"sd","14:25:39",3357200
8080,-130,400,"bu","14:25:37",3356600
8080,-130,300,"bu","14:25:25",3356200
8080,-130,1500,"bu","14:25:20",3355900
8080,-130,2000,"bu","14:25:19",3354400
8080,-130,1000,"bu","14:25:03",3352400
8070,-140,200,"bu","14:24:25",3351400
8070,-140,300,"sd","14:24:24",3351200
8070,-140,500,"bu","14:24:24",3350900
8070,-140,100,"bu","14:24:24",3350400
8070,-140,100,"bu","14:24:24",3350300
8060,-150,100,"sd","14:24:20",3350200
8060,-150,400,"sd","14:24:20",3350100
8070,-140,1000,"bu","14:24:16",3349700
8070,-140,200,"bu","14:24:10",3348700
8070,-140,1000,"bu","14:24:04",3348500
8070,-140,700,"sd","14:23:59",3347500
8070,-140,300,"sd","14:23:53",3346800
8070,-140,300,"sd","14:23:52",3346500
8070,-140,400,"sd","14:23:52",3346200
8070,-140,1300,"sd","14:23:47",3345800
8070,-140,100,"sd","14:23:45",3344500
8070,-140,600,"sd","14:23:37",3344400
8070,-140,400,"sd","14:23:37",3343800
8070,-140,4600,"sd","14:23:34",3343400
8070,-140,100,"sd","14:23:34",3338800
8070,-140,200,"sd","14:23:34",3338700
8070,-140,300,"sd","14:23:34",3338500
8070,-140,200,"sd","14:23:34",3338200
8070,-140,2000,"sd","14:23:34",3338000
8070,-140,200,"sd","14:23:34",3336000
8070,-140,500,"sd","14:23:34",3335800
8070,-140,100,"sd","14:23:34",3335300
8070,-140,1800,"sd","14:23:34",3335200
8080,-130,1000,"bu","14:23:31",3333400
8080,-130,200,"bu","14:23:30",3332400
8070,-140,500,"sd","14:23:28",3332200
8080,-130,100,"bu","14:23:26",3331700
8070,-140,700,"sd","14:23:17",3331600
8070,-140,100,"sd","14:23:17",3330900
8070,-140,200,"sd","14:23:17",3330800
8070,-140,1000,"sd","14:23:17",3330600
8070,-140,1000,"sd","14:23:17",3329600
8080,-130,400,"bu","14:23:12",3328600
8080,-130,1000,"bu","14:23:12",3328200
8080,-130,500,"bu","14:23:08",3327200
8080,-130,300,"bu","14:23:00",3326700
8080,-130,100,"bu","14:22:52",3326400
8080,-130,2000,"bu","14:22:44",3326300
8080,-130,500,"bu","14:22:37",3324300
8070,-140,2000,"sd","14:22:36",3323800
8080,-130,1000,"bu","14:22:34",3321800
8070,-140,100,"sd","14:22:34",3320800
8070,-140,100,"sd","14:22:34",3320700
8070,-140,800,"sd","14:22:34",3320600
8080,-130,100,"bu","14:22:31",3319800
8080,-130,1000,"bu","14:22:10",3319700
8080,-130,400,"sd","14:22:02",3318700
8080,-130,100,"sd","14:22:02",3318300
8080,-130,1600,"sd","14:22:02",3318200
8080,-130,400,"bu","14:21:55",3316600
8080,-130,3500,"bu","14:21:50",3316200
8080,-130,100,"bu","14:21:44",3312700
8080,-130,400,"bu","14:21:42",3312600
8080,-130,1000,"sd","14:21:36",3312200
8080,-130,100,"sd","14:21:36",3311200
8080,-130,400,"sd","14:21:36",3311100
8080,-130,100,"sd","14:21:36",3310700
8080,-130,300,"sd","14:21:36",3310600
8080,-130,2000,"sd","14:21:36",3310300
8080,-130,1000,"sd","14:21:36",3308300
8080,-130,100,"sd","14:21:36",3307300
8080,-130,100,"sd","14:21:36",3307200
8080,-130,100,"sd","14:21:36",3307100
8080,-130,400,"sd","14:21:36",3307000
8080,-130,200,"sd","14:21:36",3306600
8080,-130,200,"sd","14:21:36",3306400
8080,-130,3100,"sd","14:21:36",3306200
8080,-130,200,"sd","14:21:36",3303100
8080,-130,400,"sd","14:21:36",3302900
8080,-130,400,"sd","14:21:33",3302500
8080,-130,1600,"sd","14:21:33",3302100
8080,-130,2000,"sd","14:21:32",3300500
8090,-120,100,"sd","14:21:10",3298500
8090,-120,100,"sd","14:21:10",3298400
8090,-120,1000,"sd","14:21:10",3298300
8090,-120,3000,"sd","14:21:10",3297300
8090,-120,7000,"sd","14:21:10",3294300
8090,-120,1000,"sd","14:21:10",3287300
8090,-120,1000,"sd","14:21:09",3286300
8090,-120,200,"sd","14:21:09",3285300
8090,-120,800,"sd","14:21:09",3285100
8100,-110,1000,"bu","14:21:08",3284300
8090,-120,1200,"sd","14:20:58",3283300
8090,-120,500,"sd","14:20:58",3282100
8090,-120,1600,"sd","14:20:58",3281600
8100,-110,1000,"bu","14:20:42",3280000
8100,-110,300,"sd","14:20:37",3279000
8100,-110,1000,"sd","14:20:37",3278700
8100,-110,3000,"sd","14:20:37",3277700
8100,-110,900,"sd","14:20:37",3274700
8100,-110,1000,"sd","14:20:37",3273800
8100,-110,1000,"sd","14:20:37",3272800
8100,-110,100,"sd","14:20:37",3271800
8100,-110,200,"sd","14:20:37",3271700
8100,-110,1000,"sd","14:20:37",3271500
8100,-110,100,"sd","14:20:37",3270500
8100,-110,1500,"sd","14:20:37",3270400
8100,-110,200,"sd","14:20:37",3268900
8100,-110,100,"sd","14:20:37",3268700
8100,-110,100,"sd","14:20:37",3268600
8100,-110,5000,"sd","14:20:37",3268500
8100,-110,1000,"sd","14:20:37",3263500
8100,-110,100,"sd","14:20:37",3262500
8100,-110,2600,"sd","14:20:37",3262400
8100,-110,200,"sd","14:20:37",3259800
8100,-110,100,"sd","14:20:37",3259600
8100,-110,2500,"sd","14:20:37",3259500
8100,-110,100,"sd","14:20:37",3257000
8100,-110,1000,"sd","14:20:37",3256900
8100,-110,200,"sd","14:20:37",3255900
8100,-110,300,"sd","14:20:37",3255700
8100,-110,500,"sd","14:20:37",3255400
8100,-110,10000,"sd","14:20:37",3254900
8100,-110,1000,"sd","14:20:37",3244900
8100,-110,300,"sd","14:20:37",3243900
8100,-110,1000,"sd","14:20:37",3243600
8100,-110,100,"sd","14:20:37",3242600
8100,-110,2000,"sd","14:20:37",3242500
8100,-110,100,"sd","14:20:37",3240500
8100,-110,7500,"sd","14:20:37",3240400
8100,-110,1000,"sd","14:20:37",3232900
8100,-110,20000,"sd","14:20:37",3231900
8100,-110,1000,"sd","14:20:37",3211900
8100,-110,700,"sd","14:20:37",3210900
8100,-110,100,"sd","14:20:37",3210200
8100,-110,1000,"sd","14:20:37",3210100
8100,-110,100,"sd","14:20:37",3209100
8100,-110,2000,"sd","14:20:37",3209000
8100,-110,200,"sd","14:20:37",3207000
8100,-110,1000,"sd","14:20:37",3206800
8100,-110,5000,"sd","14:20:37",3205800
8100,-110,200,"sd","14:20:37",3200800
8100,-110,300,"sd","14:20:37",3200600
8100,-110,100,"sd","14:20:37",3200300
8100,-110,3000,"sd","14:20:37",3200200
8100,-110,100,"sd","14:20:37",3197200
8100,-110,14900,"sd","14:20:37",3197100
8110,-100,200,"sd","14:20:30",3182200
8110,-100,500,"sd","14:20:30",3182000
8110,-100,100,"sd","14:20:30",3181500
8110,-100,500,"sd","14:20:30",3181400
8110,-100,500,"sd","14:20:30",3180900
8110,-100,1100,"sd","14:20:30",3180400
8110,-100,200,"sd","14:20:30",3179300
8110,-100,1000,"sd","14:20:30",3179100
8110,-100,2000,"sd","14:20:30",3178100
8110,-100,200,"sd","14:20:30",3176100
8110,-100,10000,"sd","14:20:30",3175900
8110,-100,2000,"sd","14:20:30",3165900
8110,-100,500,"sd","14:20:27",3163900
8110,-100,100,"sd","14:20:19",3163400
8110,-100,400,"sd","14:20:08",3163300
8110,-100,200,"sd","14:20:08",3162900
8110,-100,1000,"sd","14:20:08",3162700
8110,-100,2000,"sd","14:20:07",3161700
8110,-100,200,"sd","14:20:07",3159700
8110,-100,1000,"sd","14:20:07",3159500
8110,-100,200,"sd","14:20:07",3158500
8120,-90,100,"bu","14:19:40",3158300
8120,-90,500,"sd","14:19:16",3158200
8120,-90,100,"sd","14:19:16",3157700
8120,-90,900,"sd","14:19:16",3157600
8120,-90,600,"sd","14:19:13",3156700
8120,-90,500,"sd","14:19:13",3156100
8120,-90,4400,"sd","14:19:13",3155600
8120,-90,3300,"sd","14:18:55",3151200
8120,-90,1000,"sd","14:18:49",3147900
8120,-90,1000,"sd","14:18:33",3146900
8120,-90,300,"sd","14:18:22",3145900
8120,-90,300,"sd","14:18:22",3145600
8120,-90,400,"sd","14:18:22",3145300
8130,-80,1100,"bu","14:18:20",3144900
8130,-80,200,"bu","14:18:20",3143800
8130,-80,3700,"bu","14:17:43",3143600
8130,-80,1100,"bu","14:17:43",3139900
8120,-90,100,"sd","14:17:33",3138800
8120,-90,500,"sd","14:17:22",3138700
8120,-90,500,"sd","14:17:22",3138200
8120,-90,1400,"sd","14:17:22",3137700
8120,-90,500,"sd","14:17:22",3136300
8120,-90,100,"sd","14:17:22",3135800
8120,-90,600,"sd","14:17:22",3135700
8120,-90,200,"sd","14:17:22",3135100
8120,-90,7200,"sd","14:17:22",3134900
8120,-90,4900,"sd","14:17:17",3127700
8120,-90,100,"sd","14:17:17",3122800
8120,-90,4900,"sd","14:17:07",3122700
8120,-90,100,"sd","14:17:07",3117800
8120,-90,400,"sd","14:16:47",3117700
8120,-90,1300,"sd","14:16:33",3117300
8120,-90,1900,"sd","14:16:33",3116000
8130,-80,100,"bu","14:16:24",3114100
8130,-80,500,"bu","14:15:43",3114000
8120,-90,3000,"sd","14:15:34",3113500
8120,-90,100,"sd","14:15:34",3110500
8120,-90,2000,"sd","14:15:34",3110400
8120,-90,1100,"sd","14:15:34",3108400
8120,-90,1000,"sd","14:15:34",3107300
8120,-90,400,"sd","14:15:34",3106300
8120,-90,500,"sd","14:15:34",3105900
8120,-90,500,"sd","14:15:34",3105400
8120,-90,500,"sd","14:15:34",3104900
8120,-90,700,"sd","14:15:34",3104400
8120,-90,200,"sd","14:15:34",3103700
8130,-80,100,"bu","14:14:54",3103500
8130,-80,1100,"bu","14:14:44",3103400
8130,-80,500,"sd","14:14:23",3102300
8130,-80,5000,"sd","14:14:23",3101800
8130,-80,3000,"sd","14:14:23",3096800
8130,-80,100,"sd","14:14:23",3093800
8130,-80,500,"sd","14:14:23",3093700
8130,-80,100,"sd","14:14:23",3093200
8130,-80,1300,"sd","14:14:23",3093100
8130,-80,1000,"sd","14:14:22",3091800
8130,-80,100,"sd","14:13:44",3090800
8140,-70,100,"bu","14:13:40",3090700
8140,-70,500,"bu","14:13:40",3090600
8140,-70,500,"bu","14:13:29",3090100
8140,-70,2000,"bu","14:13:19",3089600
8140,-70,500,"bu","14:13:19",3087600
8140,-70,1000,"bu","14:13:19",3087100
8140,-70,500,"bu","14:13:19",3086100
8140,-70,100,"bu","14:13:01",3085600
8140,-70,800,"bu","14:12:15",3085500
8140,-70,100,"bu","14:12:06",3084700
8140,-70,3500,"bu","14:11:54",3084600
8140,-70,1000,"bu","14:11:54",3081100
8140,-70,700,"bu","14:11:54",3080100
8130,-80,1000,"bu","14:11:32",3079400
8130,-80,500,"bu","14:11:32",3078400
8130,-80,400,"bu","14:11:32",3077900
8130,-80,600,"sd","14:10:38",3077500
8130,-80,100,"bu","14:10:31",3076900
8130,-80,1000,"bu","14:10:31",3076800
8130,-80,300,"bu","14:10:31",3075800
8130,-80,700,"bu","14:10:27",3075500
8130,-80,200,"bu","14:10:27",3074800
8130,-80,100,"bu","14:10:27",3074600
8130,-80,100,"bu","14:10:18",3074500
8130,-80,200,"bu","14:10:08",3074400
8130,-80,300,"bu","14:10:08",3074200
8130,-80,100,"bu","14:10:03",3073900
8130,-80,600,"bu","14:10:02",3073800
8130,-80,5200,"bu","14:10:02",3073200
8130,-80,200,"bu","14:10:02",3068000
8130,-80,3000,"bu","14:09:55",3067800
8130,-80,3000,"bu","14:09:39",3064800
8120,-90,200,"sd","14:09:34",3061800
8120,-90,100,"bu","14:08:54",3061600
8120,-90,1000,"bu","14:08:51",3061500
8120,-90,100,"bu","14:08:47",3060500
8120,-90,500,"sd","14:08:46",3060400
8120,-90,300,"sd","14:08:46",3059900
8120,-90,3000,"sd","14:08:46",3059600
8120,-90,700,"bu","14:08:22",3056600
8120,-90,2300,"bu","14:08:22",3055900
8120,-90,100,"bu","14:08:22",3053600
8120,-90,2000,"bu","14:08:19",3053500
8120,-90,500,"bu","14:08:11",3051500
8120,-90,100,"bu","14:08:07",3051000
8120,-90,100,"bu","14:08:07",3050900
8120,-90,100,"bu","14:07:56",3050800
8120,-90,1000,"bu","14:07:56",3050700
8120,-90,2000,"bu","14:07:56",3049700
8120,-90,1900,"bu","14:07:56",3047700
8110,-100,300,"sd","14:07:54",3045800
8110,-100,200,"sd","14:07:54",3045500
8110,-100,300,"sd","14:07:23",3045300
8110,-100,700,"sd","14:07:23",3045000
8110,-100,300,"sd","14:07:00",3044300
8110,-100,1000,"sd","14:07:00",3044000
8110,-100,2700,"sd","14:07:00",3043000
8110,-100,1000,"sd","14:06:52",3040300
8110,-100,1200,"sd","14:06:47",3039300
8110,-100,100,"sd","14:06:39",3038100
8110,-100,400,"sd","14:06:39",3038000
8120,-90,2700,"bu","14:06:33",3037600
8110,-100,3000,"bu","14:06:01",3034900
8110,-100,300,"bu","14:05:57",3031900
8110,-100,300,"bu","14:05:45",3031600
8110,-100,1000,"sd","14:05:44",3031300
8110,-100,200,"sd","14:05:44",3030300
8110,-100,200,"sd","14:05:44",3030100
8120,-90,200,"bu","14:05:25",3029900
8110,-100,5000,"sd","14:05:24",3029700
8110,-100,500,"sd","14:05:24",3024700
8110,-100,1000,"sd","14:05:24",3024200
8110,-100,2000,"sd","14:05:24",3023200
8110,-100,1500,"sd","14:05:24",3021200
8120,-90,200,"bu","14:04:51",3019700
8110,-100,500,"sd","14:04:26",3019500
8100,-110,2000,"sd","14:03:53",3019000
8110,-100,800,"sd","14:03:53",3017000
8110,-100,2200,"sd","14:03:53",3016200
8100,-110,3100,"sd","14:03:44",3014000
8100,-110,100,"sd","14:03:44",3010900
8100,-110,100,"sd","14:03:44",3010800
8100,-110,1000,"sd","14:03:44",3010700
8100,-110,5900,"sd","14:03:44",3009700
8110,-100,1000,"sd","14:03:44",3003800
8110,-100,10000,"sd","14:03:44",3002800
8110,-100,5000,"sd","14:03:44",2992800
8110,-100,200,"sd","14:03:44",2987800
8110,-100,200,"sd","14:03:44",2987600
8110,-100,1000,"sd","14:03:44",2987400
8110,-100,100,"sd","14:03:44",2986400
8110,-100,1000,"sd","14:03:44",2986300
8110,-100,1000,"sd","14:03:44",2985300
8110,-100,300,"sd","14:03:44",2984300
8110,-100,200,"sd","14:03:44",2984000
8110,-100,100,"sd","14:02:42",2983800
8110,-100,100,"bu","14:02:26",2983700
8110,-100,800,"bu","14:02:26",2983600
8110,-100,1000,"bu","14:02:21",2982800
8110,-100,1000,"bu","14:02:11",2981800
8110,-100,200,"bu","14:01:54",2980800
8100,-110,1800,"sd","14:01:19",2980600
8110,-100,200,"sd","14:01:19",2978800
8110,-100,500,"sd","14:01:14",2978600
8110,-100,500,"bu","14:01:06",2978100
8110,-100,500,"sd","14:01:01",2977600
8110,-100,200,"sd","14:01:01",2977100
8110,-100,1000,"sd","14:01:01",2976900
8110,-100,200,"sd","14:01:01",2975900
8110,-100,100,"sd","14:01:01",2975700
8110,-100,200,"sd","14:01:01",2975600
8110,-100,1000,"sd","14:01:01",2975400
8110,-100,5000,"sd","14:01:01",2974400
8110,-100,1000,"sd","14:01:01",2969400
8110,-100,300,"sd","14:01:01",2968400
8110,-100,500,"sd","14:00:54",2968100
8110,-100,100,"sd","13:59:56",2967600
8110,-100,100,"sd","13:59:49",2967500
8110,-100,200,"sd","13:59:49",2967400
8110,-100,200,"sd","13:59:49",2967200
8110,-100,9800,"sd","13:59:44",2967000
8110,-100,500,"sd","13:59:44",2957200
8110,-100,1200,"sd","13:59:43",2956700
8110,-100,200,"sd","13:59:43",2955500
8110,-100,5000,"sd","13:59:43",2955300
8110,-100,5000,"sd","13:59:43",2950300
8110,-100,1000,"sd","13:59:43",2945300
8110,-100,500,"sd","13:59:43",2944300
8110,-100,1300,"sd","13:59:43",2943800
8110,-100,300,"sd","13:59:43",2942500
8110,-100,2000,"sd","13:59:43",2942200
8110,-100,100,"sd","13:59:43",2940200
8120,-90,1000,"sd","13:59:43",2940100
8120,-90,1000,"sd","13:59:43",2939100
8120,-90,1000,"sd","13:59:43",2938100
8120,-90,100,"sd","13:59:43",2937100
8120,-90,400,"bu","13:59:21",2937000
8120,-90,1000,"bu","13:59:04",2936600
8120,-90,1000,"bu","13:58:56",2935600
8120,-90,2000,"bu","13:58:53",2934600
8120,-90,500,"sd","13:58:52",2932600
8120,-90,700,"sd","13:58:52",2932100
8120,-90,1000,"sd","13:58:52",2931400
8120,-90,300,"sd","13:58:52",2930400
8120,-90,1000,"sd","13:58:52",2930100
8120,-90,1000,"sd","13:58:52",2929100
8120,-90,1000,"sd","13:58:52",2928100
8120,-90,2000,"sd","13:58:52",2927100
8120,-90,100,"sd","13:58:52",2925100
8120,-90,200,"sd","13:58:52",2925000
8120,-90,100,"sd","13:58:52",2924800
8120,-90,2000,"sd","13:58:52",2924700
8120,-90,100,"sd","13:58:52",2922700
8120,-90,100,"sd","13:58:52",2922600
8120,-90,5000,"sd","13:58:52",2922500
8120,-90,400,"sd","13:58:52",2917500
8120,-90,200,"sd","13:58:52",2917100
8120,-90,200,"sd","13:58:52",2916900
8120,-90,100,"sd","13:58:52",2916700
8130,-80,100,"bu","13:58:40",2916600
8120,-90,900,"sd","13:58:28",2916500
8120,-90,100,"sd","13:58:28",2915600
8130,-80,1000,"bu","13:58:14",2915500
8130,-80,2000,"bu","13:58:09",2914500
8130,-80,1000,"bu","13:58:09",2912500
8130,-80,100,"bu","13:57:26",2911500
8130,-80,100,"bu","13:57:25",2911400
8130,-80,500,"bu","13:57:17",2911300
8130,-80,1000,"bu","13:57:10",2910800
8130,-80,300,"sd","13:56:59",2909800
8130,-80,4700,"bu","13:56:41",2909500
8130,-80,200,"bu","13:56:39",2904800
8130,-80,100,"sd","13:56:11",2904600
8130,-80,400,"bu","13:55:58",2904500
8130,-80,1000,"bu","13:55:33",2904100
8130,-80,2000,"bu","13:55:32",2903100
8130,-80,200,"bu","13:55:27",2901100
8130,-80,2400,"bu","13:55:26",2900900
8130,-80,200,"sd","13:55:16",2898500
8130,-80,700,"sd","13:55:16",2898300
8130,-80,2000,"sd","13:55:16",2897600
8130,-80,1000,"sd","13:55:16",2895600
8130,-80,100,"sd","13:55:16",2894600
8130,-80,600,"sd","13:55:10",2894500
8140,-70,2700,"bu","13:54:50",2893900
8130,-80,300,"sd","13:54:47",2891200
8130,-80,100,"sd","13:54:47",2890900
8130,-80,200,"sd","13:54:47",2890800
8130,-80,400,"bu","13:54:15",2890600
8130,-80,400,"bu","13:54:15",2890200
8130,-80,1000,"bu","13:54:15",2889800
8130,-80,600,"bu","13:54:09",2888800
8130,-80,1000,"bu","13:54:09",2888200
8130,-80,800,"bu","13:54:09",2887200
8130,-80,1000,"bu","13:54:09",2886400
8130,-80,1600,"bu","13:54:09",2885400
8130,-80,800,"bu","13:54:01",2883800
8130,-80,200,"bu","13:53:50",2883000
8130,-80,3000,"bu","13:53:47",2882800
8130,-80,1000,"bu","13:53:39",2879800
8130,-80,1000,"bu","13:53:33",2878800
8130,-80,1000,"bu","13:53:24",2877800
8130,-80,1000,"bu","13:53:18",2876800
8120,-90,900,"sd","13:53:17",2875800
8120,-90,1000,"sd","13:53:17",2874900
8120,-90,100,"sd","13:53:17",2873900
8130,-80,400,"bu","13:52:53",2873800
8130,-80,100,"bu","13:52:53",2873400
8120,-90,100,"sd","13:52:03",2873300
8120,-90,900,"sd","13:52:03",2873200
8120,-90,1000,"sd","13:51:32",2872300
8140,-70,1300,"bu","13:51:08",2871300
8130,-80,400,"bu","13:51:08",2870000
8130,-80,600,"sd","13:51:05",2869600
8130,-80,400,"sd","13:50:58",2869000
8130,-80,100,"sd","13:50:58",2868600
8130,-80,500,"sd","13:50:58",2868500
8140,-70,2000,"bu","13:50:45",2868000
8140,-70,400,"bu","13:50:36",2866000
8140,-70,700,"bu","13:50:34",2865600
8130,-80,5000,"sd","13:49:57",2864900
8130,-80,1000,"sd","13:49:54",2859900
8130,-80,600,"sd","13:49:41",2858900
8130,-80,2000,"sd","13:49:30",2858300
8120,-90,100,"sd","13:49:16",2856300
8120,-90,200,"sd","13:49:16",2856200
8130,-80,100,"sd","13:49:16",2856000
8130,-80,2200,"bu","13:49:15",2855900
8130,-80,800,"bu","13:48:57",2853700
8130,-80,200,"bu","13:48:57",2852900
8130,-80,200,"bu","13:48:50",2852700
8120,-90,300,"sd","13:48:43",2852500
8120,-90,1000,"sd","13:48:43",2852200
8120,-90,1000,"sd","13:48:43",2851200
8120,-90,100,"sd","13:48:43",2850200
8120,-90,300,"sd","13:48:43",2850100
8130,-80,1000,"sd","13:48:28",2849800
8130,-80,200,"sd","13:48:28",2848800
8130,-80,200,"sd","13:48:17",2848600
8130,-80,200,"sd","13:48:15",2848400
8130,-80,300,"sd","13:48:13",2848200
8130,-80,1000,"sd","13:48:13",2847900
8130,-80,100,"sd","13:48:13",2846900
8130,-80,600,"sd","13:48:13",2846800
8130,-80,200,"sd","13:48:10",2846200
8130,-80,500,"sd","13:47:19",2846000
8130,-80,1700,"sd","13:47:05",2845500
8130,-80,100,"sd","13:47:05",2843800
8130,-80,5000,"sd","13:47:05",2843700
8130,-80,500,"sd","13:47:05",2838700
8130,-80,700,"sd","13:47:05",2838200
8130,-80,2000,"sd","13:47:05",2837500
8140,-70,100,"sd","13:46:56",2835500
8140,-70,400,"sd","13:46:56",2835400
8140,-70,3000,"sd","13:46:56",2835000
8140,-70,700,"sd","13:46:56",2832000
8140,-70,8000,"sd","13:46:56",2831300
8140,-70,3900,"sd","13:46:51",2823300
8140,-70,100,"sd","13:46:31",2819400
8140,-70,1800,"sd","13:46:31",2819300
8140,-70,900,"sd","13:46:23",2817500
8140,-70,100,"sd","13:45:52",2816600
8150,-60,600,"bu","13:45:49",2816500
8150,-60,2000,"bu","13:45:41",2815900
8150,-60,2100,"bu","13:45:40",2813900
8150,-60,300,"bu","13:45:40",2811800
8150,-60,1000,"bu","13:45:40",2811500
8150,-60,3000,"bu","13:45:40",2810500
8150,-60,1000,"bu","13:45:31",2807500
8150,-60,5000,"bu","13:45:27",2806500
8150,-60,600,"bu","13:45:23",2801500
8150,-60,600,"bu","13:45:16",2800900
8150,-60,1000,"bu","13:44:59",2800300
8150,-60,1200,"bu","13:44:51",2799300
8150,-60,200,"bu","13:44:37",2798100
8150,-60,600,"bu","13:44:07",2797900
8140,-70,100,"sd","13:44:01",2797300
8150,-60,700,"bu","13:43:39",2797200
8150,-60,200,"bu","13:43:16",2796500
8150,-60,100,"bu","13:43:09",2796300
8150,-60,100,"bu","13:42:56",2796200
8150,-60,100,"bu","13:42:54",2796100
8150,-60,300,"bu","13:42:30",2796000
8150,-60,200,"bu","13:41:59",2795700
8140,-70,100,"sd","13:41:54",2795500
8150,-60,700,"bu","13:41:46",2795400
8150,-60,1400,"bu","13:41:16",2794700
8140,-70,1600,"bu","13:41:16",2793300
8140,-70,3400,"bu","13:41:15",2791700
8130,-80,200,"sd","13:41:13",2788300
8150,-60,1000,"sd","13:40:47",2788100
8150,-60,2400,"sd","13:40:47",2787100
8160,-50,1000,"sd","13:40:47",2784700
8160,-50,2000,"bu","13:40:39",2783700
8150,-60,6800,"sd","13:40:39",2781700
8150,-60,11700,"sd","13:40:39",2774900
8160,-50,400,"bu","13:40:33",2763200
8160,-50,1600,"bu","13:40:33",2762800
8160,-50,100,"bu","13:40:27",2761200
8160,-50,1000,"bu","13:40:12",2761100
8160,-50,300,"bu","13:40:09",2760100
8160,-50,500,"bu","13:40:08",2759800
8160,-50,2200,"bu","13:39:58",2759300
8160,-50,500,"bu","13:39:49",2757100
8160,-50,400,"sd","13:39:41",2756600
8160,-50,100,"bu","13:39:36",2756200
8160,-50,200,"bu","13:39:36",2756100
8160,-50,500,"bu","13:39:35",2755900
8160,-50,300,"bu","13:39:32",2755400
8160,-50,100,"bu","13:39:32",2755100
8160,-50,1600,"bu","13:39:32",2755000
8160,-50,100,"bu","13:38:55",2753400
8160,-50,100,"bu","13:38:44",2753300
8160,-50,2300,"bu","13:38:43",2753200
8160,-50,5000,"bu","13:38:25",2750900
8150,-60,100,"bu","13:38:09",2745900
8150,-60,8200,"bu","13:38:09",2745800
8140,-70,100,"bu","13:38:01",2737600
8140,-70,800,"bu","13:37:47",2737500
8130,-80,100,"sd","13:37:31",2736700
8130,-80,7000,"sd","13:37:22",2736600
8130,-80,2000,"sd","13:37:22",2729600
8130,-80,1000,"sd","13:37:22",2727600
8140,-70,1400,"bu","13:37:16",2726600
8140,-70,600,"bu","13:37:16",2725200
8140,-70,300,"bu","13:37:03",2724600
8140,-70,2000,"sd","13:37:02",2724300
8140,-70,4000,"sd","13:37:02",2722300
8140,-70,600,"sd","13:37:02",2718300
8150,-60,300,"bu","13:36:52",2717700
8150,-60,200,"bu","13:36:52",2717400
8150,-60,1300,"sd","13:36:48",2717200
8150,-60,200,"bu","13:36:26",2715900
8150,-60,300,"sd","13:36:24",2715700
8150,-60,1700,"sd","13:36:15",2715400
8150,-60,2000,"bu","13:36:09",2713700
8150,-60,500,"bu","13:36:05",2711700
8150,-60,500,"sd","13:35:55",2711200
8150,-60,2000,"sd","13:35:55",2710700
8150,-60,3000,"sd","13:35:55",2708700
8150,-60,300,"sd","13:35:55",2705700
8150,-60,200,"sd","13:35:55",2705400
8150,-60,1500,"sd","13:35:55",2705200
8160,-50,900,"bu","13:35:55",2703700
8160,-50,300,"bu","13:35:55",2702800
8160,-50,200,"bu","13:35:55",2702500
8150,-60,500,"bu","13:35:00",2702300
8150,-60,4500,"unknown","13:34:56",2701800
8150,-60,5000,"bu","13:34:48",2697300
8150,-60,4000,"bu","13:34:37",2692300
8150,-60,100,"bu","13:34:30",2688300
8150,-60,900,"sd","13:34:18",2688200
8150,-60,500,"bu","13:34:12",2687300
8150,-60,100,"bu","13:34:12",2686800
8150,-60,600,"bu","13:34:12",2686700
8150,-60,4900,"bu","13:34:12",2686100
8150,-60,1000,"bu","13:33:55",2681200
8140,-70,100,"sd","13:33:48",2680200
8140,-70,100,"sd","13:33:42",2680100
8140,-70,100,"bu","13:33:36",2680000
8140,-70,100,"bu","13:33:36",2679900
8140,-70,100,"sd","13:33:22",2679800
8140,-70,100,"sd","13:33:22",2679700
8140,-70,100,"sd","13:32:56",2679600
8140,-70,800,"sd","13:32:23",2679500
8140,-70,700,"sd","13:32:23",2678700
8150,-60,100,"bu","13:32:23",2678000
8150,-60,500,"bu","13:32:21",2677900
8150,-60,3000,"bu","13:32:05",2677400
8150,-60,2000,"bu","13:32:05",2674400
8140,-70,400,"sd","13:31:49",2672400
8150,-60,200,"bu","13:31:47",2672000
8150,-60,300,"bu","13:31:33",2671800
8140,-70,1500,"sd","13:31:28",2671500
8140,-70,2400,"sd","13:31:20",2670000
8140,-70,1000,"sd","13:31:20",2667600
8140,-70,100,"sd","13:31:20",2666600
8140,-70,1000,"sd","13:31:20",2666500
8140,-70,500,"sd","13:31:20",2665500
8140,-70,1000,"sd","13:31:20",2665000
8140,-70,100,"sd","13:31:20",2664000
8140,-70,3500,"sd","13:31:20",2663900
8150,-60,100,"sd","13:31:20",2660400
8160,-50,400,"bu","13:31:18",2660300
8160,-50,500,"bu","13:31:18",2659900
8160,-50,100,"bu","13:31:18",2659400
8150,-60,300,"sd","13:31:15",2659300
8150,-60,600,"sd","13:31:06",2659000
8150,-60,200,"sd","13:31:06",2658400
8150,-60,500,"sd","13:31:06",2658200
8150,-60,1700,"sd","13:31:06",2657700
8150,-60,200,"sd","13:31:06",2656000
8150,-60,2000,"sd","13:31:06",2655800
8150,-60,1000,"sd","13:31:06",2653800
8160,-50,400,"bu","13:31:05",2652800
8160,-50,600,"bu","13:31:05",2652400
8160,-50,300,"bu","13:30:50",2651800
8160,-50,1000,"sd","13:30:40",2651500
8160,-50,500,"sd","13:30:40",2650500
8160,-50,1000,"sd","13:30:40",2650000
8160,-50,1600,"sd","13:30:40",2649000
8160,-50,100,"sd","13:30:33",2647400
8160,-50,1100,"sd","13:30:27",2647300
8160,-50,200,"sd","13:30:10",2646200
8160,-50,1800,"sd","13:30:10",2646000
8160,-50,100,"sd","13:30:04",2644200
8160,-50,100,"sd","13:29:46",2644100
8160,-50,100,"sd","13:29:46",2644000
8170,-40,400,"bu","13:29:38",2643900
8170,-40,500,"bu","13:29:35",2643500
8170,-40,600,"sd","13:29:34",2643000
8170,-40,300,"sd","13:29:31",2642400
8170,-40,100,"bu","13:29:30",2642100
8170,-40,200,"bu","13:29:24",2642000
8170,-40,1800,"sd","13:29:18",2641800
8170,-40,100,"sd","13:29:11",2640000
8170,-40,100,"sd","13:29:00",2639900
8180,-30,100,"sd","13:28:32",2639800
8180,-30,100,"sd","13:28:31",2639700
8180,-30,300,"sd","13:28:29",2639600
8180,-30,100,"sd","13:28:29",2639300
8180,-30,2700,"sd","13:28:29",2639200
8180,-30,1000,"sd","13:28:29",2636500
8180,-30,1000,"sd","13:28:29",2635500
8180,-30,500,"sd","13:28:29",2634500
8180,-30,600,"sd","13:28:29",2634000
8180,-30,1000,"sd","13:28:21",2633400
8180,-30,2700,"sd","13:27:54",2632400
8190,-20,3000,"bu","13:27:47",2629700
8190,-20,2000,"bu","13:26:29",2626700
8190,-20,1000,"bu","13:26:16",2624700
8180,-30,600,"sd","13:26:15",2623700
8180,-30,100,"sd","13:26:15",2623100
8190,-20,2400,"bu","13:26:15",2623000
8190,-20,100,"bu","13:26:15",2620600
8190,-20,100,"bu","13:26:15",2620500
8190,-20,1500,"bu","13:26:15",2620400
8190,-20,900,"bu","13:26:15",2618900
8190,-20,800,"bu","13:26:15",2618000
8190,-20,1000,"bu","13:26:11",2617200
8190,-20,2400,"bu","13:25:47",2616200
8180,-30,500,"sd","13:25:34",2613800
8190,-20,3700,"bu","13:25:30",2613300
8180,-30,1000,"sd","13:25:24",2609600
8190,-20,500,"sd","13:25:14",2608600
8190,-20,600,"sd","13:25:14",2608100
8190,-20,3000,"sd","13:25:14",2607500
8190,-20,800,"sd","13:25:14",2604500
8190,-20,1300,"sd","13:25:14",2603700
8200,-10,100,"bu","13:25:10",2602400
8190,-20,100,"sd","13:25:04",2602300
8200,-10,1700,"bu","13:25:01",2602200
8200,-10,2000,"bu","13:25:01",2600500
8200,-10,2000,"bu","13:25:01",2598500
8200,-10,1000,"bu","13:25:01",2596500
8200,-10,300,"bu","13:25:01",2595500
8200,-10,500,"bu","13:25:01",2595200
8200,-10,4700,"bu","13:25:01",2594700
8200,-10,500,"bu","13:24:56",2590000
8190,-20,1000,"sd","13:24:47",2589500
8190,-20,1000,"bu","13:24:37",2588500
8190,-20,5000,"bu","13:24:37",2587500
8180,-30,1000,"bu","13:24:18",2582500
8180,-30,500,"bu","13:24:18",2581500
8180,-30,100,"bu","13:24:18",2581000
8180,-30,300,"bu","13:24:18",2580900
8180,-30,200,"bu","13:24:11",2580600
8180,-30,800,"bu","13:24:11",2580400
8180,-30,200,"bu","13:24:06",2579600
8170,-40,200,"bu","13:23:53",2579400
8170,-40,500,"bu","13:23:53",2579200
8170,-40,900,"bu","13:23:53",2578700
8170,-40,100,"bu","13:23:40",2577800
8160,-50,200,"bu","13:23:33",2577700
8160,-50,1100,"bu","13:23:33",2577500
8160,-50,300,"bu","13:23:29",2576400
8160,-50,700,"bu","13:23:22",2576100
8160,-50,100,"bu","13:23:22",2575400
8160,-50,300,"bu","13:23:22",2575300
8160,-50,100,"bu","13:23:22",2575000
8160,-50,100,"bu","13:23:22",2574900
8160,-50,700,"bu","13:23:22",2574800
8160,-50,100,"bu","13:23:04",2574100
8150,-60,100,"sd","13:22:51",2574000
8150,-60,100,"sd","13:22:26",2573900
8160,-50,200,"bu","13:22:25",2573800
8150,-60,100,"sd","13:22:18",2573600
8150,-60,600,"bu","13:22:17",2573500
8140,-70,500,"sd","13:22:09",2572900
8140,-70,100,"sd","13:21:54",2572400
8150,-60,9400,"bu","13:21:52",2572300
8150,-60,3000,"bu","13:21:52",2562900
8150,-60,200,"bu","13:21:52",2559900
8150,-60,500,"bu","13:21:52",2559700
8150,-60,1400,"bu","13:21:52",2559200
8150,-60,1000,"bu","13:21:52",2557800
8150,-60,10000,"bu","13:21:52",2556800
8150,-60,1000,"bu","13:21:52",2546800
8150,-60,3000,"bu","13:21:52",2545800
8150,-60,900,"bu","13:21:52",2542800
8150,-60,2600,"bu","13:21:52",2541900
8150,-60,1000,"bu","13:21:52",2539300
8140,-70,1000,"sd","13:21:49",2538300
8140,-70,400,"sd","13:21:44",2537300
8140,-70,500,"bu","13:21:38",2536900
8140,-70,500,"bu","13:21:38",2536400
8140,-70,500,"bu","13:21:38",2535900
8140,-70,200,"bu","13:21:34",2535400
8140,-70,1000,"bu","13:21:28",2535200
8140,-70,1000,"bu","13:21:23",2534200
8140,-70,5000,"bu","13:21:22",2533200
8140,-70,1500,"bu","13:21:17",2528200
8140,-70,500,"bu","13:21:15",2526700
8140,-70,100,"bu","13:21:11",2526200
8140,-70,200,"bu","13:21:10",2526100
8140,-70,1200,"bu","13:21:10",2525900
8140,-70,100,"bu","13:21:10",2524700
8140,-70,500,"bu","13:21:10",2524600
8140,-70,500,"bu","13:21:10",2524100
8140,-70,100,"bu","13:20:53",2523600
8130,-80,100,"sd","13:20:44",2523500
8130,-80,100,"bu","13:20:12",2523400
8130,-80,400,"bu","13:20:11",2523300
8130,-80,100,"bu","13:20:11",2522900
8130,-80,300,"bu","13:20:06",2522800
8130,-80,100,"bu","13:20:05",2522500
8130,-80,1000,"bu","13:20:05",2522400
8130,-80,1000,"bu","13:20:05",2521400
8130,-80,100,"bu","13:20:05",2520400
8130,-80,10000,"bu","13:20:05",2520300
8130,-80,7500,"bu","13:20:05",2510300
8130,-80,200,"bu","13:20:01",2502800
8130,-80,1000,"bu","13:19:47",2502600
8120,-90,500,"sd","13:19:24",2501600
8120,-90,100,"sd","13:19:22",2501100
8120,-90,1000,"sd","13:18:55",2501000
8120,-90,100,"sd","13:18:37",2500000
8120,-90,900,"sd","13:18:37",2499900
8120,-90,500,"bu","13:18:29",2499000
8120,-90,2500,"bu","13:18:29",2498500
8120,-90,200,"bu","13:18:29",2496000
8120,-90,1000,"bu","13:18:29",2495800
8120,-90,1000,"bu","13:18:29",2494800
8120,-90,3900,"bu","13:18:29",2493800
8120,-90,1000,"bu","13:18:25",2489900
8120,-90,200,"bu","13:18:20",2488900
8120,-90,10000,"bu","13:18:13",2488700
8120,-90,2000,"bu","13:18:07",2478700
8120,-90,100,"bu","13:18:02",2476700
8110,-100,100,"sd","13:17:19",2476600
8110,-100,100,"sd","13:17:19",2476500
8110,-100,2200,"sd","13:17:19",2476400
8110,-100,600,"sd","13:17:19",2474200
8110,-100,100,"sd","13:17:14",2473600
8120,-90,300,"bu","13:17:07",2473500
8110,-100,100,"sd","13:16:38",2473200
8110,-100,100,"sd","13:16:38",2473100
8110,-100,100,"sd","13:16:18",2473000
8120,-90,200,"bu","13:16:17",2472900
8120,-90,100,"bu","13:15:55",2472700
8110,-100,100,"sd","13:15:33",2472600
8110,-100,3900,"sd","13:15:30",2472500
8110,-100,1100,"sd","13:15:30",2468600
8110,-100,900,"sd","13:15:27",2467500
8110,-100,100,"sd","13:15:27",2466600
8110,-100,1000,"sd","13:15:27",2466500
8110,-100,1000,"sd","13:15:01",2465500
8120,-90,1000,"bu","13:14:55",2464500
8120,-90,200,"bu","13:14:34",2463500
8120,-90,200,"sd","13:14:03",2463300
8120,-90,100,"sd","13:14:03",2463100
8120,-90,200,"sd","13:14:03",2463000
8120,-90,200,"sd","13:14:03",2462800
8120,-90,1300,"sd","13:14:03",2462600
8130,-80,100,"bu","13:13:46",2461300
8130,-80,300,"bu","13:13:32",2461200
8120,-90,100,"sd","13:13:13",2460900
8120,-90,500,"sd","13:13:12",2460800
8120,-90,100,"sd","13:13:04",2460300
8130,-80,900,"bu","13:13:03",2460200
8130,-80,1000,"bu","13:13:03",2459300
8130,-80,1000,"bu","13:13:03",2458300
8130,-80,100,"bu","13:13:03",2457300
8120,-90,200,"bu","13:12:37",2457200
8120,-90,100,"bu","13:12:11",2457000
8120,-90,1700,"bu","13:11:52",2456900
8120,-90,300,"bu","13:11:52",2455200
8120,-90,200,"bu","13:11:45",2454900
8120,-90,300,"bu","13:11:30",2454700
8120,-90,1000,"bu","13:11:30",2454400
8120,-90,200,"bu","13:11:30",2453400
8110,-100,800,"sd","13:11:24",2453200
8110,-100,100,"sd","13:11:24",2452400
8110,-100,4000,"sd","13:11:12",2452300
8110,-100,200,"sd","13:10:47",2448300
8110,-100,500,"bu","13:10:42",2448100
8110,-100,1000,"bu","13:10:42",2447600
8110,-100,1000,"bu","13:10:42",2446600
8110,-100,100,"bu","13:10:42",2445600
8110,-100,100,"bu","13:10:42",2445500
8100,-110,1800,"bu","13:10:35",2445400
8100,-110,500,"bu","13:10:35",2443600
8100,-110,500,"bu","13:10:32",2443100
8100,-110,1000,"bu","13:10:32",2442600
8100,-110,500,"bu","13:10:32",2441600
8100,-110,1200,"bu","13:10:32",2441100
8100,-110,1200,"bu","13:10:32",2439900
8100,-110,200,"bu","13:10:32",2438700
8100,-110,3000,"bu","13:10:32",2438500
8100,-110,3000,"bu","13:10:32",2435500
8100,-110,100,"bu","13:10:32",2432500
8100,-110,600,"bu","13:10:32",2432400
8100,-110,2000,"bu","13:10:32",2431800
8100,-110,2000,"bu","13:10:32",2429800
8100,-110,100,"bu","13:10:32",2427800
8100,-110,1200,"bu","13:10:32",2427700
8100,-110,5000,"bu","13:10:32",2426500
8100,-110,3400,"bu","13:10:32",2421500
8100,-110,1600,"bu","13:10:28",2418100
8100,-110,400,"bu","13:10:28",2416500
8100,-110,1100,"bu","13:10:21",2416100
8100,-110,1000,"bu","13:10:21",2415000
8100,-110,4000,"bu","13:10:21",2414000
8100,-110,400,"bu","13:10:21",2410000
8100,-110,500,"bu","13:10:21",2409600
8100,-110,500,"bu","13:10:21",2409100
8100,-110,100,"bu","13:10:21",2408600
8100,-110,12400,"bu","13:10:21",2408500
8090,-120,1100,"sd","13:10:02",2396100
8090,-120,300,"bu","13:09:37",2395000
8090,-120,100,"sd","13:09:32",2394700
8100,-110,300,"bu","13:09:13",2394600
8090,-120,700,"sd","13:08:54",2394300
8090,-120,100,"sd","13:08:54",2393600
8090,-120,200,"sd","13:08:54",2393500
8090,-120,800,"sd","13:08:51",2393300
8090,-120,200,"sd","13:08:51",2392500
8090,-120,2800,"sd","13:08:43",2392300
8090,-120,100,"sd","13:08:43",2389500
8090,-120,1200,"sd","13:08:43",2389400
8090,-120,200,"sd","13:08:43",2388200
8090,-120,2000,"sd","13:08:43",2388000
8090,-120,5700,"sd","13:08:43",2386000
8090,-120,700,"sd","13:08:39",2380300
8090,-120,500,"sd","13:07:38",2379600
8100,-110,300,"bu","13:07:20",2379100
8100,-110,600,"bu","13:07:20",2378800
8100,-110,100,"bu","13:07:20",2378200
8090,-120,3000,"sd","13:07:18",2378100
8090,-120,1000,"sd","13:07:17",2375100
8090,-120,5000,"sd","13:07:11",2374100
8090,-120,100,"bu","13:06:28",2369100
8090,-120,200,"bu","13:06:28",2369000
8090,-120,3100,"bu","13:06:28",2368800
8090,-120,700,"bu","13:06:28",2365700
8080,-130,200,"sd","13:06:13",2365000
8080,-130,2000,"sd","13:05:56",2364800
8080,-130,2900,"sd","13:05:37",2362800
8080,-130,3000,"sd","13:05:23",2359900
8080,-130,1000,"sd","13:05:23",2356900
8080,-130,5000,"sd","13:05:05",2355900
8080,-130,20000,"sd","13:04:54",2350900
8080,-130,1000,"sd","13:04:48",2330900
8090,-120,100,"bu","13:04:45",2329900
8080,-130,100,"sd","13:04:38",2329800
8090,-120,300,"bu","13:04:36",2329700
8090,-120,100,"bu","13:04:13",2329400
8090,-120,500,"bu","13:03:59",2329300
8090,-120,400,"bu","13:03:51",2328800
8090,-120,3700,"bu","13:03:47",2328400
8090,-120,500,"bu","13:03:47",2324700
8090,-120,800,"bu","13:03:47",2324200
8090,-120,100,"bu","13:03:03",2323400
8090,-120,1300,"sd","13:02:07",2323300
8090,-120,200,"bu","13:01:54",2322000
8090,-120,1500,"bu","13:01:36",2321800
8090,-120,800,"bu","13:01:33",2320300
8090,-120,200,"bu","13:01:33",2319500
8090,-120,200,"bu","13:01:31",2319300
8090,-120,4600,"bu","13:01:07",2319100
8090,-120,400,"bu","13:01:07",2314500
8090,-120,600,"sd","13:01:04",2314100
8090,-120,2000,"bu","13:00:53",2313500
8090,-120,400,"bu","13:00:53",2311500
8090,-120,1600,"bu","13:00:27",2311100
8090,-120,100,"bu","13:00:27",2309500
8090,-120,3300,"bu","13:00:27",2309400
8080,-130,500,"sd","13:00:27",2306100
8080,-130,200,"sd","13:00:20",2305600
8080,-130,100,"sd","13:00:19",2305400
8080,-130,3500,"sd","13:00:19",2305300
8080,-130,1000,"sd","13:00:13",2301800
8080,-130,5000,"sd","13:00:11",2300800
8080,-130,300,"sd","13:00:11",2295800
8080,-130,2000,"sd","13:00:08",2295500
8080,-130,100,"sd","13:00:07",2293500
8080,-130,400,"bu","13:00:05",2293400
8080,-130,1000,"bu","13:00:05",2293000
8080,-130,1000,"bu","13:00:05",2292000
8080,-130,100,"bu","13:00:05",2291000
8080,-130,800,"bu","13:00:05",2290900
8080,-130,200,"bu","13:00:05",2290100
8080,-130,2000,"bu","13:00:05",2289900
8070,-140,500,"sd","13:00:04",2287900
8080,-130,500,"bu","13:00:04",2287400
8080,-130,500,"bu","13:00:04",2286900
8070,-140,500,"sd","13:00:03",2286400
8080,-130,2000,"bu","13:00:02",2285900
8080,-130,1000,"bu","13:00:02",2283900
8070,-140,200,"sd","13:00:02",2282900
8070,-140,400,"sd","13:00:02",2282700
8080,-130,500,"bu","13:00:02",2282300
8080,-130,100,"bu","13:00:02",2281800
8070,-140,100,"sd","13:00:01",2281700
8070,-140,1000,"sd","13:00:01",2281600
8080,-130,400,"bu","13:00:01",2280600
8080,-130,3800,"bu","13:00:01",2280200
8070,-140,1500,"sd","13:00:01",2276400
8070,-140,1000,"sd","13:00:01",2274900
8070,-140,500,"sd","13:00:01",2273900
8080,-130,1000,"bu","13:00:01",2273400
8070,-140,100,"sd","13:00:01",2272400
8080,-130,10300,"bu","11:29:26",2272300
8080,-130,200,"bu","11:29:26",2262000
8070,-140,400,"bu","11:28:56",2261800
8070,-140,600,"bu","11:28:36",2261400
8070,-140,100,"bu","11:28:25",2260800
8070,-140,2000,"bu","11:28:08",2260700
8060,-150,200,"sd","11:27:40",2258700
8070,-140,800,"bu","11:27:16",2258500
8070,-140,2000,"bu","11:26:48",2257700
8070,-140,4100,"bu","11:26:40",2255700
8070,-140,1000,"bu","11:26:40",2251600
8070,-140,400,"bu","11:26:40",2250600
8070,-140,100,"bu","11:26:40",2250200
8060,-150,400,"sd","11:26:37",2250100
8060,-150,200,"sd","11:26:37",2249700
8060,-150,1800,"sd","11:26:18",2249500
8060,-150,1200,"sd","11:26:18",2247700
8060,-150,300,"bu","11:26:09",2246500
8060,-150,1000,"bu","11:25:58",2246200
8050,-160,8800,"sd","11:25:17",2245200
8050,-160,9100,"sd","11:24:42",2236400
8050,-160,100,"sd","11:24:42",2227300
8050,-160,2000,"sd","11:24:42",2227200
8050,-160,600,"sd","11:24:42",2225200
8050,-160,100,"sd","11:24:42",2224600
8050,-160,500,"sd","11:24:42",2224500
8050,-160,5000,"sd","11:24:42",2224000
8050,-160,5000,"sd","11:24:42",2219000
8050,-160,5000,"sd","11:24:42",2214000
8050,-160,6100,"sd","11:24:41",2209000
8050,-160,200,"sd","11:24:41",2202900
8050,-160,500,"sd","11:24:41",2202700
8050,-160,500,"sd","11:24:41",2202200
8050,-160,3500,"sd","11:24:41",2201700
8050,-160,1200,"sd","11:24:41",2198200
8050,-160,2000,"sd","11:24:41",2197000
8050,-160,2000,"sd","11:24:41",2195000
8050,-160,100,"sd","11:24:41",2193000
8050,-160,100,"sd","11:24:41",2192900
8050,-160,300,"sd","11:24:41",2192800
8050,-160,400,"sd","11:24:41",2192500
8050,-160,4500,"sd","11:24:41",2192100
8060,-150,300,"sd","11:23:42",2187600
8060,-150,400,"sd","11:23:42",2187300
8060,-150,5000,"sd","11:23:42",2186900
8060,-150,3000,"sd","11:23:42",2181900
8070,-140,1000,"bu","11:23:02",2178900
8060,-150,2000,"sd","11:22:16",2177900
8060,-150,100,"sd","11:22:16",2175900
8070,-140,1000,"bu","11:22:16",2175800
8060,-150,100,"sd","11:22:13",2174800
8060,-150,4800,"bu","11:21:17",2174700
8050,-160,500,"sd","11:21:05",2169900
8050,-160,100,"sd","11:21:05",2169400
8050,-160,400,"sd","11:21:05",2169300
8050,-160,200,"sd","11:20:29",2168900
8060,-150,200,"sd","11:20:25",2168700
8060,-150,400,"sd","11:20:23",2168500
8060,-150,800,"bu","11:20:17",2168100
8060,-150,500,"bu","11:20:17",2167300
8060,-150,300,"bu","11:20:17",2166800
8060,-150,6200,"bu","11:20:17",2166500
8060,-150,1600,"bu","11:20:17",2160300
8060,-150,1000,"bu","11:19:51",2158700
8060,-150,100,"bu","11:18:57",2157700
8060,-150,1000,"bu","11:18:29",2157600
8060,-150,300,"bu","11:18:23",2156600
8060,-150,1000,"bu","11:17:44",2156300
8070,-140,100,"bu","11:17:25",2155300
8050,-160,1500,"sd","11:16:57",2155200
8060,-150,500,"sd","11:16:57",2153700
8060,-150,3000,"sd","11:16:57",2153200
8050,-160,400,"sd","11:15:49",2150200
8050,-160,1000,"sd","11:15:19",2149800
8050,-160,3000,"sd","11:15:19",2148800
8050,-160,1000,"sd","11:15:19",2145800
8050,-160,10000,"sd","11:15:19",2144800
8050,-160,400,"sd","11:15:19",2134800
8050,-160,5000,"sd","11:15:19",2134400
8050,-160,1000,"sd","11:15:19",2129400
8050,-160,2000,"sd","11:15:19",2128400
8050,-160,500,"sd","11:15:19",2126400
8050,-160,100,"sd","11:15:19",2125900
8050,-160,200,"sd","11:15:19",2125800
8060,-150,500,"sd","11:15:19",2125600
8070,-140,500,"bu","11:13:56",2125100
8050,-160,300,"sd","11:13:55",2124600
8050,-160,100,"sd","11:13:55",2124300
8070,-140,200,"bu","11:13:26",2124200
8070,-140,200,"bu","11:13:09",2124000
8070,-140,1300,"bu","11:12:33",2123800
8060,-150,700,"bu","11:12:33",2122500
8060,-150,1300,"sd","11:12:31",2121800
8060,-150,2000,"sd","11:11:18",2120500
8070,-140,1200,"bu","11:11:13",2118500
8060,-150,1700,"sd","11:11:03",2117300
8060,-150,1000,"sd","11:11:03",2115600
8060,-150,100,"sd","11:11:03",2114600
8070,-140,500,"bu","11:10:55",2114500
8070,-140,1000,"bu","11:10:45",2114000
8070,-140,7900,"sd","11:10:28",2113000
8070,-140,2100,"sd","11:10:13",2105100
8070,-140,1600,"sd","11:10:13",2103000
8070,-140,300,"sd","11:09:49",2101400
8070,-140,3000,"sd","11:09:36",2101100
8080,-130,500,"bu","11:08:40",2098100
8070,-140,500,"sd","11:08:39",2097600
8080,-130,200,"sd","11:08:14",2097100
8080,-130,200,"sd","11:08:14",2096900
8080,-130,400,"sd","11:08:14",2096700
8080,-130,5000,"sd","11:08:14",2096300
8080,-130,2000,"sd","11:08:14",2091300
8080,-130,22600,"sd","11:08:14",2089300
8080,-130,2000,"sd","11:07:35",2066700
8090,-120,100,"bu","11:07:32",2064700
8080,-130,2700,"sd","11:07:23",2064600
8080,-130,1000,"sd","11:07:11",2061900
8080,-130,1000,"sd","11:07:08",2060900
8080,-130,100,"sd","11:06:45",2059900
8080,-130,300,"sd","11:06:39",2059800
8080,-130,300,"sd","11:06:20",2059500
8090,-120,1100,"bu","11:05:48",2059200
8090,-120,400,"bu","11:05:09",2058100
8090,-120,4000,"bu","11:04:43",2057700
8080,-130,200,"sd","11:04:39",2053700
8090,-120,300,"sd","11:04:34",2053500
8090,-120,800,"sd","11:04:34",2053200
8090,-120,200,"sd","11:04:12",2052400
8090,-120,500,"sd","11:04:12",2052200
8090,-120,700,"sd","11:04:02",2051700
8090,-120,500,"sd","11:04:02",2051000
8090,-120,1000,"sd","11:04:02",2050500
8090,-120,500,"sd","11:04:02",2049500
8090,-120,300,"sd","11:04:02",2049000
8100,-110,100,"bu","11:03:29",2048700
8100,-110,100,"bu","11:03:06",2048600
8090,-120,100,"sd","11:02:59",2048500
8100,-110,2000,"bu","11:02:43",2048400
8090,-120,100,"sd","11:02:30",2046400
8100,-110,1500,"bu","11:02:24",2046300
8090,-120,400,"sd","11:02:05",2044800
8100,-110,1000,"bu","11:02:03",2044400
8100,-110,2200,"bu","11:01:42",2043400
8100,-110,200,"bu","11:01:42",2041200
8100,-110,3000,"bu","11:01:42",2041000
8100,-110,100,"bu","11:01:42",2038000
8100,-110,500,"bu","11:01:42",2037900
8090,-120,1100,"bu","11:01:16",2037400
8090,-120,900,"bu","11:00:41",2036300
8090,-120,100,"bu","11:00:41",2035400
8090,-120,200,"bu","11:00:24",2035300
8090,-120,300,"bu","11:00:23",2035100
8090,-120,100,"bu","11:00:21",2034800
8090,-120,300,"bu","11:00:16",2034700
8090,-120,700,"bu","11:00:16",2034400
8080,-130,3600,"bu","11:00:16",2033700
8080,-130,300,"sd","11:00:15",2030100
8080,-130,100,"sd","11:00:15",2029800
8080,-130,1000,"sd","11:00:15",2029700
8090,-120,1200,"bu","11:00:06",2028700
8090,-120,100,"bu","10:59:38",2027500
8080,-130,600,"bu","10:58:23",2027400
8080,-130,500,"sd","10:58:19",2026800
8080,-130,200,"sd","10:58:19",2026300
8080,-130,100,"sd","10:58:19",2026100
8080,-130,100,"sd","10:58:19",2026000
8080,-130,500,"sd","10:58:19",2025900
8080,-130,1300,"bu","10:57:19",2025400
8080,-130,200,"bu","10:57:19",2024100
8080,-130,100,"bu","10:57:18",2023900
8080,-130,900,"bu","10:57:18",2023800
8080,-130,100,"bu","10:57:03",2022900
8070,-140,300,"bu","10:56:28",2022800
8070,-140,300,"bu","10:56:24",2022500
8070,-140,100,"bu","10:56:24",2022200
8070,-140,100,"bu","10:56:24",2022100
8070,-140,100,"bu","10:56:21",2022000
8060,-150,300,"bu","10:56:15",2021900
8060,-150,1500,"bu","10:56:15",2021600
8060,-150,100,"bu","10:56:15",2020100
8060,-150,200,"bu","10:56:15",2020000
8060,-150,4200,"bu","10:56:15",2019800
8060,-150,200,"bu","10:56:13",2015600
8060,-150,500,"bu","10:55:41",2015400
8060,-150,100,"bu","10:55:35",2014900
8060,-150,1900,"bu","10:55:35",2014800
8060,-150,900,"bu","10:55:28",2012900
8050,-160,100,"sd","10:55:01",2012000
8050,-160,400,"sd","10:55:01",2011900
8060,-150,1000,"bu","10:54:49",2011500
8060,-150,3000,"bu","10:54:43",2010500
8060,-150,100,"bu","10:54:00",2007500
8060,-150,100,"bu","10:53:57",2007400
8060,-150,3000,"bu","10:53:20",2007300
8050,-160,100,"bu","10:52:58",2004300
8050,-160,100,"bu","10:52:55",2004200
8050,-160,200,"bu","10:52:34",2004100
8050,-160,2000,"bu","10:52:28",2003900
8050,-160,100,"bu","10:52:18",2001900
8050,-160,1000,"bu","10:52:07",2001800
8050,-160,100,"bu","10:51:55",2000800
8050,-160,500,"bu","10:51:49",2000700
8050,-160,500,"bu","10:51:47",2000200
8050,-160,1000,"bu","10:51:32",1999700
8050,-160,1800,"bu","10:51:30",1998700
8050,-160,2000,"bu","10:51:19",1996900
8050,-160,1500,"bu","10:51:16",1994900
8050,-160,7000,"bu","10:51:14",1993400
8050,-160,1000,"bu","10:51:06",1986400
8050,-160,800,"bu","10:51:03",1985400
8050,-160,100,"bu","10:50:55",1984600
8050,-160,500,"bu","10:50:51",1984500
8040,-170,100,"bu","10:50:39",1984000
8040,-170,400,"bu","10:50:39",1983900
8040,-170,100,"bu","10:50:29",1983500
8040,-170,1000,"bu","10:50:24",1983400
8040,-170,1000,"bu","10:50:06",1982400
8020,-190,500,"sd","10:49:41",1981400
8020,-190,300,"sd","10:49:41",1980900
8020,-190,1800,"sd","10:49:41",1980600
8020,-190,1800,"sd","10:49:28",1978800
8030,-180,2000,"sd","10:49:28",1977000
8040,-170,6200,"bu","10:49:07",1975000
8040,-170,1000,"bu","10:49:07",1968800
8040,-170,1000,"bu","10:49:07",1967800
8040,-170,1800,"bu","10:49:07",1966800
8030,-180,100,"sd","10:48:38",1965000
8040,-170,500,"bu","10:48:13",1964900
8040,-170,100,"bu","10:48:13",1964400
8030,-180,6400,"sd","10:48:09",1964300
8030,-180,1400,"sd","10:48:04",1957900
8040,-170,100,"bu","10:47:54",1956500
8030,-180,100,"sd","10:47:49",1956400
8040,-170,500,"bu","10:47:45",1956300
8040,-170,2000,"bu","10:47:36",1955800
8040,-170,3000,"bu","10:47:36",1953800
8040,-170,500,"bu","10:47:25",1950800
8040,-170,100,"bu","10:47:13",1950300
8040,-170,100,"bu","10:46:57",1950200
8020,-190,2400,"sd","10:46:43",1950100
8020,-190,2100,"sd","10:46:43",1947700
8020,-190,300,"sd","10:46:43",1945600
8020,-190,3000,"sd","10:46:43",1945300
8020,-190,100,"sd","10:46:43",1942300
8020,-190,200,"sd","10:46:43",1942200
8020,-190,100,"sd","10:46:43",1942000
8020,-190,2700,"sd","10:46:43",1941900
8020,-190,500,"sd","10:46:43",1939200
8020,-190,200,"sd","10:46:43",1938700
8020,-190,1000,"sd","10:46:43",1938500
8020,-190,400,"sd","10:46:43",1937500
8020,-190,1000,"sd","10:46:43",1937100
8020,-190,800,"sd","10:46:43",1936100
8030,-180,200,"sd","10:46:43",1935300
8030,-180,800,"bu","10:46:36",1935100
8030,-180,200,"bu","10:46:32",1934300
8040,-170,1900,"bu","10:46:26",1934100
8040,-170,1000,"bu","10:46:26",1932200
8040,-170,900,"bu","10:46:26",1931200
8040,-170,1900,"bu","10:46:26",1930300
8030,-180,1000,"bu","10:46:26",1928400
8030,-180,6200,"bu","10:46:26",1927400
8030,-180,300,"bu","10:46:26",1921200
8030,-180,3000,"bu","10:46:24",1920900
8030,-180,200,"bu","10:46:14",1917900
8030,-180,800,"bu","10:46:14",1917700
8030,-180,100,"bu","10:46:00",1916900
8030,-180,1500,"bu","10:45:54",1916800
8030,-180,1000,"bu","10:45:17",1915300
8030,-180,100,"bu","10:45:09",1914300
8030,-180,500,"bu","10:45:00",1914200
8030,-180,500,"bu","10:44:41",1913700
8020,-190,400,"sd","10:44:40",1913200
8020,-190,1200,"sd","10:44:40",1912800
8020,-190,1500,"sd","10:44:40",1911600
8020,-190,500,"sd","10:44:40",1910100
8020,-190,300,"sd","10:44:40",1909600
8020,-190,500,"sd","10:44:34",1909300
8020,-190,100,"sd","10:44:34",1908800
8020,-190,300,"sd","10:44:34",1908700
8020,-190,500,"sd","10:44:34",1908400
8020,-190,500,"sd","10:44:34",1907900
8020,-190,5000,"sd","10:44:34",1907400
8020,-190,1700,"sd","10:44:34",1902400
8020,-190,1000,"sd","10:44:34",1900700
8020,-190,10000,"sd","10:44:34",1899700
8020,-190,100,"sd","10:44:34",1889700
8020,-190,2000,"sd","10:44:34",1889600
8020,-190,200,"sd","10:44:34",1887600
8020,-190,400,"sd","10:44:34",1887400
8020,-190,100,"sd","10:44:34",1887000
8020,-190,500,"sd","10:44:34",1886900
8020,-190,100,"sd","10:44:34",1886400
8020,-190,500,"sd","10:44:34",1886300
8020,-190,200,"sd","10:44:34",1885800
8020,-190,2000,"sd","10:44:34",1885600
8020,-190,1000,"sd","10:44:34",1883600
8020,-190,1000,"sd","10:44:34",1882600
8020,-190,1000,"sd","10:44:34",1881600
8020,-190,500,"sd","10:44:34",1880600
8020,-190,1000,"sd","10:44:34",1880100
8020,-190,2000,"sd","10:44:34",1879100
8020,-190,500,"sd","10:44:34",1877100
8020,-190,1000,"sd","10:44:34",1876600
8020,-190,100,"sd","10:44:34",1875600
8020,-190,500,"sd","10:44:34",1875500
8020,-190,1000,"sd","10:44:34",1875000
8020,-190,2000,"sd","10:44:34",1874000
8020,-190,200,"sd","10:44:34",1872000
8020,-190,500,"sd","10:44:34",1871800
8020,-190,100,"sd","10:44:34",1871300
8020,-190,500,"sd","10:44:34",1871200
8020,-190,800,"sd","10:44:34",1870700
8020,-190,500,"sd","10:44:34",1869900
8020,-190,400,"sd","10:44:34",1869400
8020,-190,1000,"sd","10:44:34",1869000
8020,-190,500,"sd","10:44:34",1868000
8020,-190,500,"sd","10:44:34",1867500
8020,-190,1000,"sd","10:44:34",1867000
8020,-190,6700,"sd","10:44:34",1866000
8030,-180,500,"bu","10:44:30",1859300
8020,-190,3300,"sd","10:44:03",1858800
8020,-190,300,"sd","10:44:03",1855500
8020,-190,300,"sd","10:44:03",1855200
8020,-190,100,"sd","10:44:03",1854900
8020,-190,2000,"sd","10:44:03",1854800
8020,-190,1000,"sd","10:44:03",1852800
8020,-190,200,"sd","10:44:03",1851800
8020,-190,2800,"sd","10:44:03",1851600
8030,-180,5000,"bu","10:43:48",1848800
8030,-180,1000,"bu","10:43:46",1843800
8030,-180,100,"sd","10:43:34",1842800
8030,-180,2200,"sd","10:43:34",1842700
8030,-180,100,"sd","10:43:34",1840500
8030,-180,10000,"sd","10:43:34",1840400
8030,-180,400,"sd","10:43:34",1830400
8030,-180,100,"sd","10:43:34",1830000
8030,-180,500,"sd","10:43:34",1829900
8030,-180,5000,"sd","10:43:34",1829400
8030,-180,200,"sd","10:43:34",1824400
8030,-180,1000,"sd","10:43:34",1824200
8030,-180,800,"sd","10:43:34",1823200
8030,-180,100,"sd","10:43:34",1822400
8030,-180,100,"sd","10:43:34",1822300
8030,-180,100,"sd","10:43:34",1822200
8030,-180,500,"sd","10:43:34",1822100
8030,-180,100,"sd","10:43:34",1821600
8030,-180,500,"sd","10:43:34",1821500
8030,-180,1000,"sd","10:43:34",1821000
8030,-180,500,"sd","10:43:34",1820000
8030,-180,200,"sd","10:43:34",1819500
8030,-180,500,"sd","10:43:34",1819300
8030,-180,2000,"sd","10:43:34",1818800
8030,-180,100,"sd","10:43:34",1816800
8030,-180,3200,"sd","10:43:34",1816700
8040,-170,2000,"bu","10:43:32",1813500
8040,-170,1000,"bu","10:43:18",1811500
8040,-170,100,"bu","10:43:10",1810500
8040,-170,2000,"bu","10:43:09",1810400
8030,-180,31300,"sd","10:43:07",1808400
8040,-170,200,"bu","10:42:54",1777100
8040,-170,300,"bu","10:42:38",1776900
8030,-180,8600,"sd","10:41:59",1776600
8030,-180,500,"sd","10:41:59",1768000
8030,-180,900,"sd","10:41:59",1767500
8040,-170,10000,"bu","10:41:48",1766600
8030,-180,100,"sd","10:41:31",1756600
8030,-180,200,"sd","10:41:31",1756500
8040,-170,300,"bu","10:41:09",1756300
8040,-170,100,"bu","10:41:04",1756000
8040,-170,100,"bu","10:40:50",1755900
8040,-170,1000,"sd","10:40:29",1755800
8040,-170,500,"sd","10:40:29",1754800
8040,-170,200,"sd","10:40:29",1754300
8040,-170,1500,"sd","10:40:29",1754100
8050,-160,10000,"sd","10:40:29",1752600
8050,-160,1100,"sd","10:40:29",1742600
8050,-160,100,"bu","10:40:25",1741500
8050,-160,100,"bu","10:40:25",1741400
8050,-160,1000,"bu","10:40:21",1741300
8040,-170,2500,"sd","10:40:20",1740300
8040,-170,10000,"sd","10:40:20",1737800
8040,-170,200,"sd","10:40:20",1727800
8040,-170,200,"sd","10:40:20",1727600
8040,-170,2000,"sd","10:40:20",1727400
8040,-170,100,"sd","10:40:20",1725400
8050,-160,800,"bu","10:40:17",1725300
8050,-160,100,"bu","10:40:11",1724500
8050,-160,1000,"sd","10:39:50",1724400
8050,-160,100,"sd","10:39:50",1723400
8050,-160,500,"sd","10:39:50",1723300
8050,-160,3000,"sd","10:39:50",1722800
8050,-160,300,"sd","10:39:50",1719800
8050,-160,200,"bu","10:38:53",1719500
8050,-160,500,"bu","10:38:50",1719300
8050,-160,600,"bu","10:38:34",1718800
8050,-160,1400,"bu","10:38:34",1718200
8050,-160,500,"bu","10:38:32",1716800
8050,-160,18100,"bu","10:38:29",1716300
8050,-160,300,"bu","10:38:29",1698200
8050,-160,26500,"bu","10:38:29",1697900
8050,-160,5000,"bu","10:38:29",1671400
8050,-160,100,"bu","10:38:29",1666400
8050,-160,100,"bu","10:38:08",1666300
8040,-170,15000,"sd","10:38:07",1666200
8040,-170,1000,"bu","10:37:37",1651200
8040,-170,3900,"bu","10:37:37",1650200
8040,-170,1000,"bu","10:37:37",1646300
8040,-170,100,"sd","10:37:26",1645300
8040,-170,300,"bu","10:37:14",1645200
8040,-170,100,"bu","10:37:14",1644900
8040,-170,500,"sd","10:36:39",1644800
8040,-170,300,"sd","10:36:39",1644300
8040,-170,500,"sd","10:36:39",1644000
8040,-170,500,"bu","10:35:42",1643500
8040,-170,100,"bu","10:35:16",1643000
8040,-170,500,"sd","10:35:15",1642900
8040,-170,100,"sd","10:35:15",1642400
8040,-170,3000,"sd","10:35:15",1642300
8050,-160,1000,"bu","10:35:10",1639300
8050,-160,400,"bu","10:35:07",1638300
8050,-160,1000,"bu","10:35:02",1637900
8050,-160,400,"bu","10:34:03",1636900
8050,-160,1300,"bu","10:34:03",1636500
8030,-180,100,"sd","10:32:34",1635200
8030,-180,400,"sd","10:31:55",1635100
8030,-180,3300,"sd","10:31:49",1634700
8030,-180,700,"sd","10:31:49",1631400
8030,-180,3100,"sd","10:31:49",1630700
8030,-180,2000,"sd","10:31:49",1627600
8030,-180,1000,"sd","10:31:49",1625600
8030,-180,200,"sd","10:31:49",1624600
8030,-180,2000,"sd","10:31:49",1624400
8030,-180,100,"sd","10:31:49",1622400
8030,-180,200,"sd","10:31:49",1622300
8030,-180,1000,"sd","10:31:49",1622100
8030,-180,500,"sd","10:31:49",1621100
8030,-180,500,"sd","10:31:49",1620600
8030,-180,500,"sd","10:31:49",1620100
8030,-180,200,"sd","10:31:49",1619600
8030,-180,300,"sd","10:31:49",1619400
8030,-180,2000,"sd","10:31:49",1619100
8030,-180,5000,"sd","10:31:49",1617100
8030,-180,10000,"sd","10:31:49",1612100
8030,-180,200,"sd","10:31:49",1602100
8030,-180,2000,"sd","10:31:49",1601900
8030,-180,200,"sd","10:31:49",1599900
8030,-180,300,"sd","10:31:49",1599700
8030,-180,300,"sd","10:31:49",1599400
8030,-180,100,"sd","10:31:49",1599100
8030,-180,2000,"sd","10:31:49",1599000
8030,-180,500,"sd","10:31:49",1597000
8040,-170,2300,"sd","10:31:49",1596500
8040,-170,200,"bu","10:31:48",1594200
8040,-170,1200,"sd","10:31:45",1594000
8050,-160,300,"bu","10:31:42",1592800
8050,-160,300,"sd","10:31:05",1592500
8050,-160,100,"sd","10:31:05",1592200
8050,-160,3900,"sd","10:30:53",1592100
8050,-160,1900,"sd","10:30:44",1588200
8050,-160,100,"bu","10:30:39",1586300
8030,-180,2300,"sd","10:30:39",1586200
8040,-170,200,"sd","10:30:39",1583900
8040,-170,1000,"sd","10:30:39",1583700
8040,-170,100,"sd","10:30:39",1582700
8040,-170,500,"sd","10:30:39",1582600
8040,-170,1900,"sd","10:30:39",1582100
8040,-170,1500,"sd","10:30:39",1580200
8040,-170,200,"sd","10:30:39",1578700
8040,-170,300,"sd","10:30:39",1578500
8040,-170,1800,"sd","10:30:39",1578200
8040,-170,1400,"sd","10:30:39",1576400
8050,-160,200,"bu","10:30:34",1575000
8050,-160,100,"sd","10:30:05",1574800
8050,-160,100,"bu","10:29:55",1574700
8050,-160,200,"bu","10:29:55",1574600
8050,-160,200,"bu","10:29:52",1574400
8050,-160,200,"bu","10:29:45",1574200
8050,-160,100,"bu","10:29:45",1574000
8050,-160,900,"bu","10:29:38",1573900
8050,-160,100,"bu","10:29:38",1573000
8050,-160,300,"bu","10:29:22",1572900
8040,-170,3600,"sd","10:29:18",1572600
8050,-160,300,"bu","10:29:12",1569000
8050,-160,100,"bu","10:29:07",1568700
8050,-160,300,"bu","10:29:04",1568600
8050,-160,100,"bu","10:29:04",1568300
8050,-160,400,"bu","10:28:31",1568200
8050,-160,100,"bu","10:28:31",1567800
8050,-160,100,"bu","10:27:31",1567700
8050,-160,400,"bu","10:27:00",1567600
8050,-160,800,"bu","10:27:00",1567200
8050,-160,1800,"bu","10:27:00",1566400
8050,-160,1000,"bu","10:26:53",1564600
8050,-160,600,"bu","10:26:31",1563600
8050,-160,500,"bu","10:26:31",1563000
8050,-160,6000,"bu","10:26:17",1562500
8050,-160,100,"bu","10:26:17",1556500
8050,-160,1000,"bu","10:26:17",1556400
8050,-160,2000,"bu","10:26:17",1555400
8050,-160,9000,"bu","10:26:17",1553400
8050,-160,200,"bu","10:26:17",1544400
8050,-160,2900,"bu","10:26:17",1544200
8050,-160,1200,"bu","10:26:17",1541300
8050,-160,2100,"bu","10:26:17",1540100
8050,-160,300,"bu","10:25:49",1538000
8050,-160,200,"bu","10:25:10",1537700
8030,-180,200,"sd","10:24:08",1537500
8030,-180,1000,"sd","10:24:08",1537300
8030,-180,700,"sd","10:24:08",1536300
8030,-180,19300,"sd","10:24:07",1535600
8030,-180,100,"sd","10:24:07",1516300
8040,-170,100,"sd","10:24:07",1516200
8040,-170,400,"bu","10:23:49",1516100
8040,-170,600,"bu","10:23:49",1515700
8040,-170,1000,"bu","10:23:48",1515100
8040,-170,3400,"bu","10:23:36",1514100
8040,-170,21600,"bu","10:23:36",1510700
8040,-170,2000,"bu","10:23:26",1489100
8040,-170,1000,"bu","10:23:07",1487100
8040,-170,3000,"bu","10:23:04",1486100
8030,-180,100,"sd","10:23:02",1483100
8040,-170,100,"bu","10:23:01",1483000
8040,-170,3000,"sd","10:22:00",1482900
8040,-170,1000,"sd","10:22:00",1479900
8040,-170,6800,"sd","10:22:00",1478900
8040,-170,500,"sd","10:22:00",1472100
8040,-170,500,"sd","10:21:42",1471600
8040,-170,500,"sd","10:21:42",1471100
8050,-160,500,"bu","10:21:39",1470600
8050,-160,1000,"bu","10:21:23",1470100
8050,-160,200,"bu","10:21:02",1469100
8050,-160,300,"bu","10:21:02",1468900
8050,-160,500,"bu","10:20:39",1468600
8040,-170,500,"bu","10:20:29",1468100
8040,-170,5000,"bu","10:20:12",1467600
8040,-170,5600,"sd","10:20:08",1462600
8040,-170,1000,"sd","10:20:08",1457000
8040,-170,500,"sd","10:20:08",1456000
8040,-170,5000,"sd","10:20:08",1455500
8040,-170,5000,"sd","10:20:08",1450500
8040,-170,7400,"sd","10:20:08",1445500
8040,-170,1500,"sd","10:19:07",1438100
8040,-170,300,"sd","10:18:49",1436600
8050,-160,2000,"bu","10:18:39",1436300
8050,-160,100,"bu","10:18:38",1434300
8040,-170,800,"bu","10:18:27",1434200
8040,-170,600,"sd","10:18:26",1433400
8040,-170,1000,"sd","10:18:25",1432800
8040,-170,2600,"sd","10:18:25",1431800
8040,-170,1700,"bu","10:18:10",1429200
8040,-170,1500,"bu","10:18:10",1427500
8040,-170,1000,"bu","10:18:08",1426000
8030,-180,3000,"sd","10:18:08",1425000
8040,-170,100,"bu","10:18:07",1422000
8040,-170,1300,"bu","10:18:02",1421900
8040,-170,800,"bu","10:17:51",1420600
8040,-170,100,"bu","10:17:45",1419800
8040,-170,100,"bu","10:17:42",1419700
8040,-170,100,"bu","10:17:26",1419600
8040,-170,1000,"bu","10:17:24",1419500
8030,-180,500,"sd","10:17:14",1418500
8030,-180,1000,"sd","10:17:14",1418000
8030,-180,400,"sd","10:17:14",1417000
8030,-180,200,"sd","10:17:14",1416600
8030,-180,300,"sd","10:17:14",1416400
8030,-180,1600,"sd","10:17:14",1416100
8040,-170,400,"bu","10:17:11",1414500
8040,-170,1500,"bu","10:16:49",1414100
8030,-180,300,"sd","10:16:03",1412600
8030,-180,500,"sd","10:16:03",1412300
8050,-160,2800,"bu","10:16:01",1411800
8050,-160,200,"bu","10:16:01",1409000
8050,-160,800,"bu","10:15:53",1408800
8050,-160,200,"bu","10:15:53",1408000
8030,-180,500,"sd","10:15:52",1407800
8030,-180,100,"sd","10:15:52",1407300
8030,-180,100,"sd","10:15:52",1407200
8030,-180,800,"sd","10:15:52",1407100
8040,-170,400,"sd","10:15:52",1406300
8040,-170,1000,"sd","10:15:52",1405900
8040,-170,100,"sd","10:15:52",1404900
8050,-160,4800,"bu","10:15:38",1404800
8050,-160,2300,"bu","10:15:38",1400000
8040,-170,1000,"sd","10:15:22",1397700
8040,-170,3400,"bu","10:15:11",1396700
8040,-170,400,"bu","10:15:01",1393300
8030,-180,1300,"sd","10:14:43",1392900
8040,-170,100,"bu","10:14:40",1391600
8040,-170,1000,"bu","10:14:25",1391500
8040,-170,1900,"bu","10:14:03",1390500
8040,-170,700,"bu","10:14:03",1388600
8040,-170,1100,"bu","10:14:03",1387900
8040,-170,100,"bu","10:14:03",1386800
8040,-170,500,"bu","10:14:03",1386700
8040,-170,200,"bu","10:14:03",1386200
8040,-170,3000,"bu","10:14:03",1386000
8040,-170,2500,"bu","10:14:03",1383000
8030,-180,300,"sd","10:13:50",1380500
8030,-180,400,"sd","10:13:50",1380200
8030,-180,2000,"bu","10:13:35",1379800
8030,-180,500,"sd","10:13:32",1377800
8030,-180,1000,"sd","10:13:32",1377300
8030,-180,2500,"sd","10:13:32",1376300
8030,-180,1000,"sd","10:13:32",1373800
8030,-180,700,"sd","10:13:32",1372800
8030,-180,4200,"sd","10:13:15",1372100
8030,-180,100,"sd","10:13:15",1367900
8030,-180,200,"sd","10:13:15",1367800
8030,-180,13700,"sd","10:13:15",1367600
8030,-180,300,"sd","10:13:13",1353900
8030,-180,300,"sd","10:13:01",1353600
8040,-170,500,"bu","10:13:01",1353300
8040,-170,300,"bu","10:12:45",1352800
8030,-180,700,"sd","10:12:39",1352500
8040,-170,100,"bu","10:12:37",1351800
8040,-170,2000,"bu","10:12:35",1351700
8040,-170,1000,"bu","10:12:31",1349700
8040,-170,500,"bu","10:12:16",1348700
8040,-170,100,"bu","10:11:55",1348200
8020,-190,2500,"sd","10:11:35",1348100
8020,-190,200,"sd","10:11:35",1345600
8030,-180,600,"sd","10:11:35",1345400
8030,-180,500,"bu","10:11:35",1344800
8030,-180,18900,"bu","10:11:35",1344300
8030,-180,1100,"bu","10:11:24",1325400
8030,-180,900,"bu","10:11:24",1324300
8030,-180,100,"bu","10:10:56",1323400
8030,-180,1800,"bu","10:10:50",1323300
8030,-180,500,"sd","10:10:46",1321500
8030,-180,5000,"sd","10:10:46",1321000
8030,-180,100,"sd","10:10:46",1316000
8030,-180,1000,"sd","10:10:46",1315900
8030,-180,100,"sd","10:10:46",1314900
8030,-180,1000,"sd","10:10:46",1314800
8030,-180,500,"sd","10:10:46",1313800
8030,-180,1000,"sd","10:10:46",1313300
8030,-180,1000,"sd","10:10:46",1312300
8030,-180,1000,"sd","10:10:46",1311300
8040,-170,200,"bu","10:10:03",1310300
8040,-170,500,"bu","10:09:57",1310100
8040,-170,12300,"bu","10:09:39",1309600
8040,-170,10000,"bu","10:09:37",1297300
8030,-180,500,"bu","10:09:25",1287300
8030,-180,1800,"bu","10:09:25",1286800
8020,-190,100,"sd","10:09:08",1285000
8030,-180,200,"bu","10:09:02",1284900
8030,-180,100,"bu","10:08:53",1284700
8020,-190,700,"sd","10:08:37",1284600
8020,-190,4300,"sd","10:08:37",1283900
8030,-180,100,"bu","10:08:33",1279600
8030,-180,1000,"sd","10:08:32",1279500
8030,-180,1000,"sd","10:08:32",1278500
8030,-180,200,"sd","10:08:32",1277500
8030,-180,1000,"sd","10:08:32",1277300
8030,-180,100,"sd","10:08:32",1276300
8030,-180,200,"sd","10:08:32",1276200
8030,-180,10000,"sd","10:08:32",1276000
8030,-180,200,"sd","10:08:32",1266000
8030,-180,100,"sd","10:08:32",1265800
8030,-180,300,"sd","10:08:32",1265700
8030,-180,200,"sd","10:08:32",1265400
8030,-180,100,"sd","10:08:32",1265200
8030,-180,2000,"sd","10:08:32",1265100
8030,-180,1400,"sd","10:08:32",1263100
8040,-170,100,"bu","10:08:30",1261700
8040,-170,500,"bu","10:08:12",1261600
8030,-180,200,"sd","10:08:11",1261100
8030,-180,1000,"sd","10:08:10",1260900
8030,-180,5000,"sd","10:07:55",1259900
8040,-170,5000,"bu","10:07:49",1254900
8040,-170,100,"bu","10:07:48",1249900
8040,-170,700,"bu","10:07:48",1249800
8040,-170,100,"bu","10:07:38",1249100
8030,-180,700,"sd","10:07:34",1249000
8030,-180,1000,"sd","10:07:18",1248300
8030,-180,700,"sd","10:07:06",1247300
8030,-180,300,"sd","10:07:06",1246600
8020,-190,1300,"sd","10:07:00",1246300
8030,-180,400,"sd","10:07:00",1245000
8030,-180,500,"sd","10:07:00",1244600
8030,-180,2800,"sd","10:07:00",1244100
8030,-180,200,"bu","10:06:41",1241300
8030,-180,300,"sd","10:06:39",1241100
8020,-190,14400,"sd","10:06:36",1240800
8020,-190,1000,"sd","10:06:36",1226400
8020,-190,800,"sd","10:06:36",1225400
8020,-190,200,"sd","10:06:36",1224600
8020,-190,600,"sd","10:06:36",1224400
8020,-190,800,"sd","10:06:36",1223800
8020,-190,500,"sd","10:06:36",1223000
8020,-190,300,"sd","10:06:36",1222500
8020,-190,100,"sd","10:06:36",1222200
8020,-190,300,"sd","10:06:36",1222100
8020,-190,10000,"sd","10:06:36",1221800
8020,-190,600,"sd","10:06:36",1211800
8020,-190,600,"sd","10:06:36",1211200
8020,-190,200,"sd","10:06:36",1210600
8020,-190,300,"sd","10:06:36",1210400
8020,-190,500,"sd","10:06:36",1210100
8020,-190,200,"sd","10:06:36",1209600
8020,-190,10000,"sd","10:06:36",1209400
8020,-190,10000,"sd","10:06:36",1199400
8020,-190,2000,"sd","10:06:36",1189400
8020,-190,9000,"sd","10:06:36",1187400
8020,-190,100,"sd","10:06:36",1178400
8030,-180,2500,"sd","10:06:36",1178300
8030,-180,2500,"sd","10:06:35",1175800
8030,-180,7500,"sd","10:06:35",1173300
8040,-170,1000,"bu","10:06:33",1165800
8030,-180,100,"sd","10:06:32",1164800
8030,-180,300,"sd","10:06:32",1164700
8030,-180,1600,"sd","10:06:32",1164400
8030,-180,400,"sd","10:06:23",1162800
8030,-180,1300,"sd","10:06:23",1162400
8040,-170,100,"bu","10:06:15",1161100
8030,-180,500,"sd","10:06:14",1161000
8040,-170,700,"bu","10:05:48",1160500
8020,-190,3900,"sd","10:05:47",1159800
8020,-190,5000,"sd","10:05:47",1155900
8020,-190,500,"sd","10:05:47",1150900
8020,-190,200,"sd","10:05:47",1150400
8030,-180,1500,"sd","10:05:33",1150200
8040,-170,1000,"bu","10:05:31",1148700
8040,-170,700,"bu","10:05:16",1147700
8040,-170,2300,"bu","10:05:16",1147000
8030,-180,500,"bu","10:05:12",1144700
8030,-180,200,"bu","10:05:06",1144200
8030,-180,100,"bu","10:05:04",1144000
8020,-190,100,"sd","10:05:04",1143900
8030,-180,400,"bu","10:05:01",1143800
8030,-180,1000,"bu","10:04:58",1143400
8030,-180,2000,"bu","10:04:57",1142400
8030,-180,500,"bu","10:04:54",1140400
8030,-180,1000,"bu","10:04:54",1139900
8030,-180,6200,"bu","10:04:53",1138900
8030,-180,1000,"bu","10:04:53",1132700
8030,-180,1000,"bu","10:04:51",1131700
8030,-180,2000,"bu","10:04:49",1130700
8030,-180,200,"bu","10:04:49",1128700
8030,-180,1000,"sd","10:04:47",1128500
8030,-180,1600,"sd","10:04:47",1127500
8030,-180,1400,"sd","10:04:40",1125900
8030,-180,2000,"sd","10:04:40",1124500
8030,-180,200,"sd","10:04:40",1122500
8030,-180,300,"sd","10:04:40",1122300
8030,-180,2000,"sd","10:04:40",1122000
8030,-180,9000,"sd","10:04:40",1120000
8030,-180,2000,"sd","10:04:40",1111000
8030,-180,200,"sd","10:04:40",1109000
8030,-180,500,"sd","10:04:40",1108800
8030,-180,500,"sd","10:04:40",1108300
8030,-180,500,"sd","10:04:40",1107800
8030,-180,1400,"sd","10:04:40",1107300
8030,-180,600,"sd","10:04:34",1105900
8030,-180,100,"sd","10:04:34",1105300
8040,-170,700,"bu","10:04:29",1105200
8040,-170,2000,"bu","10:04:29",1104500
8030,-180,2000,"sd","10:04:12",1102500
8030,-180,1900,"sd","10:03:57",1100500
8030,-180,800,"bu","10:03:55",1098600
8030,-180,200,"bu","10:03:55",1097800
8030,-180,1000,"bu","10:03:51",1097600
8030,-180,100,"bu","10:03:50",1096600
8030,-180,500,"bu","10:03:48",1096500
8030,-180,1000,"bu","10:03:46",1096000
8030,-180,100,"bu","10:03:43",1095000
8030,-180,100,"sd","10:03:33",1094900
8030,-180,500,"sd","10:03:33",1094800
8030,-180,400,"sd","10:03:33",1094300
8030,-180,100,"sd","10:03:33",1093900
8040,-170,3000,"bu","10:03:27",1093800
8030,-180,100,"bu","10:03:09",1090800
8020,-190,2700,"sd","10:03:02",1090700
8020,-190,100,"sd","10:03:02",1088000
8020,-190,3500,"bu","10:03:00",1087900
8020,-190,5000,"bu","10:03:00",1084400
8020,-190,1400,"bu","10:02:59",1079400
8020,-190,200,"bu","10:02:56",1078000
8020,-190,1000,"bu","10:02:56",1077800
8020,-190,1000,"bu","10:02:56",1076800
8020,-190,100,"bu","10:02:54",1075800
8020,-190,500,"bu","10:02:54",1075700
8020,-190,800,"bu","10:02:53",1075200
8020,-190,500,"bu","10:02:52",1074400
8020,-190,4500,"bu","10:02:51",1073900
8020,-190,500,"bu","10:02:51",1069400
8020,-190,4000,"bu","10:02:49",1068900
8020,-190,1000,"bu","10:02:47",1064900
8020,-190,2000,"bu","10:02:44",1063900
8020,-190,200,"bu","10:02:44",1061900
8020,-190,3000,"bu","10:02:39",1061700
8020,-190,1000,"bu","10:02:37",1058700
8020,-190,100,"bu","10:02:35",1057700
8020,-190,1000,"bu","10:02:33",1057600
8020,-190,100,"bu","10:02:30",1056600
8020,-190,1000,"bu","10:02:27",1056500
8020,-190,500,"bu","10:02:25",1055500
8020,-190,200,"bu","10:02:24",1055000
8020,-190,1000,"bu","10:02:23",1054800
8020,-190,100,"bu","10:02:22",1053800
8020,-190,1000,"bu","10:02:15",1053700
8020,-190,100,"bu","10:02:12",1052700
8020,-190,300,"bu","10:02:05",1052600
8020,-190,1000,"bu","10:02:03",1052300
8020,-190,500,"bu","10:02:03",1051300
8020,-190,200,"bu","10:01:56",1050800
8010,-200,5000,"sd","10:01:55",1050600
8010,-200,3000,"sd","10:01:52",1045600
8020,-190,400,"bu","10:01:51",1042600
8020,-190,100,"bu","10:01:51",1042200
8020,-190,1000,"bu","10:01:50",1042100
8020,-190,700,"bu","10:01:49",1041100
8020,-190,300,"bu","10:01:46",1040400
8020,-190,100,"bu","10:01:45",1040100
8020,-190,2000,"bu","10:01:42",1040000
8010,-200,2000,"sd","10:01:40",1038000
8020,-190,1000,"bu","10:01:34",1036000
8020,-190,100,"bu","10:01:33",1035000
8020,-190,500,"bu","10:01:31",1034900
8020,-190,100,"sd","10:01:21",1034400
8020,-190,200,"sd","10:01:21",1034300
8020,-190,1000,"sd","10:01:21",1034100
8020,-190,2000,"sd","10:01:21",1033100
8020,-190,1300,"sd","10:01:21",1031100
8020,-190,5000,"sd","10:01:21",1029800
8020,-190,100,"sd","10:01:21",1024800
8020,-190,34000,"sd","10:01:21",1024700
8020,-190,300,"sd","10:01:21",990700
8020,-190,10000,"sd","10:01:21",990400
8020,-190,100,"sd","10:01:21",980400
8020,-190,5000,"sd","10:01:21",980300
8020,-190,100,"sd","10:01:21",975300
8020,-190,2000,"sd","10:01:21",975200
8020,-190,200,"sd","10:01:21",973200
8020,-190,100,"sd","10:01:21",973000
8020,-190,300,"sd","10:01:21",972900
8020,-190,1000,"sd","10:01:21",972600
8020,-190,1000,"sd","10:01:21",971600
8020,-190,1100,"sd","10:01:21",970600
8020,-190,100,"sd","10:01:21",969500
8020,-190,1000,"sd","10:01:21",969400
8020,-190,100,"sd","10:01:21",968400
8020,-190,300,"sd","10:01:21",968300
8020,-190,100,"sd","10:01:21",968000
8020,-190,1000,"sd","10:01:21",967900
8020,-190,1000,"sd","10:01:21",966900
8020,-190,2000,"sd","10:01:21",965900
8020,-190,100,"sd","10:01:21",963900
8020,-190,100,"sd","10:01:21",963800
8020,-190,100,"sd","10:01:21",963700
8020,-190,200,"sd","10:01:21",963600
8030,-180,3000,"sd","10:01:21",963400
8030,-180,1000,"sd","10:01:21",960400
8030,-180,200,"sd","10:01:21",959400
8030,-180,4400,"sd","10:01:21",959200
8040,-170,100,"sd","10:01:21",954800
8040,-170,3400,"sd","10:01:21",954700
8040,-170,100,"sd","10:01:11",951300
8050,-160,5000,"bu","10:00:58",951200
8030,-180,600,"sd","10:00:52",946200
8030,-180,200,"sd","10:00:52",945600
8030,-180,100,"sd","10:00:52",945400
8030,-180,400,"sd","10:00:52",945300
8030,-180,200,"sd","10:00:52",944900
8030,-180,100,"sd","10:00:52",944700
8030,-180,1000,"sd","10:00:52",944600
8030,-180,100,"sd","10:00:52",943600
8030,-180,9700,"sd","10:00:52",943500
8030,-180,200,"sd","10:00:52",933800
8030,-180,100,"sd","10:00:52",933600
8040,-170,1000,"sd","10:00:52",933500
8040,-170,200,"sd","10:00:52",932500
8040,-170,100,"sd","10:00:52",932300
8040,-170,5000,"sd","10:00:52",932200
8040,-170,1000,"sd","10:00:52",927200
8050,-160,100,"bu","10:00:51",926200
8050,-160,1000,"bu","10:00:44",926100
8040,-170,100,"sd","10:00:43",925100
8040,-170,100,"sd","10:00:43",925000
8050,-160,1600,"bu","10:00:37",924900
8050,-160,1400,"bu","10:00:37",923300
8040,-170,100,"sd","10:00:34",921900
8050,-160,300,"bu","10:00:04",921800
8050,-160,200,"bu","09:59:42",921500
8050,-160,200,"bu","09:59:35",921300
8050,-160,300,"bu","09:59:33",921100
8030,-180,200,"sd","09:59:14",920800
8030,-180,700,"sd","09:59:14",920600
8030,-180,1300,"sd","09:59:14",919900
8030,-180,100,"sd","09:59:14",918600
8030,-180,1500,"sd","09:59:14",918500
8030,-180,1000,"sd","09:59:14",917000
8030,-180,1000,"sd","09:59:14",916000
8050,-160,500,"bu","09:59:13",915000
8030,-180,5000,"sd","09:59:07",914500
8030,-180,200,"sd","09:59:07",909500
8030,-180,100,"sd","09:59:07",909300
8030,-180,100,"sd","09:59:07",909200
8030,-180,2000,"sd","09:59:07",909100
8040,-170,10000,"sd","09:59:07",907100
8030,-180,100,"sd","09:59:07",897100
8040,-170,1000,"sd","09:59:07",897000
8030,-180,100,"sd","09:59:07",896000
8040,-170,200,"sd","09:59:07",895900
8030,-180,200,"sd","09:59:07",895700
8040,-170,2400,"sd","09:59:07",895500
8030,-180,5000,"sd","09:59:07",893100
8040,-170,5000,"sd","09:59:07",888100
8040,-170,100,"sd","09:59:07",883100
8040,-170,10000,"sd","09:59:07",883000
8040,-170,1000,"sd","09:59:07",873000
8040,-170,100,"sd","09:59:07",872000
8040,-170,100,"sd","09:59:07",871900
8040,-170,400,"sd","09:59:07",871800
8040,-170,500,"sd","09:59:07",871400
8040,-170,100,"sd","09:59:07",870900
8040,-170,1000,"sd","09:59:07",870800
8040,-170,200,"sd","09:59:07",869800
8040,-170,1500,"sd","09:59:07",869600
8040,-170,100,"sd","09:59:07",868100
8040,-170,100,"sd","09:59:07",868000
8040,-170,1000,"sd","09:59:07",867900
8040,-170,200,"sd","09:59:07",866900
8040,-170,100,"sd","09:59:07",866700
8040,-170,100,"sd","09:59:07",866600
8040,-170,2000,"sd","09:59:07",866500
8050,-160,500,"bu","09:59:00",864500
8050,-160,100,"bu","09:58:58",864000
8050,-160,300,"bu","09:58:54",863900
8050,-160,200,"bu","09:58:52",863600
8050,-160,300,"bu","09:58:52",863400
8050,-160,1000,"bu","09:58:50",863100
8050,-160,100,"bu","09:58:50",862100
8050,-160,5000,"sd","09:58:41",862000
8050,-160,100,"sd","09:58:41",857000
8050,-160,1000,"sd","09:58:41",856900
8050,-160,500,"sd","09:58:41",855900
8050,-160,100,"sd","09:58:41",855400
8050,-160,5000,"sd","09:58:41",855300
8050,-160,100,"sd","09:58:41",850300
8050,-160,1800,"sd","09:58:41",850200
8050,-160,100,"sd","09:58:41",848400
8050,-160,4900,"sd","09:58:41",848300
8060,-150,2800,"bu","09:58:40",843400
8060,-150,200,"bu","09:58:40",840600
8060,-150,300,"bu","09:58:36",840400
8060,-150,100,"bu","09:58:35",840100
8060,-150,2600,"bu","09:58:35",840000
8060,-150,200,"bu","09:58:35",837400
8060,-150,100,"bu","09:58:35",837200
8060,-150,3100,"bu","09:58:35",837100
8060,-150,100,"bu","09:58:34",834000
8050,-160,5000,"sd","09:58:02",833900
8060,-150,800,"bu","09:57:57",828900
8050,-160,100,"sd","09:57:55",828100
8050,-160,100,"sd","09:57:55",828000
8050,-160,500,"sd","09:57:55",827900
8050,-160,300,"sd","09:57:55",827400
8050,-160,3000,"sd","09:57:55",827100
8050,-160,1000,"sd","09:57:55",824100
8050,-160,2000,"sd","09:57:55",823100
8050,-160,200,"sd","09:57:55",821100
8050,-160,500,"sd","09:57:55",820900
8050,-160,200,"sd","09:57:55",820400
8050,-160,1000,"sd","09:57:55",820200
8050,-160,3700,"sd","09:57:55",819200
8050,-160,10000,"sd","09:57:55",815500
8050,-160,100,"sd","09:57:55",805500
8050,-160,200,"sd","09:57:55",805400
8050,-160,1100,"sd","09:57:55",805200
8060,-150,100,"bu","09:57:53",804100
8060,-150,9900,"bu","09:57:53",804000
8060,-150,200,"bu","09:57:40",794100
8050,-160,100,"sd","09:57:38",793900
8060,-150,200,"bu","09:57:37",793800
8060,-150,100,"bu","09:57:31",793600
8060,-150,2800,"bu","09:57:24",793500
8060,-150,1200,"bu","09:57:24",790700
8060,-150,300,"bu","09:57:20",789500
8050,-160,1400,"sd","09:57:18",789200
8050,-160,500,"sd","09:57:18",787800
8050,-160,3100,"sd","09:57:18",787300
8050,-160,1900,"sd","09:57:11",784200
8050,-160,700,"sd","09:57:11",782300
8060,-150,3000,"bu","09:57:04",781600
8060,-150,200,"bu","09:56:33",778600
8060,-150,2000,"bu","09:56:00",778400
8050,-160,300,"sd","09:55:37",776400
8050,-160,200,"sd","09:55:37",776100
8050,-160,100,"sd","09:55:37",775900
8060,-150,100,"bu","09:55:36",775800
8050,-160,100,"sd","09:55:15",775700
8060,-150,1000,"bu","09:55:05",775600
8060,-150,100,"bu","09:55:03",774600
8060,-150,100,"bu","09:54:52",774500
8060,-150,200,"bu","09:54:31",774400
8060,-150,1000,"sd","09:54:27",774200
8060,-150,500,"sd","09:54:27",773200
8060,-150,200,"sd","09:54:27",772700
8060,-150,100,"sd","09:54:27",772500
8060,-150,400,"sd","09:54:10",772400
8060,-150,100,"sd","09:54:10",772000
8060,-150,100,"sd","09:54:01",771900
8060,-150,300,"sd","09:53:59",771800
8070,-140,1000,"bu","09:53:53",771500
8060,-150,1000,"sd","09:53:49",770500
8060,-150,5000,"bu","09:53:43",769500
8060,-150,1300,"bu","09:53:43",764500
8060,-150,2200,"bu","09:53:43",763200
8060,-150,200,"bu","09:53:21",761000
8060,-150,200,"bu","09:53:19",760800
8060,-150,300,"bu","09:53:11",760600
8060,-150,100,"bu","09:53:08",760300
8060,-150,100,"bu","09:52:57",760200
8060,-150,300,"bu","09:52:50",760100
8050,-160,300,"sd","09:52:50",759800
8050,-160,700,"sd","09:52:50",759500
8050,-160,300,"sd","09:52:50",758800
8050,-160,8100,"sd","09:52:50",758500
8060,-150,100,"bu","09:52:49",750400
8050,-160,1900,"sd","09:52:34",750300
8050,-160,100,"sd","09:52:34",748400
8050,-160,300,"sd","09:52:34",748300
8050,-160,100,"sd","09:52:34",748000
8050,-160,1000,"sd","09:52:34",747900
8050,-160,1000,"sd","09:52:34",746900
8050,-160,300,"sd","09:52:34",745900
8050,-160,100,"sd","09:52:34",745600
8050,-160,200,"sd","09:52:34",745500
8050,-160,400,"sd","09:52:34",745300
8050,-160,1000,"sd","09:52:34",744900
8050,-160,3000,"sd","09:52:34",743900
8050,-160,300,"sd","09:52:34",740900
8050,-160,200,"sd","09:52:34",740600
8050,-160,100,"sd","09:52:34",740400
8060,-150,200,"sd","09:52:23",740300
8060,-150,100,"sd","09:52:23",740100
8060,-150,700,"sd","09:52:23",740000
8060,-150,1300,"sd","09:52:23",739300
8060,-150,600,"sd","09:52:23",738000
8060,-150,200,"sd","09:52:23",737400
8060,-150,100,"sd","09:52:23",737200
8060,-150,200,"sd","09:52:23",737100
8060,-150,100,"sd","09:52:23",736900
8060,-150,3000,"sd","09:52:23",736800
8060,-150,200,"sd","09:52:03",733800
8070,-140,100,"bu","09:51:41",733600
8070,-140,100,"bu","09:51:38",733500
8060,-150,1800,"sd","09:51:25",733400
8060,-150,700,"sd","09:51:25",731600
8070,-140,200,"bu","09:50:51",730900
8060,-150,200,"sd","09:50:45",730700
8070,-140,1500,"bu","09:50:36",730500
8060,-150,100,"bu","09:50:18",729000
8060,-150,100,"bu","09:50:15",728900
8070,-140,100,"bu","09:50:05",728800
8060,-150,100,"bu","09:50:05",728700
8050,-160,1500,"sd","09:49:51",728600
8050,-160,1200,"sd","09:49:28",727100
8050,-160,500,"sd","09:49:28",725900
8050,-160,1500,"sd","09:49:28",725400
8050,-160,300,"sd","09:49:28",723900
8050,-160,500,"sd","09:49:28",723600
8050,-160,1000,"sd","09:49:28",723100
8050,-160,100,"sd","09:49:28",722100
8050,-160,1000,"sd","09:49:28",722000
8050,-160,100,"sd","09:49:28",721000
8050,-160,500,"sd","09:49:28",720900
8050,-160,2000,"sd","09:49:28",720400
8050,-160,200,"sd","09:49:28",718400
8050,-160,200,"sd","09:49:28",718200
8050,-160,5000,"sd","09:49:28",718000
8050,-160,300,"sd","09:49:28",713000
8050,-160,1000,"sd","09:49:28",712700
8050,-160,1000,"sd","09:49:28",711700
8050,-160,3300,"sd","09:49:28",710700
8060,-150,10000,"sd","09:49:28",707400
8060,-150,100,"sd","09:49:28",697400
8060,-150,200,"sd","09:49:28",697300
8060,-150,1000,"sd","09:49:27",697100
8060,-150,100,"sd","09:49:17",696100
8070,-140,100,"bu","09:49:01",696000
8060,-150,500,"sd","09:49:01",695900
8060,-150,9500,"sd","09:49:01",695400
8070,-140,1700,"bu","09:49:00",685900
8070,-140,1000,"bu","09:48:57",684200
8070,-140,200,"bu","09:48:46",683200
8070,-140,100,"bu","09:48:08",683000
8070,-140,200,"bu","09:47:48",682900
8070,-140,100,"bu","09:47:48",682700
8060,-150,500,"bu","09:47:43",682600
8050,-160,1700,"sd","09:47:37",682100
8050,-160,300,"sd","09:47:37",680400
8060,-150,500,"sd","09:47:27",680100
8070,-140,100,"bu","09:47:12",679600
8070,-140,100,"bu","09:47:10",679500
8070,-140,300,"bu","09:47:00",679400
8060,-150,700,"bu","09:47:00",679100
8060,-150,200,"sd","09:46:59",678400
8060,-150,800,"sd","09:46:59",678200
8060,-150,600,"sd","09:46:59",677400
8060,-150,100,"sd","09:46:59",676800
8060,-150,100,"sd","09:46:59",676700
8060,-150,100,"sd","09:46:59",676600
8060,-150,400,"sd","09:46:59",676500
8060,-150,200,"sd","09:46:59",676100
8060,-150,200,"sd","09:46:59",675900
8060,-150,200,"sd","09:46:59",675700
8060,-150,500,"sd","09:46:59",675500
8060,-150,800,"sd","09:46:59",675000
8060,-150,1000,"sd","09:46:59",674200
8060,-150,200,"sd","09:46:59",673200
8060,-150,2000,"sd","09:46:59",673000
8060,-150,100,"sd","09:46:59",671000
8060,-150,1000,"sd","09:46:59",670900
8060,-150,800,"sd","09:46:59",669900
8070,-140,800,"sd","09:46:40",669100
8070,-140,8500,"bu","09:46:34",668300
8060,-150,200,"sd","09:46:18",659800
8070,-140,1000,"bu","09:46:15",659600
8070,-140,100,"bu","09:45:52",658600
8070,-140,600,"sd","09:45:46",658500
8070,-140,100,"sd","09:45:46",657900
8070,-140,9700,"sd","09:45:46",657800
8080,-130,200,"bu","09:45:35",648100
8080,-130,100,"bu","09:45:35",647900
8070,-140,300,"sd","09:45:05",647800
8070,-140,300,"sd","09:45:05",647500
8070,-140,1500,"sd","09:45:05",647200
8070,-140,100,"sd","09:45:05",645700
8070,-140,500,"sd","09:45:05",645600
8080,-130,200,"sd","09:45:05",645100
8080,-130,100,"sd","09:45:05",644900
8080,-130,10000,"sd","09:45:05",644800
8080,-130,2000,"sd","09:45:05",634800
8080,-130,100,"sd","09:45:05",632800
8080,-130,400,"sd","09:45:05",632700
8090,-120,1000,"bu","09:44:40",632300
8080,-130,100,"sd","09:44:39",631300
8090,-120,100,"bu","09:44:24",631200
8090,-120,100,"sd","09:44:19",631100
8100,-110,200,"bu","09:43:57",631000
8090,-120,4000,"sd","09:43:50",630800
8100,-110,1000,"sd","09:43:41",626800
8100,-110,5000,"sd","09:43:41",625800
8100,-110,100,"sd","09:43:41",620800
8100,-110,500,"sd","09:43:41",620700
8100,-110,1000,"sd","09:43:41",620200
8100,-110,10000,"sd","09:43:41",619200
8100,-110,100,"sd","09:43:41",609200
8100,-110,100,"sd","09:43:41",609100
8100,-110,2000,"sd","09:43:41",609000
8100,-110,200,"sd","09:43:41",607000
8100,-110,1000,"sd","09:43:41",606800
8100,-110,1900,"sd","09:43:41",605800
8110,-100,100,"sd","09:43:15",603900
8110,-100,200,"sd","09:43:15",603800
8110,-100,100,"sd","09:43:04",603600
8110,-100,800,"sd","09:43:04",603500
8110,-100,200,"bu","09:42:59",602700
8100,-110,100,"sd","09:42:58",602500
8100,-110,300,"sd","09:42:58",602400
8100,-110,1000,"sd","09:42:58",602100
8100,-110,2500,"sd","09:42:58",601100
8110,-100,600,"bu","09:42:43",598600
8110,-100,200,"bu","09:42:42",598000
8110,-100,700,"sd","09:42:41",597800
8110,-100,300,"sd","09:42:41",597100
8110,-100,100,"sd","09:42:33",596800
8110,-100,100,"sd","09:42:26",596700
8110,-100,500,"sd","09:42:25",596600
8110,-100,100,"sd","09:42:11",596100
8110,-100,100,"sd","09:41:54",596000
8110,-100,100,"sd","09:41:50",595900
8120,-90,500,"sd","09:41:44",595800
8120,-90,100,"sd","09:41:44",595300
8120,-90,200,"sd","09:41:44",595200
8120,-90,100,"sd","09:41:43",595000
8120,-90,100,"sd","09:41:40",594900
8130,-80,9600,"bu","09:41:38",594800
8130,-80,300,"bu","09:41:38",585200
8130,-80,100,"bu","09:41:38",584900
8120,-90,100,"sd","09:41:26",584800
8120,-90,100,"sd","09:41:26",584700
8120,-90,200,"sd","09:41:25",584600
8130,-80,900,"bu","09:41:15",584400
8130,-80,100,"sd","09:41:06",583500
8130,-80,4000,"sd","09:41:06",583400
8130,-80,20000,"sd","09:41:06",579400
8130,-80,200,"sd","09:41:06",559400
8130,-80,500,"sd","09:41:06",559200
8130,-80,100,"sd","09:41:06",558700
8130,-80,100,"sd","09:41:06",558600
8140,-70,100,"bu","09:40:58",558500
8140,-70,1000,"bu","09:40:52",558400
8140,-70,500,"bu","09:40:47",557400
8140,-70,100,"bu","09:40:38",556900
8140,-70,900,"bu","09:40:38",556800
8140,-70,100,"bu","09:40:36",555900
8140,-70,500,"sd","09:40:33",555800
8140,-70,2000,"sd","09:40:33",555300
8140,-70,400,"sd","09:40:33",553300
8140,-70,100,"sd","09:40:02",552900
8140,-70,2000,"bu","09:39:59",552800
8140,-70,100,"bu","09:39:59",550800
8140,-70,500,"bu","09:39:59",550700
8140,-70,1000,"bu","09:39:59",550200
8140,-70,500,"bu","09:39:59",549200
8140,-70,200,"bu","09:39:59",548700
8140,-70,400,"bu","09:39:55",548500
8140,-70,100,"bu","09:39:47",548100
8140,-70,300,"bu","09:39:42",548000
8140,-70,4700,"bu","09:39:42",547700
8140,-70,100,"bu","09:39:41",543000
8140,-70,100,"bu","09:39:34",542900
8140,-70,100,"bu","09:39:21",542800
8130,-80,500,"sd","09:39:20",542700
8130,-80,9400,"sd","09:39:08",542200
8130,-80,600,"sd","09:39:08",532800
8130,-80,1000,"sd","09:39:07",532200
8130,-80,1000,"sd","09:39:07",531200
8140,-70,100,"bu","09:39:06",530200
8140,-70,100,"bu","09:39:06",530100
8130,-80,100,"sd","09:39:01",530000
8130,-80,100,"sd","09:38:54",529900
8130,-80,100,"bu","09:38:33",529800
8130,-80,5000,"bu","09:38:33",529700
8130,-80,1100,"bu","09:38:33",524700
8130,-80,900,"bu","09:38:32",523600
8130,-80,100,"bu","09:38:29",522700
8130,-80,1000,"bu","09:38:26",522600
8130,-80,500,"bu","09:38:21",521600
8130,-80,100,"bu","09:38:18",521100
8130,-80,1300,"bu","09:38:10",521000
8130,-80,700,"bu","09:38:10",519700
8130,-80,200,"bu","09:38:10",519000
8130,-80,100,"bu","09:38:09",518800
8130,-80,800,"bu","09:38:09",518700
8130,-80,200,"bu","09:37:56",517900
8100,-110,1100,"sd","09:37:48",517700
8100,-110,200,"sd","09:37:48",516600
8100,-110,700,"sd","09:37:48",516400
8100,-110,200,"sd","09:37:38",515700
8100,-110,300,"bu","09:37:22",515500
8100,-110,1200,"bu","09:37:22",515200
8100,-110,1600,"bu","09:37:22",514000
8100,-110,400,"bu","09:37:19",512400
8100,-110,600,"bu","09:37:19",512000
8100,-110,200,"bu","09:37:19",511400
8100,-110,500,"bu","09:37:18",511200
8100,-110,1000,"bu","09:37:15",510700
8100,-110,2000,"bu","09:37:07",509700
8100,-110,700,"bu","09:37:06",507700
8100,-110,300,"bu","09:37:06",507000
8100,-110,700,"bu","09:37:02",506700
8100,-110,300,"bu","09:37:02",506000
8100,-110,100,"bu","09:37:02",505700
8100,-110,3900,"bu","09:37:02",505600
8100,-110,1000,"bu","09:37:01",501700
8100,-110,3000,"bu","09:37:00",500700
8100,-110,300,"bu","09:36:59",497700
8100,-110,300,"bu","09:36:57",497400
8100,-110,1500,"bu","09:36:52",497100
8100,-110,5000,"bu","09:36:52",495600
8100,-110,8000,"bu","09:36:52",490600
8100,-110,1000,"bu","09:36:52",482600
8100,-110,100,"bu","09:36:52",481600
8100,-110,200,"bu","09:36:52",481500
8100,-110,4200,"bu","09:36:52",481300
8090,-120,1000,"bu","09:36:42",477100
8090,-120,5000,"bu","09:36:42",476100
8080,-130,2500,"bu","09:36:29",471100
8080,-130,500,"bu","09:36:28",468600
8080,-130,500,"bu","09:36:28",468100
8080,-130,1500,"bu","09:36:26",467600
8080,-130,2000,"bu","09:36:25",466100
8080,-130,1000,"bu","09:36:18",464100
8080,-130,500,"bu","09:36:10",463100
8080,-130,9500,"bu","09:36:08",462600
8080,-130,500,"bu","09:36:08",453100
8080,-130,200,"bu","09:35:58",452600
8060,-150,1000,"sd","09:35:24",452400
8060,-150,100,"sd","09:35:21",451400
8060,-150,100,"sd","09:35:21",451300
8060,-150,4000,"sd","09:35:21",451200
8060,-150,300,"sd","09:35:21",447200
8060,-150,200,"bu","09:34:30",446900
8060,-150,200,"bu","09:34:30",446700
8060,-150,300,"bu","09:34:30",446500
8060,-150,600,"bu","09:34:27",446200
8060,-150,1000,"bu","09:34:25",445600
8060,-150,2000,"bu","09:34:24",444600
8060,-150,100,"bu","09:34:23",442600
8060,-150,200,"bu","09:34:21",442500
8060,-150,200,"bu","09:34:20",442300
8060,-150,800,"bu","09:34:14",442100
8060,-150,2000,"bu","09:34:13",441300
8060,-150,500,"bu","09:34:12",439300
8060,-150,2000,"bu","09:34:11",438800
8060,-150,2900,"bu","09:34:09",436800
8060,-150,1100,"bu","09:34:09",433900
8060,-150,100,"bu","09:34:00",432800
8050,-160,200,"sd","09:33:58",432700
8050,-160,100,"sd","09:33:58",432500
8050,-160,1800,"sd","09:33:58",432400
8050,-160,500,"bu","09:33:48",430600
8050,-160,500,"bu","09:33:48",430100
8050,-160,5000,"bu","09:33:48",429600
8050,-160,2200,"bu","09:33:48",424600
8050,-160,2800,"bu","09:33:44",422400
8050,-160,500,"bu","09:33:44",419600
8050,-160,300,"bu","09:33:44",419100
8050,-160,500,"bu","09:33:44",418800
8050,-160,900,"bu","09:33:44",418300
8050,-160,100,"bu","09:33:39",417400
8050,-160,500,"bu","09:33:25",417300
8040,-170,200,"sd","09:33:10",416800
8040,-170,300,"bu","09:32:46",416600
8040,-170,600,"bu","09:32:46",416300
8040,-170,200,"bu","09:32:46",415700
8040,-170,300,"bu","09:32:46",415500
8030,-180,1000,"sd","09:32:45",415200
8030,-180,4000,"sd","09:32:45",414200
8040,-170,2000,"bu","09:32:44",410200
8040,-170,200,"bu","09:32:44",408200
8040,-170,100,"bu","09:32:42",408000
8040,-170,3000,"bu","09:32:41",407900
8040,-170,1200,"bu","09:32:41",404900
8040,-170,800,"bu","09:32:41",403700
8040,-170,200,"bu","09:32:37",402900
8040,-170,300,"bu","09:32:37",402700
8040,-170,300,"bu","09:32:31",402400
8040,-170,500,"bu","09:32:30",402100
8040,-170,500,"bu","09:32:26",401600
8040,-170,300,"bu","09:32:21",401100
8040,-170,500,"bu","09:31:48",400800
8040,-170,100,"bu","09:31:40",400300
8040,-170,500,"bu","09:31:39",400200
8040,-170,500,"bu","09:31:18",399700
8040,-170,400,"bu","09:31:06",399200
8040,-170,200,"bu","09:30:53",398800
8040,-170,100,"bu","09:30:40",398600
8020,-190,100,"sd","09:30:29",398500
8020,-190,3100,"sd","09:30:29",398400
8030,-180,600,"sd","09:30:29",395300
8030,-180,500,"sd","09:30:29",394700
8030,-180,200,"sd","09:30:29",394200
8030,-180,300,"sd","09:30:29",394000
8030,-180,200,"sd","09:30:29",393700
8040,-170,400,"sd","09:30:28",393500
8040,-170,200,"bu","09:30:19",393100
8040,-170,200,"bu","09:30:19",392900
8030,-180,300,"sd","09:30:16",392700
8030,-180,600,"sd","09:30:16",392400
8030,-180,400,"sd","09:30:16",391800
8040,-170,200,"bu","09:30:14",391400
8030,-180,600,"sd","09:30:09",391200
8030,-180,300,"sd","09:30:09",390600
8030,-180,100,"sd","09:30:09",390300
8040,-170,100,"bu","09:30:08",390200
8030,-180,100,"sd","09:30:05",390100
8030,-180,9900,"sd","09:30:05",390000
8040,-170,100,"sd","09:29:56",380100
8040,-170,100,"sd","09:29:56",380000
8040,-170,1300,"sd","09:29:56",379900
8040,-170,300,"sd","09:29:52",378600
8040,-170,200,"sd","09:29:52",378300
8040,-170,5200,"sd","09:29:48",378100
8040,-170,400,"sd","09:29:39",372900
8040,-170,200,"sd","09:29:33",372500
8040,-170,300,"bu","09:29:24",372300
8040,-170,3700,"bu","09:29:24",372000
8040,-170,100,"bu","09:29:22",368300
8040,-170,500,"bu","09:29:22",368200
8040,-170,100,"bu","09:29:18",367700
8040,-170,100,"bu","09:29:13",367600
8040,-170,500,"bu","09:29:10",367500
8040,-170,100,"bu","09:29:10",367000
8030,-180,100,"sd","09:29:09",366900
8030,-180,100,"sd","09:29:09",366800
8030,-180,100,"sd","09:29:09",366700
8040,-170,100,"bu","09:29:05",366600
8040,-170,4700,"bu","09:29:05",366500
8040,-170,100,"bu","09:29:03",361800
8040,-170,100,"bu","09:28:54",361700
8040,-170,100,"sd","09:28:54",361600
8030,-180,900,"sd","09:28:51",361500
8040,-170,600,"sd","09:28:50",360600
8050,-160,200,"bu","09:28:44",360000
8040,-170,400,"bu","09:28:44",359800
8040,-170,500,"sd","09:28:37",359400
8040,-170,100,"sd","09:28:37",358900
8040,-170,1000,"sd","09:28:37",358800
8050,-160,100,"bu","09:28:34",357800
8050,-160,400,"bu","09:28:18",357700
8050,-160,1000,"bu","09:28:07",357300
8050,-160,200,"bu","09:27:59",356300
8040,-170,5000,"sd","09:27:59",356100
8050,-160,100,"bu","09:27:53",351100
8050,-160,200,"bu","09:27:52",351000
8050,-160,300,"bu","09:27:51",350800
8050,-160,700,"bu","09:27:51",350500
8040,-170,100,"sd","09:27:46",349800
8050,-160,500,"bu","09:27:44",349700
8040,-170,900,"sd","09:27:36",349200
8040,-170,100,"sd","09:27:36",348300
8050,-160,1100,"sd","09:27:26",348200
8050,-160,2700,"sd","09:27:26",347100
8050,-160,1000,"sd","09:27:23",344400
8050,-160,100,"sd","09:27:06",343400
8050,-160,1600,"bu","09:26:58",343300
8050,-160,3000,"bu","09:26:58",341700
8050,-160,4100,"bu","09:26:58",338700
8050,-160,300,"bu","09:26:56",334600
8050,-160,100,"bu","09:26:52",334300
8050,-160,3200,"bu","09:26:49",334200
8050,-160,500,"bu","09:26:48",331000
8050,-160,1000,"bu","09:26:45",330500
8050,-160,400,"bu","09:26:44",329500
8050,-160,1000,"sd","09:26:43",329100
8050,-160,3000,"sd","09:26:43",328100
8050,-160,2000,"sd","09:26:43",325100
8050,-160,100,"sd","09:26:43",323100
8050,-160,300,"sd","09:26:43",323000
8050,-160,100,"sd","09:26:43",322700
8050,-160,100,"sd","09:26:43",322600
8050,-160,100,"sd","09:26:43",322500
8050,-160,1000,"sd","09:26:43",322400
8050,-160,1000,"sd","09:26:43",321400
8050,-160,1700,"sd","09:26:43",320400
8060,-150,100,"bu","09:26:38",318700
8060,-150,100,"bu","09:26:33",318600
8050,-160,300,"sd","09:26:32",318500
8050,-160,1000,"sd","09:26:32",318200
8050,-160,100,"sd","09:26:32",317200
8050,-160,200,"sd","09:26:32",317100
8050,-160,1000,"sd","09:26:32",316900
8050,-160,500,"sd","09:26:32",315900
8050,-160,5000,"sd","09:26:32",315400
8050,-160,900,"sd","09:26:32",310400
8050,-160,2000,"sd","09:26:32",309500
8050,-160,300,"sd","09:26:28",307500
8050,-160,100,"sd","09:26:28",307200
8050,-160,200,"sd","09:26:20",307100
8050,-160,3000,"sd","09:26:20",306900
8050,-160,1000,"sd","09:26:20",303900
8050,-160,100,"sd","09:26:20",302900
8050,-160,700,"sd","09:26:20",302800
8060,-150,1000,"bu","09:26:20",302100
8050,-160,300,"sd","09:26:07",301100
8060,-150,2600,"bu","09:26:04",300800
8060,-150,200,"bu","09:26:04",298200
8060,-150,500,"bu","09:26:04",298000
8050,-160,2200,"sd","09:25:56",297500
8050,-160,400,"sd","09:25:56",295300
8060,-150,100,"bu","09:25:55",294900
8050,-160,100,"sd","09:25:45",294800
8050,-160,200,"sd","09:25:45",294700
8050,-160,200,"sd","09:25:45",294500
8050,-160,300,"sd","09:25:40",294300
8060,-150,200,"bu","09:25:32",294000
8060,-150,500,"bu","09:25:23",293800
8060,-150,100,"sd","09:25:23",293300
8060,-150,1000,"sd","09:25:23",293200
8060,-150,400,"sd","09:25:23",292200
8060,-150,300,"sd","09:25:15",291800
8060,-150,100,"sd","09:25:15",291500
8060,-150,100,"sd","09:25:15",291400
8060,-150,200,"sd","09:25:15",291300
8060,-150,300,"sd","09:25:15",291100
8060,-150,100,"sd","09:25:00",290800
8060,-150,100,"sd","09:25:00",290700
8060,-150,4500,"sd","09:24:54",290600
8060,-150,2000,"sd","09:24:54",286100
8060,-150,8000,"sd","09:24:39",284100
8060,-150,100,"sd","09:24:39",276100
8060,-150,5000,"sd","09:24:39",276000
8060,-150,200,"sd","09:24:39",271000
8060,-150,800,"sd","09:24:35",270800
8060,-150,1000,"sd","09:24:35",270000
8060,-150,3000,"sd","09:24:35",269000
8060,-150,200,"sd","09:24:35",266000
8060,-150,3000,"sd","09:24:32",265800
8060,-150,1000,"sd","09:24:18",262800
8060,-150,800,"sd","09:24:14",261800
8060,-150,200,"sd","09:24:14",261000
8060,-150,200,"sd","09:24:14",260800
8060,-150,2800,"sd","09:24:07",260600
8060,-150,100,"sd","09:24:07",257800
8060,-150,1500,"sd","09:24:07",257700
8060,-150,100,"sd","09:23:54",256200
8070,-140,100,"sd","09:23:54",256100
8060,-150,100,"sd","09:23:40",256000
8060,-150,600,"sd","09:23:36",255900
8070,-140,100,"sd","09:23:36",255300
8070,-140,300,"sd","09:23:36",255200
8070,-140,700,"sd","09:23:25",254900
8070,-140,300,"sd","09:23:25",254200
8080,-130,100,"bu","09:23:15",253900
8080,-130,1000,"bu","09:23:15",253800
8080,-130,2700,"bu","09:23:15",252800
8080,-130,100,"bu","09:23:08",250100
8080,-130,500,"bu","09:23:00",250000
8080,-130,700,"sd","09:22:29",249500
8080,-130,300,"sd","09:22:22",248800
8100,-110,1000,"bu","09:22:13",248500
8100,-110,2000,"bu","09:21:45",247500
8100,-110,2800,"bu","09:21:21",245500
8100,-110,200,"bu","09:21:21",242700
8100,-110,500,"bu","09:21:21",242500
8100,-110,100,"bu","09:21:21",242000
8100,-110,1400,"bu","09:21:21",241900
8100,-110,3600,"bu","09:21:02",240500
8100,-110,100,"bu","09:21:02",236900
8100,-110,300,"bu","09:21:02",236800
8100,-110,300,"bu","09:20:52",236500
8070,-140,200,"sd","09:20:52",236200
8060,-150,700,"sd","09:20:49",236000
8060,-150,500,"sd","09:20:49",235300
8060,-150,600,"sd","09:20:49",234800
8060,-150,100,"sd","09:20:42",234200
8100,-110,400,"bu","09:20:40",234100
8100,-110,100,"bu","09:20:40",233700
8060,-150,1500,"sd","09:20:37",233600
8100,-110,200,"bu","09:20:15",232100
8100,-110,600,"bu","09:20:15",231900
8100,-110,700,"bu","09:20:15",231300
8100,-110,500,"bu","09:20:01",230600
8100,-110,400,"bu","09:19:49",230100
8100,-110,600,"bu","09:19:49",229700
8100,-110,200,"bu","09:19:36",229100
8100,-110,200,"bu","09:19:21",228900
8050,-160,300,"sd","09:19:20",228700
8050,-160,1000,"sd","09:19:19",228400
8050,-160,200,"bu","09:19:11",227400
8050,-160,100,"bu","09:19:11",227200
8050,-160,700,"bu","09:19:11",227100
8050,-160,800,"bu","09:19:08",226400
8020,-190,2000,"sd","09:19:08",225600
8020,-190,4900,"sd","09:19:05",223600
8020,-190,400,"sd","09:19:05",218700
8030,-180,100,"sd","09:19:05",218300
8050,-160,2000,"bu","09:18:54",218200
8050,-160,100,"bu","09:18:53",216200
8050,-160,100,"bu","09:18:51",216100
8050,-160,100,"bu","09:18:50",216000
8050,-160,200,"bu","09:18:50",215900
8050,-160,500,"bu","09:18:49",215700
8050,-160,500,"sd","09:18:49",215200
8010,-200,800,"sd","09:18:44",214700
8050,-160,500,"sd","09:18:44",213900
8050,-160,1000,"sd","09:18:44",213400
8050,-160,1200,"sd","09:18:44",212400
8050,-160,800,"sd","09:18:44",211200
8050,-160,3000,"sd","09:18:44",210400
8050,-160,200,"sd","09:18:44",207400
8050,-160,100,"sd","09:18:40",207200
8100,-110,200,"bu","09:18:37",207100
8050,-160,300,"sd","09:18:34",206900
8060,-150,1000,"sd","09:18:34",206600
8050,-160,2400,"bu","09:18:30",205600
8050,-160,2600,"sd","09:18:26",203200
8050,-160,1000,"sd","09:18:24",200600
8050,-160,1400,"bu","09:18:23",199600
8050,-160,900,"bu","09:18:18",198200
8000,-210,1500,"sd","09:18:18",197300
8050,-160,300,"bu","09:18:17",195800
8000,-210,1400,"sd","09:18:16",195500
8000,-210,500,"sd","09:18:16",194100
8000,-210,200,"sd","09:18:16",193600
8000,-210,200,"sd","09:18:16",193400
8000,-210,1000,"sd","09:18:16",193200
8000,-210,5000,"sd","09:18:16",192200
8000,-210,100,"sd","09:18:16",187200
8000,-210,200,"sd","09:18:16",187100
8000,-210,800,"sd","09:18:16",186900
8010,-200,500,"sd","09:18:16",186100
8010,-200,100,"sd","09:18:16",185600
8000,-210,500,"sd","09:18:10",185500
8000,-210,3700,"sd","09:18:09",185000
8000,-210,100,"sd","09:18:09",181300
8000,-210,400,"sd","09:18:09",181200
8000,-210,100,"sd","09:18:09",180800
8000,-210,300,"sd","09:18:09",180700
8000,-210,600,"sd","09:18:09",180400
8000,-210,200,"sd","09:18:09",179800
8000,-210,800,"sd","09:18:09",179600
8000,-210,1000,"sd","09:18:09",178800
8000,-210,5000,"sd","09:18:09",177800
8000,-210,200,"sd","09:18:09",172800
8000,-210,300,"sd","09:18:09",172600
8010,-200,100,"sd","09:18:09",172300
8010,-200,300,"sd","09:18:09",172200
8010,-200,500,"sd","09:18:09",171900
8030,-180,3500,"sd","09:18:09",171400
8030,-180,1000,"sd","09:18:09",167900
8050,-160,2400,"bu","09:18:08",166900
8050,-160,700,"bu","09:18:08",164500
8040,-170,1900,"bu","09:18:08",163800
8010,-200,500,"sd","09:18:03",161900
8010,-200,200,"sd","09:18:03",161400
8010,-200,900,"sd","09:18:03",161200
8040,-170,100,"sd","09:18:01",160300
8010,-200,100,"sd","09:18:00",160200
8010,-200,1400,"sd","09:18:00",160100
8050,-160,500,"sd","09:17:58",158700
8050,-160,2300,"sd","09:17:58",158200
8100,-110,100,"bu","09:17:57",155900
8090,-120,300,"bu","09:17:57",155800
8090,-120,600,"bu","09:17:57",155500
8050,-160,1500,"sd","09:17:54",154900
8050,-160,1200,"sd","09:17:46",153400
8090,-120,200,"sd","09:17:36",152200
8090,-120,100,"sd","09:17:36",152000
8090,-120,200,"sd","09:17:36",151900
8100,-110,300,"sd","09:17:28",151700
8100,-110,300,"sd","09:17:28",151400
8100,-110,200,"sd","09:17:28",151100
8100,-110,1000,"sd","09:17:28",150900
8100,-110,100,"sd","09:17:28",149900
8100,-110,10000,"sd","09:17:28",149800
8100,-110,400,"sd","09:17:28",139800
8100,-110,2000,"sd","09:17:28",139400
8100,-110,4100,"sd","09:17:28",137400
8100,-110,1000,"sd","09:17:28",133300
