"price","change","match_qtty","side","time","total_vol"
15600,50,45000,"bu","14:45:02",1743400
15600,50,900,"bu","14:29:55",1698400
15600,50,100,"bu","14:29:45",1697500
15600,50,300,"bu","14:29:44",1697400
15600,50,1000,"bu","14:29:41",1697100
15600,50,100,"bu","14:29:40",1696100
15600,50,100,"bu","14:29:40",1696000
15600,50,5000,"bu","14:29:40",1695900
15600,50,500,"bu","14:29:40",1690900
15600,50,100,"bu","14:29:40",1690400
15600,50,400,"bu","14:29:40",1690300
15600,50,500,"bu","14:29:40",1689900
15600,50,3000,"bu","14:29:40",1689400
15600,50,100,"bu","14:29:39",1686400
15600,50,500,"bu","14:29:39",1686300
15600,50,400,"bu","14:29:39",1685800
15600,50,700,"bu","14:29:39",1685400
15600,50,400,"sd","14:29:09",1684700
15600,50,3900,"sd","14:28:44",1684300
15600,50,1000,"sd","14:28:44",1680400
15600,50,1000,"sd","14:28:44",1679400
15600,50,500,"sd","14:28:44",1678400
15600,50,3600,"sd","14:28:44",1677900
15600,50,1000,"sd","14:28:38",1674300
15600,50,5400,"sd","14:28:37",1673300
15600,50,400,"sd","14:28:37",1667900
15600,50,100,"sd","14:28:37",1667500
15600,50,100,"sd","14:28:36",1667400
15600,50,5000,"sd","14:28:36",1667300
15600,50,2000,"sd","14:28:36",1662300
15600,50,700,"sd","14:28:36",1660300
15600,50,1300,"sd","14:28:35",1659600
15600,50,200,"sd","14:28:24",1658300
15650,100,200,"bu","14:27:47",1658100
15600,50,100,"sd","14:27:44",1657900
15600,50,2000,"sd","14:27:31",1657800
15600,50,1400,"sd","14:27:29",1655800
15600,50,100,"sd","14:27:29",1654400
15600,50,600,"sd","14:27:13",1654300
15600,50,3000,"sd","14:27:09",1653700
15650,100,1000,"bu","14:27:08",1650700
15600,50,500,"sd","14:26:58",1649700
15600,50,1000,"sd","14:26:53",1649200
15600,50,1500,"sd","14:25:55",1648200
15600,50,500,"sd","14:25:24",1646700
15600,50,1000,"sd","14:25:23",1646200
15650,100,900,"bu","14:25:06",1645200
15600,50,800,"sd","14:24:58",1644300
15600,50,1200,"sd","14:24:58",1643500
15600,50,1000,"sd","14:24:50",1642300
15600,50,1000,"sd","14:24:17",1641300
15600,50,300,"sd","14:24:12",1640300
15650,100,100,"bu","14:24:10",1640000
15600,50,500,"sd","14:22:44",1639900
15600,50,700,"sd","14:22:40",1639400
15600,50,1300,"sd","14:22:34",1638700
15600,50,1200,"sd","14:22:34",1637400
15600,50,2000,"sd","14:22:32",1636200
15600,50,100,"sd","14:22:27",1634200
15600,50,6700,"sd","14:22:24",1634100
15600,50,100,"sd","14:22:24",1627400
15600,50,2000,"sd","14:22:24",1627300
15600,50,100,"sd","14:22:24",1625300
15600,50,1000,"sd","14:22:24",1625200
15600,50,3100,"sd","14:22:24",1624200
15600,50,500,"sd","14:22:24",1621100
15600,50,2000,"sd","14:22:15",1620600
15600,50,500,"sd","14:22:07",1618600
15600,50,200,"sd","14:22:04",1618100
15600,50,500,"sd","14:21:57",1617900
15600,50,400,"sd","14:21:51",1617400
15600,50,500,"sd","14:21:51",1617000
15600,50,100,"sd","14:21:51",1616500
15600,50,1000,"sd","14:21:51",1616400
15600,50,4000,"sd","14:21:47",1615400
15600,50,2000,"sd","14:21:46",1611400
15600,50,400,"sd","14:21:46",1609400
15600,50,100,"sd","14:21:46",1609000
15600,50,100,"sd","14:21:45",1608900
15600,50,300,"sd","14:21:35",1608800
15600,50,1300,"sd","14:21:35",1608500
15600,50,5000,"sd","14:21:33",1607200
15600,50,3700,"sd","14:21:23",1602200
15600,50,10000,"sd","14:21:23",1598500
15600,50,1300,"sd","14:21:23",1588500
15600,50,300,"sd","14:21:09",1587200
15600,50,3000,"sd","14:21:09",1586900
15600,50,4700,"sd","14:21:09",1583900
15600,50,2000,"sd","14:21:09",1579200
15600,50,2000,"sd","14:20:50",1577200
15600,50,3000,"sd","14:20:50",1575200
15600,50,200,"sd","14:20:24",1572200
15600,50,1000,"sd","14:19:55",1572000
15600,50,100,"sd","14:19:33",1571000
15650,100,100,"bu","14:19:31",1570900
15600,50,2000,"sd","14:19:31",1570800
15600,50,1500,"sd","14:19:23",1568800
15650,100,800,"bu","14:18:56",1567300
15650,100,100,"bu","14:18:56",1566500
15650,100,100,"bu","14:18:56",1566400
15600,50,500,"sd","14:18:14",1566300
15600,50,500,"sd","14:18:04",1565800
15600,50,1200,"sd","14:18:03",1565300
15600,50,900,"sd","14:18:03",1564100
15600,50,500,"sd","14:18:03",1563200
15600,50,100,"sd","14:18:03",1562700
15600,50,1000,"sd","14:18:03",1562600
15600,50,200,"sd","14:18:03",1561600
15600,50,100,"sd","14:18:03",1561400
15650,100,900,"bu","14:17:34",1561300
15650,100,800,"bu","14:17:34",1560400
15600,50,600,"sd","14:17:17",1559600
15600,50,600,"sd","14:17:17",1559000
15600,50,500,"sd","14:17:17",1558400
15600,50,200,"sd","14:17:17",1557900
15600,50,400,"sd","14:17:17",1557700
15600,50,100,"sd","14:17:06",1557300
15650,100,200,"bu","14:17:04",1557200
15650,100,1000,"bu","14:17:04",1557000
15650,100,800,"bu","14:17:04",1556000
15650,100,1100,"bu","14:16:33",1555200
15650,100,1000,"bu","14:16:33",1554100
15650,100,900,"bu","14:16:33",1553100
15650,100,300,"bu","14:15:58",1552200
15600,50,100,"sd","14:15:38",1551900
15600,50,200,"sd","14:15:38",1551800
15600,50,6000,"sd","14:15:38",1551600
15600,50,200,"sd","14:15:38",1545600
15600,50,1600,"sd","14:15:38",1545400
15600,50,1900,"sd","14:15:38",1543800
15650,100,100,"bu","14:15:35",1541900
15600,50,1000,"sd","14:15:32",1541800
15650,100,1000,"bu","14:15:07",1540800
15650,100,700,"bu","14:14:50",1539800
15650,100,100,"bu","14:14:27",1539100
15650,100,200,"bu","14:14:22",1539000
15650,100,500,"bu","14:14:22",1538800
15600,50,200,"sd","14:14:21",1538300
15650,100,500,"bu","14:13:54",1538100
15650,100,400,"bu","14:13:54",1537600
15650,100,600,"bu","14:13:54",1537200
15650,100,3500,"bu","14:13:54",1536600
15650,100,100,"bu","14:13:45",1533100
15650,100,300,"bu","14:13:18",1533000
15650,100,100,"bu","14:12:51",1532700
15650,100,700,"bu","14:12:37",1532600
15650,100,500,"bu","14:12:37",1531900
15650,100,5000,"bu","14:12:37",1531400
15600,50,100,"sd","14:12:26",1526400
15600,50,300,"sd","14:12:12",1526300
15600,50,100,"sd","14:11:23",1526000
15600,50,600,"sd","14:11:21",1525900
15600,50,100,"sd","14:11:21",1525300
15600,50,2300,"sd","14:11:21",1525200
15600,50,1000,"sd","14:10:28",1522900
15650,100,900,"bu","14:10:25",1521900
15650,100,800,"bu","14:10:25",1521000
15650,100,1500,"bu","14:10:25",1520200
15650,100,1800,"bu","14:10:25",1518700
15600,50,400,"sd","14:08:46",1516900
15600,50,5000,"sd","14:08:43",1516500
15600,50,1300,"sd","14:08:36",1511500
15600,50,500,"sd","14:08:36",1510200
15600,50,300,"sd","14:08:36",1509700
15600,50,400,"sd","14:08:36",1509400
15600,50,2000,"sd","14:08:36",1509000
15600,50,1000,"sd","14:08:36",1507000
15600,50,1300,"sd","14:08:36",1506000
15600,50,2500,"sd","14:08:23",1504700
15600,50,3800,"sd","14:08:03",1502200
15600,50,1200,"sd","14:07:31",1498400
15650,100,1200,"bu","14:07:11",1497200
15650,100,200,"bu","14:07:11",1496000
15650,100,500,"bu","14:07:11",1495800
15650,100,1000,"bu","14:07:11",1495300
15600,50,1200,"sd","14:06:34",1494300
15600,50,100,"sd","14:06:34",1493100
15600,50,100,"sd","14:06:34",1493000
15600,50,300,"sd","14:05:53",1492900
15600,50,100,"sd","14:05:53",1492600
15600,50,200,"sd","14:05:53",1492500
15600,50,1000,"sd","14:05:53",1492300
15600,50,700,"sd","14:05:53",1491300
15600,50,1300,"sd","14:05:50",1490600
15600,50,3000,"sd","14:05:50",1489300
15600,50,300,"sd","14:05:50",1486300
15600,50,200,"sd","14:05:50",1486000
15600,50,1000,"sd","14:05:50",1485800
15600,50,1200,"sd","14:05:50",1484800
15600,50,2000,"sd","14:04:15",1483600
15600,50,2000,"sd","14:03:44",1481600
15600,50,2000,"sd","14:02:56",1479600
15650,100,300,"bu","14:02:17",1477600
15600,50,7000,"sd","14:02:12",1477300
15600,50,5000,"sd","14:01:34",1470300
15600,50,800,"sd","14:01:27",1465300
15600,50,500,"sd","14:01:27",1464500
15600,50,1000,"sd","14:01:27",1464000
15600,50,2700,"sd","14:01:27",1463000
15600,50,1300,"sd","14:01:12",1460300
15600,50,2300,"sd","14:01:12",1459000
15600,50,1200,"sd","14:01:12",1456700
15650,100,500,"bu","14:00:43",1455500
15650,100,2800,"sd","14:00:40",1455000
15650,100,300,"sd","14:00:38",1452200
15650,100,2500,"sd","14:00:36",1451900
15650,100,100,"sd","14:00:35",1449400
15650,100,4100,"sd","14:00:35",1449300
15650,100,100,"sd","14:00:29",1445200
15650,100,2000,"sd","14:00:22",1445100
15650,100,500,"bu","14:00:20",1443100
15650,100,3000,"bu","14:00:20",1442600
15650,100,100,"bu","14:00:20",1439600
15650,100,2000,"bu","14:00:20",1439500
15650,100,100,"bu","14:00:20",1437500
15650,100,1000,"bu","14:00:20",1437400
15650,100,3500,"bu","14:00:20",1436400
15650,100,200,"bu","14:00:11",1432900
15650,100,6300,"bu","14:00:08",1432700
15650,100,2000,"bu","14:00:08",1426400
15650,100,100,"bu","14:00:08",1424400
15600,50,1200,"sd","13:59:55",1424300
15600,50,100,"sd","13:59:55",1423100
15650,100,1900,"bu","13:58:19",1423000
15650,100,500,"bu","13:58:19",1421100
15650,100,800,"bu","13:58:19",1420600
15650,100,1800,"bu","13:58:19",1419800
15650,100,100,"bu","13:57:42",1418000
15650,100,100,"bu","13:57:18",1417900
15650,100,300,"unknown","13:56:53",1417800
15650,100,100,"sd","13:56:39",1417500
15650,100,1000,"sd","13:56:39",1417400
15650,100,100,"sd","13:56:39",1416400
15650,100,100,"sd","13:56:39",1416300
15650,100,1700,"sd","13:56:39",1416200
15650,100,1000,"sd","13:56:39",1414500
15650,100,5700,"sd","13:56:39",1413500
15650,100,100,"sd","13:56:19",1407800
15650,100,500,"sd","13:56:14",1407700
15650,100,2000,"sd","13:56:14",1407200
15650,100,1700,"sd","13:56:11",1405200
15650,100,300,"sd","13:56:11",1403500
15650,100,5800,"sd","13:56:01",1403200
15650,100,100,"sd","13:55:53",1397400
15650,100,500,"sd","13:55:46",1397300
15650,100,900,"sd","13:55:35",1396800
15650,100,2000,"sd","13:55:21",1395900
15650,100,300,"sd","13:55:15",1393900
15650,100,100,"sd","13:55:05",1393600
15650,100,1000,"sd","13:55:05",1393500
15650,100,1200,"sd","13:55:05",1392500
15650,100,3800,"sd","13:54:52",1391300
15650,100,1000,"sd","13:54:52",1387500
15650,100,100,"sd","13:54:52",1386500
15650,100,2300,"sd","13:54:52",1386400
15700,150,1000,"bu","13:54:47",1384100
15650,100,500,"sd","13:54:38",1383100
15700,150,100,"bu","13:54:01",1382600
15650,100,1000,"sd","13:53:37",1382500
15650,100,100,"sd","13:53:31",1381500
15650,100,500,"sd","13:53:10",1381400
15700,150,500,"bu","13:51:24",1380900
15650,100,600,"sd","13:51:10",1380400
15650,100,100,"sd","13:51:10",1379800
15650,100,1000,"sd","13:51:10",1379700
15650,100,600,"sd","13:51:10",1378700
15650,100,400,"sd","13:51:07",1378100
15650,100,1000,"sd","13:51:07",1377700
15650,100,100,"sd","13:50:47",1376700
15650,100,400,"sd","13:50:33",1376600
15650,100,600,"sd","13:50:33",1376200
15650,100,400,"sd","13:50:13",1375600
15650,100,100,"sd","13:50:13",1375200
15700,150,500,"bu","13:49:42",1375100
15650,100,100,"sd","13:49:41",1374600
15650,100,1900,"sd","13:49:20",1374500
15650,100,800,"sd","13:49:20",1372600
15650,100,500,"sd","13:49:20",1371800
15700,150,2100,"bu","13:48:56",1371300
15700,150,100,"bu","13:48:56",1369200
15700,150,200,"bu","13:48:56",1369100
15700,150,2000,"bu","13:48:56",1368900
15700,150,100,"bu","13:48:56",1366900
15700,150,2000,"bu","13:48:56",1366800
15700,150,500,"bu","13:48:56",1364800
15700,150,200,"bu","13:48:56",1364300
15700,150,700,"bu","13:48:56",1364100
15700,150,300,"bu","13:48:55",1363400
15700,150,100,"bu","13:48:55",1363100
15700,150,1000,"bu","13:48:55",1363000
15700,150,300,"bu","13:48:55",1362000
15700,150,5000,"bu","13:48:55",1361700
15700,150,200,"bu","13:48:55",1356700
15700,150,1400,"bu","13:48:55",1356500
15700,150,100,"bu","13:48:47",1355100
15650,100,1000,"sd","13:48:45",1355000
15650,100,1000,"sd","13:48:45",1354000
15650,100,500,"sd","13:48:16",1353000
15650,100,1000,"sd","13:48:15",1352500
15650,100,200,"sd","13:48:07",1351500
15650,100,500,"sd","13:47:22",1351300
15650,100,1300,"bu","13:47:03",1350800
15650,100,100,"bu","13:47:00",1349500
15650,100,500,"sd","13:46:58",1349400
15650,100,1100,"sd","13:46:58",1348900
15650,100,1000,"sd","13:46:53",1347800
15650,100,200,"sd","13:46:40",1346800
15650,100,5400,"sd","13:46:31",1346600
15650,100,300,"bu","13:46:22",1341200
15650,100,500,"bu","13:46:22",1340900
15650,100,4500,"bu","13:46:21",1340400
15650,100,2000,"bu","13:46:21",1335900
15650,100,3500,"bu","13:46:21",1333900
15650,100,500,"bu","13:46:21",1330400
15650,100,300,"bu","13:46:18",1329900
15650,100,200,"bu","13:46:10",1329600
15650,100,400,"bu","13:46:10",1329400
15650,100,1000,"bu","13:45:21",1329000
15600,50,3000,"sd","13:45:10",1328000
15600,50,6000,"sd","13:45:10",1325000
15600,50,4400,"sd","13:45:10",1319000
15600,50,2000,"sd","13:44:59",1314600
15600,50,100,"sd","13:44:44",1312600
15600,50,1500,"sd","13:44:42",1312500
15600,50,2000,"sd","13:44:41",1311000
15600,50,1000,"sd","13:44:41",1309000
15600,50,1000,"sd","13:44:41",1308000
15600,50,4000,"sd","13:44:41",1307000
15600,50,1000,"sd","13:44:41",1303000
15600,50,1000,"sd","13:44:41",1302000
15650,100,100,"bu","13:44:30",1301000
15650,100,1100,"sd","13:44:01",1300900
15650,100,2400,"sd","13:44:01",1299800
15650,100,500,"sd","13:43:38",1297400
15650,100,100,"sd","13:43:21",1296900
15650,100,1000,"sd","13:43:18",1296800
15650,100,1000,"sd","13:43:14",1295800
15650,100,500,"sd","13:42:52",1294800
15650,100,1400,"sd","13:42:47",1294300
15650,100,500,"sd","13:42:46",1292900
15650,100,2500,"sd","13:42:46",1292400
15650,100,500,"sd","13:42:31",1289900
15650,100,700,"sd","13:42:18",1289400
15650,100,300,"sd","13:42:18",1288700
15650,100,100,"sd","13:42:16",1288400
15650,100,500,"sd","13:41:30",1288300
15650,100,100,"sd","13:41:21",1287800
15650,100,100,"bu","13:41:11",1287700
15650,100,200,"bu","13:41:11",1287600
15650,100,2000,"bu","13:41:11",1287400
15650,100,5000,"bu","13:41:11",1285400
15650,100,1700,"bu","13:41:11",1280400
15600,50,300,"sd","13:40:51",1278700
15650,100,700,"bu","13:40:45",1278400
15650,100,3300,"bu","13:40:45",1277700
15650,100,1000,"bu","13:40:44",1274400
15650,100,5000,"bu","13:40:44",1273400
15650,100,700,"sd","13:40:05",1268400
15650,100,4300,"bu","13:39:54",1267700
15650,100,200,"sd","13:39:37",1263400
15650,100,500,"sd","13:39:36",1263200
15650,100,500,"sd","13:39:31",1262700
15650,100,10000,"sd","13:39:31",1262200
15650,100,4500,"sd","13:39:31",1252200
15650,100,500,"sd","13:39:28",1247700
15650,100,100,"sd","13:39:04",1247200
15650,100,2000,"sd","13:38:45",1247100
15650,100,200,"sd","13:38:15",1245100
15650,100,1000,"sd","13:38:14",1244900
15650,100,2100,"sd","13:38:14",1243900
15650,100,500,"sd","13:38:14",1241800
15650,100,1200,"sd","13:38:14",1241300
15700,150,100,"bu","13:37:33",1240100
15650,100,200,"sd","13:37:26",1240000
15700,150,200,"bu","13:37:26",1239800
15650,100,100,"sd","13:37:07",1239600
15650,100,100,"sd","13:37:07",1239500
15650,100,100,"sd","13:37:00",1239400
15650,100,400,"sd","13:37:00",1239300
15700,150,100,"bu","13:36:45",1238900
15650,100,200,"sd","13:36:38",1238800
15650,100,1000,"sd","13:36:31",1238600
15700,150,100,"bu","13:36:22",1237600
15700,150,300,"bu","13:36:17",1237500
15700,150,100,"bu","13:36:17",1237200
15700,150,200,"bu","13:35:58",1237100
15650,100,3400,"sd","13:35:45",1236900
15650,100,600,"sd","13:35:45",1233500
15700,150,200,"bu","13:34:55",1232900
15650,100,100,"sd","13:34:46",1232700
15700,150,500,"bu","13:34:42",1232600
15650,100,300,"bu","13:34:39",1232100
15650,100,1300,"bu","13:34:21",1231800
15650,100,3000,"bu","13:34:10",1230500
15650,100,100,"bu","13:34:08",1227500
15650,100,600,"bu","13:34:06",1227400
15650,100,700,"bu","13:34:01",1226800
15650,100,700,"bu","13:34:00",1226100
15650,100,1100,"bu","13:33:57",1225400
15650,100,100,"bu","13:33:48",1224300
15650,100,2000,"sd","13:33:47",1224200
15650,100,1000,"sd","13:33:47",1222200
15650,100,500,"sd","13:33:47",1221200
15650,100,1000,"sd","13:33:47",1220700
15650,100,20100,"sd","13:33:47",1219700
15650,100,1000,"sd","13:33:47",1199600
15650,100,1000,"sd","13:33:47",1198600
15650,100,500,"sd","13:33:47",1197600
15650,100,500,"sd","13:33:39",1197100
15700,150,100,"bu","13:33:38",1196600
15650,100,100,"bu","13:33:08",1196500
15650,100,3400,"bu","13:33:08",1196400
15650,100,400,"bu","13:33:08",1193000
15650,100,500,"bu","13:33:08",1192600
15650,100,2100,"bu","13:33:05",1192100
15650,100,900,"bu","13:32:56",1190000
15650,100,1000,"bu","13:32:54",1189100
15650,100,1500,"bu","13:32:53",1188100
15650,100,100,"bu","13:32:51",1186600
15650,100,100,"bu","13:32:51",1186500
15650,100,200,"bu","13:32:51",1186400
15650,100,700,"bu","13:32:51",1186200
15650,100,1000,"bu","13:32:51",1185500
15650,100,1000,"bu","13:32:49",1184500
15650,100,900,"bu","13:32:46",1183500
15650,100,100,"bu","13:32:41",1182600
15650,100,100,"bu","13:32:41",1182500
15650,100,1000,"bu","13:32:40",1182400
15650,100,1200,"bu","13:32:39",1181400
15650,100,100,"bu","13:32:39",1180200
15650,100,900,"bu","13:32:38",1180100
15650,100,200,"bu","13:32:37",1179200
15650,100,3800,"bu","13:32:35",1179000
15650,100,1000,"bu","13:32:35",1175200
15650,100,1000,"bu","13:32:35",1174200
15650,100,100,"bu","13:32:35",1173200
15650,100,2300,"bu","13:32:35",1173100
15650,100,3000,"bu","13:32:27",1170800
15650,100,300,"bu","13:32:26",1167800
15650,100,9400,"bu","13:32:15",1167500
15650,100,100,"bu","13:32:15",1158100
15650,100,2000,"bu","13:32:15",1158000
15650,100,3000,"bu","13:32:15",1156000
15650,100,900,"bu","13:32:15",1153000
15650,100,300,"bu","13:32:15",1152100
15650,100,100,"bu","13:32:15",1151800
15650,100,100,"bu","13:32:15",1151700
15650,100,100,"bu","13:32:15",1151600
15650,100,1000,"bu","13:32:14",1151500
15650,100,1000,"bu","13:32:14",1150500
15650,100,2000,"bu","13:32:14",1149500
15650,100,1000,"bu","13:32:14",1147500
15650,100,1000,"bu","13:32:14",1146500
15650,100,200,"bu","13:32:14",1145500
15650,100,2000,"bu","13:32:14",1145300
15650,100,200,"bu","13:32:14",1143300
15650,100,1000,"bu","13:32:14",1143100
15650,100,100,"bu","13:32:14",1142100
15650,100,4500,"bu","13:32:14",1142000
15650,100,1000,"bu","13:32:10",1137500
15600,50,500,"sd","13:32:00",1136500
15600,50,1200,"sd","13:31:30",1136000
15600,50,1800,"sd","13:31:30",1134800
15650,100,100,"bu","13:31:16",1133000
15650,100,5000,"bu","13:31:16",1132900
15650,100,600,"bu","13:31:16",1127900
15650,100,500,"bu","13:31:16",1127300
15650,100,100,"bu","13:31:16",1126800
15650,100,1000,"bu","13:31:07",1126700
15650,100,1200,"bu","13:31:04",1125700
15650,100,1000,"bu","13:30:46",1124500
15650,100,1200,"bu","13:30:19",1123500
15650,100,1000,"bu","13:30:19",1122300
15650,100,100,"bu","13:30:19",1121300
15650,100,700,"bu","13:30:19",1121200
15650,100,1000,"bu","13:30:15",1120500
15650,100,2900,"bu","13:30:07",1119500
15650,100,300,"bu","13:29:59",1116600
15600,50,1700,"bu","13:29:49",1116300
15600,50,900,"bu","13:29:49",1114600
15600,50,5000,"bu","13:29:49",1113700
15600,50,7000,"bu","13:29:49",1108700
15600,50,100,"bu","13:29:49",1101700
15600,50,1500,"bu","13:29:49",1101600
15600,50,1000,"bu","13:29:42",1100100
15600,50,1000,"bu","13:29:42",1099100
15600,50,7100,"bu","13:29:42",1098100
15600,50,500,"bu","13:29:42",1091000
15600,50,500,"bu","13:29:42",1090500
15600,50,2000,"bu","13:29:42",1090000
15600,50,3000,"bu","13:29:42",1088000
15600,50,100,"bu","13:29:41",1085000
15600,50,1000,"bu","13:29:25",1084900
15600,50,1200,"bu","13:29:17",1083900
15600,50,200,"bu","13:29:00",1082700
15600,50,400,"bu","13:28:56",1082500
15600,50,1600,"bu","13:28:56",1082100
15600,50,100,"bu","13:28:56",1080500
15600,50,1600,"bu","13:28:51",1080400
15600,50,200,"bu","13:28:51",1078800
15600,50,200,"bu","13:28:51",1078600
15600,50,600,"bu","13:28:51",1078400
15600,50,200,"bu","13:28:51",1077800
15600,50,800,"bu","13:28:48",1077600
15600,50,100,"bu","13:28:48",1076800
15600,50,100,"bu","13:28:48",1076700
15600,50,500,"bu","13:28:48",1076600
15600,50,600,"bu","13:28:48",1076100
15600,50,4300,"bu","13:28:48",1075500
15600,50,1000,"bu","13:28:48",1071200
15600,50,1200,"bu","13:28:48",1070200
15600,50,1000,"bu","13:28:48",1069000
15600,50,100,"bu","13:28:48",1068000
15600,50,300,"bu","13:28:48",1067900
15600,50,200,"bu","13:28:47",1067600
15600,50,200,"bu","13:28:47",1067400
15600,50,200,"bu","13:28:47",1067200
15600,50,1000,"bu","13:28:47",1067000
15600,50,1000,"bu","13:28:47",1066000
15600,50,500,"bu","13:28:47",1065000
15600,50,500,"bu","13:28:47",1064500
15600,50,2100,"bu","13:28:47",1064000
15600,50,900,"bu","13:28:34",1061900
15600,50,1400,"bu","13:27:49",1061000
15600,50,900,"bu","13:27:41",1059600
15600,50,3000,"bu","13:27:37",1058700
15600,50,5000,"bu","13:27:31",1055700
15600,50,2500,"bu","13:27:23",1050700
15600,50,300,"bu","13:26:30",1048200
15600,50,4000,"bu","13:26:02",1047900
15600,50,500,"bu","13:25:57",1043900
15600,50,100,"bu","13:25:34",1043400
15550,0,10000,"sd","13:24:23",1043300
15600,50,100,"bu","13:23:25",1033300
15600,50,800,"bu","13:22:50",1033200
15600,50,300,"bu","13:22:24",1032400
15550,0,8500,"sd","13:22:00",1032100
15550,0,1500,"sd","13:22:00",1023600
15550,0,3500,"sd","13:21:54",1022100
15550,0,500,"sd","13:21:54",1018600
15600,50,100,"bu","13:21:01",1018100
15600,50,1000,"bu","13:20:41",1018000
15600,50,1000,"bu","13:20:33",1017000
15600,50,500,"bu","13:20:30",1016000
15600,50,500,"bu","13:20:30",1015500
15600,50,500,"bu","13:20:29",1015000
15600,50,500,"bu","13:20:29",1014500
15600,50,500,"bu","13:20:13",1014000
15600,50,500,"bu","13:20:13",1013500
15600,50,1000,"bu","13:20:13",1013000
15600,50,2000,"bu","13:20:12",1012000
15550,0,100,"sd","13:20:05",1010000
15550,0,1900,"sd","13:20:05",1009900
15600,50,100,"bu","13:20:01",1008000
15550,0,500,"sd","13:19:46",1007900
15600,50,1900,"bu","13:19:27",1007400
15600,50,100,"bu","13:19:27",1005500
15550,0,2600,"sd","13:19:02",1005400
15550,0,400,"sd","13:19:02",1000800
15550,0,2000,"sd","13:19:02",1002800
15600,50,400,"bu","13:18:02",1000400
15600,50,200,"bu","13:18:02",1000000
15600,50,500,"bu","13:17:52",999800
15600,50,2300,"bu","13:17:43",999300
15600,50,500,"bu","13:16:49",997000
15600,50,200,"bu","13:16:41",996500
15600,50,300,"bu","13:16:41",996300
15600,50,700,"sd","13:15:56",996000
15600,50,300,"bu","13:15:42",995300
15600,50,500,"sd","13:15:29",995000
15600,50,200,"sd","13:15:29",994500
15600,50,100,"sd","13:15:27",994300
15600,50,400,"sd","13:15:27",994200
15600,50,100,"sd","13:15:11",993800
15600,50,1900,"sd","13:15:11",993700
15600,50,8100,"sd","13:15:10",991800
15600,50,1500,"sd","13:15:10",983700
15600,50,400,"sd","13:15:10",982200
15600,50,100,"sd","13:15:01",981800
15600,50,500,"sd","13:14:39",981700
15600,50,500,"sd","13:14:26",981200
15600,50,100,"sd","13:14:15",980700
15600,50,200,"sd","13:14:15",980600
15600,50,100,"sd","13:14:15",980400
15600,50,200,"sd","13:14:15",980300
15600,50,1400,"sd","13:14:15",980100
15600,50,1700,"sd","13:14:14",978700
15600,50,300,"sd","13:14:10",977000
15650,100,500,"bu","13:14:10",976700
15600,50,2000,"sd","13:13:58",976200
15600,50,100,"sd","13:13:32",974200
15600,50,300,"sd","13:13:21",974100
15600,50,100,"sd","13:13:11",973800
15600,50,2000,"sd","13:13:03",973700
15600,50,500,"sd","13:12:56",971700
15600,50,100,"sd","13:12:48",971200
15600,50,200,"sd","13:12:45",971100
15600,50,300,"sd","13:12:40",970900
15600,50,100,"sd","13:12:33",970600
15600,50,900,"sd","13:12:31",970500
15600,50,100,"sd","13:12:31",969600
15600,50,600,"sd","13:12:26",969500
15600,50,500,"sd","13:12:25",968900
15600,50,1000,"sd","13:12:24",968400
15650,100,400,"bu","13:12:18",967400
15600,50,3000,"sd","13:12:13",967000
15600,50,1000,"sd","13:12:02",964000
15650,100,100,"bu","13:12:00",963000
15600,50,700,"sd","13:12:00",962900
15650,100,300,"bu","13:11:08",962200
15600,50,500,"sd","13:11:07",961900
15600,50,1000,"sd","13:11:07",961400
15600,50,300,"sd","13:10:59",960400
15600,50,200,"sd","13:10:55",960100
15600,50,2000,"sd","13:10:55",959900
15600,50,1000,"sd","13:10:55",957900
15600,50,5000,"sd","13:10:45",956900
15600,50,100,"sd","13:10:27",951900
15600,50,100,"sd","13:10:27",951800
15600,50,1500,"sd","13:10:17",951700
15600,50,1000,"sd","13:10:09",950200
15600,50,1300,"sd","13:09:43",949200
15600,50,300,"sd","13:09:40",947900
15600,50,500,"sd","13:09:29",947600
15600,50,100,"sd","13:09:17",947100
15600,50,200,"sd","13:09:15",947000
15600,50,100,"sd","13:07:58",946800
15600,50,3200,"sd","13:07:58",946700
15600,50,500,"sd","13:07:58",943500
15600,50,1100,"sd","13:07:58",943000
15600,50,10000,"sd","13:07:57",941900
15600,50,500,"bu","13:07:05",931900
15600,50,1000,"bu","13:07:02",931400
15600,50,1500,"bu","13:06:36",930400
15600,50,1500,"bu","13:06:35",928900
15600,50,100,"bu","13:06:35",927400
15600,50,500,"bu","13:06:35",927300
15600,50,300,"bu","13:06:35",926800
15600,50,100,"bu","13:06:35",926500
15600,50,300,"bu","13:06:35",926400
15600,50,200,"bu","13:06:35",926100
15600,50,300,"unknown","13:06:35",925900
15600,50,500,"sd","13:06:35",925600
15600,50,500,"sd","13:06:35",925100
15600,50,11600,"sd","13:06:35",924600
15600,50,100,"sd","13:06:35",913000
15600,50,1000,"sd","13:06:35",912900
15600,50,500,"sd","13:06:25",911900
15600,50,200,"sd","13:06:18",911400
15600,50,1000,"sd","13:06:18",911200
15600,50,600,"sd","13:06:17",910200
15600,50,500,"sd","13:06:10",909600
15600,50,500,"sd","13:05:42",909100
15600,50,100,"sd","13:05:41",908600
15600,50,100,"sd","13:05:31",908500
15600,50,2000,"sd","13:05:27",908400
15600,50,11600,"sd","13:05:26",906400
15600,50,1600,"sd","13:05:25",894800
15600,50,1400,"sd","13:04:53",893200
15650,100,900,"bu","13:04:52",891800
15650,100,200,"bu","13:04:36",890900
15650,100,100,"bu","13:04:33",890700
15650,100,7900,"bu","13:04:31",890600
15650,100,1000,"bu","13:04:31",882700
15650,100,1000,"bu","13:04:31",881700
15650,100,100,"bu","13:04:31",880700
15650,100,3000,"bu","13:04:31",880600
15650,100,600,"bu","13:04:31",877600
15650,100,200,"bu","13:04:31",877000
15650,100,500,"bu","13:04:30",876800
15650,100,100,"bu","13:04:30",876300
15650,100,400,"bu","13:04:30",876200
15650,100,2300,"bu","13:04:30",875800
15600,50,2000,"sd","13:04:29",873500
15650,100,200,"bu","13:04:28",871500
15600,50,500,"sd","13:04:26",871300
15650,100,100,"bu","13:04:14",870800
15650,100,400,"bu","13:02:33",870700
15650,100,500,"bu","13:02:33",870300
15650,100,300,"bu","13:02:33",869800
15650,100,800,"bu","13:02:33",869500
15650,100,300,"bu","13:02:28",868700
15650,100,100,"bu","13:02:28",868400
15650,100,500,"bu","13:02:28",868300
15650,100,100,"bu","13:02:28",867800
15650,100,500,"bu","13:02:28",867700
15650,100,300,"bu","13:02:27",867200
15650,100,1600,"bu","13:02:27",866900
15650,100,1800,"bu","13:02:27",865300
15650,100,1100,"bu","13:02:13",863500
15650,100,1900,"bu","13:02:12",862400
15650,100,200,"bu","13:01:59",860500
15650,100,3000,"bu","13:01:56",860300
15600,50,100,"sd","13:01:55",857300
15650,100,800,"bu","13:01:53",857200
15600,50,1000,"sd","13:01:53",856400
15600,50,200,"sd","13:01:50",855400
15600,50,1000,"sd","13:01:49",855200
15600,50,1000,"sd","13:01:46",854200
15600,50,100,"sd","13:01:45",853200
15600,50,16900,"sd","13:01:44",853100
15600,50,500,"sd","13:01:42",836200
15600,50,10000,"sd","13:01:40",835700
15600,50,5100,"sd","13:01:39",825700
15600,50,1000,"sd","13:01:39",820600
15600,50,500,"sd","13:01:37",819600
15600,50,1000,"sd","13:01:36",819100
15600,50,500,"sd","13:01:32",818100
15650,100,1100,"bu","13:01:31",817600
15600,50,1100,"sd","13:01:31",816500
15600,50,1600,"sd","13:01:28",815400
15650,100,500,"bu","13:01:27",813800
15600,50,1000,"sd","13:01:26",813300
15600,50,100,"sd","13:01:23",812300
15600,50,500,"sd","13:01:22",812200
15650,100,1400,"bu","13:01:21",811700
15600,50,200,"sd","13:01:21",810300
15600,50,100,"sd","13:01:17",810100
15600,50,2000,"sd","13:01:15",810000
15600,50,2400,"sd","13:01:11",808000
15600,50,700,"sd","13:01:10",805600
15600,50,100,"sd","13:01:10",804900
15600,50,400,"sd","13:01:06",804800
15600,50,1500,"sd","13:01:02",804400
15600,50,1300,"sd","13:01:02",802900
15600,50,2000,"sd","13:00:59",801600
15600,50,4000,"sd","13:00:57",799600
15600,50,300,"sd","13:00:55",795600
15600,50,15200,"sd","13:00:53",795300
15600,50,1500,"sd","13:00:52",780100
15600,50,100,"sd","13:00:50",778600
15600,50,1000,"sd","13:00:45",778500
15600,50,200,"sd","13:00:45",777500
15650,100,200,"bu","13:00:41",777300
15600,50,700,"sd","13:00:41",777100
15600,50,1100,"sd","13:00:38",776400
15600,50,2000,"sd","13:00:38",775300
15600,50,200,"sd","13:00:36",773300
15650,100,200,"bu","13:00:34",773100
15600,50,100,"sd","13:00:31",772900
15600,50,300,"sd","13:00:31",772800
15600,50,500,"sd","13:00:29",772500
15600,50,400,"sd","13:00:27",772000
15600,50,3400,"sd","13:00:24",771600
15600,50,500,"sd","13:00:24",768200
15650,100,2000,"bu","13:00:22",767700
15600,50,2000,"sd","13:00:22",765700
15600,50,1000,"sd","13:00:22",763700
15600,50,500,"sd","13:00:20",762700
15650,100,100,"bu","13:00:18",762200
15600,50,1000,"sd","13:00:18",762100
15600,50,200,"sd","13:00:16",761100
15600,50,200,"sd","13:00:16",760900
15600,50,300,"sd","13:00:15",760700
15600,50,2000,"sd","13:00:13",760400
15650,100,200,"bu","13:00:12",758400
15600,50,4400,"sd","13:00:12",758200
15600,50,100,"sd","13:00:11",753800
15600,50,1000,"sd","13:00:10",753700
15600,50,100,"sd","13:00:10",752700
15650,100,500,"bu","13:00:08",752600
15600,50,300,"sd","13:00:06",752100
15600,50,100,"sd","13:00:06",751800
15600,50,500,"sd","13:00:02",751700
15600,50,1000,"sd","13:00:02",751200
15600,50,2700,"bu","13:00:01",750200
15600,50,500,"bu","13:00:01",747500
15600,50,1000,"bu","13:00:00",747000
15600,50,200,"bu","13:00:00",746000
15600,50,3000,"bu","11:29:32",745800
15600,50,5000,"bu","11:29:06",742800
15600,50,1100,"bu","11:28:22",737800
15600,50,3000,"bu","11:28:03",736700
15550,0,600,"sd","11:27:34",733700
15550,0,200,"sd","11:27:34",733100
15550,0,1000,"sd","11:27:34",732900
15550,0,3000,"sd","11:27:34",731900
15550,0,200,"sd","11:27:34",728900
15550,0,100,"sd","11:26:49",728700
15550,0,100,"sd","11:26:22",728600
15550,0,300,"sd","11:25:53",728500
15550,0,300,"sd","11:25:11",728200
15550,0,2000,"bu","11:24:54",727900
15550,0,1100,"bu","11:24:32",725900
15550,0,300,"bu","11:24:32",724800
15550,0,600,"bu","11:24:32",724500
15500,-50,1000,"sd","11:23:48",723900
15500,-50,100,"sd","11:22:47",722900
15500,-50,100,"sd","11:22:47",722800
15500,-50,600,"sd","11:22:47",722700
15550,0,300,"bu","11:19:31",722100
15550,0,100,"sd","11:19:17",721800
15550,0,2000,"sd","11:19:17",721700
15550,0,2000,"sd","11:19:17",719700
15550,0,200,"sd","11:19:17",717700
15550,0,200,"sd","11:19:17",717500
15550,0,500,"sd","11:19:17",717300
15550,0,500,"sd","11:19:17",716800
15550,0,600,"sd","11:19:17",716300
15550,0,200,"sd","11:19:17",715700
15550,0,1300,"sd","11:19:17",715500
15550,0,400,"sd","11:17:02",714200
15550,0,1300,"sd","11:16:21",713800
15550,0,2000,"sd","11:15:18",712500
15550,0,5000,"sd","11:14:38",710500
15550,0,1000,"sd","11:14:06",705500
15550,0,1000,"sd","11:14:06",704500
15600,50,1000,"bu","11:12:48",703500
15600,50,200,"bu","11:11:19",702500
15600,50,500,"bu","11:11:05",702300
15600,50,2000,"bu","11:10:40",701800
15600,50,1000,"bu","11:10:33",699800
15600,50,1000,"bu","11:10:19",698800
15600,50,2100,"bu","11:10:02",697800
15600,50,1000,"bu","11:09:50",695700
15600,50,15700,"bu","11:09:34",694700
15550,0,200,"bu","11:09:34",679000
15550,0,700,"bu","11:09:34",678800
15550,0,800,"bu","11:09:30",678100
15550,0,500,"bu","11:09:28",677300
15550,0,1000,"bu","11:09:20",676800
15550,0,5000,"bu","11:09:13",675800
15600,50,100,"bu","11:07:50",670800
15600,50,2700,"bu","11:07:48",670700
15500,-50,1400,"sd","11:07:30",668000
15500,-50,200,"sd","11:07:30",666600
15500,-50,1000,"sd","11:07:29",666400
15500,-50,1900,"sd","11:07:29",665400
15550,0,2100,"sd","11:07:29",663500
15550,0,200,"sd","11:07:29",661400
15550,0,1000,"sd","11:07:29",661200
15550,0,700,"sd","11:07:29",660200
15550,0,300,"bu","11:07:25",659500
15550,0,100,"bu","11:07:25",659200
15550,0,600,"bu","11:07:15",659100
15550,0,200,"bu","11:07:13",658500
15550,0,700,"bu","11:07:12",658300
15550,0,800,"bu","11:07:02",657600
15550,0,700,"bu","11:07:02",656800
15550,0,500,"bu","11:07:01",656100
15550,0,300,"bu","11:06:50",655600
15550,0,1600,"bu","11:06:50",655300
15550,0,2000,"bu","11:06:45",653700
15550,0,100,"bu","11:06:43",651700
15550,0,1000,"bu","11:06:42",651600
15550,0,1000,"bu","11:06:40",650600
15550,0,300,"bu","11:06:37",649600
15550,0,400,"bu","11:06:22",649300
15550,0,100,"bu","11:06:22",648900
15550,0,600,"bu","11:06:09",648800
15550,0,2000,"bu","11:06:09",648200
15550,0,1000,"bu","11:05:55",646200
15550,0,2000,"bu","11:05:51",645200
15550,0,5000,"bu","11:05:51",643200
15550,0,100,"bu","11:05:51",638200
15550,0,500,"bu","11:05:51",638100
15550,0,500,"bu","11:05:51",637600
15550,0,500,"bu","11:05:51",637100
15550,0,1400,"bu","11:05:50",636600
15550,0,2600,"bu","11:05:46",635200
15550,0,1000,"bu","11:05:31",632600
15550,0,1000,"bu","11:05:21",631600
15550,0,1000,"bu","11:05:09",630600
15550,0,1000,"bu","11:05:09",629600
15550,0,2500,"bu","11:05:09",628600
15550,0,500,"bu","11:05:09",626100
15500,-50,100,"sd","11:04:49",625600
15500,-50,1900,"sd","11:04:49",625500
15500,-50,1000,"sd","11:04:29",623600
15500,-50,100,"sd","11:03:46",622600
15500,-50,5000,"bu","11:03:36",622500
15500,-50,1000,"bu","11:03:36",617500
15500,-50,100,"bu","11:03:36",616500
15500,-50,400,"bu","11:03:36",616400
15500,-50,500,"bu","11:03:36",616000
15500,-50,500,"bu","11:03:28",615500
15500,-50,200,"bu","11:03:28",615000
15500,-50,500,"bu","11:03:28",614800
15500,-50,100,"bu","11:03:28",614300
15500,-50,100,"bu","11:03:28",614200
15500,-50,400,"bu","11:03:28",614100
15500,-50,3200,"bu","11:03:28",613700
15500,-50,5000,"bu","11:03:27",610500
15500,-50,200,"bu","11:03:08",605500
15500,-50,100,"bu","11:01:58",605300
15500,-50,100,"bu","11:01:46",605200
15500,-50,1500,"bu","11:01:42",605100
15500,-50,22700,"bu","11:01:40",603600
15500,-50,1000,"bu","10:59:54",580900
15450,-100,400,"sd","10:57:47",579900
15450,-100,500,"sd","10:56:29",579500
15450,-100,200,"sd","10:55:40",579000
15450,-100,100,"sd","10:55:40",578800
15450,-100,2700,"sd","10:55:40",578700
15450,-100,400,"sd","10:54:21",576000
15450,-100,2000,"sd","10:52:06",575600
15450,-100,900,"sd","10:50:58",573600
15450,-100,100,"sd","10:50:58",572700
15450,-100,200,"sd","10:50:58",572600
15450,-100,500,"sd","10:50:58",572400
15450,-100,500,"sd","10:50:58",571900
15450,-100,100,"sd","10:50:58",571400
15450,-100,700,"sd","10:50:58",571300
15450,-100,300,"sd","10:50:43",570600
15450,-100,200,"sd","10:50:43",570300
15450,-100,500,"sd","10:50:43",570100
15450,-100,500,"sd","10:50:43",569600
15500,-50,100,"bu","10:49:37",569100
15450,-100,400,"sd","10:49:24",569000
15450,-100,2000,"sd","10:46:12",568600
15450,-100,700,"sd","10:45:23",566600
15450,-100,300,"sd","10:45:23",565900
15500,-50,100,"bu","10:45:03",565600
15500,-50,100,"bu","10:44:45",565500
15450,-100,200,"sd","10:43:08",565400
15450,-100,200,"sd","10:43:08",565200
15500,-50,100,"bu","10:42:50",565000
15450,-100,800,"bu","10:42:34",564900
15450,-100,1000,"bu","10:42:34",564100
15450,-100,200,"bu","10:42:30",563100
15500,-50,2000,"bu","10:42:21",562900
15500,-50,5000,"bu","10:42:10",560900
15450,-100,100,"sd","10:42:09",555900
15450,-100,200,"sd","10:42:09",555800
15450,-100,2700,"sd","10:42:09",555600
15500,-50,5000,"bu","10:42:01",552900
15500,-50,3800,"bu","10:41:54",547900
15500,-50,1200,"bu","10:41:54",544100
15500,-50,300,"bu","10:41:09",542900
15550,0,300,"bu","10:40:07",542600
15550,0,100,"bu","10:39:43",542300
15400,-150,100,"sd","10:39:39",542200
15400,-150,500,"sd","10:39:39",542100
15400,-150,1000,"sd","10:39:39",541600
15400,-150,2700,"sd","10:39:39",540600
15400,-150,2300,"sd","10:39:21",537900
15400,-150,300,"sd","10:39:21",535600
15400,-150,2000,"sd","10:39:21",535300
15400,-150,800,"sd","10:39:21",533300
15400,-150,300,"sd","10:39:21",532500
15400,-150,1000,"sd","10:39:21",532200
15400,-150,200,"sd","10:39:21",531200
15400,-150,1000,"sd","10:39:21",531000
15400,-150,300,"sd","10:39:21",530000
15400,-150,1700,"sd","10:39:21",529700
15450,-100,100,"sd","10:39:21",528000
15400,-150,5800,"sd","10:38:34",527900
15450,-100,600,"sd","10:38:34",522100
15450,-100,500,"sd","10:38:34",521500
15450,-100,3000,"sd","10:38:34",521000
15450,-100,500,"sd","10:38:34",518000
15450,-100,500,"sd","10:38:34",517500
15450,-100,100,"sd","10:38:34",517000
15450,-100,500,"sd","10:38:34",516900
15450,-100,500,"sd","10:38:34",516400
15500,-50,1000,"sd","10:38:34",515900
15450,-100,1000,"sd","10:38:34",514900
15500,-50,200,"sd","10:38:34",513900
15450,-100,100,"sd","10:38:34",513700
15500,-50,500,"sd","10:38:34",513600
15500,-50,8000,"sd","10:38:34",513100
15500,-50,2300,"sd","10:38:34",505100
15450,-100,1800,"sd","10:38:34",502800
15500,-50,2000,"sd","10:38:34",501000
15450,-100,500,"sd","10:38:34",499000
15450,-100,100,"sd","10:38:34",498500
15450,-100,300,"sd","10:38:34",498400
15450,-100,100,"sd","10:38:34",498100
15450,-100,100,"sd","10:38:34",498000
15550,0,600,"bu","10:36:14",497900
15550,0,500,"bu","10:36:14",497300
15550,0,2500,"bu","10:35:52",496800
15550,0,300,"bu","10:35:52",494300
15550,0,800,"bu","10:35:52",494000
15550,0,800,"bu","10:35:07",493200
15500,-50,1000,"sd","10:34:25",492400
15500,-50,400,"sd","10:34:10",491400
15500,-50,300,"sd","10:34:10",491000
15500,-50,1000,"sd","10:33:29",490700
15500,-50,1000,"sd","10:32:13",489700
15500,-50,2000,"sd","10:32:13",488700
15500,-50,100,"sd","10:31:01",486700
15500,-50,100,"sd","10:31:01",486600
15500,-50,100,"sd","10:30:22",486500
15500,-50,200,"sd","10:29:31",486400
15500,-50,400,"sd","10:29:08",486200
15500,-50,900,"bu","10:28:31",485800
15500,-50,100,"bu","10:28:21",484900
15500,-50,1900,"bu","10:28:21",484800
15500,-50,500,"bu","10:28:03",482900
15500,-50,100,"bu","10:27:47",482400
15500,-50,100,"sd","10:27:29",482300
15500,-50,200,"sd","10:27:29",482200
15500,-50,200,"sd","10:27:29",482000
15500,-50,3300,"sd","10:27:29",481800
15500,-50,200,"sd","10:27:29",478500
15500,-50,1500,"sd","10:27:29",478300
15500,-50,4000,"sd","10:27:22",476800
15500,-50,3700,"sd","10:26:59",472800
15500,-50,8000,"bu","10:26:18",469100
15500,-50,2000,"bu","10:26:18",461100
15500,-50,800,"bu","10:26:18",459100
15500,-50,1000,"bu","10:26:08",458300
15500,-50,2000,"bu","10:25:59",457300
15500,-50,200,"sd","10:25:42",455300
15500,-50,200,"sd","10:25:23",455100
15500,-50,500,"sd","10:25:20",454900
15500,-50,2000,"bu","10:25:19",454400
15500,-50,100,"bu","10:25:19",452400
15500,-50,600,"bu","10:25:19",452300
15500,-50,200,"bu","10:25:19",451700
15500,-50,500,"bu","10:25:19",451500
15500,-50,700,"bu","10:25:19",451000
15500,-50,200,"bu","10:25:04",450300
15500,-50,100,"bu","10:24:28",450100
15500,-50,400,"bu","10:24:28",450000
15500,-50,1000,"bu","10:24:18",449600
15500,-50,2000,"bu","10:24:05",448600
15500,-50,2000,"bu","10:23:53",446600
15500,-50,600,"sd","10:22:28",444600
15500,-50,1400,"bu","10:22:27",444000
15500,-50,3600,"bu","10:22:15",442600
15500,-50,500,"bu","10:22:15",439000
15500,-50,200,"bu","10:22:15",438500
15500,-50,700,"bu","10:22:15",438300
15500,-50,4300,"bu","10:22:05",437600
15500,-50,700,"bu","10:22:05",433300
15450,-100,1600,"sd","10:21:43",432600
15450,-100,3000,"sd","10:21:43",431000
15450,-100,300,"sd","10:21:43",428000
15450,-100,100,"sd","10:21:43",427700
15450,-100,900,"sd","10:21:24",427600
15450,-100,100,"sd","10:21:23",426700
15450,-100,1000,"sd","10:21:23",426600
15450,-100,2000,"sd","10:21:23",425600
15450,-100,300,"sd","10:21:23",423600
15450,-100,500,"sd","10:21:23",423300
15450,-100,200,"sd","10:21:23",422800
15450,-100,500,"sd","10:21:00",422600
15450,-100,400,"sd","10:21:00",422100
15450,-100,1000,"sd","10:21:00",421700
15500,-50,300,"sd","10:19:30",420700
15500,-50,2800,"bu","10:18:53",420400
15500,-50,1000,"bu","10:18:53",417600
15500,-50,200,"bu","10:18:53",416600
15500,-50,500,"sd","10:17:57",416400
15500,-50,300,"sd","10:17:57",415900
15500,-50,300,"sd","10:17:38",415600
15500,-50,500,"sd","10:17:38",415300
15500,-50,200,"sd","10:17:38",414800
15500,-50,300,"sd","10:17:28",414600
15500,-50,100,"sd","10:17:28",414300
15500,-50,500,"sd","10:17:10",414200
15500,-50,600,"sd","10:16:19",413700
15500,-50,800,"sd","10:15:54",413100
15500,-50,500,"sd","10:15:54",412300
15500,-50,500,"sd","10:15:54",411800
15500,-50,100,"sd","10:15:54",411300
15500,-50,1000,"sd","10:15:54",411200
15500,-50,300,"sd","10:15:54",410200
15500,-50,500,"sd","10:15:54",409900
15500,-50,200,"sd","10:15:54",409400
15500,-50,100,"sd","10:15:53",409200
15500,-50,200,"sd","10:15:43",409100
15500,-50,100,"sd","10:15:43",408900
15500,-50,500,"sd","10:15:43",408800
15500,-50,1000,"sd","10:15:43",408300
15500,-50,100,"sd","10:15:43",407300
15500,-50,2000,"sd","10:15:13",407200
15500,-50,100,"sd","10:14:20",405200
15550,0,1400,"bu","10:13:55",405100
15550,0,600,"bu","10:13:55",403700
15500,-50,800,"sd","10:13:41",403100
15500,-50,5000,"sd","10:13:12",402300
15500,-50,2000,"sd","10:12:55",397300
15500,-50,300,"sd","10:12:55",395300
15500,-50,100,"sd","10:12:55",395000
15500,-50,200,"sd","10:12:55",394900
15500,-50,1000,"sd","10:12:55",394700
15500,-50,600,"sd","10:12:55",393700
15500,-50,1000,"sd","10:11:47",393100
15500,-50,400,"sd","10:11:34",392100
15500,-50,100,"sd","10:11:34",391700
15500,-50,500,"sd","10:11:34",391600
15500,-50,400,"sd","10:11:20",391100
15500,-50,1000,"sd","10:11:17",390700
15550,0,100,"bu","10:10:34",389700
15550,0,600,"bu","10:09:47",389600
15550,0,500,"sd","10:08:43",389000
15550,0,600,"sd","10:08:43",388500
15550,0,400,"sd","10:08:43",387900
15550,0,400,"sd","10:08:43",387500
15550,0,1800,"sd","10:08:43",387100
15550,0,100,"sd","10:08:21",385300
15550,0,8000,"sd","10:08:13",385200
15550,0,100,"sd","10:07:49",377200
15550,0,100,"sd","10:07:49",377100
15550,0,300,"sd","10:07:49",377000
15550,0,100,"sd","10:07:31",376700
15550,0,100,"bu","10:05:25",376600
15550,0,100,"bu","10:05:25",376500
15550,0,1000,"bu","10:05:25",376400
15550,0,500,"bu","10:05:09",375400
15550,0,200,"bu","10:03:14",374900
15550,0,300,"bu","10:02:57",374700
15550,0,300,"bu","10:02:57",374400
15550,0,1200,"bu","10:02:55",374100
15550,0,800,"bu","10:02:55",372900
15550,0,100,"bu","10:02:47",372100
15550,0,1000,"bu","10:02:27",372000
15550,0,1700,"bu","10:02:23",371000
15550,0,400,"sd","10:02:17",369300
15550,0,100,"unknown","10:02:01",368900
15550,0,900,"bu","10:01:51",368800
15550,0,2000,"bu","10:01:51",367900
15550,0,100,"bu","10:01:51",365900
15550,0,1900,"sd","10:01:01",365800
15550,0,200,"bu","10:00:50",363900
15550,0,200,"bu","10:00:50",363700
15550,0,800,"bu","10:00:50",363500
15550,0,500,"bu","10:00:50",362700
15550,0,1000,"bu","10:00:50",362200
15550,0,400,"bu","10:00:50",361200
15500,-50,600,"sd","09:59:55",360800
15500,-50,2000,"sd","09:59:55",360200
15500,-50,1100,"sd","09:59:55",358200
15500,-50,500,"sd","09:59:55",357100
15500,-50,100,"sd","09:59:55",356600
15500,-50,200,"sd","09:59:55",356500
15500,-50,500,"sd","09:59:55",356300
15500,-50,100,"sd","09:59:14",355800
15500,-50,300,"sd","09:59:14",355700
15500,-50,200,"sd","09:59:14",355400
15500,-50,400,"sd","09:59:14",355200
15500,-50,700,"sd","09:58:36",354800
15500,-50,300,"sd","09:58:36",354100
15500,-50,2000,"sd","09:58:05",353800
15500,-50,900,"sd","09:58:00",351800
15500,-50,300,"sd","09:58:00",350900
15500,-50,100,"sd","09:58:00",350600
15500,-50,100,"sd","09:57:19",350500
15550,0,600,"sd","09:57:09",350400
15550,0,2000,"sd","09:56:16",349800
15550,0,2000,"bu","09:56:15",347800
15550,0,1000,"bu","09:56:15",345800
15550,0,1000,"bu","09:56:15",344800
15550,0,400,"bu","09:56:15",343800
15550,0,300,"bu","09:55:47",343400
15500,-50,800,"sd","09:55:29",343100
15500,-50,500,"sd","09:55:29",342300
15500,-50,100,"sd","09:55:29",341800
15500,-50,5500,"sd","09:55:29",341700
15500,-50,600,"sd","09:55:29",336200
15500,-50,100,"sd","09:55:29",335600
15500,-50,1000,"sd","09:55:29",335500
15500,-50,1400,"sd","09:55:29",334500
15500,-50,3600,"sd","09:55:01",333100
15500,-50,200,"sd","09:55:01",329500
15500,-50,300,"sd","09:55:01",329300
15500,-50,100,"sd","09:55:01",329000
15500,-50,200,"sd","09:55:01",328900
15500,-50,600,"sd","09:55:01",328700
15550,0,1000,"bu","09:54:26",328100
15500,-50,400,"sd","09:54:24",327100
15550,0,700,"bu","09:54:21",326700
15550,0,300,"sd","09:53:26",326000
15550,0,300,"sd","09:53:26",325700
15550,0,700,"bu","09:53:14",325400
15550,0,100,"sd","09:52:57",324700
15550,0,700,"sd","09:52:57",324600
15550,0,300,"sd","09:52:41",323900
15550,0,1700,"sd","09:52:41",323600
15550,0,300,"sd","09:52:23",321900
15550,0,100,"sd","09:52:23",321600
15550,0,1000,"sd","09:52:23",321500
15550,0,100,"sd","09:52:23",320500
15550,0,500,"sd","09:52:23",320400
15550,0,300,"sd","09:52:23",319900
15550,0,700,"sd","09:52:23",319600
15550,0,4300,"sd","09:52:04",318900
15550,0,400,"sd","09:52:04",314600
15550,0,100,"sd","09:52:04",314200
15550,0,100,"sd","09:51:01",314100
15550,0,700,"sd","09:51:01",314000
15550,0,300,"sd","09:50:01",313300
15550,0,100,"sd","09:50:01",313000
15550,0,400,"sd","09:50:01",312900
15550,0,600,"sd","09:50:01",312500
15550,0,3000,"sd","09:50:01",311900
15550,0,400,"sd","09:50:01",308900
15550,0,1700,"sd","09:50:01",308500
15550,0,300,"sd","09:50:01",306800
15550,0,1800,"sd","09:50:01",306500
15550,0,100,"sd","09:50:01",304700
15550,0,1000,"sd","09:50:01",304600
15600,50,4000,"bu","09:48:28",303600
15600,50,900,"bu","09:47:51",299600
15600,50,2000,"bu","09:47:45",298700
15600,50,1000,"bu","09:46:21",296700
15550,0,400,"sd","09:45:48",295700
15600,50,3800,"bu","09:45:30",295300
15600,50,700,"bu","09:43:33",291500
15600,50,12900,"bu","09:43:20",290800
15600,50,200,"bu","09:43:20",277900
15600,50,900,"bu","09:43:20",277700
15600,50,300,"bu","09:43:20",276800
15600,50,1000,"bu","09:43:20",276500
15600,50,100,"bu","09:43:20",275500
15600,50,1900,"bu","09:43:13",275400
15600,50,1100,"bu","09:43:13",273500
15600,50,200,"bu","09:42:56",272400
15550,0,15400,"sd","09:42:53",272200
15550,0,1000,"sd","09:42:53",256800
15550,0,3000,"sd","09:42:53",255800
15550,0,100,"sd","09:42:53",252800
15550,0,800,"sd","09:42:53",252700
15550,0,100,"sd","09:42:25",251900
15550,0,100,"sd","09:42:25",251800
15550,0,100,"sd","09:42:25",251700
15600,50,3700,"bu","09:42:06",251600
15600,50,1000,"bu","09:42:06",247900
15600,50,5000,"bu","09:42:06",246900
15600,50,300,"bu","09:42:06",241900
15600,50,500,"bu","09:41:53",241600
15600,50,100,"bu","09:41:39",241100
15600,50,100,"bu","09:41:32",241000
15600,50,100,"bu","09:41:32",240900
15600,50,1000,"bu","09:41:32",240800
15600,50,1000,"bu","09:41:32",239800
15600,50,400,"bu","09:41:32",238800
15600,50,2100,"bu","09:41:32",238400
15600,50,100,"bu","09:41:32",236300
15600,50,100,"bu","09:41:32",236200
15600,50,100,"bu","09:41:32",236100
15600,50,900,"bu","09:40:52",236000
15600,50,400,"bu","09:38:39",235100
15600,50,500,"bu","09:37:08",234700
15600,50,300,"bu","09:37:08",234200
15600,50,200,"bu","09:37:08",233900
15600,50,200,"bu","09:36:28",233700
15600,50,100,"bu","09:36:16",233500
15600,50,1000,"bu","09:35:40",233400
15600,50,300,"bu","09:35:40",232400
15600,50,100,"bu","09:35:13",232100
15600,50,100,"bu","09:35:09",232000
15600,50,500,"sd","09:35:03",231900
15600,50,500,"sd","09:35:03",231400
15600,50,12000,"sd","09:35:03",230900
15600,50,200,"sd","09:34:56",218900
15600,50,3800,"sd","09:34:45",218700
15600,50,5000,"sd","09:34:36",214900
15600,50,300,"sd","09:34:01",209900
15650,100,100,"bu","09:33:49",209600
15600,50,1000,"sd","09:33:38",209500
15600,50,100,"sd","09:32:49",208500
15600,50,500,"bu","09:32:27",208400
15600,50,1000,"bu","09:32:27",207900
15600,50,2100,"bu","09:32:27",206900
15600,50,100,"sd","09:32:10",204800
15600,50,100,"sd","09:32:10",204700
15600,50,100,"sd","09:32:10",204600
15600,50,100,"sd","09:32:10",204500
15600,50,800,"sd","09:32:09",204400
15600,50,4100,"sd","09:32:02",203600
15600,50,900,"sd","09:32:02",199500
15600,50,2000,"sd","09:32:00",198600
15600,50,100,"sd","09:31:56",196600
15600,50,8000,"sd","09:31:56",196500
15600,50,1900,"sd","09:31:56",188500
15600,50,100,"sd","09:31:49",186600
15600,50,100,"sd","09:31:49",186500
15600,50,200,"sd","09:31:49",186400
15600,50,600,"sd","09:31:48",186200
15600,50,1000,"sd","09:31:43",185600
15650,100,400,"bu","09:31:36",184600
15600,50,400,"sd","09:31:33",184200
15600,50,1600,"sd","09:31:33",183800
15600,50,100,"sd","09:31:23",182200
15600,50,100,"sd","09:31:17",182100
15600,50,1100,"sd","09:31:12",182000
15600,50,500,"sd","09:30:43",180900
15600,50,2000,"sd","09:30:36",180400
15600,50,3000,"sd","09:30:19",178400
15600,50,600,"sd","09:30:15",175400
15600,50,3000,"sd","09:30:12",174800
15600,50,1500,"sd","09:30:01",171800
15600,50,10000,"sd","09:29:40",170300
15650,100,700,"bu","09:28:44",160300
15650,100,200,"bu","09:28:42",159600
15650,100,500,"bu","09:28:27",159400
15650,100,300,"bu","09:28:27",158900
15650,100,300,"bu","09:28:26",158600
15650,100,900,"bu","09:28:26",158300
15650,100,2000,"bu","09:28:25",157400
15650,100,300,"bu","09:28:25",155400
15600,50,4500,"sd","09:28:17",155100
15600,50,200,"sd","09:28:16",150600
15600,50,200,"sd","09:28:16",150400
15600,50,100,"sd","09:28:15",150200
15600,50,1000,"sd","09:28:15",150100
15600,50,4000,"sd","09:28:14",149100
15650,100,1100,"bu","09:28:11",145100
15650,100,1000,"bu","09:28:10",144000
15650,100,100,"bu","09:28:10",143000
15650,100,500,"bu","09:28:09",142900
15650,100,300,"bu","09:28:08",142400
15650,100,100,"bu","09:27:54",142100
15600,50,400,"sd","09:27:09",142000
15650,100,2400,"bu","09:25:58",141600
15650,100,800,"bu","09:25:58",139200
15650,100,1800,"bu","09:25:58",138400
15650,100,200,"bu","09:25:54",136600
15650,100,200,"bu","09:25:54",136400
15650,100,300,"bu","09:25:38",136200
15650,100,600,"bu","09:25:20",135900
15650,100,1000,"bu","09:25:20",135300
15650,100,500,"bu","09:25:20",134300
15650,100,500,"bu","09:25:19",133800
15650,100,1000,"unknown","09:25:19",133300
15650,100,900,"sd","09:25:19",132300
15650,100,100,"sd","09:25:16",131400
15650,100,500,"sd","09:24:01",131300
15650,100,500,"sd","09:24:01",130800
15650,100,300,"unknown","09:23:32",130300
15650,100,100,"unknown","09:23:32",130000
15650,100,1000,"bu","09:23:32",129900
15650,100,100,"bu","09:23:32",128900
15650,100,500,"bu","09:23:31",128800
15650,100,100,"bu","09:23:28",128300
15600,50,2000,"sd","09:23:24",128200
15600,50,1000,"sd","09:23:23",126200
15600,50,200,"sd","09:23:23",125200
15600,50,1000,"sd","09:23:23",125000
15600,50,800,"sd","09:23:23",124000
15600,50,400,"sd","09:22:44",123200
15600,50,100,"sd","09:22:44",122800
15600,50,100,"sd","09:22:43",122700
15600,50,200,"sd","09:22:42",122600
15650,100,100,"bu","09:22:14",122400
15650,100,2500,"bu","09:22:12",122300
15650,100,100,"bu","09:22:11",119800
15650,100,500,"bu","09:22:11",119700
15650,100,500,"bu","09:22:11",119200
15650,100,3000,"sd","09:22:09",118700
15650,100,2600,"sd","09:22:09",115700
15700,150,1300,"bu","09:21:50",113100
15700,150,200,"bu","09:21:49",111800
15650,100,100,"sd","09:21:28",111600
15700,150,500,"bu","09:21:03",111500
15700,150,100,"bu","09:21:02",111000
15700,150,700,"bu","09:21:01",110900
15700,150,100,"bu","09:21:00",110200
15700,150,400,"bu","09:21:00",110100
15700,150,100,"sd","09:20:53",109700
15750,200,100,"bu","09:20:37",109600
15750,200,300,"bu","09:20:29",109500
15750,200,1000,"bu","09:20:28",109200
15750,200,1000,"bu","09:20:27",108200
15750,200,1000,"bu","09:20:26",107200
15750,200,800,"bu","09:20:25",106200
15750,200,100,"bu","09:20:24",105400
15750,200,4000,"bu","09:20:24",105300
15750,200,1000,"bu","09:20:23",101300
15750,200,200,"bu","09:20:22",100300
15750,200,1800,"bu","09:20:21",100100
15750,200,200,"sd","09:20:19",98300
15750,200,1800,"sd","09:20:18",98100
15750,200,300,"sd","09:20:17",96300
15750,200,200,"sd","09:20:16",96000
15750,200,100,"sd","09:20:15",95800
15750,200,500,"sd","09:20:14",95700
15750,200,600,"sd","09:20:10",95200
15750,200,500,"sd","09:20:09",94600
15750,200,400,"sd","09:20:09",94100
15750,200,100,"sd","09:20:06",93700
15750,200,100,"sd","09:20:03",93600
15750,200,100,"sd","09:20:00",93500
15750,200,100,"sd","09:19:34",93400
15800,250,4000,"bu","09:19:24",93300
15750,200,100,"sd","09:19:09",89300
15800,250,800,"bu","09:19:07",89200
15750,200,500,"sd","09:18:46",88400
15750,200,1200,"sd","09:18:45",87900
15750,200,1000,"sd","09:18:45",86700
15750,200,300,"sd","09:18:44",85700
15750,200,200,"sd","09:18:43",85400
15750,200,800,"sd","09:18:42",85200
15750,200,100,"sd","09:18:34",84400
15750,200,100,"sd","09:18:27",84300
15750,200,100,"sd","09:18:26",84200
15800,250,500,"bu","09:18:16",84100
15800,250,2000,"sd","09:18:05",83600
15800,250,2200,"sd","09:18:04",81600
15800,250,500,"sd","09:17:59",79400
15850,300,4500,"bu","09:17:56",78900
15850,300,300,"bu","09:17:55",74400
15800,250,1000,"sd","09:17:43",74100
15800,250,200,"sd","09:17:43",73100
15800,250,100,"sd","09:17:42",72900
15800,250,100,"sd","09:17:41",72800
15750,200,800,"sd","09:17:38",72700
15750,200,900,"sd","09:17:37",71900
15750,200,2000,"sd","09:17:37",71000
15750,200,3000,"sd","09:17:36",69000
15750,200,1900,"sd","09:17:35",66000
15750,200,100,"sd","09:17:32",64100
15750,200,100,"sd","09:17:16",64000
15750,200,100,"sd","09:17:12",63900
15800,250,500,"bu","09:17:11",63800
15800,250,200,"bu","09:17:11",63300
15800,250,1000,"bu","09:17:10",63100
15750,200,300,"sd","09:17:08",62100
15850,300,2300,"bu","09:16:53",61800
15850,300,200,"bu","09:16:52",59500
15850,300,1000,"bu","09:16:52",59300
15850,300,200,"bu","09:16:52",58300
15750,200,200,"sd","09:16:51",58100
15800,250,1300,"unknown","09:16:51",57900
15800,250,2800,"bu","09:16:51",56600
15800,250,2200,"bu","09:16:50",53800
15750,200,1500,"sd","09:16:50",51600
15750,200,300,"sd","09:16:50",50100
15800,250,3000,"bu","09:16:42",49800
15800,250,1000,"bu","09:16:37",46800
15800,250,300,"bu","09:16:34",45800
15800,250,300,"sd","09:16:18",45500
15800,250,100,"bu","09:16:18",45200
15800,250,100,"bu","09:16:18",45100
15800,250,3000,"bu","09:16:18",45000
15800,250,2900,"bu","09:16:17",42000
15800,250,3000,"bu","09:16:17",39100
15800,250,100,"bu","09:16:16",36100
15800,250,200,"bu","09:16:16",36000
15750,200,200,"sd","09:16:05",35800
15750,200,400,"sd","09:16:04",35600
15750,200,500,"sd","09:16:03",35200
15750,200,1000,"sd","09:16:03",34700
15750,200,700,"sd","09:16:02",33700
15750,200,100,"sd","09:16:01",33000
15750,200,200,"bu","09:15:54",32900
15750,200,600,"bu","09:15:31",32700
15750,200,1000,"bu","09:15:30",32100
15750,200,31100,"bu","09:15:02",31100
