"price","change","match_qtty","side","time","total_vol"
9350,-330,135500,"unknown","14:45:00",4033700
9380,-300,1000,"sd","14:29:59",3898200
9380,-300,200,"sd","14:29:59",3897200
9380,-300,2200,"sd","14:29:59",3897000
9390,-290,100,"sd","14:29:59",3894800
9390,-290,2400,"sd","14:29:59",3894700
9380,-300,300,"sd","14:29:59",3892300
9390,-290,2600,"bu","14:29:50",3892000
9380,-300,5000,"sd","14:29:46",3889400
9380,-300,2000,"sd","14:29:20",3884400
9380,-300,800,"bu","14:29:12",3882400
9380,-300,500,"bu","14:29:08",3881600
9380,-300,1000,"bu","14:29:04",3881100
9380,-300,500,"bu","14:29:00",3880100
9380,-300,1000,"bu","14:28:55",3879600
9380,-300,1200,"bu","14:28:51",3878600
9380,-300,3800,"bu","14:28:51",3877400
9380,-300,2000,"bu","14:28:49",3873600
9380,-300,2000,"bu","14:28:15",3871600
9370,-310,400,"sd","14:27:43",3869600
9370,-310,6600,"sd","14:27:43",3869200
9370,-310,2300,"sd","14:27:43",3862600
9370,-310,200,"sd","14:27:43",3860300
9370,-310,500,"sd","14:27:43",3860100
9380,-300,500,"bu","14:27:42",3859600
9370,-310,600,"sd","14:27:32",3859100
9370,-310,3400,"sd","14:27:32",3858500
9380,-300,200,"bu","14:27:26",3855100
9370,-310,200,"sd","14:26:47",3854900
9370,-310,1600,"sd","14:26:47",3854700
9370,-310,200,"sd","14:26:47",3853100
9370,-310,500,"sd","14:26:47",3852900
9380,-300,500,"bu","14:26:34",3852400
9380,-300,1000,"bu","14:26:24",3851900
9380,-300,1000,"bu","14:26:24",3850900
9370,-310,800,"sd","14:26:12",3849900
9370,-310,200,"sd","14:26:12",3849100
9370,-310,500,"sd","14:26:12",3848900
9370,-310,700,"sd","14:26:12",3848400
9370,-310,3300,"sd","14:26:10",3847700
9370,-310,1700,"sd","14:26:10",3844400
9370,-310,1000,"sd","14:25:59",3842700
9370,-310,2300,"bu","14:25:30",3841700
9370,-310,2700,"bu","14:25:24",3839400
9370,-310,3000,"bu","14:25:24",3836700
9370,-310,14300,"bu","14:25:24",3833700
9360,-320,3100,"bu","14:24:29",3819400
9360,-320,10000,"bu","14:24:25",3816300
9360,-320,200,"bu","14:24:24",3806300
9360,-320,100,"bu","14:24:06",3806100
9360,-320,200,"bu","14:24:03",3806000
9360,-320,400,"sd","14:23:47",3805800
9360,-320,100,"sd","14:23:47",3805400
9360,-320,500,"sd","14:23:47",3805300
9360,-320,1000,"sd","14:23:47",3804800
9360,-320,3100,"sd","14:23:47",3803800
9360,-320,6900,"sd","14:23:42",3800700
9360,-320,1500,"sd","14:23:42",3793800
9360,-320,500,"sd","14:23:42",3792300
9360,-320,100,"sd","14:23:42",3791800
9360,-320,400,"sd","14:23:30",3791700
9360,-320,200,"sd","14:23:30",3791300
9360,-320,2000,"sd","14:23:30",3791100
9360,-320,9400,"sd","14:23:30",3789100
9360,-320,4800,"sd","14:23:28",3779700
9360,-320,100,"sd","14:23:28",3774900
9360,-320,500,"sd","14:23:28",3774800
9360,-320,4600,"sd","14:23:28",3774300
9370,-310,200,"bu","14:23:26",3769700
9370,-310,500,"bu","14:23:16",3769500
9370,-310,200,"bu","14:22:46",3769000
9370,-310,1000,"bu","14:22:42",3768800
9370,-310,1500,"bu","14:22:20",3767800
9360,-320,400,"sd","14:22:19",3766300
9360,-320,1600,"sd","14:22:19",3765900
9370,-310,200,"bu","14:21:47",3764300
9370,-310,500,"bu","14:21:34",3764100
9370,-310,600,"bu","14:21:19",3763600
9370,-310,400,"bu","14:21:19",3763000
9360,-320,200,"sd","14:21:11",3762600
9370,-310,100,"bu","14:20:55",3762400
9370,-310,100,"bu","14:20:55",3762300
9370,-310,800,"bu","14:20:55",3762200
9370,-310,800,"bu","14:20:21",3761400
9360,-320,1000,"sd","14:20:19",3760600
9370,-310,100,"bu","14:20:11",3759600
9370,-310,500,"bu","14:20:00",3759500
9370,-310,5000,"bu","14:19:47",3759000
9360,-320,2200,"sd","14:19:41",3754000
9360,-320,500,"sd","14:19:41",3751800
9360,-320,500,"sd","14:19:41",3751300
9360,-320,300,"sd","14:19:41",3750800
9360,-320,500,"sd","14:19:41",3750500
9360,-320,500,"sd","14:19:41",3750000
9360,-320,1000,"sd","14:19:41",3749500
9360,-320,1000,"sd","14:19:41",3748500
9360,-320,300,"sd","14:19:41",3747500
9360,-320,100,"sd","14:19:41",3747200
9360,-320,100,"sd","14:19:41",3747100
9360,-320,1400,"sd","14:19:41",3747000
9360,-320,1600,"sd","14:19:41",3745600
9370,-310,500,"bu","14:19:12",3744000
9370,-310,2300,"bu","14:19:09",3743500
9370,-310,2700,"bu","14:19:09",3741200
9360,-320,100,"sd","14:19:06",3738500
9370,-310,300,"sd","14:18:52",3738400
9370,-310,500,"sd","14:18:49",3738100
9370,-310,500,"bu","14:18:15",3737600
9370,-310,500,"bu","14:18:14",3737100
9370,-310,500,"sd","14:17:53",3736600
9370,-310,200,"sd","14:17:53",3736100
9370,-310,500,"sd","14:17:53",3735900
9370,-310,1800,"sd","14:17:53",3735400
9370,-310,200,"sd","14:17:28",3733600
9380,-300,1000,"sd","14:17:21",3733400
9360,-320,3300,"sd","14:16:43",3732400
9360,-320,500,"sd","14:16:43",3729100
9360,-320,600,"sd","14:16:43",3728600
9360,-320,1000,"sd","14:16:43",3728000
9360,-320,1000,"sd","14:16:43",3727000
9360,-320,500,"sd","14:16:43",3726000
9360,-320,300,"sd","14:16:43",3725500
9360,-320,2000,"sd","14:16:43",3725200
9360,-320,1000,"sd","14:16:43",3723200
9360,-320,200,"sd","14:16:43",3722200
9360,-320,300,"sd","14:16:43",3722000
9370,-310,1300,"sd","14:16:43",3721700
9370,-310,1000,"sd","14:16:43",3720400
9370,-310,200,"sd","14:16:43",3719400
9370,-310,100,"sd","14:16:43",3719200
9370,-310,500,"sd","14:16:43",3719100
9370,-310,300,"sd","14:16:43",3718600
9370,-310,5000,"sd","14:16:43",3718300
9370,-310,200,"sd","14:16:43",3713300
9370,-310,700,"sd","14:16:43",3713100
9380,-300,400,"bu","14:16:26",3712400
9380,-300,300,"bu","14:16:15",3712000
9380,-300,1000,"bu","14:16:07",3711700
9380,-300,100,"bu","14:16:07",3710700
9380,-300,200,"bu","14:16:07",3710600
9380,-300,800,"sd","14:16:05",3710400
9380,-300,200,"sd","14:16:05",3709600
9380,-300,800,"bu","14:15:05",3709400
9380,-300,100,"sd","14:14:38",3708600
9380,-300,2000,"sd","14:14:38",3708500
9380,-300,1000,"sd","14:14:38",3706500
9380,-300,100,"sd","14:14:38",3705500
9380,-300,1000,"sd","14:14:38",3705400
9400,-280,200,"bu","14:13:19",3704400
9400,-280,200,"bu","14:13:01",3704200
9390,-290,300,"bu","14:13:01",3704000
9400,-280,3700,"bu","14:12:52",3703700
9390,-290,300,"bu","14:12:18",3700000
9390,-290,800,"bu","14:12:18",3699700
9380,-300,1000,"bu","14:12:18",3698900
9380,-300,1000,"bu","14:12:18",3697900
9380,-300,500,"bu","14:12:18",3696900
9380,-300,1500,"bu","14:12:18",3696400
9400,-280,8600,"bu","14:12:18",3694900
9390,-290,6800,"bu","14:12:18",3686300
9390,-290,1500,"bu","14:12:18",3679500
9390,-290,1000,"bu","14:12:18",3678000
9380,-300,500,"bu","14:12:11",3677000
9380,-300,1000,"bu","14:12:11",3676500
9380,-300,500,"bu","14:12:11",3675500
9380,-300,200,"bu","14:12:04",3675000
9370,-310,800,"sd","14:11:36",3674800
9370,-310,500,"sd","14:10:48",3674000
9370,-310,2000,"bu","14:10:38",3673500
9370,-310,500,"bu","14:10:20",3671500
9370,-310,2000,"sd","14:10:20",3671000
9370,-310,1000,"sd","14:10:20",3669000
9370,-310,500,"sd","14:10:20",3668000
9370,-310,200,"sd","14:10:20",3667500
9370,-310,200,"sd","14:10:20",3667300
9370,-310,1400,"sd","14:10:20",3667100
9370,-310,1000,"sd","14:10:20",3665700
9370,-310,100,"sd","14:10:20",3664700
9370,-310,400,"sd","14:10:20",3664600
9370,-310,100,"sd","14:10:20",3664200
9370,-310,600,"sd","14:10:20",3664100
9380,-300,300,"bu","14:09:37",3663500
9380,-300,200,"bu","14:09:31",3663200
9380,-300,2100,"bu","14:09:00",3663000
9380,-300,1700,"bu","14:08:58",3660900
9380,-300,300,"bu","14:08:58",3659200
9380,-300,500,"bu","14:07:47",3658900
9370,-310,2400,"bu","14:07:04",3658400
9370,-310,100,"sd","14:06:49",3656000
9370,-310,500,"sd","14:06:49",3655900
9370,-310,100,"sd","14:06:49",3655400
9370,-310,2000,"sd","14:06:49",3655300
9370,-310,4900,"sd","14:06:49",3653300
9370,-310,100,"sd","14:06:24",3648400
9380,-300,100,"sd","14:06:15",3648300
9380,-300,18300,"sd","14:06:15",3648200
9380,-300,100,"sd","14:05:28",3629900
9370,-310,8100,"bu","14:05:16",3629800
9370,-310,100,"bu","14:05:15",3621700
9370,-310,800,"bu","14:05:08",3621600
9370,-310,100,"bu","14:04:49",3620800
9370,-310,1000,"bu","14:04:26",3620700
9370,-310,1000,"bu","14:04:24",3619700
9370,-310,100,"sd","14:04:07",3618700
9370,-310,1000,"sd","14:04:07",3618600
9370,-310,1000,"sd","14:04:07",3617600
9380,-300,1000,"sd","14:04:07",3616600
9380,-300,300,"sd","14:04:07",3615600
9380,-300,100,"sd","14:04:07",3615300
9380,-300,600,"sd","14:04:07",3615200
9380,-300,1000,"sd","14:03:50",3614600
9380,-300,400,"bu","14:03:29",3613600
9380,-300,1600,"sd","14:03:27",3613200
9380,-300,400,"bu","14:03:06",3611600
9380,-300,100,"sd","14:02:28",3611200
9380,-300,100,"sd","14:02:28",3611100
9380,-300,400,"sd","14:02:28",3611000
9380,-300,1900,"bu","14:02:04",3610600
9380,-300,1500,"bu","14:02:04",3608700
9380,-300,300,"bu","14:01:40",3607200
9380,-300,200,"bu","14:01:08",3606900
9370,-310,2000,"sd","14:01:05",3606700
9360,-320,2600,"sd","14:00:34",3604700
9360,-320,200,"sd","14:00:34",3602100
9360,-320,200,"sd","14:00:34",3601900
9360,-320,500,"sd","14:00:34",3601700
9360,-320,200,"sd","14:00:34",3601200
9360,-320,500,"sd","14:00:34",3601000
9360,-320,300,"sd","14:00:34",3600500
9360,-320,200,"sd","14:00:12",3600200
9360,-320,300,"sd","14:00:12",3600000
9360,-320,500,"sd","14:00:12",3599700
9360,-320,1000,"sd","14:00:12",3599200
9360,-320,1000,"sd","14:00:00",3598200
9360,-320,500,"sd","14:00:00",3597200
9360,-320,800,"sd","14:00:00",3596700
9360,-320,200,"sd","13:59:47",3595900
9360,-320,200,"sd","13:59:47",3595700
9360,-320,500,"sd","13:59:47",3595500
9360,-320,100,"sd","13:59:47",3595000
9360,-320,700,"sd","13:59:47",3594900
9360,-320,300,"sd","13:59:47",3594200
9370,-310,200,"bu","13:59:45",3593900
9370,-310,200,"sd","13:59:40",3593700
9370,-310,400,"sd","13:59:40",3593500
9370,-310,2000,"sd","13:59:40",3593100
9370,-310,200,"sd","13:59:40",3591100
9370,-310,200,"sd","13:59:40",3590900
9370,-310,300,"sd","13:59:40",3590700
9370,-310,200,"sd","13:59:40",3590400
9370,-310,400,"sd","13:59:40",3590200
9370,-310,100,"sd","13:59:40",3589800
9370,-310,2400,"sd","13:59:40",3589700
9380,-300,700,"bu","13:59:33",3587300
9380,-300,400,"bu","13:59:33",3586600
9380,-300,500,"sd","13:59:00",3586200
9380,-300,100,"sd","13:59:00",3585700
9380,-300,200,"sd","13:58:06",3585600
9380,-300,100,"sd","13:58:06",3585400
9380,-300,100,"sd","13:57:51",3585300
9370,-310,100,"sd","13:57:20",3585200
9380,-300,300,"sd","13:57:16",3585100
9380,-300,200,"sd","13:57:16",3584800
9380,-300,1400,"sd","13:57:16",3584600
9380,-300,1100,"sd","13:57:11",3583200
9380,-300,300,"sd","13:57:11",3582100
9380,-300,100,"sd","13:57:11",3581800
9380,-300,100,"sd","13:57:11",3581700
9380,-300,2000,"sd","13:57:11",3581600
9380,-300,200,"sd","13:57:11",3579600
9390,-290,100,"bu","13:56:48",3579400
9390,-290,300,"bu","13:56:44",3579300
9390,-290,100,"bu","13:56:39",3579000
9390,-290,2200,"bu","13:56:34",3578900
9390,-290,200,"bu","13:56:27",3576700
9390,-290,300,"sd","13:56:21",3576500
9390,-290,2100,"sd","13:56:21",3576200
9390,-290,4500,"sd","13:56:19",3574100
9390,-290,100,"sd","13:56:19",3569600
9390,-290,500,"sd","13:56:19",3569500
9390,-290,500,"sd","13:56:19",3569000
9390,-290,100,"sd","13:56:19",3568500
9400,-280,800,"sd","13:55:56",3568400
9400,-280,200,"sd","13:55:56",3567600
9400,-280,100,"sd","13:55:56",3567400
9400,-280,2100,"sd","13:55:56",3567300
9400,-280,100,"sd","13:55:56",3565200
9400,-280,500,"sd","13:55:56",3565100
9400,-280,500,"sd","13:55:56",3564600
9400,-280,200,"sd","13:55:56",3564100
9400,-280,2000,"sd","13:55:56",3563900
9400,-280,3800,"sd","13:55:56",3561900
9410,-270,200,"bu","13:55:49",3558100
9410,-270,100,"bu","13:55:45",3557900
9410,-270,200,"sd","13:55:39",3557800
9410,-270,100,"sd","13:55:39",3557600
9410,-270,500,"sd","13:55:30",3557500
9410,-270,300,"sd","13:55:13",3557000
9410,-270,1000,"sd","13:54:59",3556700
9410,-270,100,"sd","13:53:38",3555700
9410,-270,500,"sd","13:53:37",3555600
9410,-270,200,"sd","13:53:37",3555100
9410,-270,2000,"sd","13:53:37",3554900
9410,-270,1000,"sd","13:53:37",3552900
9410,-270,1000,"sd","13:53:37",3551900
9410,-270,2900,"sd","13:53:37",3550900
9430,-250,500,"sd","13:52:53",3548000
9430,-250,13800,"sd","13:52:53",3547500
9440,-240,100,"sd","13:52:43",3533700
9430,-250,1000,"bu","13:51:56",3533600
9430,-250,200,"bu","13:51:56",3532600
9430,-250,100,"bu","13:51:45",3532400
9430,-250,900,"bu","13:51:40",3532300
9420,-260,100,"bu","13:51:40",3531400
9420,-260,200,"sd","13:51:34",3531300
9420,-260,500,"sd","13:51:34",3531100
9420,-260,200,"sd","13:51:34",3530600
9430,-250,500,"sd","13:51:20",3530400
9430,-250,200,"sd","13:51:20",3529900
9430,-250,4600,"sd","13:50:57",3529700
9440,-240,500,"sd","13:50:57",3525100
9440,-240,4900,"sd","13:50:57",3524600
9440,-240,1100,"sd","13:50:55",3519700
9440,-240,4000,"bu","13:50:25",3518600
9430,-250,5000,"bu","13:49:49",3514600
9430,-250,200,"bu","13:49:49",3509600
9420,-260,100,"bu","13:49:44",3509400
9420,-260,700,"bu","13:49:42",3509300
9420,-260,200,"bu","13:49:15",3508600
9420,-260,100,"bu","13:49:04",3508400
9410,-270,2000,"sd","13:48:32",3508300
9420,-260,200,"bu","13:48:02",3506300
9400,-280,100,"sd","13:47:25",3506100
9400,-280,100,"sd","13:47:25",3506000
9400,-280,1000,"sd","13:47:24",3505900
9400,-280,1000,"bu","13:47:23",3504900
9400,-280,400,"bu","13:47:16",3503900
9400,-280,300,"bu","13:47:16",3503500
9400,-280,3200,"bu","13:46:48",3503200
9400,-280,6800,"bu","13:46:48",3500000
9400,-280,1000,"bu","13:46:40",3493200
9400,-280,2200,"sd","13:45:33",3492200
9400,-280,3600,"bu","13:45:09",3490000
9400,-280,100,"bu","13:44:49",3486400
9400,-280,2300,"sd","13:44:42",3486300
9400,-280,700,"bu","13:44:28",3484000
9400,-280,100,"bu","13:44:10",3483300
9400,-280,600,"bu","13:44:06",3483200
9400,-280,400,"bu","13:44:06",3482600
9400,-280,100,"bu","13:43:34",3482200
9400,-280,1200,"sd","13:43:33",3482100
9400,-280,100,"sd","13:43:33",3480900
9400,-280,8200,"sd","13:43:33",3480800
9420,-260,200,"bu","13:43:01",3472600
9420,-260,100,"bu","13:42:26",3472400
9400,-280,1800,"bu","13:41:59",3472300
9400,-280,2100,"bu","13:41:36",3470500
9400,-280,1100,"sd","13:41:18",3468400
9400,-280,300,"bu","13:40:47",3467300
9400,-280,200,"bu","13:40:34",3467000
9400,-280,300,"bu","13:40:34",3466800
9390,-290,500,"bu","13:40:09",3466500
9390,-290,500,"bu","13:40:06",3466000
9400,-280,1500,"bu","13:39:31",3465500
9400,-280,100,"sd","13:39:29",3464000
9400,-280,5000,"sd","13:39:29",3463900
9400,-280,200,"sd","13:39:29",3458900
9400,-280,100,"sd","13:39:29",3458700
9400,-280,900,"sd","13:39:29",3458600
9420,-260,200,"bu","13:39:25",3457700
9420,-260,500,"bu","13:39:25",3457500
9420,-260,1200,"bu","13:39:25",3457000
9400,-280,300,"sd","13:39:07",3455800
9420,-260,100,"bu","13:39:00",3455500
9420,-260,500,"bu","13:38:56",3455400
9420,-260,100,"bu","13:38:46",3454900
9420,-260,100,"bu","13:38:42",3454800
9410,-270,200,"sd","13:38:25",3454700
9410,-270,100,"bu","13:38:18",3454500
9410,-270,500,"bu","13:38:18",3454400
9410,-270,100,"bu","13:38:18",3453900
9410,-270,100,"bu","13:38:18",3453800
9400,-280,1300,"bu","13:37:01",3453700
9400,-280,500,"bu","13:37:01",3452400
9400,-280,2000,"bu","13:37:01",3451900
9400,-280,500,"bu","13:36:57",3449900
9400,-280,2000,"bu","13:36:57",3449400
9400,-280,500,"bu","13:36:54",3447400
9400,-280,100,"bu","13:36:40",3446900
9400,-280,5600,"bu","13:36:31",3446800
9400,-280,1000,"bu","13:36:31",3441200
9400,-280,500,"bu","13:36:31",3440200
9400,-280,2900,"bu","13:36:31",3439700
9400,-280,1900,"bu","13:36:23",3436800
9400,-280,100,"bu","13:36:23",3434900
9390,-290,500,"bu","13:36:09",3434800
9380,-300,200,"bu","13:35:59",3434300
9380,-300,4600,"bu","13:35:59",3434100
9380,-300,5000,"bu","13:35:59",3429500
9380,-300,400,"bu","13:35:42",3424500
9380,-300,5400,"bu","13:35:42",3424100
9370,-310,300,"bu","13:35:25",3418700
9370,-310,3200,"bu","13:35:25",3418400
9370,-310,1500,"bu","13:35:14",3415200
9360,-320,700,"sd","13:34:45",3413700
9360,-320,300,"sd","13:34:45",3413000
9360,-320,4600,"sd","13:34:31",3412700
9370,-310,300,"sd","13:34:23",3408100
9360,-320,100,"bu","13:33:38",3407800
9360,-320,500,"sd","13:33:37",3407700
9360,-320,300,"sd","13:33:37",3407200
9360,-320,200,"sd","13:33:37",3406900
9360,-320,200,"sd","13:33:37",3406700
9360,-320,100,"sd","13:33:35",3406500
9370,-310,100,"bu","13:33:28",3406400
9370,-310,5300,"sd","13:33:17",3406300
9370,-310,500,"sd","13:33:17",3401000
9370,-310,100,"sd","13:33:05",3400500
9360,-320,2700,"sd","13:32:51",3400400
9360,-320,300,"sd","13:32:51",3397700
9360,-320,500,"sd","13:32:51",3397400
9360,-320,100,"sd","13:32:51",3396900
9360,-320,600,"sd","13:32:51",3396800
9360,-320,5800,"sd","13:32:51",3396200
9360,-320,1100,"sd","13:32:20",3390400
9360,-320,3100,"sd","13:32:14",3389300
9360,-320,2900,"sd","13:32:14",3386200
9370,-310,600,"sd","13:31:38",3383300
9360,-320,100,"sd","13:31:03",3382700
9360,-320,1000,"sd","13:31:03",3382600
9360,-320,200,"sd","13:31:03",3381600
9360,-320,300,"sd","13:31:03",3381400
9360,-320,1400,"sd","13:31:03",3381100
9360,-320,500,"sd","13:31:03",3379700
9360,-320,500,"sd","13:31:03",3379200
9360,-320,100,"sd","13:31:03",3378700
9360,-320,4500,"sd","13:31:03",3378600
9360,-320,1000,"sd","13:31:03",3374100
9360,-320,500,"sd","13:31:03",3373100
9360,-320,5000,"sd","13:31:03",3372600
9360,-320,1400,"sd","13:31:03",3367600
9360,-320,1200,"sd","13:31:03",3366200
9360,-320,100,"sd","13:31:03",3365000
9370,-310,100,"sd","13:31:03",3364900
9370,-310,1500,"sd","13:31:03",3364800
9370,-310,600,"sd","13:31:03",3363300
9370,-310,4400,"bu","13:29:49",3362700
9370,-310,100,"sd","13:29:38",3358300
9370,-310,500,"sd","13:29:38",3358200
9370,-310,1000,"sd","13:29:38",3357700
9370,-310,2000,"sd","13:29:38",3356700
9370,-310,2000,"sd","13:29:13",3354700
9370,-310,1000,"sd","13:29:13",3352700
9370,-310,900,"bu","13:29:05",3351700
9370,-310,100,"bu","13:29:04",3350800
9370,-310,600,"bu","13:28:24",3350700
9370,-310,5000,"sd","13:28:15",3350100
9370,-310,700,"sd","13:28:15",3345100
9370,-310,100,"sd","13:28:14",3344400
9370,-310,7600,"sd","13:28:14",3344300
9380,-300,1200,"bu","13:27:47",3336700
9380,-300,3300,"bu","13:27:39",3335500
9380,-300,100,"bu","13:26:50",3332200
9370,-310,100,"bu","13:26:27",3332100
9370,-310,12300,"bu","13:26:27",3332000
9360,-320,100,"bu","13:25:47",3319700
9360,-320,400,"bu","13:25:47",3319600
9360,-320,700,"bu","13:25:43",3319200
9360,-320,1000,"bu","13:25:42",3318500
9360,-320,100,"sd","13:25:33",3317500
9360,-320,100,"sd","13:25:33",3317400
9360,-320,500,"sd","13:25:33",3317300
9360,-320,2000,"sd","13:25:33",3316800
9360,-320,5000,"sd","13:25:33",3314800
9360,-320,5000,"sd","13:25:33",3309800
9360,-320,100,"sd","13:25:33",3304800
9360,-320,100,"sd","13:25:33",3304700
9370,-310,500,"bu","13:25:30",3304600
9370,-310,600,"sd","13:24:36",3304100
9370,-310,300,"sd","13:24:36",3303500
9370,-310,500,"sd","13:24:36",3303200
9370,-310,100,"sd","13:24:36",3302700
9370,-310,4000,"sd","13:24:36",3302600
9370,-310,100,"sd","13:24:36",3298600
9370,-310,2900,"bu","13:22:43",3298500
9370,-310,2000,"bu","13:22:43",3295600
9370,-310,200,"bu","13:22:37",3293600
9370,-310,100,"bu","13:22:31",3293400
9370,-310,500,"bu","13:21:56",3293300
9360,-320,400,"sd","13:21:47",3292800
9360,-320,3600,"sd","13:21:47",3292400
9360,-320,1400,"bu","13:21:35",3288800
9360,-320,500,"sd","13:21:33",3287400
9360,-320,2100,"sd","13:21:33",3286900
9370,-310,100,"bu","13:21:25",3284800
9370,-310,100,"bu","13:21:22",3284700
9370,-310,500,"bu","13:21:21",3284600
9370,-310,500,"bu","13:21:08",3284100
9370,-310,1000,"bu","13:21:08",3283600
9370,-310,4000,"bu","13:20:56",3282600
9360,-320,500,"sd","13:20:36",3278600
9360,-320,1000,"bu","13:20:12",3278100
9360,-320,500,"bu","13:20:12",3277100
9360,-320,900,"bu","13:20:12",3276600
9360,-320,100,"bu","13:20:08",3275700
9360,-320,100,"bu","13:20:03",3275600
9360,-320,300,"bu","13:20:03",3275500
9360,-320,100,"bu","13:19:53",3275200
9360,-320,1000,"bu","13:19:48",3275100
9360,-320,4700,"bu","13:19:48",3274100
9360,-320,500,"bu","13:19:32",3269400
9350,-330,700,"sd","13:19:14",3268900
9350,-330,1000,"sd","13:18:26",3268200
9360,-320,100,"bu","13:18:18",3267200
9350,-330,500,"sd","13:17:49",3267100
9350,-330,1500,"bu","13:17:28",3266600
9350,-330,2300,"bu","13:17:28",3265100
9350,-330,400,"bu","13:17:26",3262800
9350,-330,2000,"bu","13:17:25",3262400
9350,-330,100,"bu","13:17:15",3260400
9350,-330,4000,"sd","13:16:59",3260300
9350,-330,2200,"sd","13:16:59",3256300
9360,-320,500,"bu","13:16:54",3254100
9350,-330,600,"sd","13:16:39",3253600
9350,-330,200,"sd","13:16:20",3253000
9340,-340,400,"sd","13:16:09",3252800
9340,-340,1000,"sd","13:15:47",3252400
9340,-340,500,"sd","13:14:55",3251400
9340,-340,100,"sd","13:14:37",3250900
9340,-340,200,"sd","13:14:36",3250800
9340,-340,400,"sd","13:14:35",3250600
9340,-340,800,"sd","13:13:53",3250200
9340,-340,100,"sd","13:13:47",3249400
9350,-330,500,"unknown","13:13:47",3249300
9350,-330,18400,"bu","13:13:43",3248800
9350,-330,400,"bu","13:13:43",3230400
9350,-330,500,"bu","13:13:43",3230000
9340,-340,200,"bu","13:13:43",3229500
9340,-340,300,"bu","13:13:36",3229300
9340,-340,100,"sd","13:13:29",3229000
9340,-340,500,"sd","13:13:18",3228900
9340,-340,8500,"sd","13:13:18",3228400
9340,-340,1500,"sd","13:12:45",3219900
9340,-340,100,"sd","13:12:45",3218400
9340,-340,100,"sd","13:12:45",3218300
9340,-340,300,"sd","13:12:45",3218200
9340,-340,200,"sd","13:12:07",3217900
9340,-340,100,"sd","13:12:07",3217700
9340,-340,500,"sd","13:12:04",3217600
9340,-340,400,"bu","13:11:18",3217100
9330,-350,900,"sd","13:11:14",3216700
9330,-350,100,"sd","13:11:14",3215800
9330,-350,2000,"sd","13:10:14",3215700
9330,-350,500,"sd","13:10:14",3213700
9330,-350,1000,"sd","13:10:14",3213200
9330,-350,2000,"sd","13:10:14",3212200
9330,-350,100,"sd","13:10:14",3210200
9330,-350,1000,"sd","13:10:14",3210100
9330,-350,500,"sd","13:10:14",3209100
9340,-340,600,"sd","13:10:14",3208600
9340,-340,500,"sd","13:10:14",3208000
9340,-340,10000,"sd","13:10:14",3207500
9340,-340,1000,"sd","13:10:14",3197500
9350,-330,5000,"sd","13:10:14",3196500
9350,-330,1400,"sd","13:10:14",3191500
9350,-330,3500,"sd","13:10:14",3190100
9350,-330,100,"sd","13:10:14",3186600
9350,-330,800,"sd","13:10:14",3186500
9350,-330,1500,"sd","13:10:09",3185700
9350,-330,600,"sd","13:10:07",3184200
9350,-330,800,"bu","13:09:34",3183600
9350,-330,2300,"bu","13:09:34",3182800
9350,-330,100,"bu","13:09:33",3180500
9350,-330,900,"bu","13:09:06",3180400
9350,-330,200,"bu","13:09:04",3179500
9340,-340,2800,"bu","13:08:34",3179300
9340,-340,1000,"sd","13:08:18",3176500
9340,-340,200,"sd","13:08:18",3175500
9340,-340,200,"sd","13:08:15",3175300
9340,-340,100,"bu","13:08:08",3175100
9340,-340,700,"bu","13:07:35",3175000
9330,-350,500,"bu","13:07:16",3174300
9330,-350,9000,"bu","13:07:16",3173800
9330,-350,1500,"bu","13:07:07",3164800
9330,-350,2000,"bu","13:07:03",3163300
9330,-350,300,"sd","13:06:52",3161300
9330,-350,100,"sd","13:06:52",3161000
9330,-350,5000,"sd","13:06:52",3160900
9330,-350,100,"sd","13:06:52",3155900
9330,-350,300,"sd","13:06:52",3155800
9330,-350,10000,"sd","13:06:52",3155500
9330,-350,5000,"sd","13:06:52",3145500
9330,-350,200,"sd","13:06:52",3140500
9330,-350,1000,"sd","13:06:52",3140300
9330,-350,1000,"sd","13:06:52",3139300
9330,-350,100,"sd","13:06:52",3138300
9330,-350,500,"sd","13:06:52",3138200
9330,-350,500,"sd","13:06:52",3137700
9330,-350,3000,"sd","13:06:52",3137200
9330,-350,100,"sd","13:06:52",3134200
9330,-350,100,"sd","13:06:52",3134100
9330,-350,100,"sd","13:06:52",3134000
9330,-350,100,"sd","13:06:52",3133900
9330,-350,100,"sd","13:06:52",3133800
9330,-350,100,"sd","13:06:52",3133700
9330,-350,100,"sd","13:06:52",3133600
9340,-340,500,"sd","13:06:52",3133500
9330,-350,1000,"sd","13:06:52",3133000
9340,-340,1000,"sd","13:06:52",3132000
9330,-350,100,"sd","13:06:52",3131000
9340,-340,300,"sd","13:06:52",3130900
9330,-350,1000,"sd","13:06:52",3130600
9340,-340,100,"sd","13:06:52",3129600
9330,-350,400,"sd","13:06:52",3129500
9340,-340,2000,"sd","13:06:52",3129100
9340,-340,100,"sd","13:06:52",3127100
9340,-340,1000,"sd","13:06:52",3127000
9340,-340,100,"sd","13:06:52",3126000
9340,-340,1000,"sd","13:06:52",3125900
9340,-340,1100,"sd","13:06:52",3124900
9340,-340,500,"sd","13:06:26",3123800
9340,-340,300,"sd","13:06:15",3123300
9340,-340,2700,"sd","13:06:00",3123000
9340,-340,400,"sd","13:05:35",3120300
9340,-340,200,"sd","13:05:25",3119900
9340,-340,200,"sd","13:05:25",3119700
9340,-340,600,"sd","13:05:25",3119500
9340,-340,100,"sd","13:04:43",3118900
9340,-340,5000,"sd","13:04:43",3118800
9340,-340,100,"sd","13:04:43",3113800
9340,-340,100,"sd","13:04:43",3113700
9340,-340,4400,"sd","13:04:43",3113600
9340,-340,100,"sd","13:04:43",3109200
9340,-340,1000,"sd","13:04:43",3109100
9340,-340,1000,"sd","13:04:43",3108100
9340,-340,2000,"sd","13:04:43",3107100
9340,-340,1000,"sd","13:04:43",3105100
9340,-340,500,"sd","13:04:43",3104100
9340,-340,100,"sd","13:04:43",3103600
9340,-340,100,"sd","13:04:43",3103500
9340,-340,600,"sd","13:04:43",3103400
9350,-330,2000,"sd","13:04:43",3102800
9350,-330,1500,"sd","13:04:43",3100800
9360,-320,300,"bu","13:04:42",3099300
9350,-330,200,"sd","13:04:36",3099000
9350,-330,2000,"bu","13:04:15",3098800
9350,-330,1000,"bu","13:04:11",3096800
9350,-330,7100,"bu","13:03:57",3095800
9350,-330,3900,"bu","13:03:57",3088700
9350,-330,100,"bu","13:03:52",3084800
9350,-330,600,"bu","13:03:36",3084700
9350,-330,100,"unknown","13:03:28",3084100
9350,-330,100,"bu","13:03:27",3084000
9350,-330,300,"bu","13:03:16",3083900
9350,-330,200,"bu","13:03:02",3083600
9350,-330,1300,"bu","13:02:51",3083400
9350,-330,1000,"bu","13:02:47",3082100
9340,-340,9400,"sd","13:02:41",3081100
9340,-340,600,"sd","13:02:41",3071700
9340,-340,300,"sd","13:02:38",3071100
9350,-330,1700,"sd","13:02:38",3070800
9340,-340,100,"sd","13:01:56",3069100
9350,-330,500,"sd","13:01:56",3069000
9350,-330,3000,"sd","13:01:56",3068500
9350,-330,100,"sd","13:01:56",3065500
9350,-330,100,"sd","13:01:56",3065400
9350,-330,100,"sd","13:01:56",3065300
9350,-330,200,"sd","13:01:09",3065200
9350,-330,500,"sd","13:01:09",3065000
9350,-330,100,"sd","13:01:09",3064500
9350,-330,700,"sd","13:01:09",3064400
9360,-320,1000,"bu","13:01:06",3063700
9350,-330,700,"sd","13:00:56",3062700
9350,-330,3600,"sd","13:00:54",3062000
9350,-330,200,"sd","13:00:54",3058400
9350,-330,100,"sd","13:00:54",3058200
9350,-330,100,"sd","13:00:53",3058100
9350,-330,500,"sd","13:00:53",3058000
9350,-330,500,"sd","13:00:35",3057500
9350,-330,1000,"sd","13:00:35",3057000
9360,-320,100,"bu","13:00:26",3056000
9360,-320,800,"bu","13:00:25",3055900
9360,-320,400,"bu","13:00:23",3055100
9360,-320,200,"bu","13:00:18",3054700
9360,-320,100,"sd","13:00:15",3054500
9360,-320,100,"sd","13:00:15",3054400
9360,-320,1300,"sd","13:00:15",3054300
9360,-320,1000,"bu","13:00:10",3053000
9360,-320,900,"bu","13:00:10",3052000
9360,-320,100,"bu","13:00:09",3051100
9360,-320,200,"sd","13:00:08",3051000
9360,-320,2200,"sd","13:00:08",3050800
9360,-320,1600,"sd","13:00:08",3048600
9360,-320,200,"sd","13:00:04",3047000
9360,-320,400,"bu","13:00:04",3046800
9360,-320,1000,"bu","13:00:04",3046400
9360,-320,1800,"bu","13:00:04",3045400
9350,-330,5000,"sd","13:00:03",3043600
9360,-320,500,"bu","13:00:03",3038600
9350,-330,3500,"sd","13:00:03",3038100
9350,-330,100,"sd","13:00:02",3034600
9350,-330,2000,"sd","13:00:02",3034500
9350,-330,3000,"sd","13:00:02",3032500
9350,-330,300,"sd","13:00:02",3029500
9350,-330,100,"sd","13:00:02",3029200
9350,-330,1500,"sd","13:00:02",3029100
9350,-330,5000,"sd","13:00:02",3027600
9350,-330,500,"sd","13:00:02",3022600
9360,-320,500,"bu","13:00:01",3022100
9360,-320,1400,"bu","13:00:01",3021600
9360,-320,700,"bu","11:29:56",3020200
9350,-330,5000,"sd","11:29:46",3019500
9350,-330,1000,"sd","11:29:46",3014500
9350,-330,500,"sd","11:29:46",3013500
9350,-330,300,"sd","11:29:46",3013000
9350,-330,500,"sd","11:29:46",3012700
9350,-330,1000,"sd","11:29:46",3012200
9350,-330,100,"sd","11:29:46",3011200
9350,-330,200,"sd","11:29:46",3011100
9350,-330,200,"sd","11:29:46",3010900
9350,-330,200,"sd","11:29:46",3010700
9360,-320,100,"sd","11:29:46",3010500
9360,-320,4500,"bu","11:28:57",3010400
9360,-320,200,"bu","11:28:17",3005900
9360,-320,400,"sd","11:28:04",3005700
9360,-320,600,"bu","11:28:00",3005300
9360,-320,300,"bu","11:27:31",3004700
9350,-330,300,"sd","11:27:28",3004400
9350,-330,1000,"sd","11:27:26",3004100
9350,-330,100,"sd","11:27:26",3003100
9350,-330,100,"sd","11:27:26",3003000
9350,-330,400,"sd","11:27:26",3002900
9350,-330,100,"sd","11:27:26",3002500
9350,-330,900,"sd","11:27:26",3002400
9350,-330,500,"sd","11:27:26",3001500
9350,-330,100,"sd","11:27:26",3001000
9350,-330,200,"sd","11:27:26",3000900
9350,-330,500,"sd","11:27:26",3000700
9350,-330,100,"sd","11:27:26",3000200
9350,-330,1000,"sd","11:27:26",3000100
9360,-320,100,"sd","11:27:23",2999100
9360,-320,400,"bu","11:27:22",2999000
9360,-320,100,"bu","11:27:22",2998600
9360,-320,300,"bu","11:27:17",2998500
9360,-320,200,"bu","11:27:04",2998200
9360,-320,200,"bu","11:27:04",2998000
9360,-320,200,"bu","11:26:46",2997800
9360,-320,100,"bu","11:26:45",2997600
9360,-320,5000,"bu","11:26:03",2997500
9350,-330,100,"sd","11:25:54",2992500
9350,-330,100,"sd","11:25:54",2992400
9350,-330,500,"sd","11:25:54",2992300
9350,-330,1000,"sd","11:25:54",2991800
9350,-330,100,"sd","11:25:54",2990800
9350,-330,600,"sd","11:25:54",2990700
9350,-330,2200,"sd","11:25:54",2990100
9360,-320,2000,"bu","11:25:49",2987900
9350,-330,600,"sd","11:25:48",2985900
9360,-320,100,"bu","11:25:46",2985300
9360,-320,1000,"bu","11:25:27",2985200
9360,-320,100,"bu","11:25:24",2984200
9360,-320,100,"bu","11:24:51",2984100
9360,-320,1000,"bu","11:24:51",2984000
9360,-320,100,"bu","11:24:38",2983000
9360,-320,1000,"sd","11:24:28",2982900
9360,-320,9800,"sd","11:24:28",2981900
9360,-320,10000,"sd","11:24:20",2972100
9360,-320,200,"sd","11:23:44",2962100
9360,-320,1000,"sd","11:22:25",2961900
9360,-320,500,"sd","11:21:49",2960900
9360,-320,2000,"sd","11:21:05",2960400
9360,-320,1900,"sd","11:20:57",2958400
9360,-320,100,"sd","11:20:44",2956500
9370,-310,200,"bu","11:20:27",2956400
9350,-330,200,"sd","11:19:28",2956200
9350,-330,1000,"sd","11:19:28",2956000
9360,-320,100,"sd","11:19:28",2955000
9360,-320,200,"sd","11:19:28",2954900
9360,-320,1000,"sd","11:19:28",2954700
9360,-320,500,"sd","11:19:28",2953700
9370,-310,200,"bu","11:19:25",2953200
9370,-310,800,"bu","11:19:25",2953000
9370,-310,200,"bu","11:19:06",2952200
9360,-320,200,"sd","11:17:36",2952000
9350,-330,500,"sd","11:17:23",2951800
9350,-330,200,"sd","11:17:23",2951300
9360,-320,1300,"sd","11:17:23",2951100
9360,-320,1000,"bu","11:16:39",2949800
9360,-320,600,"bu","11:16:39",2948800
9360,-320,200,"bu","11:16:25",2948200
9360,-320,2200,"bu","11:15:21",2948000
9360,-320,1000,"bu","11:15:12",2945800
9360,-320,1000,"bu","11:15:05",2944800
9360,-320,300,"bu","11:14:44",2943800
9350,-330,800,"sd","11:14:10",2943500
9350,-330,300,"sd","11:14:10",2942700
9350,-330,2000,"sd","11:14:10",2942400
9350,-330,600,"sd","11:14:10",2940400
9350,-330,2000,"sd","11:14:10",2939800
9350,-330,4000,"sd","11:14:10",2937800
9350,-330,100,"sd","11:14:10",2933800
9350,-330,200,"sd","11:14:10",2933700
9360,-320,300,"bu","11:14:05",2933500
9360,-320,3000,"bu","11:13:53",2933200
9360,-320,300,"sd","11:13:21",2930200
9360,-320,20000,"sd","11:13:21",2929900
9360,-320,200,"sd","11:13:21",2909900
9360,-320,5600,"sd","11:13:21",2909700
9360,-320,4400,"sd","11:12:35",2904100
9360,-320,2000,"sd","11:12:35",2899700
9360,-320,100,"sd","11:12:35",2897700
9360,-320,1000,"sd","11:12:35",2897600
9360,-320,500,"sd","11:12:35",2896600
9360,-320,100,"sd","11:12:35",2896100
9360,-320,10000,"sd","11:12:35",2896000
9360,-320,100,"sd","11:12:35",2886000
9360,-320,300,"sd","11:12:35",2885900
9360,-320,500,"sd","11:12:35",2885600
9380,-300,2100,"sd","11:12:35",2885100
9360,-320,100,"sd","11:12:35",2883000
9380,-300,500,"sd","11:12:35",2882900
9360,-320,5000,"sd","11:12:35",2882400
9380,-300,4100,"sd","11:12:35",2877400
9360,-320,4000,"sd","11:12:35",2873300
9360,-320,300,"sd","11:12:35",2869300
9360,-320,2000,"sd","11:12:35",2869000
9370,-310,500,"sd","11:12:35",2867000
9370,-310,1000,"sd","11:12:35",2866500
9370,-310,200,"sd","11:12:35",2865500
9370,-310,10000,"sd","11:12:35",2865300
9380,-300,700,"sd","11:12:35",2855300
9380,-300,500,"sd","11:12:35",2854600
9380,-300,2200,"sd","11:12:26",2854100
9380,-300,800,"sd","11:12:21",2851900
9380,-300,500,"sd","11:11:30",2851100
9380,-300,2400,"bu","11:10:25",2850600
9380,-300,1000,"bu","11:10:09",2848200
9380,-300,6000,"bu","11:09:27",2847200
9380,-300,1300,"sd","11:08:59",2841200
9380,-300,500,"sd","11:08:59",2839900
9380,-300,1000,"sd","11:08:59",2839400
9380,-300,7700,"sd","11:08:59",2838400
9390,-290,100,"sd","11:08:59",2830700
9400,-280,2200,"bu","11:08:32",2830600
9400,-280,1100,"bu","11:07:46",2828400
9400,-280,2000,"bu","11:06:43",2827300
9390,-290,100,"sd","11:06:28",2825300
9390,-290,3700,"sd","11:06:12",2825200
9400,-280,100,"bu","11:05:53",2821500
9400,-280,800,"bu","11:04:25",2821400
9400,-280,5100,"sd","11:03:43",2820600
9400,-280,10000,"sd","11:03:34",2815500
9400,-280,500,"bu","11:02:52",2805500
9400,-280,100,"bu","11:02:52",2805000
9400,-280,100,"bu","11:02:52",2804900
9400,-280,2100,"bu","11:02:52",2804800
9400,-280,5000,"bu","11:02:52",2802700
9400,-280,4900,"bu","11:02:52",2797700
9400,-280,6000,"bu","11:02:52",2792800
9400,-280,1200,"bu","11:02:52",2786800
9390,-290,800,"bu","11:02:52",2785600
9390,-290,1000,"bu","11:02:52",2784800
9390,-290,10000,"bu","11:02:52",2783800
9390,-290,2800,"bu","11:02:52",2773800
9380,-300,1000,"sd","11:02:12",2771000
9380,-300,1300,"bu","11:02:00",2770000
9380,-300,500,"bu","11:01:40",2768700
9380,-300,2000,"sd","11:01:37",2768200
9380,-300,7100,"sd","11:01:37",2766200
9380,-300,100,"sd","11:01:37",2759100
9390,-290,200,"bu","11:01:10",2759000
9390,-290,200,"bu","11:01:10",2758800
9380,-300,1800,"bu","11:00:52",2758600
9380,-300,3200,"sd","11:00:18",2756800
9380,-300,1500,"sd","11:00:04",2753600
9380,-300,6300,"sd","10:59:50",2752100
9380,-300,1000,"sd","10:59:50",2745800
9380,-300,500,"sd","10:59:50",2744800
9380,-300,1000,"sd","10:59:50",2744300
9380,-300,400,"sd","10:59:50",2743300
9380,-300,200,"sd","10:59:50",2742900
9380,-300,600,"sd","10:59:50",2742700
9380,-300,400,"sd","10:58:35",2742100
9380,-300,100,"sd","10:58:35",2741700
9380,-300,200,"sd","10:58:35",2741600
9380,-300,100,"bu","10:56:43",2741400
9370,-310,400,"sd","10:56:18",2741300
9380,-300,2800,"bu","10:56:16",2740900
9380,-300,2100,"bu","10:55:57",2738100
9380,-300,200,"bu","10:55:57",2736000
9370,-310,1000,"bu","10:55:30",2735800
9370,-310,200,"bu","10:53:58",2734800
9370,-310,3000,"bu","10:53:41",2734600
9370,-310,5000,"bu","10:53:39",2731600
9370,-310,500,"bu","10:53:39",2726600
9370,-310,100,"bu","10:53:39",2726100
9370,-310,5000,"bu","10:53:39",2726000
9370,-310,400,"bu","10:53:39",2721000
9370,-310,100,"bu","10:53:39",2720600
9370,-310,500,"sd","10:53:39",2720500
9370,-310,4200,"sd","10:53:39",2720000
9370,-310,2800,"sd","10:53:34",2715800
9370,-310,100,"sd","10:53:34",2713000
9370,-310,1000,"sd","10:53:34",2712900
9370,-310,5000,"sd","10:53:34",2711900
9370,-310,100,"sd","10:53:34",2706900
9380,-300,1000,"sd","10:52:59",2706800
9380,-300,1000,"bu","10:52:36",2705800
9380,-300,1000,"bu","10:52:17",2704800
9380,-300,1000,"sd","10:52:15",2703800
9380,-300,2000,"sd","10:52:15",2702800
9380,-300,3000,"bu","10:51:58",2700800
9380,-300,500,"bu","10:51:48",2697800
9380,-300,100,"bu","10:51:35",2697300
9380,-300,300,"bu","10:51:24",2697200
9380,-300,200,"sd","10:50:52",2696900
9380,-300,1000,"sd","10:50:52",2696700
9380,-300,2000,"sd","10:50:52",2695700
9380,-300,300,"sd","10:50:52",2693700
9380,-300,100,"sd","10:50:52",2693400
9380,-300,10000,"sd","10:50:52",2693300
9380,-300,500,"sd","10:50:52",2683300
9380,-300,2000,"sd","10:50:52",2682800
9380,-300,500,"sd","10:50:46",2680800
9380,-300,7500,"sd","10:49:30",2680300
9380,-300,1000,"sd","10:49:30",2672800
9380,-300,200,"sd","10:49:30",2671800
9380,-300,1000,"sd","10:49:30",2671600
9380,-300,200,"sd","10:49:30",2670600
9380,-300,100,"sd","10:49:30",2670400
9390,-290,500,"bu","10:49:29",2670300
9390,-290,500,"sd","10:49:05",2669800
9390,-290,1000,"sd","10:49:05",2669300
9390,-290,800,"sd","10:49:05",2668300
9390,-290,1200,"bu","10:47:54",2667500
9390,-290,500,"sd","10:47:38",2666300
9390,-290,1000,"sd","10:47:38",2665800
9390,-290,2000,"sd","10:47:38",2664800
9390,-290,300,"sd","10:47:38",2662800
9400,-280,200,"bu","10:45:51",2662500
9400,-280,400,"bu","10:45:45",2662300
9400,-280,300,"bu","10:45:45",2661900
9400,-280,5000,"bu","10:44:20",2661600
9390,-290,100,"bu","10:43:39",2656600
9390,-290,1600,"bu","10:43:39",2656500
9390,-290,100,"bu","10:43:05",2654900
9380,-300,200,"sd","10:43:04",2654800
9380,-300,100,"sd","10:43:04",2654600
9380,-300,300,"sd","10:43:04",2654500
9380,-300,1000,"sd","10:43:04",2654200
9380,-300,100,"sd","10:43:04",2653200
9380,-300,100,"sd","10:43:04",2653100
9380,-300,100,"sd","10:43:04",2653000
9380,-300,100,"sd","10:43:04",2652900
9390,-290,100,"bu","10:42:40",2652800
9390,-290,200,"bu","10:42:27",2652700
9390,-290,800,"bu","10:42:27",2652500
9390,-290,800,"bu","10:41:28",2651700
9380,-300,100,"sd","10:41:09",2650900
9390,-290,2000,"bu","10:40:49",2650800
9390,-290,1000,"bu","10:40:39",2648800
9380,-300,8200,"bu","10:39:57",2647800
9380,-300,200,"sd","10:39:26",2639600
9380,-300,400,"sd","10:39:26",2639400
9380,-300,500,"sd","10:39:26",2639000
9380,-300,200,"sd","10:39:26",2638500
9380,-300,300,"sd","10:39:26",2638300
9380,-300,5000,"sd","10:39:26",2638000
9380,-300,2100,"sd","10:39:26",2633000
9380,-300,200,"sd","10:39:26",2630900
9380,-300,300,"sd","10:39:26",2630700
9380,-300,500,"sd","10:39:26",2630400
9380,-300,1000,"sd","10:39:26",2629900
9380,-300,1100,"sd","10:39:26",2628900
9390,-290,100,"bu","10:39:02",2627800
9390,-290,1000,"bu","10:38:26",2627700
9390,-290,500,"bu","10:37:32",2626700
9390,-290,100,"sd","10:37:08",2626200
9390,-290,200,"sd","10:37:08",2626100
9390,-290,200,"sd","10:37:08",2625900
9390,-290,200,"sd","10:37:08",2625700
9390,-290,1500,"sd","10:37:08",2625500
9390,-290,100,"sd","10:37:08",2624000
9390,-290,1500,"sd","10:37:08",2623900
9390,-290,5000,"sd","10:37:05",2622400
9390,-290,4200,"sd","10:36:34",2617400
9390,-290,200,"sd","10:36:34",2613200
9390,-290,100,"sd","10:36:34",2613000
9390,-290,14500,"sd","10:36:33",2612900
9390,-290,3000,"sd","10:36:08",2598400
9400,-280,2000,"bu","10:36:02",2595400
9400,-280,700,"sd","10:34:57",2593400
9400,-280,200,"sd","10:34:55",2592700
9400,-280,900,"bu","10:34:37",2592500
9400,-280,200,"sd","10:34:36",2591600
9400,-280,1000,"sd","10:34:36",2591400
9400,-280,1000,"sd","10:34:36",2590400
9400,-280,10000,"sd","10:34:36",2589400
9400,-280,10000,"sd","10:34:36",2579400
9400,-280,2000,"sd","10:34:36",2569400
9400,-280,300,"sd","10:34:36",2567400
9400,-280,8600,"sd","10:34:36",2567100
9410,-270,5000,"bu","10:34:32",2558500
9400,-280,1000,"sd","10:34:18",2553500
9400,-280,2500,"sd","10:34:10",2552500
9410,-270,100,"bu","10:34:06",2550000
9400,-280,2000,"sd","10:33:55",2549900
9400,-280,1000,"sd","10:33:44",2547900
9400,-280,4900,"sd","10:33:21",2546900
9400,-280,100,"sd","10:33:21",2542000
9400,-280,900,"sd","10:33:16",2541900
9400,-280,400,"sd","10:33:16",2541000
9400,-280,5000,"sd","10:32:29",2540600
9410,-270,10000,"bu","10:32:22",2535600
9410,-270,200,"bu","10:31:58",2525600
9400,-280,200,"bu","10:31:55",2525400
9390,-290,2500,"sd","10:31:55",2525200
9390,-290,1000,"sd","10:31:55",2522700
9390,-290,200,"sd","10:31:55",2521700
9390,-290,6300,"sd","10:31:55",2521500
9400,-280,100,"bu","10:31:53",2515200
9400,-280,300,"bu","10:31:53",2515100
9400,-280,200,"bu","10:31:51",2514800
9400,-280,100,"bu","10:31:47",2514600
9400,-280,500,"sd","10:31:39",2514500
9400,-280,700,"sd","10:31:39",2514000
9400,-280,2900,"sd","10:31:39",2513300
9400,-280,1000,"sd","10:31:34",2510400
9400,-280,500,"bu","10:31:07",2509400
9400,-280,2600,"bu","10:31:07",2508900
9400,-280,900,"bu","10:31:03",2506300
9400,-280,1500,"sd","10:30:45",2505400
9390,-290,13700,"sd","10:28:59",2503900
9390,-290,3200,"sd","10:28:59",2490200
9400,-280,1000,"sd","10:28:59",2487000
9400,-280,1000,"sd","10:28:59",2486000
9400,-280,100,"sd","10:28:59",2485000
9410,-270,1000,"sd","10:28:59",2484900
9410,-270,5600,"bu","10:28:18",2483900
9410,-270,4400,"bu","10:28:18",2478300
9410,-270,600,"bu","10:28:05",2473900
9410,-270,900,"bu","10:28:05",2473300
9410,-270,300,"bu","10:27:58",2472400
9400,-280,900,"sd","10:27:54",2472100
9400,-280,100,"sd","10:27:54",2471200
9400,-280,900,"sd","10:27:52",2471100
9400,-280,200,"sd","10:27:52",2470200
9400,-280,3900,"sd","10:27:52",2470000
9410,-270,100,"bu","10:27:48",2466100
9400,-280,2900,"bu","10:27:22",2466000
9400,-280,7000,"bu","10:27:22",2463100
9400,-280,5000,"bu","10:27:22",2456100
9400,-280,800,"bu","10:27:22",2451100
9400,-280,400,"bu","10:27:22",2450300
9390,-290,1000,"bu","10:26:59",2449900
9390,-290,800,"bu","10:26:59",2448900
9390,-290,200,"bu","10:26:56",2448100
9390,-290,100,"bu","10:26:23",2447900
9390,-290,5500,"bu","10:26:16",2447800
9390,-290,100,"bu","10:26:10",2442300
9390,-290,1100,"sd","10:25:57",2442200
9390,-290,200,"sd","10:25:57",2441100
9390,-290,3500,"bu","10:25:32",2440900
9390,-290,1700,"bu","10:25:32",2437400
9390,-290,300,"bu","10:25:13",2435700
9390,-290,200,"bu","10:25:13",2435400
9390,-290,500,"bu","10:25:08",2435200
9390,-290,1000,"bu","10:24:51",2434700
9390,-290,3300,"bu","10:24:43",2433700
9390,-290,2800,"bu","10:24:43",2430400
9390,-290,10000,"bu","10:24:43",2427600
9390,-290,3900,"bu","10:24:43",2417600
9380,-300,900,"sd","10:24:43",2413700
9380,-300,200,"sd","10:24:14",2412800
9380,-300,3000,"sd","10:24:14",2412600
9380,-300,500,"sd","10:23:46",2409600
9380,-300,2000,"sd","10:23:46",2409100
9380,-300,200,"sd","10:23:46",2407100
9380,-300,1000,"sd","10:23:11",2406900
9380,-300,300,"sd","10:23:11",2405900
9380,-300,100,"sd","10:23:11",2405600
9380,-300,100,"sd","10:23:11",2405500
9390,-290,1000,"bu","10:22:35",2405400
9390,-290,2100,"sd","10:21:43",2404400
9390,-290,5000,"sd","10:21:37",2402300
9380,-300,900,"bu","10:21:14",2397300
9380,-300,100,"sd","10:21:03",2396400
9380,-300,300,"bu","10:20:43",2396300
9370,-310,3000,"sd","10:19:56",2396000
9380,-300,500,"sd","10:19:56",2393000
9380,-300,1900,"sd","10:19:56",2392500
9380,-300,100,"sd","10:19:56",2390600
9380,-300,1000,"sd","10:19:56",2390500
9380,-300,100,"sd","10:19:56",2389500
9380,-300,4300,"sd","10:19:56",2389400
9390,-290,500,"sd","10:19:56",2385100
9390,-290,100,"sd","10:19:56",2384600
9390,-290,100,"sd","10:19:56",2384500
9380,-300,700,"bu","10:18:44",2384400
9380,-300,1000,"sd","10:18:24",2383700
9380,-300,300,"sd","10:18:24",2382700
9380,-300,1000,"sd","10:18:24",2382400
9380,-300,2000,"sd","10:18:24",2381400
9400,-280,4600,"bu","10:18:18",2379400
9400,-280,900,"bu","10:18:18",2374800
9400,-280,4000,"bu","10:18:18",2373900
9390,-290,100,"bu","10:18:18",2369900
9390,-290,400,"bu","10:18:18",2369800
9390,-290,400,"bu","10:17:52",2369400
9390,-290,100,"bu","10:17:46",2369000
9380,-300,10000,"bu","10:17:10",2368900
9380,-300,8000,"bu","10:17:10",2358900
9360,-320,3200,"sd","10:16:41",2350900
9360,-320,800,"sd","10:16:41",2347700
9360,-320,200,"bu","10:16:34",2346900
9360,-320,200,"bu","10:16:33",2346700
9360,-320,1000,"sd","10:16:20",2346500
9360,-320,5000,"sd","10:16:20",2345500
9360,-320,1000,"sd","10:16:20",2340500
9360,-320,1000,"sd","10:16:20",2339500
9360,-320,10000,"sd","10:16:20",2338500
9360,-320,300,"sd","10:16:20",2328500
9360,-320,800,"sd","10:16:20",2328200
9370,-310,500,"sd","10:16:20",2327400
9380,-300,200,"bu","10:15:54",2326900
9380,-300,1800,"sd","10:15:49",2326700
9380,-300,8200,"bu","10:15:26",2324900
9360,-320,200,"sd","10:15:17",2316700
9360,-320,800,"sd","10:14:49",2316500
9370,-310,1200,"sd","10:14:49",2315700
9370,-310,1200,"sd","10:14:34",2314500
9370,-310,2500,"sd","10:14:33",2313300
9380,-300,300,"bu","10:14:16",2310800
9370,-310,100,"bu","10:14:09",2310500
9360,-320,200,"sd","10:13:57",2310400
9360,-320,100,"sd","10:13:57",2310200
9360,-320,100,"sd","10:13:57",2310100
9360,-320,500,"sd","10:13:57",2310000
9360,-320,1000,"sd","10:13:57",2309500
9360,-320,2000,"sd","10:13:57",2308500
9360,-320,500,"sd","10:13:57",2306500
9370,-310,1000,"sd","10:13:57",2306000
9370,-310,4600,"sd","10:13:57",2305000
9370,-310,2000,"sd","10:13:54",2300400
9370,-310,500,"sd","10:13:24",2298400
9370,-310,2900,"bu","10:13:15",2297900
9370,-310,200,"bu","10:13:12",2295000
9370,-310,100,"bu","10:12:53",2294800
9370,-310,1000,"bu","10:12:52",2294700
9370,-310,100,"bu","10:12:52",2293700
9370,-310,1200,"bu","10:12:52",2293600
9370,-310,5000,"bu","10:12:52",2292400
9370,-310,100,"bu","10:12:52",2287400
9370,-310,2000,"bu","10:12:52",2287300
9370,-310,5000,"unknown","10:12:52",2285300
9370,-310,500,"sd","10:12:52",2280300
9370,-310,1000,"sd","10:12:52",2279800
9370,-310,300,"sd","10:12:52",2278800
9380,-300,100,"sd","10:12:52",2278500
9380,-300,1000,"sd","10:12:52",2278400
9380,-300,1000,"sd","10:12:52",2277400
9380,-300,900,"sd","10:12:52",2276400
9380,-300,100,"sd","10:12:52",2275500
9380,-300,5000,"sd","10:12:52",2275400
9380,-300,1000,"sd","10:12:52",2270400
9380,-300,1500,"sd","10:12:52",2269400
9390,-290,100,"sd","10:12:48",2267900
9390,-290,100,"sd","10:12:48",2267800
9390,-290,200,"sd","10:12:48",2267700
9390,-290,2000,"sd","10:12:48",2267500
9390,-290,1300,"sd","10:12:48",2265500
9390,-290,2400,"sd","10:12:48",2264200
9390,-290,3000,"sd","10:12:48",2261800
9400,-280,300,"bu","10:12:15",2258800
9400,-280,700,"bu","10:12:07",2258500
9400,-280,300,"bu","10:12:07",2257800
9400,-280,100,"bu","10:11:54",2257500
9400,-280,600,"bu","10:11:38",2257400
9400,-280,400,"bu","10:11:38",2256800
9400,-280,1000,"bu","10:11:32",2256400
9390,-290,1000,"sd","10:11:21",2255400
9390,-290,1100,"sd","10:11:21",2254400
9400,-280,300,"bu","10:11:11",2253300
9390,-290,900,"sd","10:10:33",2253000
9390,-290,400,"sd","10:10:33",2252100
9390,-290,200,"sd","10:10:33",2251700
9390,-290,200,"sd","10:10:22",2251500
9390,-290,300,"sd","10:10:22",2251300
9390,-290,100,"sd","10:10:22",2251000
9400,-280,2000,"bu","10:10:08",2250900
9400,-280,100,"bu","10:09:38",2248900
9400,-280,500,"sd","10:09:24",2248800
9400,-280,500,"sd","10:09:24",2248300
9400,-280,200,"sd","10:09:24",2247800
9400,-280,900,"sd","10:09:16",2247600
9400,-280,500,"bu","10:09:06",2246700
9400,-280,200,"bu","10:08:45",2246200
9400,-280,600,"bu","10:08:44",2246000
9400,-280,400,"bu","10:08:44",2245400
9400,-280,200,"bu","10:08:40",2245000
9400,-280,900,"bu","10:08:29",2244800
9400,-280,100,"bu","10:08:29",2243900
9400,-280,300,"bu","10:08:07",2243800
9400,-280,600,"bu","10:07:54",2243500
9400,-280,7400,"bu","10:07:54",2242900
9400,-280,100,"bu","10:07:49",2235500
9400,-280,13500,"sd","10:07:42",2235400
9400,-280,3000,"sd","10:07:31",2221900
9400,-280,400,"sd","10:07:26",2218900
9400,-280,3100,"bu","10:07:24",2218500
9400,-280,1900,"bu","10:07:24",2215400
9400,-280,3100,"bu","10:07:24",2213500
9400,-280,500,"bu","10:06:50",2210400
9400,-280,100,"bu","10:06:48",2209900
9400,-280,100,"bu","10:06:34",2209800
9400,-280,500,"bu","10:06:21",2209700
9390,-290,1500,"bu","10:06:21",2209200
9390,-290,1000,"bu","10:06:10",2207700
9390,-290,5000,"sd","10:06:05",2206700
9390,-290,100,"sd","10:06:05",2201700
9400,-280,3000,"bu","10:05:53",2201600
9400,-280,1000,"bu","10:05:50",2198600
9400,-280,300,"bu","10:05:47",2197600
9400,-280,400,"sd","10:05:41",2197300
9400,-280,300,"sd","10:05:41",2196900
9400,-280,25700,"sd","10:05:41",2196600
9430,-250,2900,"bu","10:05:22",2170900
9430,-250,200,"bu","10:05:22",2168000
9430,-250,1100,"bu","10:05:22",2167800
9430,-250,300,"bu","10:05:22",2166700
9430,-250,500,"bu","10:05:22",2166400
9400,-280,4300,"sd","10:05:21",2165900
9400,-280,300,"sd","10:05:21",2161600
9410,-270,400,"unknown","10:05:21",2161300
9430,-250,2000,"bu","10:05:09",2160900
9400,-280,500,"sd","10:04:52",2158900
9400,-280,11000,"sd","10:04:44",2158400
9400,-280,300,"sd","10:04:44",2147400
9400,-280,300,"sd","10:04:44",2147100
9400,-280,1000,"sd","10:04:44",2146800
9400,-280,100,"sd","10:04:44",2145800
9400,-280,700,"sd","10:04:44",2145700
9400,-280,900,"sd","10:04:44",2145000
9400,-280,500,"sd","10:04:44",2144100
9400,-280,1000,"sd","10:04:44",2143600
9400,-280,200,"sd","10:04:44",2142600
9400,-280,1000,"sd","10:04:44",2142400
9400,-280,3800,"sd","10:04:44",2141400
9400,-280,3800,"sd","10:04:44",2137600
9410,-270,300,"sd","10:04:44",2133800
9410,-270,200,"sd","10:04:44",2133500
9400,-280,1100,"sd","10:04:29",2133300
9410,-270,900,"sd","10:04:29",2132200
9430,-250,100,"bu","10:04:06",2131300
9430,-250,600,"bu","10:03:44",2131200
9400,-280,100,"sd","10:03:37",2130600
9400,-280,1000,"sd","10:03:13",2130500
9410,-270,1000,"sd","10:03:13",2129500
9410,-270,2000,"sd","10:03:13",2128500
9410,-270,1000,"sd","10:03:13",2126500
9410,-270,500,"sd","10:02:58",2125500
9410,-270,100,"sd","10:02:58",2125000
9410,-270,500,"sd","10:02:58",2124900
9420,-260,1000,"sd","10:02:58",2124400
9420,-260,1900,"sd","10:02:58",2123400
9420,-260,200,"sd","10:02:58",2121500
9420,-260,300,"sd","10:02:58",2121300
9420,-260,500,"sd","10:02:58",2121000
9430,-250,100,"bu","10:02:40",2120500
9430,-250,100,"sd","10:02:35",2120400
9430,-250,100,"sd","10:02:35",2120300
9430,-250,100,"sd","10:02:35",2120200
9430,-250,2000,"sd","10:02:14",2120100
9430,-250,2000,"sd","10:02:14",2118100
9430,-250,100,"sd","10:02:14",2116100
9430,-250,900,"sd","10:02:14",2116000
9440,-240,100,"bu","10:02:09",2115100
9440,-240,1100,"bu","10:02:08",2115000
9430,-250,900,"sd","10:01:29",2113900
9430,-250,4600,"sd","10:01:29",2113000
9430,-250,100,"sd","10:01:08",2108400
9430,-250,100,"sd","10:01:05",2108300
9430,-250,1700,"sd","10:01:04",2108200
9430,-250,2500,"bu","10:01:04",2106500
9430,-250,700,"bu","10:00:59",2104000
9430,-250,500,"sd","10:00:40",2103300
9430,-250,500,"sd","10:00:40",2102800
9430,-250,100,"sd","10:00:40",2102300
9430,-250,200,"sd","10:00:40",2102200
9430,-250,500,"sd","10:00:40",2102000
9440,-240,1500,"bu","10:00:38",2101500
9430,-250,500,"sd","10:00:32",2100000
9430,-250,200,"sd","10:00:32",2099500
9430,-250,100,"sd","10:00:32",2099300
9430,-250,200,"sd","10:00:32",2099200
9430,-250,100,"sd","10:00:32",2099000
9430,-250,400,"sd","10:00:32",2098900
9430,-250,100,"sd","09:59:48",2098500
9430,-250,100,"sd","09:59:48",2098400
9440,-240,300,"bu","09:59:13",2098300
9440,-240,400,"bu","09:59:05",2098000
9440,-240,600,"bu","09:59:05",2097600
9440,-240,300,"bu","09:58:59",2097000
9440,-240,100,"bu","09:58:33",2096700
9430,-250,1000,"sd","09:57:29",2096600
9450,-230,500,"bu","09:56:51",2095600
9460,-220,100,"bu","09:56:16",2095100
9460,-220,200,"bu","09:56:14",2095000
9460,-220,200,"sd","09:55:54",2094800
9460,-220,500,"sd","09:55:54",2094600
9460,-220,100,"sd","09:55:54",2094100
9460,-220,400,"sd","09:55:52",2094000
9460,-220,6800,"sd","09:55:47",2093600
9460,-220,1000,"sd","09:55:43",2086800
9460,-220,1000,"sd","09:55:28",2085800
9460,-220,8000,"bu","09:55:00",2084800
9460,-220,5000,"bu","09:55:00",2076800
9460,-220,600,"bu","09:55:00",2071800
9460,-220,10000,"bu","09:55:00",2071200
9450,-230,15000,"bu","09:55:00",2061200
9450,-230,500,"bu","09:55:00",2046200
9440,-240,200,"bu","09:55:00",2045700
9440,-240,1000,"bu","09:55:00",2045500
9410,-270,2500,"sd","09:54:43",2044500
9410,-270,1000,"sd","09:54:42",2042000
9400,-280,800,"sd","09:54:32",2041000
9400,-280,1000,"sd","09:54:03",2040200
9400,-280,1300,"bu","09:53:59",2039200
9390,-290,200,"sd","09:53:54",2037900
9390,-290,200,"sd","09:53:54",2037700
9390,-290,200,"sd","09:53:54",2037500
9390,-290,600,"sd","09:53:54",2037300
9400,-280,3000,"bu","09:53:43",2036700
9400,-280,500,"bu","09:53:43",2033700
9400,-280,1000,"bu","09:53:38",2033200
9400,-280,100,"bu","09:53:34",2032200
9400,-280,100,"bu","09:53:34",2032100
9400,-280,100,"bu","09:53:16",2032000
9400,-280,1000,"sd","09:52:52",2031900
9400,-280,200,"sd","09:52:52",2030900
9400,-280,100,"sd","09:52:52",2030700
9400,-280,500,"sd","09:52:52",2030600
9400,-280,800,"sd","09:52:52",2030100
9400,-280,1000,"sd","09:52:52",2029300
9400,-280,800,"sd","09:52:52",2028300
9400,-280,1000,"sd","09:52:52",2027500
9400,-280,200,"sd","09:52:52",2026500
9400,-280,5000,"sd","09:52:52",2026300
9400,-280,500,"sd","09:52:52",2021300
9400,-280,1000,"sd","09:52:52",2020800
9400,-280,100,"sd","09:52:52",2019800
9400,-280,400,"sd","09:52:52",2019700
9400,-280,200,"sd","09:52:52",2019300
9400,-280,1000,"sd","09:52:52",2019100
9400,-280,100,"sd","09:52:52",2018100
9400,-280,500,"sd","09:52:30",2018000
9410,-270,500,"sd","09:52:30",2017500
9410,-270,300,"sd","09:52:30",2017000
9410,-270,2000,"sd","09:52:30",2016700
9410,-270,600,"sd","09:52:30",2014700
9410,-270,1000,"sd","09:52:30",2014100
9410,-270,200,"sd","09:52:30",2013100
9410,-270,1000,"sd","09:52:30",2012900
9420,-260,100,"sd","09:52:30",2011900
9420,-260,1000,"sd","09:52:30",2011800
9420,-260,300,"sd","09:52:30",2010800
9420,-260,1000,"sd","09:52:30",2010500
9420,-260,2900,"sd","09:52:30",2009500
9420,-260,100,"sd","09:52:30",2006600
9420,-260,200,"sd","09:52:30",2006500
9420,-260,300,"sd","09:52:30",2006300
9460,-220,200,"unknown","09:51:51",2006000
9460,-220,200,"unknown","09:51:51",2005800
9420,-260,3300,"sd","09:51:51",2005600
9420,-260,1000,"sd","09:51:51",2002300
9420,-260,2000,"sd","09:51:51",2001300
9420,-260,1000,"sd","09:51:51",1999300
9420,-260,200,"sd","09:51:51",1998300
9430,-250,3100,"sd","09:51:51",1998100
9460,-220,3000,"sd","09:51:51",1995000
9470,-210,500,"bu","09:51:05",1992000
9470,-210,1000,"bu","09:50:58",1991500
9460,-220,100,"bu","09:50:48",1990500
9460,-220,1000,"bu","09:50:48",1990400
9460,-220,200,"bu","09:50:48",1989400
9460,-220,100,"bu","09:50:48",1989200
9460,-220,200,"bu","09:50:48",1989100
9460,-220,100,"bu","09:50:43",1988900
9460,-220,1000,"bu","09:50:39",1988800
9460,-220,1000,"bu","09:50:11",1987800
9420,-260,500,"sd","09:49:50",1986800
9450,-230,100,"bu","09:49:26",1986300
9450,-230,300,"bu","09:49:26",1986200
9450,-230,700,"bu","09:49:23",1985900
9450,-230,1300,"bu","09:49:23",1985200
9450,-230,2000,"bu","09:49:17",1983900
9450,-230,100,"bu","09:49:15",1981900
9450,-230,3000,"bu","09:49:12",1981800
9450,-230,2800,"bu","09:49:07",1978800
9450,-230,800,"bu","09:49:00",1976000
9450,-230,2200,"bu","09:49:00",1975200
9450,-230,200,"bu","09:48:55",1973000
9450,-230,200,"bu","09:48:52",1972800
9450,-230,500,"bu","09:48:16",1972600
9450,-230,1900,"bu","09:47:35",1972100
9440,-240,100,"bu","09:47:35",1970200
9400,-280,100,"sd","09:47:34",1970100
9400,-280,200,"sd","09:47:34",1970000
9400,-280,100,"bu","09:47:17",1969800
9400,-280,4600,"bu","09:47:17",1969700
9390,-290,100,"sd","09:47:15",1965100
9400,-280,400,"bu","09:47:12",1965000
9400,-280,1000,"bu","09:47:12",1964600
9400,-280,100,"bu","09:47:12",1963600
9400,-280,500,"bu","09:47:12",1963500
9400,-280,2000,"bu","09:47:12",1963000
9400,-280,5000,"bu","09:47:12",1961000
9390,-290,500,"bu","09:46:59",1956000
9390,-290,1800,"bu","09:46:59",1955500
9390,-290,2400,"bu","09:46:43",1953700
9390,-290,4300,"bu","09:46:35",1951300
9380,-300,500,"bu","09:46:35",1947000
9380,-300,1500,"bu","09:46:35",1946500
9380,-300,500,"bu","09:46:35",1945000
9380,-300,3200,"bu","09:46:35",1944500
9370,-310,500,"bu","09:46:18",1941300
9370,-310,200,"bu","09:46:18",1940800
9370,-310,100,"bu","09:46:14",1940600
9370,-310,200,"bu","09:46:01",1940500
9370,-310,300,"bu","09:46:01",1940300
9370,-310,200,"bu","09:45:59",1940000
9370,-310,300,"bu","09:45:58",1939800
9370,-310,700,"bu","09:45:56",1939500
9370,-310,1300,"bu","09:45:56",1938800
9370,-310,1000,"bu","09:45:54",1937500
9340,-340,7100,"sd","09:45:45",1936500
9340,-340,100,"sd","09:45:45",1929400
9350,-330,500,"sd","09:45:45",1929300
9350,-330,500,"sd","09:45:45",1928800
9350,-330,200,"sd","09:45:45",1928300
9360,-320,1000,"sd","09:45:45",1928100
9360,-320,200,"sd","09:45:45",1927100
9360,-320,400,"sd","09:45:45",1926900
9360,-320,1600,"bu","09:45:36",1926500
9360,-320,1000,"sd","09:45:30",1924900
9360,-320,1000,"sd","09:45:30",1923900
9360,-320,2400,"sd","09:45:30",1922900
9360,-320,4700,"bu","09:45:16",1920500
9360,-320,2600,"bu","09:45:16",1915800
9360,-320,300,"bu","09:45:16",1913200
9360,-320,200,"bu","09:45:14",1912900
9350,-330,300,"bu","09:45:14",1912700
9350,-330,200,"bu","09:45:07",1912400
9350,-330,1000,"bu","09:45:07",1912200
9350,-330,10000,"sd","09:45:04",1911200
9350,-330,100,"sd","09:45:04",1901200
9350,-330,800,"sd","09:45:04",1901100
9350,-330,1000,"sd","09:45:04",1900300
9350,-330,2000,"sd","09:45:04",1899300
9350,-330,1000,"sd","09:45:04",1897300
9350,-330,900,"sd","09:45:04",1896300
9350,-330,1000,"sd","09:45:04",1895400
9350,-330,300,"sd","09:45:04",1894400
9350,-330,1000,"sd","09:45:04",1894100
9350,-330,500,"sd","09:45:04",1893100
9350,-330,500,"sd","09:45:04",1892600
9350,-330,200,"sd","09:45:04",1892100
9350,-330,1500,"sd","09:45:04",1891900
9350,-330,500,"sd","09:45:04",1890400
9350,-330,300,"sd","09:45:04",1889900
9350,-330,6900,"sd","09:45:04",1889600
9360,-320,200,"bu","09:45:03",1882700
9360,-320,100,"bu","09:44:27",1882500
9360,-320,200,"bu","09:44:20",1882400
9360,-320,500,"bu","09:44:15",1882200
9360,-320,800,"bu","09:44:12",1881700
9360,-320,1800,"bu","09:44:05",1880900
9360,-320,500,"bu","09:44:02",1879100
9360,-320,100,"bu","09:43:58",1878600
9360,-320,300,"sd","09:43:52",1878500
9360,-320,1800,"bu","09:43:49",1878200
9360,-320,100,"sd","09:43:48",1876400
9360,-320,100,"sd","09:43:48",1876300
9360,-320,100,"bu","09:43:47",1876200
9360,-320,200,"bu","09:43:45",1876100
9360,-320,300,"sd","09:43:42",1875900
9360,-320,200,"bu","09:43:41",1875600
9360,-320,100,"bu","09:43:37",1875400
9350,-330,3100,"sd","09:43:35",1875300
9350,-330,100,"sd","09:43:35",1872200
9350,-330,1000,"sd","09:43:35",1872100
9350,-330,900,"sd","09:43:35",1871100
9350,-330,5000,"sd","09:43:35",1870200
9350,-330,5000,"sd","09:43:10",1865200
9350,-330,100,"sd","09:43:10",1860200
9350,-330,800,"sd","09:43:10",1860100
9360,-320,500,"sd","09:43:10",1859300
9360,-320,2400,"sd","09:43:10",1858800
9360,-320,1000,"sd","09:43:10",1856400
9360,-320,1000,"sd","09:43:10",1855400
9360,-320,200,"sd","09:43:10",1854400
9360,-320,400,"sd","09:43:10",1854200
9360,-320,600,"sd","09:43:06",1853800
9370,-310,2000,"bu","09:43:02",1853200
9370,-310,1000,"bu","09:42:31",1851200
9350,-330,1200,"sd","09:42:29",1850200
9350,-330,800,"sd","09:42:29",1849000
9350,-330,600,"sd","09:42:28",1848200
9350,-330,1700,"sd","09:42:28",1847600
9350,-330,1000,"sd","09:42:28",1845900
9360,-320,200,"sd","09:42:28",1844900
9360,-320,400,"sd","09:42:28",1844700
9360,-320,500,"sd","09:42:28",1844300
9360,-320,500,"sd","09:42:28",1843800
9360,-320,100,"sd","09:42:28",1843300
9360,-320,100,"sd","09:42:28",1843200
9360,-320,2000,"sd","09:42:28",1843100
9360,-320,100,"sd","09:42:28",1841100
9360,-320,500,"sd","09:42:28",1841000
9360,-320,100,"sd","09:42:28",1840500
9360,-320,200,"sd","09:42:28",1840400
9370,-310,200,"bu","09:42:28",1840200
9370,-310,1500,"bu","09:42:23",1840000
9370,-310,200,"bu","09:42:23",1838500
9370,-310,100,"bu","09:42:22",1838300
9370,-310,300,"bu","09:42:18",1838200
9370,-310,1000,"bu","09:42:14",1837900
9370,-310,1400,"bu","09:42:13",1836900
9370,-310,600,"bu","09:42:13",1835500
9370,-310,300,"bu","09:42:13",1834900
9370,-310,200,"bu","09:42:09",1834600
9370,-310,100,"bu","09:42:03",1834400
9360,-320,500,"sd","09:41:59",1834300
9370,-310,3700,"bu","09:41:55",1833800
9370,-310,100,"bu","09:41:55",1830100
9360,-320,2000,"sd","09:41:44",1830000
9370,-310,3000,"bu","09:41:39",1828000
9370,-310,2000,"bu","09:41:30",1825000
9370,-310,3000,"bu","09:41:28",1823000
9360,-320,500,"sd","09:41:24",1820000
9370,-310,100,"bu","09:41:18",1819500
9370,-310,500,"bu","09:41:14",1819400
9360,-320,1500,"sd","09:41:08",1818900
9360,-320,1000,"sd","09:41:08",1817400
9370,-310,1000,"bu","09:41:06",1816400
9360,-320,5000,"sd","09:41:06",1815400
9360,-320,300,"sd","09:40:55",1810400
9350,-330,1000,"bu","09:40:54",1810100
9350,-330,500,"sd","09:40:53",1809100
9350,-330,500,"sd","09:40:53",1808600
9370,-310,700,"bu","09:40:53",1808100
9360,-320,200,"bu","09:40:53",1807400
9370,-310,500,"bu","09:40:39",1807200
9370,-310,400,"bu","09:40:39",1806700
9370,-310,1000,"bu","09:40:33",1806300
9370,-310,700,"bu","09:40:23",1805300
9350,-330,100,"bu","09:40:23",1804600
9350,-330,100,"bu","09:40:23",1804500
9330,-350,100,"bu","09:40:23",1804400
9320,-360,10000,"sd","09:40:12",1804300
9300,-380,9200,"bu","09:40:00",1794300
9300,-380,2000,"bu","09:40:00",1785100
9300,-380,1000,"sd","09:39:59",1783100
9300,-380,20000,"sd","09:39:59",1782100
9300,-380,100,"sd","09:39:59",1762100
9300,-380,1000,"sd","09:39:59",1762000
9300,-380,1000,"sd","09:39:59",1761000
9300,-380,1000,"sd","09:39:59",1760000
9300,-380,100,"sd","09:39:59",1759000
9300,-380,5000,"sd","09:39:59",1758900
9300,-380,600,"sd","09:39:59",1753900
9310,-370,1000,"sd","09:39:59",1753300
9310,-370,300,"sd","09:39:59",1752300
9310,-370,300,"sd","09:39:59",1752000
9310,-370,300,"sd","09:39:59",1751700
9320,-360,7100,"sd","09:39:59",1751400
9320,-360,2400,"bu","09:39:55",1744300
9310,-370,800,"sd","09:39:50",1741900
9310,-370,200,"sd","09:39:50",1741100
9310,-370,4000,"bu","09:39:47",1740900
9310,-370,100,"bu","09:39:47",1736900
9310,-370,500,"bu","09:39:47",1736800
9300,-380,400,"bu","09:39:38",1736300
9300,-380,600,"bu","09:39:38",1735900
9300,-380,500,"bu","09:39:38",1735300
9300,-380,1900,"bu","09:39:38",1734800
9300,-380,600,"bu","09:39:37",1732900
9300,-380,1400,"bu","09:39:37",1732300
9300,-380,500,"bu","09:39:36",1730900
9300,-380,100,"bu","09:39:34",1730400
9300,-380,2800,"bu","09:39:31",1730300
9300,-380,1000,"bu","09:39:31",1727500
9300,-380,2000,"bu","09:39:31",1726500
9300,-380,10000,"bu","09:39:31",1724500
9300,-380,14200,"bu","09:39:31",1714500
9300,-380,8000,"bu","09:39:25",1700300
9260,-420,1600,"sd","09:39:22",1692300
9270,-410,2000,"sd","09:39:22",1690700
9270,-410,100,"sd","09:39:22",1688700
9270,-410,100,"sd","09:39:22",1688600
9270,-410,8000,"sd","09:39:22",1688500
9280,-400,100,"sd","09:39:22",1680500
9280,-400,2000,"sd","09:39:22",1680400
9280,-400,100,"sd","09:39:22",1678400
9280,-400,100,"sd","09:39:22",1678300
9280,-400,500,"sd","09:39:22",1678200
9290,-390,5000,"sd","09:39:22",1677700
9290,-390,400,"sd","09:39:22",1672700
9290,-390,600,"sd","09:39:21",1672300
9290,-390,900,"sd","09:39:21",1671700
9290,-390,1000,"sd","09:39:21",1670800
9290,-390,4700,"sd","09:39:21",1669800
9290,-390,2800,"sd","09:39:21",1665100
9300,-380,5000,"bu","09:39:21",1662300
9300,-380,10000,"bu","09:39:17",1657300
9300,-380,3200,"bu","09:39:12",1647300
9280,-400,200,"bu","09:39:11",1644100
9280,-400,500,"bu","09:39:11",1643900
9280,-400,100,"bu","09:39:10",1643400
9280,-400,2000,"sd","09:39:09",1643300
9280,-400,400,"sd","09:39:09",1641300
9280,-400,2000,"sd","09:39:09",1640900
9280,-400,2000,"sd","09:39:09",1638900
9280,-400,1000,"sd","09:39:09",1636900
9280,-400,300,"sd","09:39:09",1635900
9280,-400,10000,"sd","09:39:09",1635600
9280,-400,1000,"sd","09:39:09",1625600
9280,-400,700,"sd","09:39:09",1624600
9290,-390,100,"bu","09:39:08",1623900
9290,-390,200,"bu","09:39:07",1623800
9290,-390,2000,"bu","09:39:04",1623600
9290,-390,2000,"bu","09:39:03",1621600
9290,-390,2000,"bu","09:39:03",1619600
9290,-390,100,"bu","09:38:59",1617600
9290,-390,100,"sd","09:38:58",1617500
9290,-390,300,"bu","09:38:54",1617400
9290,-390,200,"bu","09:38:54",1617100
9280,-400,300,"sd","09:38:49",1616900
9280,-400,900,"sd","09:38:49",1616600
9300,-380,9700,"bu","09:38:45",1615700
9290,-390,300,"bu","09:38:45",1606000
9290,-390,100,"bu","09:38:42",1605700
9280,-400,3100,"sd","09:38:41",1605600
9280,-400,200,"sd","09:38:41",1602500
9280,-400,1000,"sd","09:38:41",1602300
9280,-400,500,"sd","09:38:41",1601300
9280,-400,200,"sd","09:38:41",1600800
9280,-400,400,"sd","09:38:41",1600600
9280,-400,600,"sd","09:38:41",1600200
9290,-390,100,"bu","09:38:39",1599600
9280,-400,400,"sd","09:38:37",1599500
9290,-390,100,"bu","09:38:37",1599100
9300,-380,5000,"bu","09:38:30",1599000
9300,-380,2000,"bu","09:38:26",1594000
9300,-380,1700,"bu","09:38:24",1592000
9300,-380,300,"bu","09:38:24",1590300
9300,-380,1300,"bu","09:38:24",1590000
9300,-380,100,"bu","09:38:16",1588700
9300,-380,5000,"bu","09:38:15",1588600
9300,-380,400,"bu","09:38:14",1583600
9300,-380,700,"bu","09:38:12",1583200
9300,-380,300,"bu","09:38:12",1582500
9300,-380,100,"bu","09:38:06",1582200
9300,-380,2000,"bu","09:38:05",1582100
9300,-380,2600,"bu","09:38:03",1580100
9300,-380,2400,"bu","09:38:03",1577500
9300,-380,1200,"bu","09:38:01",1575100
9300,-380,2000,"bu","09:38:01",1573900
9300,-380,2200,"sd","09:38:01",1571900
9300,-380,1000,"sd","09:38:00",1569700
9300,-380,2000,"sd","09:38:00",1568700
9300,-380,3000,"sd","09:38:00",1566700
9300,-380,800,"sd","09:38:00",1563700
9300,-380,2200,"sd","09:38:00",1562900
9300,-380,100,"sd","09:38:00",1560700
9300,-380,1000,"sd","09:38:00",1560600
9300,-380,900,"sd","09:38:00",1559600
9300,-380,100,"sd","09:38:00",1558700
9300,-380,100,"sd","09:38:00",1558600
9300,-380,1000,"sd","09:38:00",1558500
9300,-380,1200,"sd","09:37:56",1557500
9300,-380,1000,"sd","09:37:56",1556300
9300,-380,8700,"sd","09:37:56",1555300
9300,-380,1300,"sd","09:37:56",1546600
9300,-380,700,"sd","09:37:56",1545300
9310,-370,200,"bu","09:37:53",1544600
9310,-370,100,"bu","09:37:49",1544400
9300,-380,1300,"sd","09:37:47",1544300
9300,-380,5000,"sd","09:37:47",1543000
9300,-380,100,"sd","09:37:47",1538000
9300,-380,2000,"sd","09:37:47",1537900
9300,-380,500,"sd","09:37:47",1535900
9300,-380,1100,"sd","09:37:47",1535400
9310,-370,200,"bu","09:37:47",1534300
9300,-380,400,"sd","09:37:46",1534100
9300,-380,8500,"sd","09:37:45",1533700
9300,-380,1000,"sd","09:37:45",1525200
9300,-380,3000,"sd","09:37:45",1524200
9300,-380,100,"sd","09:37:45",1521200
9300,-380,100,"sd","09:37:45",1521100
9300,-380,2300,"sd","09:37:45",1521000
9310,-370,100,"bu","09:37:44",1518700
9300,-380,2700,"sd","09:37:43",1518600
9300,-380,200,"sd","09:37:43",1515900
9300,-380,100,"sd","09:37:43",1515700
9310,-370,10000,"bu","09:37:42",1515600
9310,-370,300,"bu","09:37:42",1505600
9310,-370,1000,"bu","09:37:39",1505300
9300,-380,2000,"sd","09:37:37",1504300
9300,-380,900,"sd","09:37:37",1502300
9300,-380,400,"sd","09:37:37",1501400
9300,-380,700,"sd","09:37:37",1501000
9310,-370,500,"bu","09:37:34",1500300
9310,-370,100,"bu","09:37:33",1499800
9300,-380,100,"sd","09:37:29",1499700
9300,-380,1000,"sd","09:37:29",1499600
9300,-380,2000,"sd","09:37:29",1498600
9300,-380,100,"sd","09:37:29",1496600
9300,-380,500,"sd","09:37:29",1496500
9300,-380,1000,"sd","09:37:29",1496000
9300,-380,400,"sd","09:37:29",1495000
9300,-380,4900,"sd","09:37:29",1494600
9310,-370,400,"bu","09:37:29",1489700
9310,-370,100,"bu","09:37:28",1489300
9300,-380,100,"sd","09:37:28",1489200
9300,-380,1000,"sd","09:37:28",1489100
9300,-380,300,"sd","09:37:28",1488100
9300,-380,600,"sd","09:37:28",1487800
9310,-370,500,"bu","09:37:28",1487200
9310,-370,500,"bu","09:37:25",1486700
9310,-370,500,"bu","09:37:23",1486200
9310,-370,500,"bu","09:37:22",1485700
9310,-370,3000,"bu","09:37:20",1485200
9310,-370,3000,"bu","09:37:19",1482200
9310,-370,500,"sd","09:37:19",1479200
9320,-360,500,"bu","09:37:16",1478700
9300,-380,400,"sd","09:37:15",1478200
9300,-380,2000,"sd","09:37:15",1477800
9300,-380,1900,"sd","09:37:15",1475800
9310,-370,200,"sd","09:37:15",1473900
9310,-370,400,"sd","09:37:15",1473700
9310,-370,100,"sd","09:37:15",1473300
9320,-360,2000,"bu","09:37:04",1473200
9320,-360,100,"bu","09:37:04",1471200
9300,-380,100,"sd","09:37:01",1471100
9300,-380,200,"sd","09:37:01",1471000
9300,-380,100,"sd","09:37:01",1470800
9300,-380,600,"sd","09:37:01",1470700
9300,-380,900,"sd","09:36:51",1470100
9300,-380,100,"sd","09:36:51",1469200
9300,-380,1000,"sd","09:36:51",1469100
9300,-380,100,"sd","09:36:51",1468100
9310,-370,100,"sd","09:36:51",1468000
9300,-380,1000,"sd","09:36:51",1467900
9310,-370,1000,"sd","09:36:51",1466900
9300,-380,100,"sd","09:36:51",1465900
9310,-370,200,"sd","09:36:51",1465800
9300,-380,100,"sd","09:36:51",1465600
9310,-370,100,"sd","09:36:51",1465500
9300,-380,1000,"sd","09:36:51",1465400
9310,-370,600,"sd","09:36:51",1464400
9300,-380,100,"sd","09:36:51",1463800
9320,-360,100,"sd","09:36:51",1463700
9300,-380,200,"sd","09:36:51",1463600
9320,-360,1200,"sd","09:36:51",1463400
9300,-380,2000,"sd","09:36:51",1462200
9300,-380,100,"sd","09:36:51",1460200
9300,-380,3000,"sd","09:36:51",1460100
9300,-380,1000,"sd","09:36:51",1457100
9310,-370,1000,"sd","09:36:51",1456100
9320,-360,800,"sd","09:36:50",1455100
9320,-360,400,"sd","09:36:50",1454300
9320,-360,5000,"sd","09:36:50",1453900
9320,-360,1200,"sd","09:36:50",1448900
9320,-360,100,"sd","09:36:50",1447700
9320,-360,3500,"sd","09:36:50",1447600
9320,-360,1500,"sd","09:36:48",1444100
9320,-360,200,"sd","09:36:48",1442600
9320,-360,500,"sd","09:36:48",1442400
9320,-360,800,"sd","09:36:48",1441900
9330,-350,2000,"sd","09:36:48",1441100
9340,-340,1000,"bu","09:36:47",1439100
9330,-350,200,"sd","09:36:40",1438100
9340,-340,100,"bu","09:36:39",1437900
9350,-330,200,"sd","09:36:31",1437800
9350,-330,400,"sd","09:36:31",1437600
9350,-330,1000,"sd","09:36:31",1437200
9350,-330,200,"sd","09:36:31",1436200
9350,-330,100,"sd","09:36:31",1436000
9350,-330,900,"sd","09:36:31",1435900
9350,-330,100,"sd","09:36:31",1435000
9360,-320,200,"bu","09:36:31",1434900
9350,-330,100,"sd","09:36:29",1434700
9350,-330,300,"sd","09:36:29",1434600
9350,-330,100,"sd","09:36:29",1434300
9350,-330,100,"sd","09:36:29",1434200
9360,-320,1000,"bu","09:36:25",1434100
9360,-320,1000,"bu","09:36:22",1433100
9360,-320,100,"bu","09:36:19",1432100
9360,-320,200,"sd","09:36:18",1432000
9360,-320,200,"sd","09:36:18",1431800
9360,-320,300,"sd","09:36:18",1431600
9370,-310,200,"bu","09:36:14",1431300
9360,-320,300,"sd","09:36:10",1431100
9360,-320,700,"sd","09:36:10",1430800
9370,-310,200,"bu","09:36:05",1430100
9370,-310,900,"sd","09:36:00",1429900
9370,-310,1000,"sd","09:35:59",1429000
9370,-310,100,"bu","09:35:56",1428000
9380,-300,200,"bu","09:35:55",1427900
9350,-330,900,"sd","09:35:54",1427700
9350,-330,1000,"sd","09:35:54",1426800
9350,-330,100,"sd","09:35:54",1425800
9350,-330,800,"sd","09:35:54",1425700
9350,-330,100,"sd","09:35:54",1424900
9360,-320,500,"sd","09:35:54",1424800
9360,-320,1000,"sd","09:35:54",1424300
9360,-320,100,"sd","09:35:54",1423300
9360,-320,100,"sd","09:35:54",1423200
9360,-320,2000,"sd","09:35:54",1423100
9360,-320,3300,"sd","09:35:54",1421100
9370,-310,100,"sd","09:35:54",1417800
9380,-300,2000,"bu","09:35:50",1417700
9380,-300,100,"bu","09:35:49",1415700
9380,-300,200,"bu","09:35:48",1415600
9380,-300,1000,"bu","09:35:42",1415400
9380,-300,200,"bu","09:35:42",1414400
9380,-300,3000,"bu","09:35:40",1414200
9380,-300,200,"unknown","09:35:32",1411200
9390,-290,100,"bu","09:35:26",1411000
9360,-320,1700,"sd","09:35:25",1410900
9380,-300,100,"sd","09:35:25",1409200
9380,-300,200,"sd","09:35:25",1409100
9390,-290,300,"sd","09:35:22",1408900
9400,-280,2000,"bu","09:35:21",1408600
9400,-280,100,"bu","09:35:16",1406600
9400,-280,200,"bu","09:35:14",1406500
9420,-260,200,"sd","09:35:11",1406300
9400,-280,1300,"bu","09:35:08",1406100
9390,-290,2700,"sd","09:35:06",1404800
9390,-290,5000,"sd","09:35:06",1402100
9400,-280,1000,"bu","09:35:06",1397100
9400,-280,500,"sd","09:35:06",1396100
9400,-280,1000,"sd","09:35:06",1395600
9400,-280,2000,"sd","09:35:06",1394600
9400,-280,1000,"sd","09:35:06",1392600
9400,-280,100,"sd","09:35:06",1391600
9400,-280,4000,"sd","09:35:06",1391500
9400,-280,2000,"sd","09:35:06",1387500
9400,-280,200,"sd","09:35:06",1385500
9400,-280,100,"sd","09:35:06",1385300
9400,-280,1000,"sd","09:35:06",1385200
9400,-280,2000,"sd","09:35:06",1384200
9400,-280,1000,"sd","09:35:06",1382200
9400,-280,500,"sd","09:35:06",1381200
9400,-280,1000,"sd","09:35:06",1380700
9400,-280,5000,"sd","09:35:06",1379700
9400,-280,1000,"sd","09:35:06",1374700
9400,-280,200,"sd","09:35:06",1373700
9400,-280,1000,"sd","09:35:06",1373500
9400,-280,10000,"sd","09:35:06",1372500
9400,-280,700,"sd","09:35:06",1362500
9400,-280,500,"sd","09:35:06",1361800
9400,-280,900,"sd","09:35:06",1361300
9430,-250,300,"bu","09:35:06",1360400
9400,-280,100,"sd","09:35:05",1360100
9400,-280,500,"sd","09:35:05",1360000
9400,-280,1000,"sd","09:35:05",1359500
9400,-280,100,"sd","09:35:05",1358500
9400,-280,2000,"sd","09:35:05",1358400
9400,-280,100,"sd","09:35:05",1356400
9400,-280,100,"sd","09:35:05",1356300
9400,-280,1000,"sd","09:35:05",1356200
9400,-280,9800,"sd","09:35:05",1355200
9410,-270,800,"sd","09:35:05",1345400
9420,-260,500,"sd","09:35:05",1344600
9430,-250,200,"bu","09:35:05",1344100
9430,-250,100,"bu","09:35:05",1343900
9400,-280,200,"sd","09:35:03",1343800
9400,-280,2000,"sd","09:35:03",1343600
9400,-280,500,"sd","09:35:03",1341600
9400,-280,1000,"sd","09:35:03",1341100
9400,-280,400,"sd","09:35:03",1340100
9400,-280,200,"sd","09:35:03",1339700
9400,-280,500,"sd","09:35:03",1339500
9400,-280,1000,"sd","09:35:03",1339000
9410,-270,200,"sd","09:35:03",1338000
9410,-270,1500,"sd","09:35:03",1337800
9420,-260,1500,"sd","09:35:03",1336300
9410,-270,84000,"sd","09:35:03",1334800
9410,-270,5000,"sd","09:35:03",1250800
9410,-270,2000,"sd","09:35:03",1245800
9420,-260,500,"sd","09:35:02",1243800
9420,-260,500,"sd","09:35:02",1243300
9430,-250,100,"bu","09:34:56",1242800
9430,-250,500,"bu","09:34:55",1242700
9430,-250,400,"bu","09:34:55",1242200
9420,-260,600,"bu","09:34:55",1241800
9420,-260,2000,"sd","09:34:54",1241200
9420,-260,1000,"sd","09:34:54",1239200
9420,-260,2000,"sd","09:34:54",1238200
9430,-250,500,"bu","09:34:49",1236200
9430,-250,7600,"bu","09:34:48",1235700
9420,-260,500,"sd","09:34:43",1228100
9430,-250,400,"bu","09:34:38",1227600
9430,-250,100,"bu","09:34:35",1227200
9430,-250,200,"sd","09:34:35",1227100
9430,-250,200,"sd","09:34:35",1226900
9430,-250,1800,"sd","09:34:31",1226700
9440,-240,100,"sd","09:34:30",1224900
9440,-240,300,"sd","09:34:30",1224800
9440,-240,500,"sd","09:34:30",1224500
9450,-230,100,"bu","09:34:26",1224000
9440,-240,500,"sd","09:34:24",1223900
9440,-240,2000,"sd","09:34:24",1223400
9450,-230,200,"bu","09:34:23",1221400
9450,-230,2500,"bu","09:34:17",1221200
9450,-230,3000,"bu","09:34:10",1218700
9450,-230,1000,"sd","09:34:05",1215700
9450,-230,100,"sd","09:34:05",1214700
9450,-230,300,"sd","09:34:05",1214600
9450,-230,5000,"sd","09:34:05",1214300
9450,-230,1000,"sd","09:34:05",1209300
9450,-230,1000,"sd","09:34:05",1208300
9450,-230,1000,"sd","09:34:05",1207300
9450,-230,500,"sd","09:34:05",1206300
9450,-230,500,"sd","09:34:05",1205800
9450,-230,2000,"sd","09:34:05",1205300
9450,-230,600,"sd","09:34:05",1203300
9450,-230,100,"sd","09:34:05",1202700
9450,-230,900,"sd","09:34:05",1202600
9450,-230,1000,"sd","09:34:05",1201700
9450,-230,2000,"sd","09:34:05",1200700
9450,-230,500,"sd","09:34:05",1198700
9450,-230,100,"sd","09:34:05",1198200
9450,-230,100,"sd","09:34:05",1198100
9450,-230,2000,"sd","09:34:05",1198000
9450,-230,100,"sd","09:34:05",1196000
9450,-230,3000,"sd","09:34:05",1195900
9450,-230,1000,"sd","09:34:05",1192900
9450,-230,800,"sd","09:34:05",1191900
9450,-230,400,"sd","09:34:05",1191100
9460,-220,1000,"bu","09:34:00",1190700
9460,-220,500,"bu","09:33:59",1189700
9460,-220,4000,"bu","09:33:59",1189200
9460,-220,100,"bu","09:33:59",1185200
9460,-220,1000,"sd","09:33:51",1185100
9460,-220,100,"sd","09:33:51",1184100
9460,-220,1000,"sd","09:33:51",1184000
9460,-220,300,"sd","09:33:51",1183000
9460,-220,700,"sd","09:33:48",1182700
9460,-220,1300,"sd","09:33:48",1182000
9460,-220,100,"sd","09:33:44",1180700
9460,-220,100,"sd","09:33:43",1180600
9460,-220,900,"sd","09:33:40",1180500
9460,-220,2000,"sd","09:33:40",1179600
9460,-220,100,"sd","09:33:40",1177600
9460,-220,500,"sd","09:33:40",1177500
9460,-220,600,"sd","09:33:40",1177000
9460,-220,100,"sd","09:33:40",1176400
9460,-220,100,"sd","09:33:40",1176300
9460,-220,500,"sd","09:33:40",1176200
9470,-210,100,"bu","09:33:27",1175700
9470,-210,1000,"sd","09:33:22",1175600
9470,-210,500,"sd","09:33:22",1174600
9470,-210,100,"sd","09:33:22",1174100
9470,-210,500,"sd","09:33:22",1174000
9470,-210,5000,"sd","09:33:22",1173500
9470,-210,400,"sd","09:33:22",1168500
9470,-210,300,"sd","09:33:22",1168100
9470,-210,700,"sd","09:33:22",1167800
9480,-200,2800,"bu","09:33:18",1167100
9480,-200,7200,"bu","09:33:18",1164300
9480,-200,300,"bu","09:33:13",1157100
9480,-200,500,"bu","09:33:07",1156800
9480,-200,1000,"sd","09:33:05",1156300
9480,-200,3800,"sd","09:33:05",1155300
9470,-210,700,"sd","09:33:02",1151500
9470,-210,600,"sd","09:33:02",1150800
9470,-210,1000,"sd","09:33:02",1150200
9470,-210,100,"sd","09:33:02",1149200
9470,-210,1000,"sd","09:33:02",1149100
9480,-200,300,"bu","09:33:01",1148100
9480,-200,300,"bu","09:32:59",1147800
9480,-200,700,"bu","09:32:59",1147500
9480,-200,1000,"bu","09:32:59",1146800
9480,-200,100,"bu","09:32:54",1145800
9480,-200,400,"bu","09:32:53",1145700
9480,-200,300,"sd","09:32:52",1145300
9480,-200,100,"sd","09:32:52",1145000
9480,-200,200,"sd","09:32:52",1144900
9480,-200,800,"sd","09:32:39",1144700
9480,-200,100,"sd","09:32:39",1143900
9480,-200,1100,"sd","09:32:39",1143800
9490,-190,500,"bu","09:32:37",1142700
9490,-190,700,"bu","09:32:28",1142200
9480,-200,900,"sd","09:32:24",1141500
9480,-200,100,"sd","09:32:24",1140600
9490,-190,500,"bu","09:32:22",1140500
9490,-190,1400,"bu","09:32:22",1140000
9490,-190,600,"bu","09:32:22",1138600
9490,-190,2000,"bu","09:32:20",1138000
9490,-190,6000,"bu","09:32:19",1136000
9490,-190,300,"sd","09:32:15",1130000
9490,-190,200,"sd","09:32:15",1129700
9490,-190,900,"sd","09:32:15",1129500
9500,-180,5000,"bu","09:32:11",1128600
9500,-180,100,"bu","09:32:09",1123600
9500,-180,100,"bu","09:32:05",1123500
9490,-190,2000,"sd","09:32:04",1123400
9490,-190,900,"bu","09:31:55",1121400
9480,-200,4500,"bu","09:31:55",1120500
9470,-210,1700,"sd","09:31:55",1116000
9470,-210,200,"sd","09:31:55",1114300
9470,-210,100,"sd","09:31:55",1114100
9470,-210,1000,"sd","09:31:55",1114000
9470,-210,300,"sd","09:31:55",1113000
9470,-210,200,"sd","09:31:55",1112700
9480,-200,500,"sd","09:31:52",1112500
9480,-200,1000,"sd","09:31:52",1112000
9480,-200,100,"sd","09:31:52",1111000
9480,-200,100,"sd","09:31:52",1110900
9480,-200,300,"sd","09:31:52",1110800
9480,-200,1000,"sd","09:31:52",1110500
9480,-200,200,"sd","09:31:52",1109500
9480,-200,200,"sd","09:31:52",1109300
9480,-200,100,"sd","09:31:52",1109100
9490,-190,500,"bu","09:31:49",1109000
9490,-190,10000,"bu","09:31:45",1108500
9480,-200,200,"sd","09:31:40",1098500
9480,-200,800,"sd","09:31:40",1098300
9480,-200,4000,"sd","09:31:40",1097500
9490,-190,200,"bu","09:31:31",1093500
9490,-190,500,"bu","09:31:31",1093300
9490,-190,2000,"sd","09:31:24",1092800
9490,-190,100,"sd","09:31:24",1090800
9490,-190,300,"sd","09:31:24",1090700
9490,-190,500,"sd","09:31:24",1090400
9500,-180,10000,"bu","09:31:23",1089900
9500,-180,3500,"bu","09:31:20",1079900
9500,-180,1000,"bu","09:31:20",1076400
9500,-180,2000,"bu","09:31:20",1075400
9500,-180,100,"bu","09:31:20",1073400
9490,-190,200,"sd","09:31:19",1073300
9490,-190,100,"sd","09:31:06",1073100
9500,-180,2000,"bu","09:31:03",1073000
9500,-180,400,"bu","09:31:00",1071000
9500,-180,2000,"bu","09:30:57",1070600
9490,-190,1300,"sd","09:30:55",1068600
9490,-190,7900,"sd","09:30:53",1067300
9490,-190,200,"sd","09:30:53",1057500
9490,-190,600,"sd","09:30:53",1059400
9490,-190,300,"sd","09:30:53",1058800
9490,-190,1000,"sd","09:30:53",1058500
9500,-180,500,"sd","09:30:38",1057300
9500,-180,800,"sd","09:30:38",1056800
9500,-180,1000,"sd","09:30:38",1056000
9500,-180,200,"sd","09:30:38",1055000
9500,-180,400,"sd","09:30:38",1054800
9500,-180,100,"sd","09:30:38",1054400
9500,-180,7300,"sd","09:30:38",1054300
9510,-170,1500,"bu","09:30:29",1047000
9500,-180,2700,"sd","09:30:29",1045500
9500,-180,500,"sd","09:30:29",1042800
9500,-180,5000,"sd","09:30:29",1042300
9500,-180,400,"sd","09:30:29",1037300
9500,-180,3000,"sd","09:30:29",1036900
9500,-180,300,"sd","09:30:29",1033900
9500,-180,200,"sd","09:30:29",1033600
9500,-180,5000,"sd","09:30:29",1033400
9500,-180,300,"sd","09:30:29",1028400
9500,-180,2000,"sd","09:30:29",1028100
9500,-180,3000,"sd","09:30:29",1026100
9500,-180,500,"sd","09:30:29",1023100
9500,-180,2000,"sd","09:30:29",1022600
9500,-180,100,"sd","09:30:29",1020600
9500,-180,1000,"sd","09:30:29",1020500
9500,-180,100,"sd","09:30:29",1019500
9500,-180,1000,"sd","09:30:29",1019400
9500,-180,500,"sd","09:30:29",1018400
9500,-180,200,"sd","09:30:29",1017900
9500,-180,500,"sd","09:30:29",1017700
9510,-170,100,"bu","09:30:28",1017200
9500,-180,1500,"sd","09:30:28",1017100
9500,-180,1000,"sd","09:30:28",1015600
9500,-180,1000,"sd","09:30:28",1014600
9500,-180,10000,"sd","09:30:28",1013600
9500,-180,5000,"sd","09:30:28",1003600
9500,-180,1500,"sd","09:30:28",998600
9500,-180,3500,"sd","09:30:26",997100
9500,-180,800,"sd","09:30:26",993600
9500,-180,2000,"sd","09:30:26",992800
9500,-180,100,"sd","09:30:26",990800
9500,-180,500,"sd","09:30:25",990700
9500,-180,800,"sd","09:30:25",990200
9500,-180,1000,"sd","09:30:25",989400
9500,-180,100,"sd","09:30:25",988400
9500,-180,100,"sd","09:30:25",988300
9500,-180,1000,"sd","09:30:25",988200
9500,-180,100,"sd","09:30:25",987200
9500,-180,9200,"sd","09:30:25",987100
9500,-180,500,"sd","09:30:25",977900
9510,-170,100,"bu","09:30:23",977400
9500,-180,8000,"sd","09:30:21",977300
9510,-170,2000,"bu","09:30:18",969300
9510,-170,100,"bu","09:30:11",967300
9500,-180,2300,"sd","09:30:06",967200
9500,-180,1000,"sd","09:30:06",964900
9500,-180,1000,"sd","09:30:06",963900
9500,-180,100,"sd","09:30:06",962900
9500,-180,200,"sd","09:30:06",962800
9500,-180,1000,"sd","09:30:06",962600
9500,-180,100,"sd","09:30:06",961600
9500,-180,1000,"sd","09:30:06",961500
9500,-180,100,"sd","09:30:06",960500
9500,-180,500,"sd","09:30:06",960400
9500,-180,1000,"sd","09:30:06",959900
9500,-180,1700,"sd","09:30:06",958900
9510,-170,100,"bu","09:30:04",957200
9500,-180,400,"sd","09:29:58",957100
9500,-180,100,"sd","09:29:58",956700
9500,-180,400,"sd","09:29:58",956600
9500,-180,1400,"sd","09:29:58",956200
9500,-180,1200,"sd","09:29:58",954800
9500,-180,100,"sd","09:29:55",953600
9500,-180,100,"sd","09:29:54",953500
9500,-180,2500,"sd","09:29:50",953400
9500,-180,700,"sd","09:29:48",950900
9500,-180,300,"sd","09:29:47",950200
9500,-180,2900,"sd","09:29:46",949900
9510,-170,500,"bu","09:29:43",947000
9500,-180,700,"sd","09:29:42",946500
9500,-180,1500,"sd","09:29:36",945800
9500,-180,500,"sd","09:29:36",944300
9500,-180,5000,"sd","09:29:30",943800
9500,-180,100,"sd","09:29:19",938800
9500,-180,400,"sd","09:29:19",938700
9500,-180,600,"sd","09:29:19",938300
9500,-180,400,"sd","09:29:19",937700
9500,-180,400,"sd","09:29:19",937300
9510,-170,500,"sd","09:29:18",936900
9510,-170,500,"sd","09:29:18",936400
9510,-170,1900,"sd","09:29:18",935900
9510,-170,1000,"sd","09:29:16",934000
9510,-170,2100,"sd","09:29:14",933000
9510,-170,500,"sd","09:29:14",930900
9510,-170,200,"sd","09:29:14",930400
9510,-170,2200,"sd","09:29:14",930200
9510,-170,1000,"sd","09:29:14",928000
9510,-170,200,"sd","09:29:08",927000
9510,-170,2600,"sd","09:29:05",926800
9510,-170,2000,"sd","09:29:05",924200
9510,-170,300,"sd","09:29:05",922200
9510,-170,500,"sd","09:29:05",921900
9510,-170,400,"sd","09:29:05",921400
9510,-170,900,"sd","09:29:05",921000
9510,-170,1000,"sd","09:29:05",920100
9510,-170,100,"sd","09:29:05",919100
9510,-170,700,"sd","09:29:05",919000
9510,-170,4000,"sd","09:29:03",918300
9510,-170,100,"sd","09:29:02",914300
9520,-160,1000,"bu","09:28:58",914200
9520,-160,500,"bu","09:28:57",913200
9510,-170,1000,"sd","09:28:55",912700
9520,-160,100,"bu","09:28:49",911700
9520,-160,1000,"bu","09:28:34",911600
9520,-160,100,"bu","09:28:32",910600
9520,-160,100,"bu","09:28:29",910500
9520,-160,100,"bu","09:28:23",910400
9520,-160,400,"bu","09:28:23",910300
9520,-160,100,"bu","09:28:22",909900
9510,-170,4200,"sd","09:28:21",909800
9510,-170,6000,"sd","09:28:21",905600
9510,-170,700,"sd","09:28:21",899600
9520,-160,500,"bu","09:28:16",898900
9520,-160,1000,"bu","09:28:14",898400
9510,-170,1300,"sd","09:28:13",897400
9510,-170,500,"sd","09:28:13",896100
9520,-160,1000,"sd","09:28:13",895600
9520,-160,1500,"sd","09:28:13",894600
9520,-160,600,"sd","09:28:13",893100
9520,-160,500,"sd","09:28:13",892500
9520,-160,200,"sd","09:28:13",892000
9520,-160,1000,"sd","09:28:13",891800
9520,-160,2000,"sd","09:28:13",890800
9520,-160,400,"sd","09:28:13",888800
9520,-160,600,"sd","09:28:13",888400
9520,-160,100,"sd","09:28:13",887800
9520,-160,100,"sd","09:28:12",887700
9520,-160,200,"sd","09:28:12",887600
9520,-160,1000,"sd","09:28:12",887400
9520,-160,100,"sd","09:28:12",886400
9520,-160,500,"sd","09:28:12",886300
9520,-160,1000,"sd","09:28:12",885800
9520,-160,100,"sd","09:28:12",884800
9520,-160,500,"sd","09:28:12",884700
9520,-160,1000,"sd","09:28:12",884200
9520,-160,5500,"sd","09:28:11",883200
9520,-160,500,"sd","09:28:02",877700
9520,-160,1000,"sd","09:28:02",877200
9520,-160,500,"sd","09:28:02",876200
9520,-160,500,"sd","09:28:02",875700
9520,-160,2900,"sd","09:28:02",875200
9520,-160,4500,"sd","09:28:02",872300
9530,-150,1000,"sd","09:27:54",867800
9530,-150,1000,"sd","09:27:54",866800
9520,-160,9100,"sd","09:27:24",865800
9520,-160,5000,"sd","09:27:24",856700
9520,-160,1000,"sd","09:27:24",851700
9520,-160,4500,"sd","09:27:24",850700
9530,-150,1000,"bu","09:27:24",846200
9530,-150,500,"sd","09:27:16",845200
9530,-150,200,"sd","09:27:16",844700
9530,-150,1000,"sd","09:27:16",844500
9530,-150,100,"sd","09:27:16",843500
9530,-150,200,"sd","09:27:16",843400
9530,-150,5900,"sd","09:27:16",843200
9530,-150,10000,"sd","09:27:15",837300
9540,-140,100,"bu","09:27:02",827300
9530,-150,10000,"sd","09:27:00",827200
9530,-150,1400,"sd","09:26:57",817200
9530,-150,300,"sd","09:26:57",815800
9530,-150,2200,"sd","09:26:57",815500
9540,-140,1000,"bu","09:26:57",813300
9540,-140,100,"bu","09:26:55",812300
9540,-140,1000,"bu","09:26:48",812200
9530,-150,100,"sd","09:26:42",811200
9540,-140,100,"bu","09:26:36",811100
9530,-150,1200,"sd","09:26:35",811000
9530,-150,600,"sd","09:26:35",809800
9530,-150,8200,"sd","09:26:35",809200
9540,-140,500,"bu","09:26:28",801000
9540,-140,1000,"sd","09:26:27",800500
9540,-140,3000,"sd","09:26:27",799500
9530,-150,1000,"sd","09:26:20",796500
9540,-140,200,"sd","09:26:20",795500
9540,-140,3800,"sd","09:26:20",795300
9540,-140,1200,"sd","09:26:17",791500
9540,-140,3000,"sd","09:26:17",790300
9530,-150,800,"sd","09:26:03",787300
9530,-150,1000,"sd","09:26:03",786500
9530,-150,200,"sd","09:26:03",785500
9530,-150,2300,"sd","09:26:03",785300
9530,-150,100,"sd","09:26:03",783000
9530,-150,15900,"sd","09:26:03",782900
9530,-150,2000,"sd","09:26:03",767000
9530,-150,500,"sd","09:26:03",765000
9530,-150,1000,"sd","09:26:03",764500
9530,-150,12000,"sd","09:26:03",763500
9530,-150,20000,"sd","09:26:03",751500
9530,-150,10000,"sd","09:26:03",731500
9530,-150,3900,"sd","09:26:03",721500
9540,-140,100,"sd","09:26:03",717600
9540,-140,200,"sd","09:26:03",717500
9540,-140,4800,"bu","09:25:58",717300
9540,-140,1100,"sd","09:25:58",712500
9540,-140,400,"bu","09:25:56",711400
9540,-140,600,"sd","09:25:54",711000
9540,-140,1000,"sd","09:25:54",710400
9540,-140,1000,"sd","09:25:54",709400
9540,-140,100,"sd","09:25:54",708400
9540,-140,6900,"sd","09:25:54",708300
9540,-140,5800,"sd","09:25:49",701400
9540,-140,500,"sd","09:25:49",695600
9540,-140,1000,"sd","09:25:49",695100
9540,-140,1000,"sd","09:25:49",694100
9540,-140,200,"sd","09:25:49",693100
9540,-140,11500,"sd","09:25:49",692900
9540,-140,8500,"sd","09:25:42",681400
9540,-140,500,"sd","09:25:42",672900
9540,-140,1000,"sd","09:25:42",672400
9550,-130,100,"bu","09:25:37",671400
9550,-130,200,"bu","09:25:35",671300
9550,-130,500,"sd","09:25:26",671100
9550,-130,600,"sd","09:25:26",670600
9550,-130,1000,"sd","09:25:26",670000
9550,-130,1000,"sd","09:25:26",669000
9550,-130,100,"sd","09:25:26",668000
9550,-130,400,"sd","09:25:19",667900
9550,-130,100,"sd","09:25:18",667500
9550,-130,9500,"sd","09:25:18",667400
9550,-130,500,"sd","09:25:02",657900
9550,-130,500,"sd","09:25:02",657400
9550,-130,1000,"sd","09:25:02",656900
9550,-130,100,"sd","09:25:02",655900
9550,-130,2000,"sd","09:25:02",655800
9550,-130,1900,"sd","09:25:02",653800
9550,-130,2000,"sd","09:24:59",651900
9550,-130,5000,"sd","09:24:48",649900
9560,-120,1000,"bu","09:24:47",644900
9560,-120,100,"bu","09:24:41",643900
9560,-120,400,"bu","09:24:33",643800
9560,-120,1000,"bu","09:24:30",643400
9550,-130,300,"sd","09:24:26",642400
9550,-130,500,"sd","09:24:26",642100
9550,-130,1000,"sd","09:24:26",641600
9550,-130,1000,"sd","09:24:26",640600
9550,-130,1000,"sd","09:24:26",639600
9550,-130,2200,"sd","09:24:26",638600
9560,-120,900,"bu","09:24:23",636400
9560,-120,100,"bu","09:24:23",635500
9550,-130,5000,"sd","09:24:20",635400
9550,-130,500,"bu","09:24:13",630400
9550,-130,2000,"bu","09:24:13",629900
9550,-130,1300,"bu","09:24:13",627900
9550,-130,500,"bu","09:24:09",626600
9550,-130,1000,"bu","09:24:08",626100
9550,-130,1000,"bu","09:24:08",625100
9550,-130,1000,"sd","09:23:59",624100
9550,-130,200,"sd","09:23:59",623100
9550,-130,600,"bu","09:23:52",622900
9550,-130,1000,"bu","09:23:51",622300
9550,-130,1000,"bu","09:23:50",621300
9550,-130,500,"bu","09:23:50",620300
9550,-130,500,"bu","09:23:50",619800
9550,-130,1400,"bu","09:23:50",619300
9550,-130,600,"bu","09:23:39",617900
9550,-130,500,"bu","09:23:38",617300
9550,-130,900,"sd","09:23:29",616800
9550,-130,100,"bu","09:23:23",615900
9560,-120,400,"bu","09:23:17",615800
9560,-120,100,"bu","09:23:17",615400
9550,-130,200,"bu","09:23:14",615300
9550,-130,1000,"bu","09:23:09",615100
9550,-130,300,"bu","09:23:07",614100
9530,-150,600,"sd","09:23:05",613800
9540,-140,2000,"sd","09:23:05",613200
9540,-140,7300,"sd","09:23:05",611200
9550,-130,1500,"bu","09:23:03",603900
9550,-130,2000,"unknown","09:23:01",602400
9540,-140,20000,"sd","09:23:01",600400
9540,-140,2700,"sd","09:22:59",580400
9540,-140,300,"sd","09:22:59",577700
9560,-120,500,"bu","09:22:55",577400
9560,-120,200,"bu","09:22:49",576900
9530,-150,23500,"sd","09:22:23",576700
9540,-140,1000,"sd","09:22:23",553200
9540,-140,2000,"sd","09:22:23",552200
9540,-140,1000,"sd","09:22:23",550200
9540,-140,6400,"sd","09:22:23",549200
9540,-140,100,"sd","09:22:23",542800
9540,-140,5000,"sd","09:22:23",542700
9550,-130,2900,"sd","09:22:23",537700
9550,-130,500,"sd","09:22:23",534800
9550,-130,7600,"sd","09:22:23",534300
9550,-130,2400,"bu","09:22:19",526700
9550,-130,100,"sd","09:22:12",524300
9550,-130,500,"sd","09:22:12",524200
9550,-130,2000,"sd","09:22:12",523700
9550,-130,500,"bu","09:22:02",521700
9540,-140,5000,"sd","09:21:59",521200
9550,-130,500,"bu","09:21:48",516200
9550,-130,1400,"bu","09:21:48",515700
9550,-130,900,"bu","09:21:47",514300
9550,-130,100,"bu","09:21:41",513400
9540,-140,900,"sd","09:21:40",513300
9550,-130,2500,"bu","09:21:25",512400
9540,-140,100,"bu","09:21:18",509900
9530,-150,10000,"sd","09:21:11",509800
9530,-150,2000,"bu","09:21:08",499800
9530,-150,1000,"bu","09:21:08",497800
9530,-150,2000,"bu","09:21:08",496800
9530,-150,100,"bu","09:21:06",494800
9530,-150,20000,"bu","09:21:05",494700
9530,-150,5000,"bu","09:21:02",474700
9530,-150,5000,"bu","09:20:58",469700
9530,-150,100,"bu","09:20:57",464700
9530,-150,5000,"bu","09:20:56",464600
9530,-150,2000,"bu","09:20:55",459600
9530,-150,5000,"bu","09:20:54",457600
9530,-150,100,"bu","09:20:52",452600
9530,-150,100,"bu","09:20:50",452500
9530,-150,200,"bu","09:20:47",452400
9530,-150,4400,"bu","09:20:46",452200
9530,-150,5000,"bu","09:20:42",447800
9530,-150,20000,"bu","09:20:40",442800
9530,-150,800,"bu","09:20:38",422800
9520,-160,500,"sd","09:20:36",422000
9530,-150,15000,"bu","09:20:35",421500
9520,-160,14000,"sd","09:20:32",406500
9530,-150,9000,"bu","09:20:31",392500
9520,-160,400,"sd","09:20:27",383500
9530,-150,5000,"bu","09:20:24",383100
9530,-150,1000,"sd","09:20:22",378100
9530,-150,100,"sd","09:20:22",377100
9530,-150,100,"sd","09:20:22",377000
9530,-150,2000,"sd","09:20:22",376900
9530,-150,1000,"sd","09:20:21",374900
9550,-130,15100,"bu","09:20:12",373900
9540,-140,4900,"bu","09:20:12",358800
9540,-140,100,"bu","09:20:11",353900
9520,-160,500,"sd","09:20:03",353800
9520,-160,100,"bu","09:19:50",353300
9520,-160,400,"bu","09:19:49",353200
9520,-160,100,"bu","09:19:49",352800
9520,-160,1000,"bu","09:19:47",352700
9520,-160,200,"sd","09:19:38",351700
9520,-160,500,"sd","09:19:38",351500
9520,-160,500,"sd","09:19:38",351000
9520,-160,2000,"sd","09:19:38",350500
9520,-160,700,"sd","09:19:38",348500
9520,-160,1300,"sd","09:19:37",347800
9530,-150,1000,"sd","09:19:37",346500
9550,-130,300,"sd","09:19:37",345500
9560,-120,1200,"bu","09:19:32",345200
9550,-130,800,"bu","09:19:32",344000
9520,-160,1000,"sd","09:19:24",343200
9550,-130,500,"bu","09:19:17",342200
9550,-130,11000,"bu","09:19:16",341700
9550,-130,500,"bu","09:19:10",330700
9550,-130,2200,"bu","09:19:07",330200
9550,-130,2800,"bu","09:19:07",328000
9550,-130,2000,"bu","09:19:06",325200
9550,-130,500,"bu","09:19:05",323200
9550,-130,200,"sd","09:19:04",322700
9550,-130,800,"sd","09:19:04",322500
9550,-130,500,"sd","09:19:04",321700
9550,-130,500,"sd","09:19:04",321200
9550,-130,1000,"sd","09:19:04",320700
9550,-130,1200,"sd","09:19:04",319700
9560,-120,500,"sd","09:19:04",318500
9550,-130,3800,"sd","09:18:51",318000
9550,-130,1000,"sd","09:18:51",314200
9550,-130,900,"sd","09:18:51",313200
9580,-100,100,"bu","09:18:47",312300
9580,-100,100,"bu","09:18:40",312200
9580,-100,500,"bu","09:18:36",312100
9580,-100,4500,"bu","09:18:36",311600
9580,-100,3000,"bu","09:18:32",307100
9600,-80,10000,"bu","09:18:29",304100
9600,-80,300,"bu","09:18:20",294100
9600,-80,700,"sd","09:18:17",293800
9600,-80,200,"sd","09:18:17",293100
9600,-80,2400,"sd","09:18:17",292900
9600,-80,2600,"sd","09:18:09",290500
9600,-80,100,"sd","09:18:09",287900
9600,-80,200,"sd","09:18:09",287800
9600,-80,100,"sd","09:18:09",287600
9600,-80,4300,"sd","09:18:06",287500
9600,-80,100,"sd","09:18:06",283200
9600,-80,500,"sd","09:18:06",283100
9600,-80,1000,"sd","09:18:06",282600
9600,-80,12200,"sd","09:18:06",281600
9620,-60,3900,"bu","09:18:05",269400
9620,-60,1100,"bu","09:18:05",265500
9600,-80,1800,"sd","09:18:02",264400
9600,-80,500,"sd","09:18:02",262600
9600,-80,1000,"sd","09:18:02",262100
9600,-80,1000,"sd","09:18:02",261100
9600,-80,800,"sd","09:18:02",260100
9600,-80,100,"sd","09:18:02",259300
9600,-80,100,"sd","09:18:02",259200
9610,-70,2000,"sd","09:18:02",259100
9610,-70,1500,"sd","09:18:02",257100
9620,-60,1000,"sd","09:17:52",255600
9620,-60,2000,"bu","09:17:45",254600
9620,-60,5000,"bu","09:17:29",252600
9600,-80,900,"sd","09:17:24",247600
9610,-70,1000,"sd","09:17:24",246700
9610,-70,700,"sd","09:17:24",245700
9610,-70,5000,"sd","09:17:24",245000
9610,-70,500,"sd","09:17:24",240000
9620,-60,1000,"sd","09:17:24",239500
9620,-60,2000,"sd","09:17:24",238500
9620,-60,3000,"sd","09:17:18",236500
9620,-60,500,"sd","09:17:18",233500
9630,-50,500,"sd","09:17:03",233000
9630,-50,1000,"sd","09:17:03",232500
9640,-40,2000,"bu","09:17:02",231500
9630,-50,500,"sd","09:16:59",229500
9630,-50,500,"sd","09:16:59",229000
9640,-40,9900,"bu","09:16:59",228500
9640,-40,100,"bu","09:16:59",218600
9630,-50,800,"sd","09:16:56",218500
9630,-50,1000,"sd","09:16:52",217700
9630,-50,300,"sd","09:16:45",216700
9640,-40,100,"bu","09:16:45",216400
9640,-40,1000,"bu","09:16:42",216300
9640,-40,1000,"bu","09:16:42",215300
9630,-50,7400,"sd","09:16:42",214300
9630,-50,500,"sd","09:16:42",206900
9630,-50,100,"sd","09:16:42",206400
9630,-50,1000,"sd","09:16:42",206300
9630,-50,1000,"sd","09:16:42",205300
9650,-30,8000,"bu","09:16:33",204300
9640,-40,2000,"bu","09:16:33",196300
9640,-40,300,"bu","09:16:30",194300
9640,-40,4000,"sd","09:16:29",194000
9640,-40,500,"sd","09:16:29",190000
9640,-40,12900,"sd","09:16:29",189500
9640,-40,8000,"sd","09:16:26",176600
9640,-40,1000,"sd","09:16:25",168600
9650,-30,1000,"bu","09:16:23",167600
9640,-40,22800,"sd","09:16:21",166600
9640,-40,2000,"sd","09:16:10",143800
9640,-40,3300,"sd","09:16:09",141800
9640,-40,700,"sd","09:16:08",138500
9640,-40,6000,"sd","09:16:08",137800
9640,-40,4000,"sd","09:16:05",131800
9640,-40,4900,"sd","09:16:05",127800
9650,-30,1000,"sd","09:16:05",122900
9650,-30,100,"sd","09:16:05",121900
9660,-20,1000,"bu","09:16:01",121800
9660,-20,4000,"bu","09:16:01",120800
9650,-30,200,"bu","09:15:52",116800
9650,-30,1000,"bu","09:15:47",116600
9650,-30,1000,"sd","09:15:42",115600
9650,-30,5000,"sd","09:15:42",114600
9650,-30,2800,"sd","09:15:42",109600
9650,-30,900,"sd","09:15:38",106800
9650,-30,5000,"bu","09:15:29",105900
9650,-30,1300,"bu","09:15:29",100900
9650,-30,700,"bu","09:15:18",99600
9640,-40,98900,"unknown","09:14:59",98900
