"price","change","match_qtty","side","time","total_vol"
7750,-80,10200,"unknown","14:45:00",420800
7750,-80,100,"bu","14:29:18",410600
7750,-80,2000,"bu","14:28:50",410500
7750,-80,300,"bu","14:27:59",408500
7750,-80,700,"bu","14:27:37",408200
7750,-80,100,"bu","14:27:28",407500
7750,-80,5000,"bu","14:27:09",407400
7750,-80,100,"bu","14:25:26",402400
7710,-120,900,"bu","14:22:51",402300
7710,-120,200,"bu","14:22:47",401400
7710,-120,400,"bu","14:22:33",401200
7710,-120,100,"bu","14:22:25",400800
7710,-120,2000,"bu","14:22:06",400700
7710,-120,3000,"bu","14:21:53",398700
7710,-120,100,"bu","14:21:46",395700
7710,-120,500,"bu","14:21:46",395600
7710,-120,2000,"bu","14:21:30",395100
7700,-130,1400,"sd","14:20:49",393100
7700,-130,600,"sd","14:20:35",391700
7700,-130,4400,"sd","14:20:35",391100
7710,-120,1100,"bu","14:20:16",386700
7710,-120,100,"bu","14:20:16",385600
7710,-120,500,"bu","14:19:06",385500
7700,-130,600,"sd","14:18:48",385000
7700,-130,500,"sd","14:18:48",384400
7700,-130,1000,"sd","14:18:48",383900
7700,-130,100,"sd","14:18:48",382900
7700,-130,500,"sd","14:18:48",382800
7700,-130,1000,"sd","14:18:47",382300
7700,-130,5000,"sd","14:18:47",381300
7700,-130,1000,"sd","14:18:47",376300
7700,-130,1000,"sd","14:18:47",375300
7700,-130,500,"sd","14:18:47",374300
7700,-130,400,"sd","14:18:47",373800
7700,-130,400,"sd","14:18:47",373400
7700,-130,500,"sd","14:18:47",373000
7700,-130,200,"sd","14:18:47",372500
7700,-130,100,"sd","14:18:47",372300
7710,-120,200,"bu","14:18:46",372200
7710,-120,400,"bu","14:18:38",372000
7710,-120,200,"bu","14:18:34",371600
7710,-120,100,"sd","14:18:27",371400
7710,-120,1000,"sd","14:18:27",371300
7710,-120,1000,"sd","14:18:12",370300
7710,-120,700,"sd","14:17:42",369300
7710,-120,1000,"sd","14:17:42",368600
7710,-120,100,"sd","14:17:42",367600
7710,-120,1000,"sd","14:17:42",367500
7710,-120,700,"sd","14:17:42",366500
7710,-120,100,"sd","14:17:42",365800
7710,-120,100,"sd","14:17:42",365700
7710,-120,300,"sd","14:17:42",365600
7710,-120,200,"sd","14:17:42",365300
7710,-120,500,"sd","14:17:42",365100
7710,-120,2000,"sd","14:17:42",364600
7710,-120,300,"sd","14:17:42",362600
7730,-100,100,"bu","14:17:17",362300
7730,-100,200,"bu","14:16:26",362200
7720,-110,500,"sd","14:16:20",362000
7720,-110,15000,"sd","14:16:20",361500
7720,-110,100,"sd","14:16:20",346500
7720,-110,200,"sd","14:16:20",346400
7720,-110,100,"sd","14:16:20",346200
7720,-110,100,"sd","14:16:20",346100
7720,-110,1000,"sd","14:16:20",346000
7720,-110,1000,"sd","14:16:20",345000
7720,-110,200,"sd","14:16:20",344000
7720,-110,500,"sd","14:16:20",343800
7720,-110,500,"sd","14:16:20",343300
7730,-100,100,"bu","14:15:23",342800
7730,-100,100,"bu","14:15:15",342700
7730,-100,300,"bu","14:15:09",342600
7730,-100,300,"bu","14:14:44",342300
7730,-100,100,"bu","14:14:37",342000
7750,-80,100,"bu","14:14:31",341900
7730,-100,1000,"sd","14:14:22",341800
7730,-100,1200,"sd","14:14:22",340800
7730,-100,200,"sd","14:14:22",339600
7730,-100,2000,"sd","14:13:37",339400
7730,-100,100,"sd","14:13:37",337400
7730,-100,100,"sd","14:13:37",337300
7730,-100,300,"sd","14:13:37",337200
7730,-100,200,"sd","14:13:08",336900
7730,-100,100,"sd","14:13:08",336700
7730,-100,200,"sd","14:13:08",336600
7730,-100,500,"sd","14:13:08",336400
7730,-100,100,"sd","14:13:08",335900
7740,-90,1400,"bu","14:13:04",335800
7740,-90,1000,"sd","14:12:44",334400
7740,-90,100,"sd","14:12:44",333400
7740,-90,900,"unknown","14:12:18",333300
7730,-100,100,"sd","14:12:10",332400
7730,-100,300,"sd","14:12:10",332300
7730,-100,100,"sd","14:12:10",332000
7730,-100,200,"sd","14:12:10",331900
7730,-100,200,"sd","14:12:10",331700
7740,-90,1000,"sd","14:12:10",331500
7740,-90,500,"sd","14:12:10",330500
7740,-90,100,"sd","14:12:10",330000
7740,-90,1000,"sd","14:11:29",329900
7740,-90,500,"sd","14:10:25",328900
7740,-90,600,"sd","14:10:02",328400
7740,-90,300,"sd","14:10:02",327800
7740,-90,200,"sd","14:10:02",327500
7740,-90,200,"sd","14:10:02",327300
7740,-90,100,"sd","14:09:57",327100
7740,-90,100,"sd","14:09:57",327000
7740,-90,100,"sd","14:08:11",326900
7740,-90,200,"sd","14:06:51",326800
7730,-100,500,"sd","14:04:23",326600
7750,-80,2000,"bu","14:03:53",326100
7730,-100,300,"sd","14:03:43",324100
7730,-100,1700,"sd","14:03:43",323800
7730,-100,1000,"sd","14:03:43",322100
7730,-100,100,"sd","14:03:43",321100
7730,-100,200,"sd","14:03:43",321000
7730,-100,1000,"sd","14:03:43",320800
7730,-100,200,"sd","14:03:43",319800
7740,-90,1000,"sd","14:03:43",319600
7730,-100,600,"sd","14:03:43",318600
7740,-90,2800,"sd","14:03:43",318000
7740,-90,500,"sd","14:03:43",315200
7740,-90,600,"sd","14:03:43",314700
7750,-80,2000,"bu","14:03:31",314100
7750,-80,800,"bu","14:02:48",312100
7750,-80,200,"bu","14:02:48",311300
7740,-90,1200,"bu","14:01:21",311100
7740,-90,100,"bu","14:01:14",309900
7740,-90,300,"bu","14:00:50",309800
7740,-90,800,"sd","14:00:21",309500
7740,-90,3100,"sd","14:00:05",308700
7740,-90,1800,"sd","14:00:05",305600
7740,-90,200,"sd","13:59:49",303800
7740,-90,400,"sd","13:59:49",303600
7740,-90,100,"sd","13:59:49",303200
7740,-90,500,"sd","13:59:49",303100
7740,-90,3800,"sd","13:59:49",302600
7750,-80,400,"sd","13:59:06",298800
7750,-80,200,"sd","13:59:06",298400
7750,-80,2000,"sd","13:59:06",298200
7750,-80,200,"sd","13:59:06",296200
7750,-80,500,"sd","13:58:12",296000
7770,-60,500,"bu","13:51:31",295500
7770,-60,300,"bu","13:51:18",295000
7750,-80,200,"bu","13:51:11",294700
7750,-80,300,"bu","13:51:11",294500
7750,-80,800,"bu","13:51:11",294200
7750,-80,100,"bu","13:50:47",293400
7750,-80,200,"bu","13:50:37",293300
7740,-90,1000,"sd","13:49:23",293100
7740,-90,200,"sd","13:49:23",292100
7740,-90,1000,"sd","13:49:23",291900
7740,-90,200,"sd","13:49:23",290900
7740,-90,200,"sd","13:49:23",290700
7740,-90,400,"sd","13:49:23",290500
7750,-80,1600,"bu","13:49:23",290100
7750,-80,2000,"bu","13:48:47",288500
7750,-80,100,"bu","13:48:30",286500
7750,-80,400,"bu","13:47:38",286400
7740,-90,500,"sd","13:45:26",286000
7740,-90,500,"sd","13:45:22",285500
7750,-80,800,"bu","13:43:34",285000
7740,-90,200,"bu","13:43:34",284200
7730,-100,400,"sd","13:43:26",284000
7730,-100,100,"sd","13:43:26",283600
7730,-100,4500,"sd","13:43:26",283500
7740,-90,300,"sd","13:43:03",279000
7740,-90,500,"sd","13:43:03",278700
7740,-90,100,"sd","13:43:02",278200
7740,-90,300,"sd","13:41:05",278100
7740,-90,200,"sd","13:41:05",277800
7740,-90,300,"sd","13:40:52",277600
7740,-90,1500,"sd","13:40:52",277300
7740,-90,500,"sd","13:40:52",275800
7740,-90,700,"sd","13:40:52",275300
7750,-80,1500,"bu","13:39:59",274600
7750,-80,600,"bu","13:39:45",273100
7750,-80,300,"bu","13:39:23",272500
7740,-90,200,"sd","13:39:14",272200
7750,-80,3000,"bu","13:38:59",272000
7740,-90,100,"sd","13:38:36",269000
7740,-90,5000,"sd","13:36:01",268900
7750,-80,1000,"bu","13:35:41",263900
7750,-80,1000,"sd","13:35:07",262900
7750,-80,100,"sd","13:35:07",261900
7750,-80,500,"sd","13:35:07",261800
7750,-80,6000,"sd","13:35:07",261300
7750,-80,1000,"sd","13:34:58",255300
7750,-80,700,"sd","13:33:22",254300
7750,-80,4300,"sd","13:33:22",253600
7750,-80,600,"sd","13:31:57",249300
7750,-80,1000,"sd","13:31:15",248700
7770,-60,1800,"bu","13:30:17",247700
7770,-60,1200,"bu","13:30:17",245900
7750,-80,100,"bu","13:29:52",244700
7750,-80,1200,"bu","13:29:52",244600
7750,-80,800,"bu","13:29:52",243400
7740,-90,100,"sd","13:29:51",242600
7740,-90,4900,"sd","13:29:51",242500
7750,-80,500,"sd","13:29:01",237600
7750,-80,700,"sd","13:29:01",237100
7750,-80,1000,"sd","13:29:01",236400
7770,-60,100,"bu","13:28:10",235400
7750,-80,100,"sd","13:28:00",235300
7760,-70,100,"sd","13:27:50",235200
7770,-60,500,"bu","13:26:51",235100
7770,-60,400,"bu","13:25:39",234600
7770,-60,100,"bu","13:25:39",234200
7770,-60,400,"bu","13:25:07",234100
7730,-100,900,"sd","13:23:11",233700
7730,-100,1400,"bu","13:20:49",232800
7730,-100,500,"bu","13:19:59",231400
7730,-100,100,"bu","13:19:32",230900
7730,-100,1700,"bu","13:19:32",230800
7730,-100,200,"bu","13:19:11",229100
7720,-110,100,"sd","13:19:09",228900
7720,-110,1000,"sd","13:18:22",228800
7720,-110,1600,"sd","13:18:22",227800
7720,-110,100,"sd","13:18:22",226200
7720,-110,300,"sd","13:18:22",226100
7720,-110,200,"sd","13:17:54",225800
7720,-110,300,"sd","13:17:31",225600
7720,-110,100,"sd","13:17:31",225300
7730,-100,100,"bu","13:16:49",225200
7730,-100,500,"bu","13:16:28",225100
7730,-100,400,"bu","13:15:15",224600
7730,-100,1000,"bu","13:15:01",224200
7730,-100,1000,"bu","13:14:42",223200
7730,-100,1500,"sd","13:14:36",222200
7730,-100,300,"sd","13:14:36",220700
7730,-100,2000,"sd","13:14:36",220400
7730,-100,100,"sd","13:14:36",218400
7740,-90,200,"sd","13:14:36",218300
7740,-90,100,"bu","13:14:30",218100
7730,-100,100,"sd","13:13:09",218000
7730,-100,400,"sd","13:13:09",217900
7730,-100,600,"sd","13:12:51",217500
7730,-100,100,"sd","13:12:51",216900
7730,-100,500,"sd","13:11:44",216800
7730,-100,500,"sd","13:11:44",216300
7740,-90,1000,"sd","13:08:54",215800
7740,-90,400,"sd","13:08:54",214800
7740,-90,500,"sd","13:08:54",214400
7740,-90,100,"sd","13:08:54",213900
7740,-90,500,"sd","13:08:54",213800
7740,-90,200,"sd","13:08:19",213300
7750,-80,100,"sd","13:07:36",213100
7750,-80,1000,"sd","13:06:55",213000
7750,-80,2400,"sd","13:06:23",212000
7750,-80,100,"sd","13:06:23",209600
7750,-80,400,"sd","13:06:11",209500
7750,-80,200,"sd","13:05:48",209100
7750,-80,2800,"sd","13:05:48",208900
7750,-80,2000,"sd","13:05:30",206100
7750,-80,500,"sd","13:05:30",204100
7750,-80,1000,"sd","13:05:30",203600
7750,-80,1000,"sd","13:05:30",202600
7760,-70,200,"sd","13:05:30",201600
7770,-60,100,"sd","13:05:30",201200
7770,-60,200,"sd","13:05:30",201400
7780,-50,200,"bu","13:04:54",201100
7780,-50,700,"sd","13:04:08",200900
7790,-40,600,"bu","13:03:12",200200
7780,-50,300,"sd","13:03:00",199600
7790,-40,1000,"sd","13:02:57",199300
7790,-40,200,"sd","13:02:57",198300
7790,-40,200,"sd","13:02:57",198100
7790,-40,300,"sd","13:02:17",197900
7790,-40,500,"sd","13:01:55",197600
7790,-40,200,"sd","13:01:55",197100
7800,-30,1000,"sd","13:01:31",196900
7800,-30,1000,"sd","13:01:31",195900
7800,-30,500,"sd","13:01:31",194900
7800,-30,500,"sd","13:01:31",194400
7800,-30,1000,"sd","13:01:31",193900
7800,-30,2000,"sd","13:01:31",192900
7800,-30,100,"sd","13:01:31",190900
7800,-30,1400,"sd","13:01:31",190800
7800,-30,500,"sd","13:01:31",189400
7800,-30,13500,"sd","13:01:31",188900
7800,-30,1100,"sd","13:01:31",175400
7800,-30,1000,"sd","13:01:31",174300
7800,-30,500,"sd","13:01:31",173300
7800,-30,1000,"sd","13:01:31",172800
7800,-30,2000,"sd","13:01:31",171800
7800,-30,200,"sd","13:01:31",169800
7810,-20,300,"sd","13:01:31",169600
7810,-20,400,"sd","13:01:31",169300
7810,-20,2600,"sd","13:01:23",168900
7810,-20,1000,"sd","13:01:23",166300
7810,-20,200,"sd","13:01:23",165300
7810,-20,600,"sd","13:01:23",165100
7820,-10,200,"bu","13:01:08",164500
7820,-10,2200,"bu","13:01:08",164300
7830,0,8200,"sd","13:00:30",162100
7830,0,5000,"sd","13:00:30",153900
7830,0,2000,"sd","13:00:27",148900
7840,10,300,"sd","13:00:18",146900
7830,0,5000,"sd","13:00:00",146600
7830,0,5100,"sd","13:00:00",141600
7830,0,200,"sd","13:00:00",136500
7830,0,1100,"sd","13:00:00",136300
7840,10,500,"bu","11:29:27",135200
7830,0,800,"sd","11:29:17",134700
7830,0,500,"sd","11:28:33",133900
7830,0,100,"bu","11:27:55",133400
7810,-20,100,"sd","11:23:25",133300
7810,-20,200,"sd","11:21:20",133200
7810,-20,200,"sd","11:18:06",133000
7810,-20,1000,"sd","11:18:06",132800
7810,-20,500,"sd","11:18:06",131800
7810,-20,1000,"sd","11:18:06",131300
7810,-20,1000,"sd","11:18:06",130300
7810,-20,100,"sd","11:18:06",129300
7810,-20,300,"sd","11:18:05",129200
7810,-20,900,"sd","11:18:05",128900
7810,-20,1000,"sd","11:18:05",128000
7810,-20,1000,"sd","11:18:05",127000
7820,-10,100,"bu","11:17:19",126000
7820,-10,1000,"bu","11:17:09",125900
7820,-10,1000,"bu","11:15:21",124900
7820,-10,2000,"bu","11:15:08",123900
7820,-10,300,"bu","11:12:48",121900
7820,-10,100,"sd","11:11:38",121600
7820,-10,400,"bu","11:11:18",121500
7820,-10,100,"bu","11:09:48",121100
7820,-10,2000,"bu","11:09:09",121000
7820,-10,100,"bu","11:08:59",119000
7820,-10,100,"sd","11:07:28",118900
7820,-10,100,"sd","11:07:28",118800
7830,0,300,"sd","11:07:14",118700
7830,0,300,"sd","11:07:14",118400
7830,0,200,"sd","11:06:46",118100
7830,0,100,"sd","11:06:46",117900
7830,0,700,"sd","11:06:46",117800
7830,0,300,"sd","11:05:06",117100
7840,10,2300,"bu","11:03:16",116800
7840,10,1000,"sd","11:00:55",114500
7840,10,100,"sd","11:00:55",113500
7840,10,200,"sd","11:00:55",113400
7840,10,100,"sd","11:00:55",113200
7840,10,100,"sd","11:00:55",113100
7840,10,100,"sd","11:00:55",113000
7840,10,100,"sd","11:00:55",112900
7840,10,6000,"sd","11:00:55",112800
7850,20,100,"bu","10:59:19",106800
7840,10,200,"sd","10:55:28",106700
7850,20,400,"sd","10:52:44",106500
7850,20,300,"sd","10:52:12",106100
7860,30,100,"bu","10:49:14",105800
7860,30,100,"bu","10:49:14",105700
7850,20,300,"sd","10:49:06",105600
7850,20,1000,"sd","10:49:06",105300
7850,20,1000,"sd","10:49:06",104300
7850,20,4500,"bu","10:46:22",103300
7850,20,100,"bu","10:44:21",98800
7850,20,1000,"bu","10:44:21",98700
7850,20,400,"bu","10:44:21",97700
7850,20,900,"bu","10:44:21",97300
7850,20,100,"bu","10:44:21",96400
7850,20,100,"bu","10:44:21",96300
7840,10,200,"sd","10:43:34",96200
7840,10,100,"sd","10:39:13",96000
7840,10,100,"sd","10:39:13",95900
7850,20,100,"bu","10:35:49",95800
7850,20,300,"sd","10:33:03",95700
7850,20,200,"bu","10:30:29",95400
7850,20,2500,"bu","10:30:29",95200
7850,20,200,"bu","10:20:54",92700
7830,0,500,"bu","10:20:14",92500
7830,0,200,"bu","10:19:30",92000
7830,0,100,"bu","10:18:23",91800
7830,0,200,"sd","10:18:10",91700
7830,0,200,"sd","10:17:25",91500
7830,0,900,"sd","10:17:25",91300
7830,0,100,"sd","10:14:28",90400
7830,0,400,"sd","10:12:30",90300
7830,0,200,"sd","10:12:30",89900
7830,0,300,"sd","10:12:30",89700
7830,0,200,"sd","10:11:46",89400
7830,0,1000,"sd","10:11:46",89200
7830,0,500,"sd","10:11:46",88200
7830,0,300,"sd","10:11:46",87700
7840,10,100,"sd","10:11:28",87400
7840,10,900,"sd","10:11:16",87300
7850,20,1100,"sd","10:10:44",86400
7850,20,3200,"sd","10:10:24",85300
7850,20,700,"sd","10:09:42",82100
7850,20,300,"sd","10:09:42",81400
7850,20,100,"sd","10:09:32",81100
7850,20,200,"sd","10:09:32",81000
7850,20,800,"sd","10:09:07",80800
7850,20,300,"sd","10:07:45",80000
7880,50,100,"bu","10:04:49",79700
7870,40,600,"sd","10:04:48",79600
7870,40,200,"sd","10:04:48",79000
7880,50,200,"bu","10:04:40",78800
7880,50,200,"bu","10:04:20",78600
7880,50,300,"bu","10:04:20",78400
7870,40,700,"sd","10:02:01",78100
7880,50,100,"bu","10:00:12",77400
7880,50,100,"bu","09:58:56",77300
7870,40,200,"sd","09:58:30",77200
7870,40,100,"sd","09:57:16",77000
7870,40,100,"bu","09:56:06",76900
7870,40,100,"bu","09:56:06",76800
7870,40,2500,"bu","09:56:06",76700
7870,40,1100,"bu","09:56:06",74200
7870,40,400,"bu","09:53:33",73100
7860,30,100,"bu","09:50:59",72700
7860,30,300,"bu","09:50:59",72600
7850,20,500,"sd","09:48:55",72300
7850,20,200,"sd","09:48:54",71800
7830,0,700,"sd","09:48:37",71600
7830,0,200,"sd","09:48:37",70900
7830,0,500,"sd","09:48:37",70700
7840,10,1000,"sd","09:48:37",70200
7840,10,100,"sd","09:48:37",69200
7840,10,500,"sd","09:48:37",69100
7840,10,500,"sd","09:48:37",68100
7840,10,500,"sd","09:48:37",68600
7850,20,200,"sd","09:48:24",67600
7850,20,200,"sd","09:47:52",67400
7850,20,200,"sd","09:47:34",67200
7850,20,200,"sd","09:47:21",67000
7850,20,200,"sd","09:46:45",66800
7850,20,100,"bu","09:45:54",66600
7850,20,2000,"bu","09:45:49",66500
7850,20,500,"sd","09:45:00",64500
7850,20,700,"sd","09:45:00",64000
7850,20,2700,"sd","09:45:00",63300
7850,20,3000,"sd","09:44:40",60600
7850,20,3700,"sd","09:43:58",57600
7850,20,100,"sd","09:43:58",53900
7850,20,1200,"sd","09:43:58",53800
7860,30,300,"bu","09:42:44",52600
7860,30,300,"bu","09:40:38",52300
7860,30,700,"bu","09:40:10",52000
7860,30,400,"bu","09:38:47",51300
7870,40,1000,"bu","09:35:02",50900
7860,30,3800,"sd","09:34:42",49900
7870,40,500,"sd","09:33:45",46100
7870,40,5000,"bu","09:33:30",45600
7870,40,100,"bu","09:32:55",40600
7880,50,100,"sd","09:32:03",40500
7880,50,500,"sd","09:31:56",40400
7880,50,200,"sd","09:31:18",39900
7880,50,4200,"sd","09:31:17",39700
7880,50,800,"sd","09:31:17",35500
7880,50,200,"bu","09:31:12",34700
7860,30,200,"sd","09:31:02",34500
7860,30,200,"sd","09:31:02",34300
7870,40,300,"sd","09:31:02",34100
7870,40,900,"sd","09:31:02",33800
7880,50,300,"bu","09:29:02",32900
7870,40,100,"sd","09:28:58",32600
7870,40,400,"sd","09:28:58",32500
7880,50,100,"bu","09:28:14",32100
7880,50,100,"bu","09:28:14",32000
7870,40,4800,"sd","09:27:52",31900
7880,50,100,"bu","09:26:49",27100
7880,50,400,"bu","09:26:43",27000
7880,50,200,"sd","09:26:34",26600
7890,60,1800,"sd","09:26:03",26400
7890,60,200,"sd","09:25:57",24600
7890,60,100,"sd","09:25:30",24400
7880,50,100,"bu","09:25:11",24300
7880,50,500,"sd","09:25:11",24200
7880,50,3800,"sd","09:25:11",23700
7880,50,300,"sd","09:25:11",19900
7890,60,300,"sd","09:25:11",19600
7890,60,100,"sd","09:24:52",19300
7890,60,200,"sd","09:24:23",19200
7900,70,100,"bu","09:21:18",19000
7900,70,300,"bu","09:21:18",18900
7900,70,100,"bu","09:20:58",18600
7900,70,100,"bu","09:20:58",18500
7880,50,100,"bu","09:20:21",18400
7880,50,100,"bu","09:20:21",18300
7880,50,100,"bu","09:20:21",18200
7880,50,200,"bu","09:20:21",18100
7870,40,600,"sd","09:19:58",17900
7870,40,100,"sd","09:19:47",17300
7870,40,2000,"bu","09:19:36",17200
7870,40,4100,"bu","09:19:36",15200
7870,40,2000,"bu","09:19:25",11100
7870,40,300,"bu","09:18:31",9100
7860,30,100,"bu","09:17:34",8800
7850,20,300,"sd","09:17:28",8700
7850,20,500,"sd","09:17:26",8400
7850,20,7900,"unknown","09:14:59",7900
