"price","change","match_qtty","side","time","total_vol"
15450,0,37700,"unknown","14:45:03",1629500
15450,0,100,"sd","14:29:16",1591800
15450,0,600,"sd","14:28:27",1591700
15450,0,200,"sd","14:28:24",1591100
15450,0,100,"sd","14:28:16",1590900
15450,0,2900,"sd","14:28:15",1590800
15450,0,1500,"sd","14:27:54",1587900
15450,0,1300,"sd","14:27:54",1586400
15450,0,100,"sd","14:27:54",1585100
15450,0,100,"sd","14:27:54",1585000
15450,0,700,"sd","14:27:54",1584900
15450,0,1300,"sd","14:27:53",1584200
15450,0,5000,"sd","14:27:53",1582900
15500,50,2000,"bu","14:26:58",1577900
15450,0,2300,"sd","14:26:43",1575900
15450,0,100,"sd","14:26:43",1573600
15450,0,100,"sd","14:26:43",1573500
15450,0,2000,"sd","14:26:43",1573400
15450,0,2000,"sd","14:26:43",1571400
15450,0,5500,"sd","14:26:43",1569400
15450,0,100,"sd","14:26:43",1563900
15450,0,700,"sd","14:26:43",1563800
15450,0,200,"sd","14:26:43",1563100
15450,0,1200,"sd","14:26:43",1562900
15450,0,700,"sd","14:26:43",1561700
15450,0,100,"sd","14:26:43",1561000
15450,0,500,"sd","14:26:43",1560900
15450,0,300,"sd","14:26:43",1560400
15450,0,2000,"sd","14:26:43",1560100
15450,0,2000,"sd","14:26:43",1558100
15450,0,3500,"sd","14:26:43",1556100
15450,0,500,"sd","14:26:43",1552600
15450,0,500,"sd","14:26:43",1552100
15450,0,100,"sd","14:26:43",1551600
15450,0,100,"sd","14:26:43",1551500
15450,0,500,"sd","14:26:43",1551400
15450,0,500,"sd","14:26:11",1550900
15450,0,1000,"sd","14:26:11",1550400
15450,0,100,"sd","14:26:11",1549400
15450,0,400,"sd","14:26:11",1549300
15450,0,1200,"sd","14:25:52",1548900
15500,50,400,"bu","14:25:50",1547700
15500,50,1000,"bu","14:25:32",1547300
15500,50,6000,"bu","14:25:29",1546300
15500,50,100,"bu","14:25:25",1540300
15500,50,300,"bu","14:24:28",1540200
15450,0,1000,"sd","14:23:52",1539900
15450,0,1000,"sd","14:23:52",1538900
15450,0,900,"sd","14:23:52",1537900
15450,0,100,"sd","14:23:52",1537000
15450,0,400,"sd","14:23:52",1536900
15450,0,1000,"sd","14:23:52",1536500
15450,0,100,"sd","14:23:51",1535500
15450,0,500,"sd","14:23:51",1535400
15450,0,1000,"sd","14:23:25",1534900
15450,0,500,"sd","14:23:25",1533900
15450,0,500,"sd","14:23:25",1533400
15450,0,500,"sd","14:22:51",1532900
15450,0,800,"sd","14:22:51",1532400
15450,0,100,"sd","14:22:51",1531600
15450,0,3600,"sd","14:22:51",1531500
15450,0,2000,"sd","14:22:00",1527900
15450,0,2000,"sd","14:21:00",1525900
15450,0,200,"sd","14:20:31",1523900
15450,0,300,"sd","14:20:24",1523700
15450,0,1900,"sd","14:19:32",1523400
15450,0,100,"sd","14:19:32",1521500
15450,0,3000,"sd","14:19:32",1521400
15450,0,5000,"sd","14:19:27",1518400
15450,0,1500,"sd","14:19:26",1513400
15450,0,300,"sd","14:18:40",1511900
15450,0,400,"sd","14:18:27",1511600
15500,50,100,"bu","14:17:47",1511200
15500,50,100,"bu","14:17:10",1511100
15500,50,100,"bu","14:16:22",1511000
15500,50,100,"bu","14:16:08",1510900
15500,50,900,"bu","14:16:08",1510800
15500,50,500,"bu","14:15:34",1509900
15500,50,100,"bu","14:15:21",1509400
15500,50,300,"bu","14:14:54",1509300
15500,50,100,"bu","14:14:54",1509000
15500,50,600,"bu","14:14:54",1508900
15450,0,400,"sd","14:14:05",1508300
15450,0,100,"sd","14:13:47",1507900
15500,50,400,"bu","14:12:48",1507800
15500,50,1000,"bu","14:12:35",1507400
15500,50,100,"bu","14:12:35",1506400
15500,50,100,"bu","14:12:35",1506300
15500,50,200,"bu","14:12:35",1506200
15500,50,500,"bu","14:12:35",1506000
15500,50,100,"bu","14:12:35",1505500
15500,50,1000,"bu","14:12:35",1505400
15500,50,2000,"bu","14:12:35",1504400
15500,50,1000,"bu","14:11:34",1502400
15500,50,100,"bu","14:11:07",1501400
15500,50,500,"bu","14:11:07",1501300
15500,50,4000,"bu","14:11:07",1500800
15500,50,8000,"bu","14:11:07",1496800
15500,50,2200,"bu","14:11:07",1488800
15500,50,400,"bu","14:11:07",1486600
15500,50,2400,"bu","14:11:07",1486200
15500,50,100,"bu","14:11:07",1483800
15500,50,200,"bu","14:11:07",1483700
15500,50,2000,"bu","14:11:07",1483500
15500,50,1800,"bu","14:11:07",1481500
15500,50,1000,"bu","14:11:07",1479700
15500,50,2000,"bu","14:11:07",1478700
15500,50,300,"bu","14:11:07",1476700
15500,50,2600,"bu","14:11:07",1476400
15500,50,1700,"bu","14:11:07",1473800
15500,50,200,"bu","14:11:07",1472100
15500,50,200,"bu","14:11:07",1471900
15500,50,200,"bu","14:11:07",1471700
15500,50,100,"bu","14:11:07",1471500
15500,50,400,"bu","14:10:59",1471400
15500,50,1700,"bu","14:10:59",1471000
15500,50,1000,"bu","14:10:55",1469300
15500,50,700,"bu","14:10:50",1468300
15500,50,100,"bu","14:10:31",1467600
15500,50,1500,"bu","14:10:24",1467500
15500,50,100,"bu","14:10:24",1466000
15500,50,100,"bu","14:10:24",1465900
15500,50,300,"bu","14:10:24",1465800
15450,0,2500,"sd","14:08:22",1465500
15450,0,1000,"sd","14:08:17",1463000
15450,0,2800,"sd","14:08:17",1462000
15450,0,200,"sd","14:08:17",1459200
15450,0,2000,"sd","14:07:57",1459000
15450,0,1000,"sd","14:07:57",1457000
15450,0,100,"sd","14:07:57",1456000
15450,0,1900,"sd","14:07:57",1455900
15450,0,100,"sd","14:07:13",1454000
15450,0,100,"sd","14:05:56",1453900
15450,0,300,"sd","14:05:56",1453800
15450,0,100,"sd","14:05:56",1453500
15500,50,300,"bu","14:05:15",1453400
15450,0,100,"sd","14:04:44",1453100
15450,0,400,"sd","14:04:44",1453000
15450,0,100,"sd","14:03:26",1452600
15450,0,400,"sd","14:03:26",1452500
15500,50,1000,"bu","14:03:09",1452100
15450,0,200,"sd","14:02:51",1451100
15450,0,10000,"sd","14:02:39",1450900
15450,0,100,"sd","14:01:48",1440900
15450,0,300,"sd","14:01:47",1440800
15500,50,100,"bu","14:01:34",1440500
15500,50,200,"bu","14:00:33",1440400
15450,0,1500,"sd","13:59:57",1440200
15450,0,200,"sd","13:59:57",1438700
15500,50,9800,"bu","13:59:48",1438500
15500,50,300,"sd","13:59:39",1428700
15500,50,8000,"sd","13:59:39",1428400
15500,50,300,"sd","13:59:39",1420400
15500,50,100,"sd","13:59:38",1420100
15500,50,500,"sd","13:59:18",1420000
15500,50,100,"sd","13:59:07",1419500
15500,50,100,"sd","13:58:54",1419400
15500,50,900,"sd","13:58:54",1419300
15500,50,200,"sd","13:58:54",1418400
15500,50,1000,"sd","13:58:54",1418200
15500,50,400,"sd","13:58:53",1417200
15500,50,100,"sd","13:58:43",1416800
15500,50,500,"sd","13:58:27",1416700
15500,50,200,"sd","13:58:21",1416200
15500,50,1000,"sd","13:58:21",1416000
15500,50,600,"sd","13:58:21",1415000
15500,50,1000,"sd","13:58:10",1414400
15500,50,200,"sd","13:57:55",1413400
15500,50,300,"sd","13:57:33",1413200
15500,50,1000,"sd","13:57:25",1412900
15500,50,500,"sd","13:57:18",1411900
15500,50,500,"sd","13:57:07",1411400
15500,50,1200,"bu","13:57:02",1410900
15500,50,100,"unknown","13:56:56",1409700
15500,50,200,"sd","13:56:56",1409600
15500,50,500,"bu","13:56:24",1409400
15500,50,500,"bu","13:56:24",1408900
15500,50,1000,"sd","13:55:48",1408400
15500,50,300,"sd","13:55:29",1407400
15500,50,300,"sd","13:55:26",1407100
15500,50,2000,"sd","13:55:20",1406800
15500,50,100,"bu","13:55:20",1404800
15500,50,10000,"bu","13:55:20",1404700
15500,50,1000,"bu","13:55:20",1394700
15500,50,2000,"bu","13:55:20",1393700
15500,50,5000,"bu","13:55:20",1391700
15500,50,5000,"bu","13:55:20",1386700
15500,50,1900,"bu","13:55:19",1381700
15500,50,500,"bu","13:55:19",1379800
15500,50,500,"bu","13:55:19",1379300
15500,50,500,"bu","13:55:19",1378800
15500,50,300,"bu","13:55:19",1378300
15500,50,100,"bu","13:55:19",1378000
15500,50,500,"bu","13:55:19",1377900
15450,0,300,"sd","13:54:32",1377400
15450,0,500,"sd","13:54:32",1377100
15450,0,1000,"sd","13:54:32",1376600
15450,0,1200,"sd","13:54:32",1375600
15500,50,2500,"bu","13:54:22",1374400
15500,50,500,"bu","13:53:51",1371900
15500,50,100,"bu","13:53:48",1371400
15500,50,100,"bu","13:52:27",1371300
15500,50,500,"bu","13:52:19",1371200
15500,50,2000,"bu","13:51:55",1370700
15500,50,3800,"bu","13:51:53",1368700
15500,50,500,"bu","13:51:53",1364900
15500,50,400,"bu","13:51:53",1364400
15500,50,300,"bu","13:51:53",1364000
15500,50,100,"bu","13:51:49",1363700
15500,50,500,"bu","13:51:37",1363600
15500,50,1100,"bu","13:51:32",1363100
15500,50,900,"bu","13:51:32",1362000
15500,50,1000,"bu","13:51:15",1361100
15500,50,3100,"bu","13:51:07",1360100
15500,50,500,"bu","13:51:07",1357000
15500,50,100,"bu","13:51:07",1356500
15500,50,1300,"bu","13:51:07",1356400
15450,0,1100,"sd","13:51:03",1355100
15450,0,100,"sd","13:51:03",1354000
15450,0,800,"sd","13:51:03",1353900
15500,50,1000,"bu","13:50:53",1353100
15500,50,1000,"bu","13:50:37",1352100
15500,50,400,"bu","13:49:52",1351100
15500,50,1300,"bu","13:49:23",1350700
15500,50,900,"bu","13:49:23",1349400
15500,50,100,"bu","13:49:12",1348500
15500,50,600,"bu","13:48:57",1348400
15500,50,200,"bu","13:48:48",1347800
15500,50,200,"bu","13:48:44",1347600
15500,50,200,"bu","13:48:44",1347400
15500,50,600,"bu","13:48:44",1347200
15500,50,100,"bu","13:48:37",1346600
15500,50,900,"bu","13:48:37",1346500
15500,50,100,"bu","13:48:36",1345600
15500,50,1000,"bu","13:48:36",1345500
15500,50,700,"bu","13:48:36",1344500
15500,50,200,"bu","13:48:36",1343800
15500,50,300,"bu","13:48:12",1343600
15500,50,500,"bu","13:48:08",1343300
15500,50,500,"bu","13:48:08",1342800
15500,50,600,"bu","13:48:08",1342300
15500,50,100,"bu","13:48:08",1341700
15500,50,500,"bu","13:48:08",1341600
15450,0,200,"sd","13:47:59",1341100
15450,0,1000,"sd","13:47:59",1340900
15450,0,800,"sd","13:47:59",1339900
15450,0,1000,"sd","13:47:46",1339100
15500,50,100,"bu","13:47:09",1338100
15500,50,500,"bu","13:47:09",1338000
15500,50,300,"bu","13:47:09",1337500
15500,50,1000,"bu","13:47:09",1337200
15500,50,600,"bu","13:47:09",1336200
15500,50,300,"bu","13:47:07",1335600
15500,50,1000,"bu","13:47:07",1335300
15500,50,200,"bu","13:47:07",1334300
15500,50,800,"bu","13:46:53",1334100
15500,50,200,"bu","13:46:53",1333300
15500,50,1000,"bu","13:46:53",1333100
15500,50,100,"bu","13:46:48",1332100
15450,0,200,"sd","13:46:46",1332000
15500,50,600,"bu","13:46:15",1331800
15500,50,300,"bu","13:46:14",1331200
15500,50,100,"bu","13:46:14",1330900
15500,50,500,"bu","13:46:07",1330800
15500,50,100,"bu","13:46:02",1330300
15500,50,500,"bu","13:45:59",1330200
15500,50,300,"bu","13:45:59",1329700
15500,50,1100,"bu","13:45:55",1329400
15500,50,900,"bu","13:45:55",1328300
15500,50,1000,"bu","13:45:41",1327400
15500,50,1100,"bu","13:45:40",1326400
15500,50,900,"bu","13:45:40",1325300
15500,50,100,"bu","13:45:28",1324400
15500,50,1000,"bu","13:45:08",1324300
15500,50,300,"bu","13:45:08",1323300
15500,50,100,"bu","13:45:08",1323000
15500,50,200,"bu","13:45:08",1322900
15500,50,2000,"bu","13:45:08",1322700
15500,50,1000,"bu","13:45:07",1320700
15500,50,100,"bu","13:45:07",1319700
15500,50,1000,"bu","13:45:07",1319600
15500,50,200,"bu","13:45:07",1318600
15500,50,500,"bu","13:45:07",1318400
15500,50,100,"bu","13:45:07",1317900
15500,50,100,"bu","13:45:07",1317800
15500,50,300,"bu","13:45:07",1317700
15500,50,100,"bu","13:45:07",1317400
15500,50,1000,"bu","13:45:07",1317300
15500,50,1000,"bu","13:45:07",1316300
15500,50,500,"bu","13:45:07",1315300
15500,50,100,"bu","13:45:07",1314800
15500,50,500,"bu","13:45:07",1314700
15500,50,5300,"bu","13:45:07",1314200
15500,50,100,"bu","13:45:07",1308900
15500,50,1400,"bu","13:45:07",1308800
15500,50,200,"bu","13:45:06",1307400
15500,50,500,"bu","13:45:06",1307200
15500,50,1000,"bu","13:45:06",1306700
15500,50,100,"bu","13:45:06",1305700
15500,50,700,"bu","13:45:00",1305600
15500,50,400,"bu","13:45:00",1304900
15500,50,100,"bu","13:45:00",1304500
15500,50,200,"bu","13:45:00",1304400
15500,50,1000,"bu","13:45:00",1304200
15500,50,100,"bu","13:45:00",1303200
15500,50,900,"bu","13:44:04",1303100
15500,50,500,"bu","13:44:04",1302200
15450,0,200,"sd","13:42:55",1301700
15500,50,200,"bu","13:42:44",1301500
15500,50,2000,"bu","13:42:43",1301300
15500,50,500,"bu","13:42:43",1299300
15500,50,9800,"bu","13:42:43",1298800
15500,50,300,"bu","13:42:43",1289000
15500,50,100,"bu","13:42:43",1288700
15500,50,800,"bu","13:42:43",1288600
15500,50,200,"bu","13:42:43",1287800
15500,50,1300,"bu","13:42:43",1287600
15500,50,700,"bu","13:42:43",1286300
15500,50,200,"bu","13:42:43",1285600
15500,50,2500,"bu","13:42:43",1285400
15500,50,100,"bu","13:42:43",1282900
15500,50,400,"bu","13:42:43",1282800
15500,50,1000,"bu","13:42:43",1282400
15500,50,100,"bu","13:42:43",1281400
15450,0,200,"sd","13:42:17",1281300
15450,0,500,"sd","13:42:10",1281100
15500,50,2400,"bu","13:42:05",1280600
15450,0,100,"sd","13:42:02",1278200
15450,0,400,"sd","13:42:02",1278100
15450,0,600,"sd","13:41:53",1277700
15450,0,1000,"sd","13:41:53",1277100
15450,0,1000,"sd","13:41:53",1276100
15450,0,500,"sd","13:41:53",1275100
15450,0,1900,"sd","13:41:53",1274600
15500,50,100,"bu","13:41:36",1272700
15500,50,1000,"bu","13:40:34",1272600
15500,50,500,"bu","13:40:33",1271600
15500,50,2600,"bu","13:40:26",1271100
15500,50,1000,"bu","13:39:41",1268500
15450,0,100,"sd","13:39:32",1267500
15450,0,400,"sd","13:39:32",1267400
15450,0,200,"sd","13:39:03",1267000
15500,50,100,"bu","13:38:58",1266800
15500,50,5000,"bu","13:38:57",1266700
15500,50,4500,"bu","13:38:53",1261700
15500,50,500,"bu","13:38:53",1257200
15500,50,100,"bu","13:38:47",1256700
15500,50,400,"bu","13:38:36",1256600
15500,50,2000,"bu","13:38:36",1256200
15500,50,400,"bu","13:38:36",1254200
15500,50,100,"bu","13:38:36",1253800
15500,50,1000,"bu","13:38:36",1253700
15500,50,1100,"bu","13:38:36",1252700
15500,50,300,"bu","13:38:09",1251600
15500,50,100,"bu","13:38:09",1251300
15500,50,100,"bu","13:38:09",1251200
15500,50,100,"bu","13:38:06",1251100
15500,50,300,"bu","13:38:06",1251000
15500,50,500,"bu","13:37:53",1250700
15500,50,500,"bu","13:37:47",1250200
15500,50,500,"bu","13:37:41",1249700
15500,50,900,"bu","13:37:39",1249200
15500,50,100,"bu","13:37:39",1248300
15500,50,300,"bu","13:37:39",1248200
15500,50,1000,"bu","13:37:39",1247900
15500,50,300,"bu","13:37:39",1246900
15500,50,100,"bu","13:37:39",1246600
15500,50,100,"bu","13:37:39",1246500
15500,50,200,"bu","13:37:38",1246400
15500,50,800,"bu","13:37:30",1246200
15500,50,300,"bu","13:37:13",1245400
15500,50,4400,"bu","13:37:06",1245100
15500,50,1000,"bu","13:36:41",1240700
15500,50,3300,"bu","13:36:28",1239700
15500,50,32000,"bu","13:36:28",1236400
15500,50,100,"bu","13:36:28",1204400
15500,50,1000,"bu","13:36:28",1204300
15500,50,200,"bu","13:36:28",1203300
15500,50,1400,"bu","13:36:28",1203100
15500,50,300,"bu","13:36:24",1201700
15500,50,2300,"bu","13:35:49",1201400
15500,50,2700,"bu","13:35:49",1199100
15500,50,1000,"bu","13:34:46",1196400
15450,0,4400,"sd","13:33:55",1195400
15450,0,600,"sd","13:33:55",1191000
15450,0,400,"sd","13:33:36",1190400
15450,0,600,"sd","13:33:36",1190000
15450,0,1000,"sd","13:33:36",1189400
15450,0,1000,"sd","13:33:36",1188400
15450,0,500,"sd","13:33:04",1187400
15450,0,100,"sd","13:32:39",1186900
15450,0,500,"sd","13:31:46",1186800
15450,0,500,"sd","13:31:41",1186300
15450,0,200,"sd","13:31:33",1185800
15450,0,4900,"sd","13:31:15",1185600
15450,0,2000,"sd","13:31:12",1180700
15450,0,500,"sd","13:30:43",1178700
15500,50,600,"bu","13:29:33",1178200
15450,0,1000,"sd","13:28:48",1177600
15450,0,300,"sd","13:28:47",1176600
15500,50,700,"bu","13:28:42",1176300
15500,50,500,"bu","13:28:42",1175600
15500,50,200,"bu","13:28:42",1175100
15500,50,500,"bu","13:28:42",1174900
15500,50,1100,"bu","13:28:42",1174400
15450,0,500,"sd","13:28:38",1173300
15450,0,3300,"sd","13:28:06",1172800
15450,0,500,"sd","13:27:14",1169500
15450,0,2000,"sd","13:27:08",1169000
15450,0,900,"sd","13:27:06",1167000
15450,0,1100,"sd","13:26:47",1166100
15450,0,7000,"sd","13:26:36",1165000
15450,0,2000,"sd","13:25:28",1158000
15450,0,10000,"sd","13:25:11",1156000
15450,0,500,"sd","13:24:56",1146000
15450,0,100,"sd","13:24:45",1145500
15450,0,3000,"sd","13:23:16",1145400
15450,0,400,"sd","13:23:09",1142400
15450,0,2000,"sd","13:22:51",1142000
15450,0,500,"sd","13:22:26",1140000
15450,0,100,"sd","13:22:13",1139500
15450,0,100,"sd","13:21:59",1139400
15500,50,3900,"bu","13:21:58",1139300
15500,50,400,"bu","13:21:58",1135400
15500,50,2400,"bu","13:21:58",1135000
15450,0,10000,"sd","13:21:31",1132600
15450,0,400,"sd","13:21:28",1122600
15450,0,100,"sd","13:21:16",1122200
15450,0,10000,"sd","13:20:53",1122100
15450,0,1000,"sd","13:20:34",1112100
15450,0,2400,"sd","13:20:28",1111100
15450,0,100,"sd","13:20:21",1108700
15450,0,1000,"sd","13:20:12",1108600
15450,0,1000,"sd","13:19:58",1107600
15450,0,1700,"sd","13:19:50",1106600
15450,0,10000,"sd","13:19:39",1104900
15450,0,300,"sd","13:19:32",1094900
15450,0,900,"sd","13:19:14",1094600
15450,0,2000,"sd","13:18:11",1093700
15450,0,1000,"sd","13:18:05",1091700
15450,0,6700,"sd","13:18:00",1090700
15450,0,1000,"sd","13:17:58",1084000
15450,0,2000,"sd","13:17:57",1083000
15450,0,1900,"bu","13:17:57",1081000
15450,0,300,"sd","13:17:36",1079100
15450,0,300,"sd","13:17:36",1078800
15450,0,1700,"sd","13:17:31",1078500
15450,0,100,"sd","13:17:31",1076800
15450,0,8200,"sd","13:17:31",1076700
15450,0,1000,"sd","13:17:06",1068500
15450,0,1200,"sd","13:16:48",1067500
15450,0,2000,"sd","13:16:43",1066300
15450,0,1000,"sd","13:16:37",1064300
15450,0,1000,"sd","13:16:29",1063300
15450,0,5000,"sd","13:16:27",1062300
15450,0,1000,"sd","13:15:57",1057300
15450,0,100,"sd","13:15:24",1056300
15450,0,800,"sd","13:15:11",1056200
15450,0,2000,"sd","13:14:59",1055400
15450,0,5000,"sd","13:14:56",1053400
15450,0,1000,"bu","13:14:39",1048400
15450,0,3000,"bu","13:14:39",1047400
15450,0,500,"bu","13:14:39",1044400
15450,0,500,"bu","13:14:39",1043900
15450,0,1500,"bu","13:14:39",1043400
15450,0,200,"bu","13:14:39",1041900
15450,0,100,"bu","13:14:39",1041700
15400,-50,100,"bu","13:14:39",1041600
15400,-50,6400,"bu","13:14:39",1041500
15450,0,5000,"bu","13:14:39",1035100
15450,0,1000,"bu","13:14:39",1030100
15400,-50,3600,"bu","13:14:39",1029100
15450,0,2400,"bu","13:14:39",1025500
15400,-50,1000,"bu","13:14:39",1023100
15400,-50,5000,"bu","13:14:39",1022100
15400,-50,1100,"bu","13:14:39",1017100
15400,-50,2000,"bu","13:14:39",1016000
15450,0,5000,"bu","13:14:39",1014000
15450,0,15000,"bu","13:14:39",1009000
15400,-50,3700,"bu","13:14:39",994000
15400,-50,200,"bu","13:14:39",990300
15450,0,2400,"bu","13:14:39",990100
15400,-50,5000,"bu","13:14:39",987700
15450,0,100,"bu","13:14:39",982700
15400,-50,4400,"bu","13:14:39",982600
15450,0,1500,"bu","13:14:39",978200
15350,-100,100,"sd","13:13:38",976700
15400,-50,600,"bu","13:12:36",976600
15400,-50,400,"bu","13:12:36",976000
15400,-50,600,"bu","13:12:26",975600
15400,-50,300,"bu","13:12:26",975000
15400,-50,1000,"bu","13:12:26",974700
15400,-50,100,"sd","13:12:18",973700
15400,-50,100,"sd","13:12:18",973600
15400,-50,100,"sd","13:12:18",973500
15400,-50,700,"sd","13:12:18",973400
15400,-50,100,"sd","13:12:18",972700
15400,-50,2900,"sd","13:12:15",972600
15400,-50,400,"sd","13:12:15",969700
15400,-50,700,"sd","13:12:15",969300
15400,-50,300,"sd","13:12:12",968600
15400,-50,100,"sd","13:12:12",968300
15400,-50,200,"sd","13:12:12",968200
15400,-50,300,"sd","13:12:10",968000
15400,-50,200,"sd","13:12:10",967700
15400,-50,100,"sd","13:12:09",967500
15400,-50,300,"sd","13:11:56",967400
15400,-50,300,"sd","13:11:56",967100
15400,-50,100,"sd","13:11:56",966800
15400,-50,100,"sd","13:11:56",966700
15400,-50,300,"sd","13:11:56",966600
15400,-50,200,"sd","13:11:56",966300
15400,-50,500,"sd","13:11:56",966100
15400,-50,200,"sd","13:11:56",965600
15400,-50,200,"sd","13:11:55",965400
15400,-50,100,"sd","13:11:54",965200
15400,-50,100,"sd","13:11:53",965100
15400,-50,500,"sd","13:11:53",965000
15400,-50,100,"sd","13:11:53",964500
15400,-50,5000,"sd","13:11:53",964400
15400,-50,900,"sd","13:11:53",959400
15400,-50,200,"sd","13:11:53",958500
15400,-50,500,"sd","13:11:53",958300
15400,-50,100,"sd","13:11:53",957800
15400,-50,100,"sd","13:11:53",957700
15400,-50,100,"sd","13:11:53",957600
15400,-50,200,"sd","13:11:53",957500
15400,-50,1000,"sd","13:11:52",957300
15400,-50,100,"sd","13:11:52",956300
15400,-50,100,"sd","13:11:52",956200
15400,-50,1900,"sd","13:11:51",956100
15400,-50,2000,"sd","13:11:51",954200
15400,-50,100,"sd","13:11:51",952200
15400,-50,900,"sd","13:11:48",952100
15400,-50,200,"sd","13:11:48",951200
15400,-50,1000,"sd","13:11:48",951000
15400,-50,1500,"sd","13:11:48",950000
15400,-50,1000,"sd","13:11:48",948500
15400,-50,4700,"sd","13:11:48",947500
15400,-50,7700,"sd","13:11:48",942800
15400,-50,3000,"sd","13:11:48",935100
15400,-50,1000,"sd","13:11:48",932100
15400,-50,1000,"sd","13:11:34",931100
15400,-50,1000,"sd","13:11:34",930100
15400,-50,400,"sd","13:11:34",929100
15400,-50,200,"sd","13:11:25",928700
15400,-50,400,"sd","13:11:20",928500
15400,-50,100,"sd","13:11:20",928100
15400,-50,200,"sd","13:11:20",928000
15400,-50,3000,"sd","13:11:20",927800
15400,-50,200,"sd","13:11:20",924800
15400,-50,1000,"sd","13:11:20",924600
15400,-50,500,"sd","13:11:20",923600
15400,-50,600,"sd","13:11:20",923100
15400,-50,1000,"sd","13:11:11",922500
15400,-50,400,"sd","13:11:00",921500
15400,-50,1000,"sd","13:11:00",921100
15400,-50,100,"sd","13:11:00",920100
15400,-50,2000,"sd","13:11:00",920000
15400,-50,2000,"sd","13:11:00",918000
15400,-50,500,"sd","13:11:00",916000
15400,-50,200,"sd","13:11:00",915500
15400,-50,100,"sd","13:11:00",915300
15400,-50,3700,"sd","13:11:00",915200
15400,-50,700,"sd","13:10:35",911500
15400,-50,2000,"sd","13:10:16",910800
15400,-50,1000,"sd","13:09:52",908800
15400,-50,7300,"sd","13:09:49",907800
15400,-50,100,"sd","13:09:18",900500
15450,0,200,"bu","13:09:13",900400
15400,-50,1000,"sd","13:09:12",900200
15400,-50,1000,"sd","13:09:05",899200
15400,-50,1000,"sd","13:08:39",898200
15400,-50,200,"sd","13:08:10",897200
15400,-50,2000,"sd","13:04:37",897000
15400,-50,200,"sd","13:04:36",895000
15400,-50,800,"sd","13:04:36",894800
15450,0,100,"bu","13:04:36",894000
15400,-50,700,"sd","13:04:33",893900
15450,0,100,"bu","13:04:15",893200
15450,0,100,"bu","13:03:43",893100
15450,0,1600,"bu","13:03:29",893000
15450,0,1900,"bu","13:03:29",891400
15450,0,8100,"bu","13:02:26",889500
15450,0,1900,"bu","13:02:26",881400
15400,-50,1200,"sd","13:02:06",879500
15400,-50,200,"sd","13:02:03",878300
15400,-50,400,"sd","13:02:01",878100
15400,-50,100,"sd","13:01:52",877700
15400,-50,1200,"sd","13:01:37",877600
15400,-50,100,"sd","13:01:29",876400
15400,-50,100,"sd","13:01:24",876300
15400,-50,1000,"sd","13:01:19",876200
15400,-50,500,"sd","13:01:13",875200
15400,-50,3300,"sd","13:01:07",874700
15400,-50,1100,"sd","13:01:06",871400
15400,-50,100,"sd","13:01:01",870300
15450,0,1000,"bu","13:01:00",870200
15400,-50,1700,"sd","13:00:53",869200
15400,-50,1500,"sd","13:00:50",867500
15400,-50,1000,"sd","13:00:46",866000
15400,-50,100,"sd","13:00:46",865000
15400,-50,100,"sd","13:00:43",864900
15400,-50,300,"sd","13:00:38",864800
15400,-50,500,"sd","13:00:36",864500
15400,-50,400,"sd","13:00:32",864000
15400,-50,2000,"sd","13:00:31",863600
15400,-50,500,"sd","13:00:31",861600
15400,-50,2800,"sd","13:00:24",861100
15400,-50,500,"sd","13:00:24",858300
15400,-50,100,"sd","13:00:18",857800
15400,-50,1000,"sd","13:00:18",857700
15400,-50,100,"sd","13:00:06",856700
15400,-50,100,"sd","13:00:03",856600
15400,-50,200,"sd","11:29:45",856500
15450,0,100,"bu","11:28:23",856300
15450,0,200,"bu","11:23:51",856200
15450,0,100,"bu","11:22:48",856000
15450,0,100,"sd","11:22:04",855900
15400,-50,4500,"sd","11:21:26",855800
15450,0,500,"sd","11:21:26",851300
15450,0,300,"sd","11:20:19",850800
15450,0,700,"bu","11:19:51",850500
15450,0,1000,"sd","11:19:49",849800
15450,0,300,"sd","11:19:49",848800
15450,0,1000,"sd","11:19:49",848500
15450,0,2000,"sd","11:19:49",847500
15450,0,15000,"sd","11:19:49",845500
15450,0,200,"sd","11:19:49",830500
15450,0,200,"sd","11:19:49",830300
15450,0,2000,"sd","11:19:49",830100
15450,0,100,"sd","11:19:49",828100
15450,0,100,"sd","11:19:49",828000
15450,0,500,"sd","11:19:49",827900
15450,0,1100,"sd","11:19:49",827400
15450,0,5000,"sd","11:19:49",826300
15450,0,200,"sd","11:19:49",821300
15450,0,600,"sd","11:19:49",821100
15450,0,100,"sd","11:17:37",820500
15450,0,1000,"sd","11:17:18",820400
15450,0,500,"sd","11:16:50",819400
15450,0,100,"sd","11:15:22",818900
15450,0,100,"sd","11:15:20",818800
15450,0,200,"sd","11:14:28",818700
15450,0,2400,"sd","11:14:14",818500
15450,0,2600,"sd","11:14:14",816100
15450,0,100,"sd","11:12:28",813500
15450,0,300,"sd","11:12:00",813400
15450,0,1000,"sd","11:12:00",813100
15450,0,300,"sd","11:12:00",812100
15450,0,500,"sd","11:11:25",811800
15450,0,600,"sd","11:11:19",811300
15500,50,100,"bu","11:11:07",810700
15450,0,100,"sd","11:10:02",810600
15450,0,100,"sd","11:09:09",810500
15450,0,300,"sd","11:08:15",810400
15450,0,200,"sd","11:07:50",810100
15500,50,500,"bu","11:06:17",809900
15500,50,2000,"bu","11:05:18",809400
15500,50,1000,"bu","11:05:18",807400
15500,50,500,"bu","11:05:18",806400
15500,50,1500,"bu","11:05:18",805900
15450,0,1000,"bu","11:04:12",804400
15450,0,300,"bu","11:04:12",803400
15450,0,1900,"bu","11:04:12",803100
15450,0,1100,"bu","11:04:09",801200
15450,0,200,"bu","11:04:09",800100
15450,0,200,"bu","11:04:09",799900
15450,0,100,"bu","11:04:09",799700
15450,0,1400,"bu","11:04:09",799600
15450,0,3000,"bu","11:02:40",798200
15450,0,100,"bu","10:59:31",795200
15450,0,300,"bu","10:59:06",795100
15450,0,1000,"bu","10:58:08",794800
15450,0,100,"sd","10:57:31",793800
15450,0,200,"sd","10:57:31",793700
15450,0,200,"sd","10:57:31",793500
15450,0,100,"sd","10:57:02",793300
15450,0,100,"sd","10:56:59",793200
15450,0,1000,"sd","10:56:40",793100
15450,0,100,"sd","10:56:25",792100
15450,0,100,"bu","10:54:12",792000
15450,0,300,"bu","10:53:33",791900
15450,0,200,"sd","10:53:14",791600
15450,0,500,"sd","10:53:14",791400
15450,0,100,"sd","10:53:14",790900
15450,0,2200,"sd","10:53:14",790800
15450,0,1000,"sd","10:53:14",788600
15450,0,700,"sd","10:53:14",787600
15500,50,1000,"bu","10:50:20",786900
15500,50,200,"bu","10:49:42",785900
15450,0,1000,"bu","10:48:20",785700
15450,0,300,"bu","10:48:20",784700
15450,0,100,"bu","10:48:16",784400
15450,0,100,"bu","10:47:42",784300
15450,0,900,"bu","10:47:42",784200
15400,-50,1000,"sd","10:47:22",783300
15450,0,500,"bu","10:47:16",782300
15450,0,100,"bu","10:46:56",781800
15450,0,200,"sd","10:46:50",781700
15450,0,100,"sd","10:46:50",781500
15450,0,300,"sd","10:46:50",781400
15450,0,2000,"sd","10:46:50",781100
15450,0,800,"sd","10:46:50",779100
15450,0,200,"sd","10:46:25",778300
15450,0,1800,"sd","10:46:25",778100
15450,0,100,"sd","10:46:25",776300
15450,0,200,"sd","10:45:24",776200
15450,0,1200,"sd","10:44:52",776000
15450,0,700,"sd","10:44:50",774800
15450,0,100,"sd","10:44:50",774100
15450,0,200,"sd","10:44:50",774000
15450,0,100,"sd","10:44:42",773800
15450,0,1200,"sd","10:43:14",773700
15450,0,8500,"sd","10:43:02",772500
15450,0,100,"sd","10:43:02",764000
15450,0,200,"sd","10:43:02",763900
15450,0,100,"sd","10:43:02",763700
15450,0,500,"sd","10:43:02",763600
15450,0,400,"sd","10:43:02",763100
15450,0,200,"sd","10:43:02",762700
15450,0,200,"sd","10:42:24",762500
15450,0,100,"sd","10:41:50",762300
15500,50,1000,"bu","10:41:35",762200
15500,50,500,"bu","10:40:26",761200
15500,50,400,"bu","10:38:10",760700
15450,0,100,"sd","10:38:08",760300
15450,0,100,"bu","10:35:39",760200
15450,0,9700,"bu","10:35:39",760100
15450,0,900,"bu","10:35:18",750400
15450,0,400,"sd","10:34:39",749500
15450,0,200,"sd","10:34:39",749100
15450,0,5000,"sd","10:34:39",748900
15450,0,2000,"sd","10:34:39",743900
15450,0,500,"sd","10:34:39",741900
15450,0,300,"sd","10:34:39",741400
15450,0,1000,"sd","10:34:39",741100
15450,0,100,"sd","10:34:30",740100
15450,0,400,"sd","10:34:28",740000
15450,0,600,"sd","10:34:28",739600
15450,0,200,"sd","10:34:20",739000
15450,0,1000,"sd","10:33:52",738800
15450,0,900,"sd","10:33:52",737800
15450,0,100,"sd","10:33:52",736900
15450,0,600,"sd","10:31:44",736800
15450,0,2900,"sd","10:31:44",736200
15500,50,200,"bu","10:30:07",733300
15500,50,400,"bu","10:27:28",733100
15450,0,900,"bu","10:26:53",732700
15450,0,100,"bu","10:26:53",731800
15450,0,200,"bu","10:26:53",731700
15450,0,100,"bu","10:26:53",731500
15450,0,800,"bu","10:26:53",731400
15450,0,500,"bu","10:26:33",730600
15450,0,5000,"bu","10:26:20",730100
15450,0,700,"bu","10:25:26",725100
15450,0,100,"bu","10:25:26",724400
15450,0,2200,"bu","10:25:26",724300
15450,0,300,"bu","10:25:08",722100
15450,0,100,"bu","10:23:31",721800
15450,0,1400,"sd","10:23:01",721700
15450,0,1000,"bu","10:22:41",720300
15450,0,600,"bu","10:22:41",719300
15450,0,400,"sd","10:21:41",718700
15450,0,500,"sd","10:21:28",718300
15450,0,500,"sd","10:21:28",717800
15450,0,500,"bu","10:20:51",717300
15400,-50,300,"sd","10:20:49",716800
15400,-50,500,"sd","10:20:49",716500
15400,-50,500,"sd","10:20:49",716000
15400,-50,200,"sd","10:20:49",715500
15400,-50,1500,"sd","10:20:49",715300
15400,-50,1500,"sd","10:20:49",713800
15400,-50,3000,"sd","10:20:49",712300
15400,-50,100,"sd","10:20:49",709300
15400,-50,500,"sd","10:20:49",709200
15400,-50,1000,"sd","10:20:49",708700
15400,-50,1000,"sd","10:20:49",707700
15400,-50,5000,"sd","10:20:49",706700
15400,-50,100,"sd","10:20:49",701700
15400,-50,300,"sd","10:20:49",701600
15400,-50,2000,"sd","10:20:49",701300
15400,-50,1000,"sd","10:20:49",699300
15400,-50,500,"sd","10:20:49",698300
15400,-50,1000,"sd","10:20:49",697800
15450,0,300,"bu","10:20:45",696800
15450,0,100,"bu","10:20:45",696500
15450,0,1100,"bu","10:20:25",696400
15450,0,1000,"bu","10:20:25",695300
15450,0,900,"bu","10:20:25",694300
15450,0,100,"bu","10:20:17",693400
15450,0,300,"bu","10:20:17",693300
15450,0,1900,"bu","10:20:04",693000
15450,0,200,"bu","10:20:04",691100
15450,0,1900,"bu","10:20:04",690900
15450,0,500,"bu","10:18:41",689000
15450,0,400,"bu","10:18:12",688500
15450,0,300,"sd","10:17:25",688100
15450,0,1000,"sd","10:17:25",687800
15450,0,600,"sd","10:17:25",686800
15450,0,200,"sd","10:17:25",686200
15450,0,1400,"sd","10:17:25",686000
15450,0,3000,"sd","10:17:05",684600
15450,0,8600,"sd","10:17:02",681600
15450,0,1000,"sd","10:17:02",673000
15450,0,800,"sd","10:17:02",672000
15450,0,200,"sd","10:17:01",671200
15450,0,1000,"sd","10:17:01",671000
15450,0,1000,"sd","10:17:01",670000
15450,0,300,"sd","10:17:01",669000
15450,0,700,"sd","10:16:57",668700
15450,0,1000,"sd","10:16:57",668000
15450,0,100,"sd","10:16:57",667000
15450,0,1000,"sd","10:16:57",666900
15450,0,2000,"sd","10:16:57",665900
15450,0,3000,"sd","10:16:57",663900
15450,0,2200,"sd","10:16:57",660900
15450,0,5000,"sd","10:16:50",658700
15450,0,800,"sd","10:16:40",653700
15450,0,300,"sd","10:16:40",652900
15450,0,100,"sd","10:16:40",652600
15450,0,100,"sd","10:16:40",652500
15450,0,500,"sd","10:16:40",652400
15450,0,200,"sd","10:16:40",651900
15450,0,2000,"sd","10:16:28",651700
15450,0,200,"sd","10:16:28",649700
15450,0,2200,"sd","10:16:28",649500
15450,0,2700,"sd","10:16:28",647300
15450,0,600,"sd","10:16:28",644600
15450,0,4300,"sd","10:16:28",644000
15450,0,800,"sd","10:16:28",639700
15450,0,400,"sd","10:16:28",638900
15450,0,300,"sd","10:16:28",638500
15450,0,1000,"sd","10:16:28",638200
15450,0,1500,"sd","10:16:28",637200
15450,0,400,"sd","10:16:28",635700
15450,0,100,"sd","10:16:28",635300
15450,0,1000,"sd","10:16:28",635200
15450,0,1600,"sd","10:16:28",634200
15450,0,100,"sd","10:16:28",632600
15450,0,200,"sd","10:16:28",632500
15450,0,500,"sd","10:16:28",632300
15450,0,1000,"sd","10:16:28",631800
15450,0,1000,"sd","10:16:27",630800
15450,0,1000,"sd","10:16:27",629800
15450,0,400,"sd","10:16:27",628800
15450,0,2500,"sd","10:16:27",628400
15450,0,100,"sd","10:16:27",625900
15450,0,200,"sd","10:16:27",625800
15450,0,2100,"sd","10:16:27",625600
15450,0,100,"sd","10:16:27",623500
15450,0,1700,"sd","10:16:27",623400
15450,0,100,"sd","10:16:10",621700
15450,0,100,"sd","10:16:10",621600
15450,0,200,"sd","10:15:15",621500
15450,0,500,"sd","10:15:15",621300
15450,0,7300,"sd","10:15:15",620800
15450,0,1000,"sd","10:14:31",613500
15500,50,300,"bu","10:13:50",612500
15500,50,100,"bu","10:13:29",612200
15500,50,200,"bu","10:13:26",612100
15500,50,100,"unknown","10:13:18",611900
15500,50,300,"sd","10:13:18",611800
15500,50,300,"sd","10:13:18",611500
15500,50,1000,"sd","10:13:18",611200
15500,50,100,"sd","10:13:18",610200
15500,50,200,"sd","10:13:18",610100
15500,50,1000,"sd","10:13:18",609900
15500,50,5000,"sd","10:13:18",608900
15500,50,100,"sd","10:13:18",603900
15500,50,3000,"sd","10:13:18",603800
15500,50,1000,"sd","10:13:18",600800
15500,50,700,"sd","10:13:18",599800
15500,50,1500,"sd","10:13:18",599100
15500,50,1000,"sd","10:13:18",597600
15500,50,1000,"sd","10:13:18",596600
15500,50,1000,"sd","10:13:18",595600
15500,50,200,"sd","10:13:18",594600
15500,50,300,"sd","10:13:18",594400
15500,50,800,"sd","10:13:18",594100
15500,50,100,"sd","10:13:18",593300
15500,50,800,"sd","10:13:18",593200
15500,50,200,"sd","10:13:18",592400
15500,50,2000,"sd","10:13:18",592200
15500,50,2500,"sd","10:13:18",590200
15500,50,2000,"sd","10:13:04",587700
15500,50,7500,"sd","10:13:03",585700
15500,50,500,"sd","10:13:03",578200
15500,50,2000,"sd","10:13:03",577700
15500,50,2000,"sd","10:13:03",575700
15500,50,6000,"sd","10:13:03",573700
15500,50,3800,"sd","10:13:03",567700
15500,50,1000,"sd","10:13:03",563900
15500,50,5000,"sd","10:13:03",562900
15500,50,200,"sd","10:13:03",557900
15500,50,100,"sd","10:12:57",557700
15500,50,100,"sd","10:12:57",557600
15500,50,1000,"sd","10:12:49",557500
15500,50,100,"sd","10:12:41",556500
15550,100,500,"bu","10:12:28",556400
15550,100,3000,"bu","10:11:17",555900
15550,100,3000,"bu","10:10:21",552900
15550,100,500,"bu","10:08:05",549900
15550,100,1000,"bu","10:08:05",549400
15550,100,1400,"bu","10:07:30",548400
15550,100,3000,"bu","10:07:30",547000
15550,100,5000,"bu","10:07:30",544000
15550,100,600,"bu","10:07:30",539000
15550,100,1100,"bu","10:07:00",538400
15550,100,1000,"bu","10:07:00",537300
15550,100,1000,"bu","10:07:00",536300
15550,100,400,"bu","10:07:00",535300
15550,100,500,"bu","10:07:00",534900
15550,100,1000,"bu","10:07:00",534400
15550,100,300,"bu","10:07:00",533400
15550,100,4000,"bu","10:07:00",533100
15550,100,6000,"bu","10:07:00",529100
15550,100,100,"bu","10:07:00",523100
15550,100,100,"bu","10:07:00",523000
15550,100,100,"bu","10:07:00",522900
15550,100,3000,"bu","10:07:00",522800
15550,100,400,"bu","10:07:00",519800
15550,100,100,"bu","10:07:00",519400
15550,100,1900,"bu","10:07:00",519300
15550,100,100,"bu","10:06:18",517400
15500,50,3800,"sd","10:05:55",517300
15500,50,200,"sd","10:05:55",513500
15500,50,100,"sd","10:05:50",513300
15500,50,1000,"sd","10:05:45",513200
15500,50,200,"sd","10:05:44",512200
15500,50,100,"sd","10:05:44",512000
15500,50,1000,"sd","10:05:44",511900
15500,50,1700,"sd","10:05:44",510900
15500,50,800,"sd","10:05:37",509200
15500,50,200,"sd","10:05:37",508400
15500,50,1000,"sd","10:04:35",508200
15500,50,1000,"sd","10:04:35",507200
15550,100,1000,"bu","10:04:18",506200
15550,100,100,"bu","10:04:01",505200
15550,100,100,"bu","10:03:57",505100
15500,50,500,"sd","10:03:51",505000
15500,50,200,"sd","10:03:09",504500
15500,50,200,"sd","10:03:04",504300
15500,50,800,"sd","10:03:04",504100
15500,50,200,"sd","10:02:38",503300
15500,50,300,"sd","10:02:38",503100
15550,100,300,"bu","10:01:10",502800
15550,100,200,"bu","10:00:46",502500
15550,100,100,"bu","10:00:32",502300
15550,100,500,"bu","10:00:32",502200
15550,100,800,"bu","10:00:32",501700
15550,100,200,"bu","10:00:32",500900
15550,100,500,"bu","10:00:32",500700
15550,100,400,"bu","10:00:32",500200
15550,100,2000,"bu","10:00:32",499800
15550,100,300,"bu","10:00:32",497800
15550,100,100,"bu","10:00:32",497500
15550,100,100,"bu","10:00:32",497400
15550,100,1000,"bu","10:00:12",497300
15550,100,200,"bu","10:00:12",496300
15550,100,1800,"bu","10:00:12",496100
15550,100,300,"bu","09:58:40",494300
15550,100,100,"bu","09:57:47",494000
15550,100,4000,"bu","09:57:35",493900
15550,100,1000,"bu","09:56:59",489900
15550,100,1000,"bu","09:56:13",488900
15550,100,1800,"bu","09:54:58",487900
15550,100,500,"bu","09:54:58",486100
15550,100,500,"bu","09:54:58",485600
15500,50,500,"sd","09:54:45",485100
15500,50,1000,"sd","09:54:45",484600
15550,100,100,"bu","09:54:39",483600
15550,100,400,"bu","09:54:34",483500
15550,100,600,"bu","09:54:34",483100
15550,100,3400,"bu","09:54:24",482500
15550,100,100,"bu","09:54:24",479100
15550,100,500,"bu","09:54:24",479000
15550,100,200,"bu","09:54:23",478500
15550,100,300,"bu","09:54:23",478300
15550,100,200,"bu","09:54:23",478000
15550,100,700,"bu","09:54:23",477800
15550,100,2000,"bu","09:53:53",477100
15550,100,200,"bu","09:53:23",475100
15500,50,100,"bu","09:52:55",474900
15500,50,1000,"bu","09:52:55",474800
15500,50,1000,"bu","09:52:55",473800
15500,50,1400,"bu","09:52:55",472800
15500,50,200,"bu","09:52:50",471400
15500,50,400,"bu","09:52:47",471200
15500,50,500,"bu","09:52:47",470800
15500,50,100,"bu","09:52:47",470300
15500,50,200,"bu","09:52:39",470200
15500,50,500,"bu","09:52:39",470000
15500,50,800,"bu","09:52:39",469500
15500,50,700,"bu","09:52:38",468700
15500,50,200,"bu","09:52:37",468000
15500,50,1000,"bu","09:52:36",467800
15500,50,500,"bu","09:52:36",466800
15500,50,500,"bu","09:52:36",466300
15500,50,1000,"bu","09:52:29",465800
15500,50,1000,"bu","09:52:29",464800
15500,50,500,"bu","09:52:29",463800
15500,50,200,"bu","09:52:29",463300
15500,50,1000,"bu","09:52:29",463100
15500,50,1000,"bu","09:52:29",462100
15500,50,100,"bu","09:52:29",461100
15500,50,300,"bu","09:52:29",461000
15500,50,1500,"bu","09:52:29",460700
15500,50,200,"bu","09:52:29",459200
15500,50,300,"bu","09:52:29",459000
15500,50,700,"bu","09:52:29",458700
15500,50,1500,"bu","09:52:29",458000
15500,50,200,"bu","09:52:29",456500
15500,50,300,"bu","09:52:29",456300
15500,50,100,"bu","09:52:29",456000
15500,50,300,"bu","09:52:29",455900
15500,50,200,"bu","09:52:29",455600
15500,50,2000,"bu","09:52:19",455400
15500,50,2000,"bu","09:52:17",453400
15500,50,1000,"bu","09:51:56",451400
15500,50,200,"bu","09:51:40",450400
15500,50,1000,"bu","09:51:19",450200
15500,50,1500,"bu","09:50:44",449200
15450,0,400,"sd","09:50:19",447700
15500,50,400,"bu","09:48:59",447300
15500,50,1700,"bu","09:48:50",446900
15500,50,2000,"bu","09:48:50",445200
15500,50,200,"bu","09:48:50",443200
15500,50,100,"bu","09:48:50",443000
15500,50,1000,"bu","09:48:50",442900
15500,50,200,"bu","09:48:44",441900
15500,50,300,"bu","09:48:41",441700
15500,50,700,"bu","09:48:41",441400
15500,50,200,"bu","09:48:37",440700
15500,50,600,"bu","09:48:29",440500
15500,50,100,"bu","09:48:08",439900
15500,50,400,"bu","09:48:08",439800
15500,50,500,"bu","09:47:51",439400
15500,50,100,"bu","09:47:44",438900
15500,50,900,"bu","09:47:44",438800
15500,50,100,"bu","09:47:41",437900
15500,50,1200,"bu","09:47:36",437800
15450,0,1000,"sd","09:47:34",436600
15500,50,500,"bu","09:47:19",435600
15500,50,500,"bu","09:46:38",435100
15500,50,100,"bu","09:45:56",434600
15450,0,500,"sd","09:45:53",434500
15500,50,300,"bu","09:45:47",434000
15500,50,1000,"bu","09:45:16",433700
15500,50,100,"bu","09:45:14",432700
15500,50,200,"bu","09:45:14",432600
15500,50,100,"bu","09:44:55",432400
15450,0,100,"sd","09:43:36",432300
15450,0,5000,"sd","09:43:32",432200
15450,0,200,"sd","09:43:04",427200
15450,0,100,"sd","09:42:54",427000
15450,0,4400,"sd","09:41:54",426900
15450,0,100,"sd","09:41:54",422500
15450,0,500,"sd","09:41:54",422400
15450,0,200,"sd","09:41:46",421900
15450,0,300,"sd","09:41:46",421700
15450,0,4700,"bu","09:40:29",421400
15450,0,300,"sd","09:40:19",416700
15450,0,100,"bu","09:40:18",416400
15450,0,100,"bu","09:40:08",416300
15450,0,1000,"bu","09:40:03",416200
15450,0,100,"bu","09:39:58",415200
15450,0,500,"bu","09:39:35",415100
15400,-50,700,"sd","09:39:30",414600
15400,-50,100,"sd","09:39:30",413900
15400,-50,100,"sd","09:39:30",413800
15400,-50,100,"sd","09:39:30",413700
15400,-50,100,"sd","09:39:30",413600
15400,-50,700,"sd","09:39:30",413500
15400,-50,200,"sd","09:39:30",412800
15400,-50,500,"sd","09:39:30",412600
15400,-50,500,"sd","09:39:30",412100
15450,0,500,"bu","09:39:11",411600
15450,0,500,"sd","09:38:55",411100
15500,50,1000,"bu","09:38:50",410600
15450,0,500,"bu","09:38:38",409600
15450,0,600,"bu","09:38:32",409100
15450,0,100,"bu","09:38:31",408500
15450,0,500,"bu","09:38:31",408400
15450,0,1000,"bu","09:38:23",407900
15450,0,200,"bu","09:38:08",406900
15450,0,300,"bu","09:38:03",406700
15450,0,200,"sd","09:38:00",406400
15450,0,600,"sd","09:38:00",406200
15450,0,1000,"sd","09:37:50",405600
15450,0,400,"sd","09:37:44",404600
15450,0,200,"sd","09:37:44",404200
15450,0,400,"sd","09:37:44",404000
15450,0,800,"sd","09:37:21",403600
15450,0,300,"bu","09:37:03",402800
15450,0,500,"bu","09:37:03",402500
15450,0,4500,"sd","09:36:57",402000
15450,0,700,"sd","09:36:55",397500
15450,0,500,"sd","09:36:55",396800
15450,0,3800,"sd","09:36:55",396300
15450,0,300,"sd","09:36:54",392500
15450,0,300,"sd","09:36:54",392200
15450,0,400,"sd","09:36:54",391900
15450,0,100,"sd","09:36:48",391500
15450,0,2000,"sd","09:36:10",391400
15450,0,100,"sd","09:36:10",389400
15450,0,1000,"sd","09:36:10",389300
15450,0,500,"sd","09:36:10",388300
15450,0,500,"sd","09:36:10",387800
15450,0,800,"sd","09:36:10",387300
15450,0,10000,"sd","09:36:10",386500
15450,0,8300,"sd","09:36:10",376500
15450,0,2000,"sd","09:36:10",368200
15450,0,10000,"sd","09:36:10",366200
15500,50,200,"bu","09:36:10",356200
15450,0,200,"sd","09:35:55",356000
15450,0,300,"sd","09:35:55",355800
15450,0,1000,"sd","09:35:55",355500
15450,0,500,"sd","09:35:55",354500
15450,0,100,"sd","09:35:55",354000
15450,0,200,"sd","09:35:55",353900
15450,0,100,"sd","09:35:55",353700
15450,0,1000,"sd","09:35:55",353600
15450,0,100,"sd","09:35:55",352600
15450,0,100,"sd","09:35:05",352500
15450,0,400,"sd","09:35:05",352400
15450,0,1000,"sd","09:34:34",352000
15500,50,100,"bu","09:34:29",351000
15450,0,1500,"sd","09:34:18",350900
15450,0,200,"sd","09:34:18",349400
15450,0,1300,"sd","09:34:06",349200
15450,0,5000,"sd","09:34:04",347900
15450,0,1000,"sd","09:34:04",342900
15450,0,100,"sd","09:34:04",341900
15450,0,900,"sd","09:34:04",341800
15450,0,100,"sd","09:33:05",340900
15450,0,1000,"sd","09:33:05",340800
15450,0,100,"sd","09:33:05",339800
15450,0,100,"sd","09:33:05",339700
15450,0,200,"sd","09:33:05",339600
15450,0,200,"sd","09:33:05",339400
15450,0,100,"sd","09:33:05",339200
15450,0,2000,"sd","09:33:05",339100
15450,0,100,"sd","09:33:05",337100
15450,0,1100,"sd","09:33:05",337000
15450,0,2000,"sd","09:32:58",335900
15450,0,2000,"sd","09:32:13",333900
15450,0,5000,"sd","09:32:07",331900
15450,0,100,"sd","09:31:13",326900
15450,0,100,"sd","09:30:44",326800
15450,0,100,"sd","09:30:31",326700
15500,50,2700,"bu","09:30:14",326600
15500,50,300,"bu","09:30:14",323900
15500,50,2000,"bu","09:30:08",323600
15500,50,1700,"bu","09:29:53",321600
15500,50,3800,"sd","09:29:48",319900
15500,50,100,"sd","09:29:48",316100
15500,50,1000,"sd","09:29:47",316000
15500,50,900,"sd","09:29:47",315000
15500,50,100,"sd","09:29:47",314100
15500,50,100,"sd","09:29:47",314000
15500,50,500,"sd","09:29:47",313900
15500,50,100,"sd","09:29:46",313400
15500,50,100,"sd","09:29:46",313300
15500,50,700,"sd","09:29:46",313200
15500,50,500,"sd","09:29:46",312500
15500,50,1000,"sd","09:29:45",312000
15500,50,1100,"sd","09:29:45",311000
15500,50,3600,"sd","09:29:25",309900
15500,50,900,"sd","09:29:24",306300
15500,50,500,"sd","09:29:24",305400
15500,50,100,"sd","09:29:03",304900
15500,50,1500,"sd","09:28:59",304800
15500,50,5000,"sd","09:28:52",303300
15500,50,800,"sd","09:28:19",298300
15500,50,700,"sd","09:28:19",297500
15500,50,100,"sd","09:28:02",296800
15550,100,100,"bu","09:27:31",296700
15550,100,100,"bu","09:27:31",296600
15550,100,2800,"bu","09:27:30",296500
15550,100,1000,"bu","09:27:30",293700
15550,100,200,"bu","09:27:30",292700
15550,100,14000,"bu","09:27:29",292500
15550,100,2000,"bu","09:27:29",278500
15550,100,500,"bu","09:27:29",276500
15550,100,400,"bu","09:27:28",276000
15550,100,3000,"bu","09:27:28",275600
15550,100,2000,"sd","09:27:28",272600
15550,100,3000,"sd","09:27:22",270600
15550,100,900,"sd","09:27:10",267600
15600,150,100,"bu","09:27:08",266700
15550,100,3000,"sd","09:27:02",266600
15550,100,1000,"sd","09:26:51",263600
15550,100,100,"sd","09:26:47",262600
15550,100,2600,"sd","09:26:46",262500
15550,100,200,"sd","09:26:46",259900
15600,150,3800,"bu","09:26:42",259700
15550,100,200,"sd","09:26:08",255900
15550,100,1000,"sd","09:25:26",255700
15550,100,2000,"sd","09:25:26",254700
15600,150,14900,"bu","09:25:16",252700
15600,150,100,"bu","09:25:16",237800
15550,100,1000,"sd","09:25:07",237700
15550,100,3000,"sd","09:25:06",236700
15550,100,400,"sd","09:25:06",233700
15550,100,200,"sd","09:25:06",233300
15550,100,4500,"sd","09:25:06",233100
15550,100,1900,"sd","09:25:06",228600
15550,100,2000,"sd","09:24:19",226700
15550,100,400,"sd","09:24:16",224700
15550,100,700,"sd","09:23:59",224300
15550,100,1000,"sd","09:23:59",223600
15550,100,100,"sd","09:23:52",222600
15550,100,900,"sd","09:23:44",222500
15550,100,100,"sd","09:23:44",221600
15550,100,1000,"sd","09:23:37",221500
15550,100,500,"sd","09:22:59",220500
15550,100,200,"sd","09:22:53",220000
15550,100,1000,"sd","09:22:49",219800
15550,100,10100,"sd","09:22:42",218800
15550,100,100,"sd","09:22:31",208700
15550,100,200,"sd","09:22:28",208600
15550,100,1000,"sd","09:22:20",208400
15550,100,500,"sd","09:22:18",207400
15550,100,4800,"sd","09:22:12",206900
15550,100,1200,"sd","09:22:12",202100
15550,100,1200,"sd","09:22:01",200900
15550,100,200,"sd","09:22:01",199700
15550,100,1000,"sd","09:21:54",199500
15550,100,800,"sd","09:21:37",198500
15600,150,400,"bu","09:21:30",197700
15600,150,200,"bu","09:21:29",197300
15600,150,1500,"bu","09:21:29",197100
15600,150,100,"bu","09:21:28",195600
15550,100,200,"unknown","09:21:28",195500
15600,150,1400,"bu","09:21:27",195300
15550,100,300,"sd","09:21:20",193900
15550,100,10000,"sd","09:21:17",193600
15550,100,100,"sd","09:21:17",183600
15550,100,800,"sd","09:21:15",183500
15550,100,2000,"sd","09:21:13",182700
15550,100,2000,"bu","09:21:11",180700
15550,100,1000,"bu","09:21:10",178700
15550,100,300,"bu","09:21:05",177700
15550,100,300,"bu","09:20:51",177400
15550,100,400,"sd","09:20:34",177100
15550,100,1600,"sd","09:20:33",176700
15550,100,100,"sd","09:20:33",175100
15550,100,500,"sd","09:20:32",175000
15550,100,400,"sd","09:20:28",174500
15550,100,200,"sd","09:20:27",174100
15550,100,4400,"sd","09:20:26",173900
15600,150,500,"bu","09:20:15",169500
15550,100,400,"sd","09:20:01",169000
15550,100,100,"sd","09:20:00",168600
15600,150,200,"bu","09:19:50",168500
15600,150,100,"bu","09:19:43",168300
15600,150,2000,"bu","09:19:42",168200
15600,150,100,"unknown","09:19:41",166200
15600,150,400,"sd","09:19:35",166100
15600,150,700,"sd","09:19:34",165700
15600,150,100,"sd","09:19:34",165000
15600,150,3500,"sd","09:19:33",164900
15600,150,100,"sd","09:19:31",161400
15600,150,5900,"sd","09:19:30",161300
15600,150,1700,"sd","09:19:23",155400
15600,150,100,"sd","09:19:21",153700
15600,150,100,"sd","09:19:20",153600
15600,150,200,"sd","09:19:19",153500
15600,150,600,"sd","09:19:16",153300
15600,150,300,"sd","09:19:14",152700
15650,200,800,"bu","09:18:43",152400
15650,200,200,"bu","09:18:42",151600
15650,200,300,"bu","09:18:40",151400
15650,200,100,"bu","09:18:40",151100
15700,250,200,"bu","09:18:39",151000
15650,200,5000,"bu","09:18:39",150800
15700,250,200,"bu","09:18:38",145800
15650,200,1000,"bu","09:18:38",145600
15650,200,3200,"bu","09:18:38",144600
15650,200,5000,"sd","09:18:29",141400
15650,200,8000,"sd","09:18:16",136400
15650,200,500,"sd","09:18:15",128400
15650,200,400,"sd","09:17:56",127900
15700,250,300,"bu","09:17:54",127500
15650,200,5000,"sd","09:17:40",127200
15700,250,500,"bu","09:17:39",122200
15700,250,100,"bu","09:17:38",121700
15700,250,200,"bu","09:16:57",121600
15700,250,300,"bu","09:16:51",121400
15700,250,100,"bu","09:16:47",121100
15650,200,500,"sd","09:16:44",121000
15700,250,500,"bu","09:16:42",120500
15700,250,200,"bu","09:16:39",120000
15700,250,100,"bu","09:16:38",119800
15650,200,400,"sd","09:16:36",119700
15650,200,500,"sd","09:16:36",119300
15650,200,600,"sd","09:16:36",118800
15650,200,400,"sd","09:16:35",118200
15650,200,400,"sd","09:16:33",117800
15650,200,6400,"sd","09:16:32",117400
15650,200,300,"sd","09:16:32",111000
15650,200,2000,"sd","09:16:31",110700
15650,200,19600,"bu","09:16:13",108700
15650,200,400,"bu","09:16:12",89100
15650,200,200,"bu","09:16:11",88700
15650,200,200,"bu","09:16:11",88500
15650,200,200,"bu","09:16:10",88300
15600,150,4000,"sd","09:15:53",88100
15600,150,600,"sd","09:15:51",84100
15600,150,200,"sd","09:15:48",83500
15600,150,200,"unknown","09:15:43",83300
15600,150,500,"unknown","09:15:43",83100
15600,150,300,"unknown","09:15:43",82600
15600,150,7300,"unknown","09:15:43",82300
15600,150,100,"bu","09:15:38",75000
15600,150,1000,"bu","09:15:36",74900
15600,150,20000,"bu","09:15:35",73900
15600,150,1900,"bu","09:15:31",53900
15550,100,1100,"sd","09:15:31",52000
15600,150,4700,"bu","09:15:21",50900
15600,150,500,"bu","09:15:20",46200
15600,150,700,"bu","09:15:20",45700
15550,100,300,"bu","09:15:19",45000
15600,150,500,"bu","09:15:19",44700
15550,100,500,"bu","09:15:19",44200
15600,150,200,"bu","09:15:19",43700
15550,100,100,"bu","09:15:18",43500
15600,150,500,"bu","09:15:18",43400
15600,150,600,"bu","09:15:17",42900
15600,150,200,"bu","09:15:17",42300
15550,100,500,"bu","09:15:16",42100
15500,50,3900,"sd","09:15:15",41600
15550,100,700,"bu","09:15:15",37700
15500,50,3000,"sd","09:15:12",37000
15500,50,1500,"sd","09:15:11",34000
15500,50,32500,"sd","09:15:10",32500
