"price","change","match_qtty","side","time","total_vol"
6500,-100,223400,"unknown","14:45:03",1663000
6600,0,2000,"bu","14:29:47",1439600
6500,-100,300,"sd","14:29:43",1437600
6600,0,300,"bu","14:29:37",1437300
6600,0,3000,"bu","14:29:19",1437000
6500,-100,13000,"sd","14:28:24",1434000
6600,0,500,"bu","14:28:11",1421000
6500,-100,300,"sd","14:27:07",1420500
6600,0,3000,"bu","14:26:13",1420200
6600,0,1000,"bu","14:25:17",1417200
6600,0,10000,"bu","14:19:22",1416200
6500,-100,2500,"sd","14:19:06",1406200
6600,0,300,"bu","14:12:49",1403700
6600,0,200,"bu","14:12:00",1403400
6500,-100,200,"sd","14:06:29",1403200
6500,-100,200,"sd","14:05:16",1403000
6500,-100,500,"sd","14:04:46",1402800
6500,-100,500,"sd","14:04:01",1402300
6500,-100,5000,"sd","14:03:40",1401800
6500,-100,300,"sd","14:02:05",1396800
6500,-100,5000,"sd","14:00:46",1396500
6500,-100,2000,"sd","14:00:17",1391500
6500,-100,100,"sd","13:59:42",1389500
6500,-100,2000,"sd","13:59:06",1389400
6500,-100,1000,"sd","13:58:33",1387400
6500,-100,6000,"sd","13:58:26",1386400
6500,-100,200,"sd","13:57:02",1380400
6500,-100,2000,"sd","13:56:12",1380200
6600,0,100,"bu","13:51:04",1378200
6600,0,1000,"bu","13:50:08",1378100
6600,0,400,"bu","13:48:54",1377100
6600,0,100,"bu","13:47:47",1376700
6600,0,100,"bu","13:47:25",1376600
6600,0,300,"bu","13:47:00",1376500
6600,0,2000,"bu","13:46:05",1376200
6500,-100,1000,"sd","13:44:56",1374200
6600,0,400,"bu","13:44:53",1373200
6500,-100,1500,"bu","13:44:31",1372800
6500,-100,11000,"bu","13:44:30",1371300
6500,-100,10000,"bu","13:44:27",1360300
6500,-100,1000,"bu","13:44:25",1350300
6500,-100,5000,"bu","13:44:22",1349300
6500,-100,43700,"bu","13:44:20",1344300
6500,-100,100,"bu","13:44:16",1300600
6500,-100,5000,"bu","13:44:11",1300500
6500,-100,600,"bu","13:44:08",1295500
6500,-100,4000,"bu","13:44:06",1294900
6500,-100,5000,"bu","13:44:05",1290900
6500,-100,5500,"bu","13:44:03",1285900
6500,-100,2000,"bu","13:44:00",1280400
6500,-100,2000,"bu","13:43:57",1278400
6400,-200,200,"sd","13:43:56",1276400
6500,-100,2000,"bu","13:43:55",1276200
6500,-100,100,"bu","13:43:52",1274200
6500,-100,1000,"bu","13:43:51",1274100
6500,-100,5000,"bu","13:43:45",1273100
6500,-100,200,"bu","13:43:43",1268100
6500,-100,1000,"bu","13:43:42",1267900
6500,-100,3000,"bu","13:43:40",1266900
6500,-100,10000,"bu","13:43:39",1263900
6500,-100,5000,"bu","13:43:38",1253900
6500,-100,10000,"bu","13:43:37",1248900
6500,-100,15500,"bu","13:43:33",1238900
6500,-100,1000,"bu","13:43:24",1223400
6400,-200,5000,"sd","13:43:14",1222400
6500,-100,4400,"bu","13:42:56",1217400
6500,-100,9100,"bu","13:42:54",1213000
6500,-100,15000,"bu","13:42:33",1203900
6500,-100,2800,"bu","13:42:04",1188900
6500,-100,1000,"bu","13:42:03",1186100
6500,-100,900,"bu","13:41:45",1185100
6500,-100,100,"bu","13:41:03",1184200
6500,-100,300,"bu","13:40:52",1184100
6500,-100,1000,"bu","13:40:40",1183800
6500,-100,1000,"bu","13:40:32",1182800
6500,-100,1300,"bu","13:38:59",1181800
6500,-100,10000,"bu","13:38:40",1180500
6500,-100,100,"bu","13:37:30",1170500
6400,-200,2500,"sd","13:34:45",1170400
6500,-100,200,"bu","13:32:18",1167900
6500,-100,1100,"bu","13:31:38",1167700
6500,-100,100,"bu","13:31:09",1166600
6500,-100,100,"bu","13:29:58",1166500
6500,-100,1000,"bu","13:29:49",1166400
6500,-100,500,"bu","13:29:22",1165400
6500,-100,200,"bu","13:28:55",1164900
6500,-100,1500,"bu","13:28:06",1164700
6400,-200,700,"sd","13:26:44",1163200
6400,-200,2000,"sd","13:26:37",1162500
6400,-200,100,"sd","13:26:36",1160500
6400,-200,200,"sd","13:25:30",1160400
6400,-200,3000,"sd","13:24:37",1160200
6400,-200,5000,"sd","13:24:14",1157200
6400,-200,300,"sd","13:21:49",1152200
6500,-100,100,"bu","13:21:47",1151900
6400,-200,3000,"sd","13:21:33",1151800
6400,-200,5000,"sd","13:21:11",1148800
6400,-200,20000,"sd","13:20:25",1143800
6500,-100,100,"bu","13:19:37",1123800
6400,-200,1000,"sd","13:19:10",1123700
6500,-100,100,"bu","13:15:15",1122700
6500,-100,300,"bu","13:14:45",1122600
6500,-100,100,"bu","13:13:58",1122300
6400,-200,2100,"sd","13:13:36",1122200
6400,-200,2600,"sd","13:10:35",1120100
6400,-200,34000,"sd","13:10:19",1117500
6400,-200,1000,"sd","13:10:03",1083500
6400,-200,100,"sd","13:09:29",1082500
6400,-200,3400,"sd","13:09:15",1082400
6400,-200,8000,"sd","13:08:58",1079000
6400,-200,800,"sd","13:08:21",1071000
6400,-200,2000,"sd","13:08:18",1070200
6400,-200,200,"sd","13:07:54",1068200
6400,-200,6000,"sd","13:07:50",1068000
6400,-200,500,"sd","13:07:21",1062000
6400,-200,700,"sd","13:06:45",1061500
6400,-200,500,"sd","13:05:15",1060800
6400,-200,1000,"sd","13:04:59",1060300
6400,-200,100,"sd","13:04:23",1059300
6400,-200,300,"sd","13:03:51",1059200
6400,-200,200,"sd","13:03:43",1058900
6400,-200,200,"sd","13:03:23",1058700
6500,-100,4700,"bu","13:03:03",1058500
6500,-100,2000,"bu","13:02:46",1053800
6500,-100,900,"bu","13:00:09",1051800
6500,-100,1000,"bu","13:00:08",1050900
6500,-100,600,"bu","13:00:04",1049900
6500,-100,7100,"bu","13:00:02",1049300
6500,-100,8000,"sd","11:29:18",1042200
6500,-100,10000,"sd","11:29:11",1034200
6500,-100,200,"sd","11:29:07",1024200
6500,-100,2500,"unknown","11:22:47",1024000
6500,-100,400,"bu","11:21:53",1021500
6500,-100,7600,"sd","11:21:10",1021100
6500,-100,100,"sd","11:18:24",1013500
6500,-100,4000,"sd","11:17:33",1013400
6500,-100,5000,"sd","11:17:27",1009400
6500,-100,100,"sd","11:15:48",1004400
6500,-100,1100,"sd","11:15:12",1004300
6500,-100,2000,"bu","11:15:05",1003200
6500,-100,10000,"bu","11:14:54",1001200
6500,-100,1000,"bu","11:13:01",991200
6500,-100,1000,"bu","11:12:43",990200
6500,-100,900,"bu","11:12:08",989200
6500,-100,2200,"sd","11:11:28",988300
6400,-200,100,"sd","11:10:33",986100
6500,-100,100,"bu","11:10:30",986000
6500,-100,5300,"sd","11:10:12",985900
6500,-100,900,"sd","11:10:03",980600
6500,-100,4000,"sd","11:09:24",979700
6500,-100,7100,"sd","11:09:13",975700
6500,-100,100,"sd","11:09:00",968600
6500,-100,1100,"sd","11:08:40",968500
6500,-100,10000,"sd","11:05:17",967400
6500,-100,300,"sd","11:01:23",957400
6500,-100,2000,"sd","11:00:32",957100
6600,0,5300,"bu","11:00:18",955100
6500,-100,500,"sd","10:59:18",949800
6500,-100,100,"sd","10:59:09",949300
6500,-100,4500,"sd","10:58:19",949200
6500,-100,10000,"bu","10:58:02",944700
6500,-100,13000,"bu","10:56:47",934700
6500,-100,300,"bu","10:56:39",921700
6500,-100,1000,"bu","10:55:31",921400
6500,-100,300,"bu","10:52:33",920400
6500,-100,100,"bu","10:52:02",920100
6500,-100,200,"bu","10:51:46",920000
6500,-100,1400,"bu","10:50:34",919800
6500,-100,5000,"bu","10:50:18",918400
6500,-100,200,"bu","10:50:11",913400
6500,-100,600,"bu","10:50:02",913200
6500,-100,300,"bu","10:48:37",912600
6500,-100,2000,"bu","10:48:03",912300
6400,-200,2300,"sd","10:47:52",910300
6500,-100,27300,"bu","10:47:40",908000
6500,-100,200,"sd","10:47:32",880700
6500,-100,20000,"sd","10:47:28",880500
6500,-100,37300,"sd","10:47:26",860500
6500,-100,5000,"sd","10:47:12",823200
6500,-100,30000,"sd","10:47:07",818200
6500,-100,10000,"sd","10:47:02",788200
6500,-100,50000,"sd","10:46:38",778200
6500,-100,1200,"sd","10:46:20",728200
6500,-100,8500,"sd","10:43:06",727000
6500,-100,2000,"sd","10:42:35",718500
6500,-100,1000,"sd","10:41:31",716500
6500,-100,500,"sd","10:39:50",715500
6500,-100,5000,"sd","10:39:17",715000
6600,0,100,"bu","10:38:42",710000
6500,-100,8500,"sd","10:37:26",709900
6500,-100,1000,"sd","10:34:43",701400
6500,-100,700,"sd","10:34:30",700400
6500,-100,4900,"sd","10:33:54",699700
6500,-100,100,"sd","10:32:37",694800
6600,0,700,"bu","10:32:09",694700
6600,0,300,"bu","10:31:21",694000
6600,0,100,"bu","10:31:10",693700
6600,0,200,"bu","10:27:42",693600
6600,0,100,"bu","10:25:27",693400
6600,0,38900,"bu","10:24:43",693300
6600,0,2000,"bu","10:22:54",654400
6500,-100,1000,"sd","10:22:31",652400
6500,-100,900,"sd","10:20:18",651400
6500,-100,1000,"sd","10:19:59",650500
6500,-100,200,"sd","10:19:51",649500
6500,-100,1000,"sd","10:18:56",649300
6500,-100,5000,"sd","10:18:09",648300
6500,-100,2800,"sd","10:16:10",643300
6500,-100,100,"sd","10:15:31",640500
6600,0,100,"bu","10:14:22",640400
6600,0,2000,"bu","10:12:41",640300
6600,0,100,"bu","10:12:21",638300
6600,0,600,"bu","10:12:19",638200
6600,0,1000,"bu","10:11:55",637600
6600,0,1000,"bu","10:11:44",636600
6600,0,100,"bu","10:11:36",635600
6600,0,200,"bu","10:11:24",635500
6600,0,1500,"bu","10:09:53",635300
6500,-100,6000,"sd","10:07:20",633800
6500,-100,800,"sd","10:05:04",627800
6500,-100,6000,"sd","10:04:19",627000
6500,-100,3200,"sd","10:03:25",621000
6600,0,600,"bu","10:03:06",617800
6600,0,400,"bu","10:03:05",617200
6600,0,100,"bu","10:02:46",616800
6600,0,200,"bu","10:02:42",616700
6600,0,3000,"bu","10:02:40",616500
6600,0,1100,"bu","10:02:19",613500
6600,0,3800,"bu","10:02:10",612400
6600,0,13800,"bu","10:01:52",608600
6600,0,1400,"bu","10:00:42",594800
6600,0,1000,"bu","09:59:50",593400
6600,0,200,"bu","09:57:57",592400
6600,0,100,"bu","09:55:49",592200
6600,0,4000,"bu","09:55:15",592100
6600,0,1000,"bu","09:55:12",588100
6600,0,1000,"bu","09:54:18",587100
6600,0,7500,"bu","09:53:50",586100
6500,-100,100,"sd","09:53:35",578600
6600,0,2600,"sd","09:52:22",578500
6600,0,2400,"bu","09:52:18",575900
6600,0,200,"sd","09:51:14",573500
6600,0,200,"unknown","09:49:23",573300
6600,0,100,"bu","09:49:16",573100
6600,0,1000,"bu","09:49:05",573000
6600,0,4700,"sd","09:48:56",572000
6600,0,200,"sd","09:47:39",567300
6600,0,1000,"bu","09:47:33",567100
6600,0,5000,"bu","09:47:19",566100
6600,0,1800,"sd","09:47:12",561100
6600,0,5000,"sd","09:47:04",559300
6600,0,1900,"sd","09:47:02",554300
6600,0,100,"sd","09:46:55",552400
6600,0,100,"sd","09:46:27",552300
6600,0,1500,"sd","09:46:21",552200
6600,0,11600,"bu","09:46:10",550700
6600,0,300,"bu","09:46:00",539100
6600,0,400,"bu","09:45:55",538800
6600,0,100,"bu","09:45:50",538400
6600,0,2000,"bu","09:45:48",538300
6600,0,200,"bu","09:45:42",536300
6600,0,500,"bu","09:45:35",536100
6600,0,500,"bu","09:45:29",535600
6600,0,200,"bu","09:45:28",535100
6600,0,1000,"bu","09:45:23",534900
6600,0,1000,"bu","09:45:21",533900
6600,0,1000,"bu","09:45:20",532900
6600,0,2300,"bu","09:45:12",531900
6600,0,7400,"bu","09:45:07",529600
6600,0,26900,"bu","09:45:04",522200
6500,-100,10000,"sd","09:44:56",495300
6600,0,200,"bu","09:44:51",485300
6600,0,5000,"bu","09:44:45",485100
6600,0,2800,"bu","09:44:36",480100
6600,0,100,"bu","09:41:41",477300
6600,0,200,"bu","09:41:34",477200
6600,0,100,"bu","09:40:10",477000
6600,0,4000,"bu","09:40:03",476900
6600,0,10000,"bu","09:39:48",472900
6500,-100,500,"sd","09:38:24",462900
6500,-100,10000,"sd","09:38:01",462400
6600,0,100,"bu","09:37:44",452400
6500,-100,500,"sd","09:37:40",452300
6500,-100,3400,"sd","09:36:37",451800
6500,-100,1000,"sd","09:36:34",448400
6500,-100,10000,"sd","09:36:27",447400
6500,-100,5000,"sd","09:36:14",437400
6600,0,100,"bu","09:36:05",432400
6600,0,2000,"bu","09:32:47",432300
6600,0,1000,"bu","09:32:34",430300
6600,0,26400,"bu","09:32:21",429300
6600,0,24900,"sd","09:31:59",402900
6600,0,35000,"sd","09:31:49",378000
6600,0,2000,"sd","09:31:28",343000
6600,0,3900,"sd","09:29:38",341000
6600,0,200,"sd","09:28:54",337100
6600,0,2200,"sd","09:28:03",336900
6700,100,100,"bu","09:28:02",334700
6700,100,100,"bu","09:27:23",334600
6700,100,5000,"bu","09:26:51",334500
6700,100,12200,"bu","09:25:35",329500
6600,0,2000,"sd","09:24:58",317300
6700,100,1300,"bu","09:24:57",315300
6700,100,200,"bu","09:24:50",314000
6700,100,2200,"bu","09:24:35",313800
6700,100,1000,"sd","09:24:34",311600
6700,100,2000,"sd","09:24:24",310600
6700,100,400,"sd","09:24:17",308600
6700,100,2000,"sd","09:24:15",308200
6700,100,700,"sd","09:24:01",306200
6700,100,1000,"sd","09:23:41",305500
6700,100,1500,"sd","09:23:03",304500
6700,100,1200,"sd","09:22:42",303000
6700,100,500,"sd","09:22:11",301800
6700,100,1200,"sd","09:22:08",301300
6700,100,2000,"sd","09:22:04",300100
6700,100,2000,"sd","09:22:03",298100
6800,200,100,"bu","09:21:59",296100
6700,100,1000,"sd","09:21:36",296000
6700,100,2000,"sd","09:21:33",295000
6700,100,5000,"sd","09:21:29",293000
6700,100,4200,"sd","09:21:20",288000
6700,100,2000,"sd","09:21:14",283800
6700,100,5000,"sd","09:21:04",281800
6700,100,5000,"sd","09:21:01",276800
6700,100,1000,"sd","09:20:55",271800
6700,100,5000,"sd","09:20:48",270800
6700,100,1100,"sd","09:20:45",265800
6700,100,1000,"sd","09:20:34",264700
6700,100,14200,"sd","09:20:02",263700
6700,100,200,"sd","09:19:59",249500
6700,100,2000,"sd","09:19:48",249300
6700,100,200,"sd","09:19:44",247300
6700,100,500,"sd","09:19:12",247100
6700,100,1000,"sd","09:18:46",246600
6800,200,18100,"bu","09:18:37",245600
6800,200,200,"bu","09:16:37",227500
6700,100,100,"sd","09:16:20",227300
6800,200,1000,"bu","09:14:07",227200
6800,200,2400,"sd","09:13:08",226200
6800,200,6000,"sd","09:13:00",223800
6800,200,2000,"sd","09:12:57",217800
6800,200,1900,"sd","09:12:55",215800
6800,200,9000,"sd","09:12:23",213900
6800,200,500,"sd","09:12:20",204900
6800,200,6000,"sd","09:11:36",204400
6800,200,5000,"sd","09:11:29",198400
6800,200,1000,"sd","09:11:04",193400
6800,200,6300,"sd","09:10:59",192400
6800,200,2000,"sd","09:10:42",186100
6800,200,2000,"sd","09:10:39",184100
6800,200,11800,"sd","09:10:14",182100
6800,200,1800,"bu","09:09:51",170300
6800,200,100,"bu","09:08:57",168500
6800,200,100,"bu","09:08:07",168400
6800,200,100,"bu","09:07:53",168300
6800,200,100,"bu","09:07:48",168200
6800,200,7600,"bu","09:07:31",168100
6800,200,4000,"sd","09:07:29",160500
6800,200,1000,"sd","09:07:25",156500
6800,200,2000,"bu","09:07:18",155500
6800,200,100,"bu","09:07:10",153500
6800,200,10000,"sd","09:06:43",153400
6800,200,10000,"sd","09:06:09",143400
6800,200,4800,"bu","09:05:10",133400
6800,200,1400,"sd","09:05:07",128600
6800,200,17000,"sd","09:04:57",127200
6800,200,500,"sd","09:04:55",110200
6800,200,500,"sd","09:04:44",109700
6800,200,1000,"sd","09:04:01",109200
6800,200,1200,"sd","09:03:56",108200
6800,200,1600,"sd","09:03:33",107000
6800,200,3400,"bu","09:03:28",105400
6800,200,18600,"sd","09:03:27",102000
6800,200,10000,"bu","09:03:09",83400
6800,200,10000,"bu","09:02:59",73400
6700,100,2800,"sd","09:02:45",63400
6700,100,300,"sd","09:01:56",60600
6800,200,700,"bu","09:01:37",60300
6800,200,1000,"bu","09:01:26",59600
6800,200,4000,"bu","09:01:08",58600
6800,200,2000,"bu","09:00:37",54600
6800,200,2000,"bu","09:00:36",52600
6700,100,27200,"sd","09:00:19",50600
6700,100,15900,"bu","09:00:10",23400
6600,0,1000,"sd","09:00:09",7500
6600,0,4200,"bu","09:00:05",6500
6600,0,300,"bu","09:00:04",2300
6600,0,2000,"bu","09:00:02",2000
