"price","change","match_qtty","side","time","total_vol"
7640,-330,9400,"unknown","14:45:04",263100
7650,-320,400,"sd","14:28:38",253700
7650,-320,4500,"sd","14:23:04",253300
7660,-310,500,"sd","14:23:04",248800
7770,-200,100,"bu","14:21:02",248300
7650,-320,100,"bu","14:19:21",248200
7650,-320,100,"bu","14:19:16",248100
7650,-320,100,"bu","14:19:16",248000
7650,-320,100,"bu","14:19:16",247900
7620,-350,200,"bu","14:13:39",247800
7620,-350,100,"bu","14:13:20",247600
7620,-350,2000,"sd","14:10:46",247500
7620,-350,800,"sd","14:10:46",245500
7630,-340,400,"sd","14:10:46",244700
7650,-320,500,"bu","14:09:28",244300
7650,-320,400,"bu","14:08:07",243800
7620,-350,2000,"sd","14:05:59",243400
7620,-350,2000,"sd","14:05:26",241400
7620,-350,200,"sd","14:05:09",239400
7600,-370,200,"sd","14:04:51",239200
7600,-370,300,"sd","14:04:51",239000
7620,-350,100,"bu","14:04:01",238700
7620,-350,400,"sd","14:03:35",238600
7620,-350,2300,"sd","14:03:18",238200
7620,-350,300,"bu","14:02:21",235900
7620,-350,1000,"bu","14:02:04",235600
7620,-350,200,"sd","14:01:15",234600
7620,-350,1800,"bu","14:00:21",234400
7600,-370,700,"sd","13:59:54",232600
7600,-370,500,"sd","13:59:54",231900
7600,-370,1000,"sd","13:59:54",231400
7610,-360,200,"sd","13:59:54",230400
7610,-360,100,"sd","13:59:54",230200
7620,-350,100,"sd","13:59:14",230100
7630,-340,100,"sd","13:59:14",230000
7650,-320,100,"bu","13:57:20",229900
7600,-370,1300,"sd","13:44:43",229800
7600,-370,200,"sd","13:44:02",228500
7600,-370,100,"sd","13:44:02",228300
7600,-370,100,"bu","13:41:08",228200
7600,-370,100,"sd","13:40:23",228100
7600,-370,100,"sd","13:40:23",228000
7600,-370,200,"sd","13:40:23",227900
7600,-370,1800,"sd","13:38:13",227700
7600,-370,700,"bu","13:35:58",225900
7600,-370,1400,"bu","13:35:58",225200
7600,-370,100,"bu","13:35:42",223800
7600,-370,1000,"sd","13:35:27",223700
7600,-370,300,"sd","13:35:27",222700
7600,-370,500,"bu","13:34:22",222400
7600,-370,300,"bu","13:31:37",221900
7600,-370,200,"bu","13:31:29",221600
7600,-370,300,"bu","13:30:37",221400
7570,-400,200,"sd","13:27:22",221100
7580,-390,200,"sd","13:27:22",220900
7600,-370,500,"sd","13:27:22",220700
7600,-370,300,"sd","13:27:22",220200
7600,-370,300,"sd","13:27:22",219900
7650,-320,200,"sd","13:27:22",219600
7560,-410,100,"sd","13:27:22",219400
7650,-320,1600,"sd","13:27:22",219300
7560,-410,200,"sd","13:27:22",217700
7560,-410,1600,"sd","13:27:22",217500
7560,-410,1500,"sd","13:27:22",215900
7800,-170,100,"bu","13:22:45",214400
7650,-320,200,"sd","13:18:09",214300
7680,-290,800,"bu","13:17:17",214100
7650,-320,4800,"bu","13:15:11",213300
7640,-330,3400,"bu","13:15:11",208500
7600,-370,200,"sd","13:10:35",205100
7600,-370,100,"sd","13:08:35",204900
7600,-370,1400,"sd","13:08:35",204800
7600,-370,1600,"sd","13:04:30",203400
7630,-340,200,"bu","13:02:54",201800
7600,-370,2000,"sd","13:02:53",201600
7630,-340,200,"bu","13:01:55",199600
7560,-410,100,"bu","11:21:32",199400
7560,-410,1000,"bu","11:19:51",199300
7550,-420,800,"sd","11:19:49",198300
7550,-420,2900,"bu","11:19:34",197500
7510,-460,1000,"sd","11:18:51",194600
7550,-420,100,"bu","11:18:07",193600
7510,-460,2400,"bu","11:08:35",193500
7500,-470,1000,"sd","11:07:35",191100
7510,-460,100,"bu","11:07:32",190100
7510,-460,1500,"sd","11:07:14",190000
7510,-460,2000,"sd","11:07:01",188500
7510,-460,500,"sd","11:06:58",186500
7510,-460,1000,"sd","11:06:45",186000
7500,-470,1200,"sd","11:06:01",185000
7500,-470,100,"sd","11:06:01",183800
7500,-470,1000,"sd","11:06:01",183700
7500,-470,500,"sd","11:06:01",182700
7500,-470,2200,"sd","11:06:01",182200
7500,-470,3800,"sd","11:05:55",180000
7510,-460,1200,"sd","11:05:55",176200
7510,-460,3800,"sd","11:05:50",175000
7550,-420,1200,"sd","11:05:50",171200
7550,-420,1000,"sd","11:04:54",170000
7550,-420,300,"sd","11:04:15",169000
7560,-410,500,"sd","11:03:25",168700
7500,-470,100,"sd","11:00:37",168200
7500,-470,1200,"sd","11:00:37",168100
7510,-460,1000,"sd","11:00:37",166900
7510,-460,100,"sd","11:00:37",165900
7500,-470,600,"sd","11:00:37",165800
7500,-470,100,"sd","11:00:37",165200
7500,-470,1000,"sd","11:00:37",165100
7500,-470,100,"sd","11:00:37",164100
7500,-470,1500,"sd","10:59:20",164000
7510,-460,500,"sd","10:59:20",162500
7500,-470,5000,"sd","10:51:32",162000
7500,-470,3700,"sd","10:51:23",157000
7500,-470,1000,"sd","10:51:23",153300
7500,-470,200,"sd","10:51:23",152300
7520,-450,100,"sd","10:51:23",152100
7500,-470,500,"sd","10:51:10",152000
7510,-460,1000,"sd","10:51:10",151500
7510,-460,1000,"sd","10:51:10",150500
7510,-460,200,"sd","10:51:10",149500
7510,-460,100,"sd","10:51:10",149300
7510,-460,100,"sd","10:51:10",149200
7510,-460,1000,"sd","10:51:10",149100
7520,-450,1000,"sd","10:51:10",148100
7520,-450,100,"sd","10:51:10",147100
7510,-460,1500,"sd","10:49:39",147000
7570,-400,1500,"sd","10:49:28",145500
7600,-370,100,"unknown","10:49:22",144000
7600,-370,200,"sd","10:49:09",143900
7600,-370,200,"sd","10:49:09",143700
7600,-370,500,"sd","10:48:58",143500
7640,-330,100,"bu","10:48:36",143000
7600,-370,300,"sd","10:48:24",142900
7600,-370,1000,"sd","10:48:24",142600
7600,-370,500,"sd","10:48:24",141600
7600,-370,500,"sd","10:48:24",141100
7610,-360,100,"sd","10:48:24",140600
7610,-360,1000,"sd","10:48:24",140500
7610,-360,100,"sd","10:48:24",139500
7610,-360,700,"sd","10:48:24",139400
7610,-360,100,"sd","10:48:24",138700
7620,-350,100,"sd","10:48:24",138600
7640,-330,100,"sd","10:47:59",138500
7650,-320,100,"bu","10:47:58",138400
7620,-350,1000,"bu","10:46:33",138300
7610,-360,900,"bu","10:46:16",137300
7610,-360,100,"bu","10:46:07",136400
7610,-360,1000,"bu","10:45:54",136300
7600,-370,1500,"sd","10:45:46",135300
7600,-370,100,"sd","10:45:46",133800
7600,-370,100,"sd","10:45:46",133700
7600,-370,1000,"sd","10:45:46",133600
7600,-370,500,"sd","10:45:46",132600
7600,-370,1000,"sd","10:45:46",132100
7600,-370,100,"sd","10:45:46",131100
7600,-370,200,"sd","10:45:46",131000
7600,-370,500,"sd","10:45:46",130800
7610,-360,300,"sd","10:45:38",130300
7610,-360,2000,"sd","10:45:38",130000
7610,-360,400,"sd","10:45:38",128000
7610,-360,300,"sd","10:45:38",127600
7620,-350,1000,"bu","10:45:35",127300
7620,-350,3000,"sd","10:45:30",126300
7650,-320,100,"sd","10:45:22",123300
7680,-290,1000,"bu","10:45:17",123200
7680,-290,100,"bu","10:45:07",122200
7680,-290,100,"sd","10:44:53",122100
7680,-290,1000,"sd","10:44:53",122000
7680,-290,300,"sd","10:44:53",121000
7690,-280,1000,"sd","10:44:53",120700
7680,-290,100,"sd","10:42:20",119700
7690,-280,1000,"bu","10:41:54",119600
7690,-280,3900,"sd","10:40:24",118600
7690,-280,4100,"sd","10:40:12",114700
7690,-280,100,"sd","10:40:12",110600
7700,-270,100,"sd","10:39:47",110500
7700,-270,500,"sd","10:39:47",110400
7700,-270,1500,"sd","10:38:54",109900
7700,-270,200,"bu","10:38:11",108400
7700,-270,1000,"sd","10:37:41",108200
7700,-270,500,"sd","10:37:41",107200
7700,-270,1000,"sd","10:37:41",106700
7710,-260,200,"sd","10:37:41",105700
7710,-260,100,"sd","10:37:41",105500
7700,-270,1000,"sd","10:32:56",105400
7700,-270,1000,"sd","10:32:56",104400
7700,-270,600,"sd","10:32:56",103400
7710,-260,200,"sd","10:32:56",102800
7730,-240,100,"sd","10:32:56",102600
7730,-240,100,"sd","10:32:56",102500
7700,-270,400,"sd","10:28:38",102400
7700,-270,100,"sd","10:28:38",102000
7750,-220,100,"sd","10:28:38",101900
7700,-270,1000,"sd","10:28:38",101800
7700,-270,1000,"sd","10:28:38",100800
7700,-270,100,"sd","10:28:38",99800
7710,-260,200,"sd","10:28:37",99700
7730,-240,100,"sd","10:28:37",99500
7770,-200,100,"bu","10:26:46",99400
7700,-270,200,"sd","10:21:06",99300
7700,-270,500,"sd","10:21:06",99100
7700,-270,1000,"sd","10:21:06",98600
7700,-270,100,"sd","10:21:06",97600
7710,-260,100,"sd","10:21:06",97500
7710,-260,300,"sd","10:21:06",97400
7700,-270,100,"sd","10:21:06",97100
7710,-260,300,"sd","10:21:06",97000
7720,-250,100,"sd","10:21:06",96700
7720,-250,100,"sd","10:21:06",96600
7700,-270,100,"sd","10:21:06",96500
7750,-220,300,"sd","10:21:06",96400
7700,-270,200,"sd","10:21:06",96100
7700,-270,300,"sd","10:21:06",95900
7700,-270,300,"sd","10:21:06",95600
7800,-170,100,"sd","10:18:27",95300
7800,-170,400,"bu","10:14:51",95200
7790,-180,200,"bu","10:14:10",94800
7800,-170,100,"bu","10:14:10",94600
7750,-220,200,"sd","10:12:35",94500
7760,-210,100,"unknown","10:12:35",94300
7760,-210,200,"unknown","10:12:35",94200
7750,-220,1700,"sd","10:12:35",94000
7760,-210,1800,"sd","10:10:25",92300
7800,-170,1000,"bu","10:08:01",90500
7800,-170,100,"bu","10:07:48",89500
7700,-270,1500,"sd","10:06:39",89400
7710,-260,100,"sd","10:06:38",87900
7710,-260,300,"sd","10:06:38",87800
7710,-260,100,"sd","10:06:38",87500
7700,-270,3200,"sd","10:04:04",87400
7700,-270,100,"sd","10:04:04",84200
7700,-270,200,"sd","10:04:04",84100
7700,-270,900,"sd","10:04:04",83900
7710,-260,100,"sd","10:04:04",83000
7710,-260,200,"sd","10:04:04",82900
7750,-220,100,"sd","10:03:50",82700
7770,-200,100,"sd","10:03:26",82600
7770,-200,1000,"unknown","10:02:23",82500
7770,-200,200,"bu","10:00:14",81500
7770,-200,100,"bu","09:59:45",81300
7770,-200,100,"bu","09:59:20",81200
7770,-200,100,"bu","09:58:30",81100
7770,-200,500,"bu","09:58:12",81000
7770,-200,500,"bu","09:58:12",80500
7700,-270,100,"sd","09:56:56",80000
7700,-270,5000,"sd","09:56:56",79900
7700,-270,1000,"sd","09:56:56",74900
7710,-260,500,"sd","09:56:56",73800
7710,-260,100,"sd","09:56:56",73900
7720,-250,400,"sd","09:56:56",73300
7750,-220,100,"sd","09:56:56",72900
7750,-220,200,"sd","09:56:56",72800
7700,-270,2100,"sd","09:56:56",72600
7760,-210,100,"sd","09:56:56",70500
7700,-270,200,"sd","09:56:56",70400
7760,-210,200,"sd","09:56:56",70200
7770,-200,100,"bu","09:56:48",70000
7770,-200,300,"bu","09:56:35",69900
7770,-200,500,"bu","09:56:09",69600
7770,-200,600,"sd","09:55:19",69100
7770,-200,400,"sd","09:54:46",68500
7770,-200,200,"sd","09:54:46",68100
7770,-200,300,"sd","09:54:46",67900
7780,-190,100,"sd","09:54:46",67600
7770,-200,500,"sd","09:54:14",67500
7770,-200,1200,"sd","09:50:27",67000
7770,-200,800,"sd","09:50:27",65800
7800,-170,300,"bu","09:48:25",65000
7810,-160,1000,"bu","09:46:08",64700
7800,-170,100,"bu","09:44:36",63700
7800,-170,200,"bu","09:43:27",63600
7800,-170,500,"unknown","09:40:42",63400
7800,-170,400,"unknown","09:40:42",62900
7800,-170,100,"unknown","09:40:42",62500
7810,-160,200,"bu","09:40:17",62400
7810,-160,100,"bu","09:39:44",62200
7810,-160,100,"bu","09:38:52",62100
7800,-170,600,"bu","09:38:29",62000
7800,-170,1300,"bu","09:38:29",61400
7800,-170,500,"sd","09:37:10",60100
7800,-170,500,"sd","09:37:10",59600
7800,-170,1000,"sd","09:37:10",59100
7800,-170,200,"sd","09:37:10",58100
7800,-170,1500,"sd","09:37:10",57900
7810,-160,1800,"sd","09:36:15",56400
7820,-150,2000,"sd","09:35:42",54600
7820,-150,100,"sd","09:35:42",52600
7820,-150,1500,"sd","09:35:42",52500
7820,-150,1500,"sd","09:34:09",51000
7820,-150,500,"sd","09:34:09",49500
7820,-150,1500,"sd","09:33:32",49000
7820,-150,1000,"sd","09:33:32",47500
7830,-140,600,"unknown","09:32:52",46500
7840,-130,400,"unknown","09:32:52",45900
7820,-150,1000,"sd","09:32:51",45500
7830,-140,1400,"sd","09:29:38",44500
7830,-140,100,"sd","09:29:37",43100
7840,-130,800,"sd","09:29:37",43000
7800,-170,1900,"sd","09:27:45",42200
7810,-160,100,"unknown","09:27:45",40300
7820,-150,1500,"sd","09:26:41",40200
7830,-140,500,"sd","09:26:41",38700
7830,-140,1500,"sd","09:26:24",38200
7830,-140,500,"sd","09:26:24",36700
7860,-110,1000,"unknown","09:23:00",36200
7860,-110,4000,"unknown","09:22:59",35200
7860,-110,6000,"sd","09:22:36",31200
7870,-100,100,"unknown","09:22:35",25200
7880,-90,100,"unknown","09:22:34",25100
7880,-90,500,"unknown","09:22:33",25000
7900,-70,300,"sd","09:22:32",24500
7860,-110,6000,"sd","09:22:31",24200
7900,-70,500,"sd","09:21:28",18200
7900,-70,200,"sd","09:19:48",17700
7900,-70,3000,"sd","09:19:47",17500
7900,-70,300,"sd","09:19:46",14500
7980,10,300,"bu","09:18:28",14200
7980,10,100,"bu","09:17:50",13900
7900,-70,2000,"sd","09:17:12",13800
7900,-70,100,"sd","09:16:55",11800
7970,0,1000,"unknown","09:16:55",11700
7970,0,100,"unknown","09:16:54",10700
7970,0,100,"sd","09:16:53",10600
7900,-70,700,"sd","09:16:51",10500
7990,20,9800,"unknown","09:15:06",9800
