"price","change","match_qtty","side","time","total_vol"
3650,-10,21900,"bu","14:45:03",607000
3660,0,100,"bu","14:29:39",585100
3600,-60,300,"sd","14:28:28",585000
3610,-50,100,"sd","14:28:05",554000
3600,-60,30700,"sd","14:28:05",584700
3680,20,1000,"bu","14:27:49",553900
3680,20,1000,"bu","14:27:25",552900
3680,20,3700,"bu","14:27:06",551900
3680,20,200,"bu","14:27:06",548200
3680,20,3000,"bu","14:27:06",548000
3680,20,100,"bu","14:27:06",545000
3670,10,2000,"bu","14:27:06",544900
3680,20,100,"bu","14:25:39",542900
3650,-10,500,"sd","14:25:00",542800
3690,30,100,"bu","14:24:04",542300
3680,20,1000,"bu","14:23:11",542200
3680,20,2100,"bu","14:22:32",541200
3660,0,2900,"bu","14:22:32",539100
3660,0,2000,"bu","14:22:32",536200
3660,0,2000,"bu","14:22:32",533200
3660,0,1000,"bu","14:22:32",534200
3600,-60,8000,"sd","14:22:31",531200
3600,-60,300,"bu","14:21:54",523200
3600,-60,2600,"bu","14:21:54",522900
3600,-60,600,"bu","14:21:42",520300
3600,-60,400,"bu","14:21:42",519700
3600,-60,4000,"bu","14:21:16",519300
3600,-60,400,"bu","14:21:03",515300
3600,-60,100,"bu","14:21:03",514900
3600,-60,100,"bu","14:20:31",514800
3580,-80,100,"bu","14:20:19",514700
3570,-90,1900,"bu","14:20:11",514600
3570,-90,1200,"bu","14:19:50",512700
3560,-100,2000,"bu","14:19:50",511500
3560,-100,100,"bu","14:19:50",509500
3560,-100,1700,"bu","14:19:50",509400
3560,-100,700,"bu","14:19:47",507700
3560,-100,200,"bu","14:19:43",507000
3560,-100,2400,"bu","14:19:36",506800
3550,-110,100,"bu","14:19:14",504400
3550,-110,7200,"bu","14:19:14",504300
3550,-110,200,"bu","14:19:14",497100
3550,-110,2000,"bu","14:19:08",496900
3550,-110,800,"bu","14:19:03",494900
3550,-110,200,"bu","14:19:03",494100
3540,-120,2000,"bu","14:18:34",493900
3540,-120,200,"bu","14:18:34",491900
3540,-120,2200,"bu","14:18:09",491700
3530,-130,5000,"bu","14:17:29",489500
3540,-120,200,"bu","14:16:01",484500
3540,-120,100,"bu","14:15:31",484300
3520,-140,1800,"sd","14:14:43",484200
3520,-140,500,"bu","14:14:42",482400
3520,-140,400,"bu","14:14:22",481900
3510,-150,4500,"bu","14:14:01",481500
3500,-160,8300,"sd","14:13:29",477000
3500,-160,4800,"bu","14:13:13",468700
3500,-160,100,"sd","14:12:32",463900
3500,-160,100,"sd","14:12:32",463800
3500,-160,100,"sd","14:12:32",463700
3500,-160,2000,"sd","14:12:32",463600
3500,-160,1000,"sd","14:12:32",461600
3500,-160,1200,"sd","14:12:32",460600
3500,-160,500,"sd","14:12:32",459400
3500,-160,200,"sd","14:12:32",458900
3510,-150,500,"sd","14:11:38",458700
3510,-150,2000,"sd","14:11:17",458200
3510,-150,3000,"sd","14:11:17",456200
3520,-140,500,"sd","14:10:57",453200
3520,-140,200,"sd","14:09:49",452700
3520,-140,100,"sd","14:06:59",452500
3520,-140,100,"sd","14:06:59",452400
3520,-140,400,"sd","14:06:59",452300
3520,-140,100,"sd","14:04:39",451900
3520,-140,500,"sd","14:04:32",451800
3520,-140,3000,"sd","14:03:49",451300
3520,-140,900,"sd","14:03:33",448300
3520,-140,15100,"sd","14:03:11",447400
3520,-140,500,"sd","14:03:11",432300
3520,-140,400,"sd","14:03:11",431800
3530,-130,1000,"sd","14:03:01",431400
3540,-120,1000,"sd","14:02:03",430400
3540,-120,100,"bu","14:01:16",429400
3540,-120,4700,"bu","14:01:16",429300
3540,-120,100,"bu","14:01:12",424600
3540,-120,100,"bu","14:00:46",424500
3540,-120,900,"sd","14:00:34",424400
3540,-120,9000,"bu","14:00:21",423500
3540,-120,100,"bu","14:00:21",414500
3520,-140,300,"sd","13:59:58",414400
3520,-140,1000,"sd","13:59:28",414100
3530,-130,600,"sd","13:59:28",413100
3560,-100,3100,"bu","13:58:59",412500
3550,-110,100,"bu","13:58:38",409400
3550,-110,100,"bu","13:58:38",409300
3550,-110,100,"bu","13:58:38",409200
3550,-110,5000,"bu","13:58:38",409100
3550,-110,4600,"bu","13:58:38",404100
3550,-110,500,"bu","13:58:38",399500
3540,-120,5000,"bu","13:58:38",399000
3540,-120,600,"bu","13:58:38",394000
3540,-120,500,"bu","13:57:32",393400
3540,-120,5000,"bu","13:57:32",392900
3540,-120,4000,"bu","13:57:32",387900
3530,-130,200,"bu","13:57:08",383900
3530,-130,1200,"bu","13:57:08",383700
3530,-130,7000,"bu","13:56:33",382500
3530,-130,200,"bu","13:55:11",375500
3530,-130,1000,"bu","13:54:34",375300
3530,-130,600,"sd","13:54:30",374300
3530,-130,12300,"bu","13:54:00",373700
3530,-130,7100,"bu","13:54:00",361400
3530,-130,900,"sd","13:53:22",354300
3530,-130,3200,"bu","13:52:47",353400
3530,-130,1800,"bu","13:51:59",350200
3530,-130,200,"bu","13:51:59",348400
3520,-140,200,"sd","13:51:41",348200
3520,-140,500,"sd","13:51:12",348000
3520,-140,100,"sd","13:50:36",347500
3520,-140,300,"sd","13:50:02",347400
3530,-130,1000,"bu","13:49:49",347100
3520,-140,100,"bu","13:49:29",346100
3520,-140,1300,"bu","13:49:29",346000
3520,-140,1500,"bu","13:49:29",344700
3520,-140,500,"bu","13:49:15",343200
3520,-140,1000,"bu","13:49:14",342700
3520,-140,2000,"bu","13:49:04",341700
3520,-140,7000,"bu","13:48:52",339700
3520,-140,2900,"bu","13:48:52",332700
3510,-150,1300,"bu","13:48:09",329800
3510,-150,700,"bu","13:48:01",328500
3510,-150,100,"bu","13:48:01",327800
3510,-150,1200,"bu","13:48:01",327700
3510,-150,500,"bu","13:47:35",326500
3510,-150,500,"bu","13:46:35",326000
3510,-150,200,"bu","13:46:24",325500
3510,-150,500,"bu","13:45:53",325300
3510,-150,2000,"bu","13:45:44",324800
3500,-160,300,"bu","13:44:05",322800
3500,-160,700,"bu","13:44:05",322500
3500,-160,200,"bu","13:44:01",321800
3500,-160,1000,"sd","13:41:27",321600
3500,-160,1500,"sd","13:41:27",320600
3500,-160,1700,"sd","13:41:27",319100
3510,-150,100,"bu","13:41:17",317400
3510,-150,100,"bu","13:41:17",317300
3500,-160,300,"bu","13:40:21",317200
3500,-160,500,"bu","13:40:18",316900
3500,-160,1700,"bu","13:39:54",316400
3500,-160,1300,"bu","13:39:54",314700
3500,-160,100,"sd","13:37:56",313400
3500,-160,500,"sd","13:37:56",313300
3500,-160,100,"sd","13:37:56",312800
3500,-160,1200,"sd","13:37:56",312700
3500,-160,2000,"sd","13:37:56",311500
3500,-160,4800,"sd","13:37:56",309500
3500,-160,5200,"sd","13:37:11",304700
3500,-160,1800,"sd","13:37:11",299500
3510,-150,100,"bu","13:37:02",297700
3510,-150,1900,"bu","13:37:02",297600
3500,-160,100,"sd","13:35:47",295700
3500,-160,100,"sd","13:35:36",295600
3510,-150,100,"sd","13:35:21",295500
3520,-140,400,"bu","13:32:56",295400
3510,-150,1100,"bu","13:32:56",295000
3510,-150,100,"sd","13:32:39",293900
3510,-150,1400,"sd","13:32:39",293800
3520,-140,700,"bu","13:32:37",292400
3520,-140,700,"bu","13:32:28",291700
3520,-140,300,"sd","13:32:10",291000
3520,-140,200,"bu","13:31:23",290700
3520,-140,2000,"bu","13:30:59",290500
3520,-140,800,"sd","13:30:47",288500
3520,-140,2000,"sd","13:30:47",287700
3540,-120,2000,"sd","13:30:03",285700
3540,-120,2900,"sd","13:30:03",283700
3540,-120,2000,"bu","13:29:38",280800
3540,-120,600,"bu","13:29:38",278800
3530,-130,9400,"bu","13:29:22",278200
3530,-130,600,"bu","13:29:06",268800
3530,-130,4400,"bu","13:29:06",268200
3530,-130,1600,"bu","13:28:47",263800
3530,-130,9000,"bu","13:28:38",262200
3540,-120,400,"bu","13:28:12",253200
3510,-150,100,"bu","13:27:42",252800
3500,-160,14000,"bu","13:27:32",252700
3500,-160,1000,"sd","13:27:19",238700
3510,-150,300,"bu","13:27:18",237700
3510,-150,200,"bu","13:26:32",237400
3500,-160,4000,"bu","13:25:57",237200
3500,-160,20000,"bu","13:25:57",233200
3490,-170,300,"bu","13:25:49",213200
3490,-170,100,"bu","13:25:49",212900
3490,-170,500,"bu","13:25:44",212800
3470,-190,500,"sd","13:24:56",212300
3460,-200,100,"sd","13:24:01",211800
3460,-200,1000,"sd","13:24:01",211700
3460,-200,100,"sd","13:24:01",210700
3460,-200,800,"sd","13:24:01",210600
3460,-200,3000,"sd","13:24:01",209800
3460,-200,800,"sd","13:24:01",206800
3470,-190,1000,"sd","13:24:01",206000
3470,-190,100,"sd","13:24:01",205000
3470,-190,3100,"sd","13:24:01",204900
3470,-190,2200,"sd","13:23:55",201800
3470,-190,3000,"sd","13:23:12",199600
3470,-190,1400,"sd","13:22:31",196600
3490,-170,3000,"bu","13:22:27",195200
3490,-170,3900,"bu","13:22:18",192200
3470,-190,300,"sd","13:20:41",188300
3460,-200,700,"sd","13:19:33",188000
3460,-200,1000,"sd","13:19:33",187300
3470,-190,10000,"sd","13:19:33",184300
3470,-190,2000,"sd","13:19:33",186300
3480,-180,500,"sd","13:19:33",174300
3480,-180,800,"sd","13:19:33",173800
3490,-170,100,"sd","13:19:31",173000
3490,-170,200,"sd","13:19:31",172900
3490,-170,9800,"sd","13:19:12",172700
3490,-170,200,"sd","13:19:12",162900
3490,-170,100,"sd","13:18:49",162700
3490,-170,100,"bu","13:18:13",162600
3490,-170,9600,"bu","13:18:13",162500
3490,-170,2600,"sd","13:17:56",152900
3490,-170,3000,"sd","13:17:47",150300
3510,-150,3000,"bu","13:17:46",143900
3510,-150,3400,"bu","13:17:46",147300
3500,-160,400,"bu","13:17:46",140900
3500,-160,4900,"bu","13:17:46",140500
3500,-160,8300,"bu","13:17:46",135600
3490,-170,3900,"sd","13:17:30",127300
3490,-170,500,"sd","13:16:37",123400
3500,-160,100,"bu","13:16:32",122900
3500,-160,1600,"unknown","13:15:23",122800
3500,-160,100,"sd","13:15:22",121200
3500,-160,300,"sd","13:15:12",121100
3500,-160,3700,"sd","13:15:12",120800
3500,-160,100,"bu","13:14:46",117100
3500,-160,6200,"bu","13:14:46",117000
3500,-160,100,"bu","13:13:53",110800
3500,-160,300,"bu","13:12:47",110700
3500,-160,200,"bu","13:12:35",110400
3500,-160,200,"bu","13:12:34",110200
3500,-160,200,"bu","13:12:32",110000
3500,-160,2000,"bu","13:12:15",109800
3500,-160,200,"sd","13:11:14",107800
3500,-160,2400,"sd","13:10:57",107600
3490,-170,100,"sd","13:10:25",105200
3490,-170,500,"sd","13:10:25",105100
3490,-170,3800,"sd","13:10:25",104600
3490,-170,500,"sd","13:09:57",100800
3490,-170,300,"sd","13:09:57",100300
3490,-170,200,"sd","13:09:49",100000
3500,-160,1300,"sd","13:09:49",99800
3500,-160,500,"sd","13:09:49",98500
3540,-120,600,"bu","13:09:24",98000
3550,-110,4800,"bu","13:08:35",97400
3530,-130,5000,"bu","13:08:35",92600
3520,-140,100,"bu","13:08:35",87600
3500,-160,100,"bu","13:08:35",87500
3500,-160,5900,"sd","13:08:31",87400
3500,-160,100,"sd","13:08:19",81500
3500,-160,3000,"bu","13:08:11",81400
3500,-160,100,"bu","13:08:11",78400
3500,-160,200,"bu","13:08:11",78300
3500,-160,100,"bu","13:08:11",78100
3500,-160,100,"bu","13:08:11",78000
3490,-170,100,"bu","13:08:11",77900
3490,-170,400,"bu","13:08:11",77800
3490,-170,100,"bu","13:08:11",77400
3490,-170,100,"bu","13:08:03",77300
3490,-170,800,"bu","13:07:56",77200
3490,-170,1500,"bu","13:07:56",76400
3490,-170,700,"bu","13:07:56",74900
3480,-180,300,"sd","13:07:40",74200
3480,-180,800,"sd","13:07:40",73900
3480,-180,1000,"bu","13:07:30",73100
3480,-180,18300,"bu","13:06:57",72100
3480,-180,1700,"bu","13:06:57",53800
3480,-180,300,"bu","13:06:48",52100
3480,-180,2000,"bu","13:06:48",51800
3490,-170,100,"bu","13:06:08",49800
3490,-170,7000,"bu","13:06:05",49700
3490,-170,1000,"bu","13:06:05",42700
3450,-210,800,"sd","13:06:04",41700
3450,-210,500,"sd","13:06:04",40900
3450,-210,100,"sd","13:06:04",40400
3450,-210,600,"sd","13:06:04",40300
3490,-170,500,"bu","13:06:01",39700
3490,-170,500,"bu","13:05:54",39200
3490,-170,1000,"bu","13:05:45",38700
3500,-160,600,"bu","13:05:20",37700
3500,-160,600,"bu","13:05:16",37100
3500,-160,500,"bu","13:05:00",36500
3500,-160,5000,"bu","13:04:55",36000
3500,-160,300,"sd","13:04:46",31000
3500,-160,800,"sd","13:04:46",30700
3550,-110,1000,"bu","13:04:11",29900
3500,-160,200,"sd","13:04:00",28900
3500,-160,100,"sd","13:04:00",28700
3500,-160,300,"sd","13:03:52",28600
3500,-160,500,"sd","13:02:14",28300
3500,-160,200,"bu","13:02:02",27800
3500,-160,1100,"bu","13:01:56",27600
3500,-160,2200,"sd","13:01:33",26500
3500,-160,7800,"sd","13:01:29",24300
3410,-250,10000,"bu","13:00:25",16500
3410,-250,5000,"sd","13:00:09",6500
3410,-250,1000,"sd","13:00:09",1500
3450,-210,100,"sd","13:00:09",500
3500,-160,400,"unknown","13:00:09",400
