"price","change","match_qtty","side","time","total_vol"
31500,500,497700,"sd","14:45:01",6422900
31400,400,500,"sd","14:29:58",5925200
31450,450,500,"bu","14:29:57",5924700
31450,450,4500,"bu","14:29:57",5924200
31450,450,1000,"bu","14:29:56",5919700
31400,400,14700,"sd","14:29:53",5918700
31400,400,100,"sd","14:29:53",5904000
31400,400,2000,"bu","14:29:42",5903900
31450,450,300,"bu","14:29:41",5901900
31400,400,2500,"bu","14:29:41",5901600
31400,400,5000,"sd","14:29:39",5899100
31400,400,2500,"sd","14:29:39",5894100
31400,400,500,"bu","14:29:37",5891600
31400,400,3200,"bu","14:29:37",5891100
31400,400,1000,"sd","14:29:32",5887900
31400,400,5800,"sd","14:29:32",5886900
31400,400,1000,"sd","14:29:32",5881100
31400,400,100,"sd","14:29:29",5880100
31400,400,1000,"sd","14:29:28",5880000
31400,400,100,"bu","14:29:27",5879000
31400,400,4500,"bu","14:29:27",5878900
31400,400,200,"bu","14:29:27",5874400
31400,400,2300,"bu","14:29:27",5874200
31350,350,800,"sd","14:29:27",5871900
31350,350,1000,"sd","14:29:27",5871100
31350,350,600,"sd","14:29:27",5870100
31350,350,600,"sd","14:29:27",5869500
31400,400,8700,"bu","14:29:26",5868900
31400,400,500,"bu","14:29:26",5860200
31400,400,200,"bu","14:29:26",5859700
31400,400,600,"bu","14:29:26",5859500
31400,400,400,"bu","14:29:26",5858900
31400,400,200,"bu","14:29:26",5858500
31400,400,100,"bu","14:29:26",5858300
31400,400,1900,"bu","14:29:26",5858200
31400,400,200,"bu","14:29:26",5856300
31400,400,1000,"bu","14:29:26",5856100
31400,400,500,"bu","14:29:26",5855100
31400,400,600,"bu","14:29:26",5854600
31400,400,5000,"bu","14:29:26",5854000
31400,400,100,"bu","14:29:26",5849000
31400,400,500,"bu","14:29:26",5848900
31400,400,1000,"bu","14:29:26",5848400
31400,400,500,"bu","14:29:26",5847400
31400,400,100,"bu","14:29:26",5846900
31400,400,100,"bu","14:29:26",5846800
31400,400,1000,"bu","14:29:26",5846700
31400,400,5000,"bu","14:29:26",5845700
31400,400,1800,"bu","14:29:26",5840700
31400,400,100,"bu","14:29:26",5838900
31350,350,500,"sd","14:29:24",5838800
31400,400,5000,"bu","14:29:23",5838300
31350,350,200,"sd","14:29:21",5833300
31400,400,2500,"bu","14:29:20",5833100
31400,400,600,"bu","14:29:11",5830600
31350,350,100,"sd","14:29:06",5830000
31350,350,600,"sd","14:29:05",5829900
31350,350,400,"sd","14:29:05",5829300
31350,350,2600,"sd","14:29:04",5828900
31350,350,500,"sd","14:29:04",5826300
31350,350,700,"sd","14:29:04",5825800
31350,350,5000,"sd","14:29:04",5825100
31350,350,1200,"sd","14:29:04",5820100
31350,350,200,"sd","14:29:01",5818900
31400,400,2000,"bu","14:29:00",5818700
31350,350,200,"sd","14:28:59",5816700
31350,350,600,"sd","14:28:49",5816500
31350,350,300,"bu","14:28:48",5815900
31350,350,5000,"bu","14:28:48",5815600
31350,350,100,"bu","14:28:48",5810600
31350,350,200,"bu","14:28:48",5810500
31350,350,700,"bu","14:28:48",5810300
31300,300,200,"sd","14:28:47",5809600
31350,350,300,"bu","14:28:46",5809400
31350,350,1000,"bu","14:28:46",5809100
31350,350,200,"bu","14:28:46",5808100
31350,350,100,"bu","14:28:46",5807900
31350,350,100,"bu","14:28:46",5807800
31350,350,300,"bu","14:28:46",5807700
31300,300,100,"sd","14:28:42",5807400
31350,350,1000,"bu","14:28:40",5807300
31300,300,400,"sd","14:28:39",5806300
31350,350,4700,"bu","14:28:38",5805900
31300,300,200,"sd","14:28:36",5801200
31350,350,2000,"bu","14:28:35",5801000
31350,350,100,"bu","14:28:34",5799000
31300,300,200,"sd","14:28:34",5798900
31300,300,100,"sd","14:28:33",5798700
31300,300,2400,"sd","14:28:33",5798600
31350,350,23200,"bu","14:28:32",5796200
31350,350,900,"bu","14:28:32",5773000
31300,300,100,"sd","14:28:30",5772100
31350,350,1000,"bu","14:28:29",5772000
31350,350,100,"bu","14:28:26",5771000
31300,300,700,"sd","14:28:26",5770900
31300,300,1000,"bu","14:28:25",5770200
31300,300,300,"bu","14:28:25",5769200
31300,300,200,"bu","14:28:25",5768900
31300,300,1000,"bu","14:28:25",5768700
31300,300,1000,"bu","14:28:25",5767700
31300,300,1100,"bu","14:28:25",5766700
31300,300,100,"bu","14:28:25",5765600
31300,300,100,"bu","14:28:25",5765500
31300,300,500,"bu","14:28:25",5765400
31300,300,300,"bu","14:28:25",5764900
31300,300,200,"bu","14:28:25",5764600
31300,300,200,"bu","14:28:25",5764400
31300,300,900,"bu","14:28:25",5764200
31300,300,400,"bu","14:28:25",5763300
31250,250,600,"sd","14:28:22",5762900
31300,300,6000,"bu","14:28:21",5762300
31250,250,200,"sd","14:28:21",5756300
31250,250,100,"sd","14:28:20",5756100
31250,250,800,"sd","14:28:20",5756000
31250,250,200,"sd","14:28:20",5755200
31250,250,100,"sd","14:28:20",5755000
31250,250,100,"sd","14:28:20",5754900
31250,250,700,"sd","14:28:20",5754800
31300,300,13600,"bu","14:28:19",5754100
31300,300,400,"bu","14:28:19",5740500
31300,300,3000,"bu","14:28:19",5740100
31300,300,3000,"bu","14:28:19",5737100
31250,250,300,"bu","14:27:58",5734100
31250,250,200,"bu","14:27:58",5733800
31250,250,200,"bu","14:27:58",5733600
31250,250,100,"bu","14:27:58",5733400
31250,250,500,"bu","14:27:55",5733300
31250,250,400,"bu","14:27:50",5732800
31250,250,100,"bu","14:27:50",5732400
31200,200,500,"sd","14:27:33",5732300
31250,250,200,"bu","14:27:32",5731800
31250,250,2000,"bu","14:27:32",5731600
31250,250,100,"bu","14:27:32",5729600
31250,250,500,"bu","14:27:32",5729500
31250,250,100,"bu","14:27:32",5729000
31250,250,100,"bu","14:27:32",5728900
31250,250,100,"bu","14:27:32",5728800
31250,250,100,"bu","14:27:32",5728700
31250,250,1800,"bu","14:27:32",5728600
31200,200,500,"sd","14:27:28",5726800
31200,200,300,"sd","14:27:28",5726300
31250,250,1100,"bu","14:27:27",5726000
31250,250,3000,"bu","14:27:27",5724900
31250,250,200,"bu","14:27:27",5721900
31200,200,1000,"sd","14:27:27",5721700
31200,200,3600,"sd","14:27:27",5720700
31150,150,100,"sd","14:27:26",5717100
31200,200,800,"bu","14:27:25",5717000
31200,200,200,"bu","14:27:25",5716200
31150,150,300,"sd","14:27:08",5716000
31150,150,3000,"sd","14:27:07",5715700
31200,200,800,"bu","14:27:06",5712700
31200,200,300,"bu","14:27:06",5711900
31200,200,28900,"bu","14:27:06",5711600
31150,150,600,"sd","14:26:56",5682700
31200,200,100,"bu","14:26:55",5682100
31150,150,6100,"bu","14:26:55",5682000
31100,100,200,"sd","14:26:53",5675900
31150,150,2000,"bu","14:26:52",5675700
31150,150,500,"bu","14:26:48",5673700
31100,100,500,"sd","14:26:46",5673200
31150,150,5000,"bu","14:26:45",5672700
31100,100,200,"sd","14:26:45",5667700
31150,150,2000,"bu","14:26:44",5667500
31100,100,800,"sd","14:26:42",5665500
31150,150,2700,"bu","14:26:41",5664700
31150,150,1700,"bu","14:26:41",5662000
31150,150,4300,"bu","14:26:41",5660300
31100,100,500,"sd","14:26:37",5656000
31100,100,500,"sd","14:26:36",5655500
31150,150,5000,"bu","14:26:36",5655000
31150,150,5000,"bu","14:26:35",5650000
31100,100,700,"sd","14:26:35",5645000
31150,150,1000,"sd","14:26:34",5644300
31150,150,4700,"sd","14:26:34",5643300
31150,150,2000,"sd","14:26:34",5638600
31200,200,11000,"bu","14:26:33",5636600
31200,200,2000,"bu","14:26:33",5625600
31200,200,1000,"bu","14:26:33",5623600
31200,200,1000,"bu","14:26:33",5622600
31200,200,1500,"bu","14:26:33",5621600
31200,200,2200,"bu","14:26:33",5620100
31200,200,300,"bu","14:26:33",5617900
31200,200,200,"bu","14:26:33",5617600
31200,200,200,"bu","14:26:33",5617400
31200,200,500,"bu","14:26:33",5617200
31200,200,100,"bu","14:26:33",5616700
31150,150,100,"sd","14:26:31",5616600
31150,150,1200,"sd","14:26:30",5616500
31150,150,12000,"bu","14:26:29",5615300
31100,100,200,"sd","14:26:28",5603300
31150,150,2700,"bu","14:26:27",5603100
31100,100,200,"sd","14:26:24",5600400
31150,150,2000,"bu","14:26:23",5600200
31150,150,300,"bu","14:26:23",5598200
31100,100,300,"sd","14:26:23",5597900
31150,150,3000,"bu","14:26:22",5597600
31100,100,500,"sd","14:26:21",5594600
31100,100,1000,"sd","14:26:20",5594100
31150,150,4000,"sd","14:26:20",5593100
31150,150,500,"bu","14:26:16",5589100
31100,100,100,"sd","14:26:15",5588600
31100,100,1200,"sd","14:26:14",5588500
31150,150,12100,"bu","14:26:13",5587300
31150,150,200,"bu","14:26:12",5575200
31150,150,500,"bu","14:26:09",5575000
31100,100,600,"sd","14:26:04",5574500
31150,150,1000,"sd","14:26:03",5573900
31150,150,500,"sd","14:26:03",5572900
31150,150,200,"sd","14:26:03",5572400
31150,150,5000,"sd","14:26:03",5572200
31100,100,200,"sd","14:25:58",5567200
31100,100,1700,"sd","14:25:57",5567000
31150,150,300,"sd","14:25:57",5565300
31150,150,700,"sd","14:25:56",5565000
31150,150,1000,"sd","14:25:56",5564300
31150,150,10000,"sd","14:25:56",5563300
31150,150,6200,"sd","14:25:56",5553300
31150,150,2100,"sd","14:25:56",5547100
31150,150,400,"sd","14:25:54",5545000
31150,150,200,"sd","14:25:54",5544600
31150,150,4800,"sd","14:25:53",5544400
31150,150,500,"sd","14:25:53",5539600
31150,150,900,"sd","14:25:53",5539100
31200,200,300,"bu","14:25:51",5538200
31200,200,100,"bu","14:25:51",5537900
31150,150,400,"sd","14:25:42",5537800
31150,150,4100,"sd","14:25:41",5537400
31150,150,6000,"sd","14:25:39",5533300
31150,150,2000,"sd","14:25:39",5527300
31150,150,5000,"sd","14:25:39",5525300
31150,150,100,"sd","14:25:39",5520300
31150,150,5000,"bu","14:25:39",5520200
31150,150,500,"bu","14:25:39",5515200
31150,150,500,"bu","14:25:39",5514700
31150,150,20000,"bu","14:25:39",5514200
31150,150,2000,"bu","14:25:39",5494200
31100,100,300,"sd","14:25:30",5492200
31100,100,3000,"sd","14:25:29",5491900
31100,100,27100,"sd","14:25:28",5488900
31100,100,1000,"sd","14:25:28",5461800
31100,100,1900,"sd","14:25:28",5460800
31100,100,700,"sd","14:25:23",5458900
31100,100,200,"bu","14:25:22",5458200
31100,100,7200,"bu","14:25:22",5458000
31050,50,200,"sd","14:25:21",5450800
31100,100,2000,"bu","14:25:20",5450600
31050,50,200,"sd","14:25:20",5448600
31100,100,100,"bu","14:25:19",5448400
31100,100,1300,"bu","14:25:19",5448300
31100,100,1600,"bu","14:25:19",5447000
31050,50,100,"sd","14:25:17",5445400
31100,100,1000,"bu","14:25:16",5445300
31050,50,500,"sd","14:25:16",5444300
31100,100,5000,"bu","14:25:15",5443800
31050,50,300,"sd","14:25:15",5438800
31100,100,1800,"bu","14:25:14",5438500
31100,100,1500,"bu","14:25:14",5436700
31050,50,600,"sd","14:25:14",5435200
31100,100,6600,"bu","14:25:13",5434600
31050,50,400,"sd","14:25:11",5428000
31100,100,1000,"bu","14:25:10",5427600
31050,50,200,"sd","14:25:10",5426600
31100,100,3000,"bu","14:25:10",5426400
31050,50,100,"sd","14:25:09",5423400
31100,100,2000,"bu","14:25:09",5423300
31050,50,900,"sd","14:25:00",5421300
31100,100,5900,"bu","14:24:59",5420400
31100,100,3100,"bu","14:24:59",5414500
31050,50,200,"sd","14:24:58",5411400
31100,100,100,"bu","14:24:57",5411200
31100,100,1900,"bu","14:24:57",5411100
31050,50,100,"sd","14:24:56",5409200
31100,100,100,"bu","14:24:55",5409100
31100,100,700,"bu","14:24:55",5409000
31100,100,200,"bu","14:24:55",5408300
31000,0,300,"sd","14:24:52",5408100
31000,0,1500,"sd","14:24:51",5407800
31050,50,2200,"sd","14:24:51",5406300
31100,100,100,"bu","14:24:50",5404100
31100,100,29900,"bu","14:24:50",5404000
31050,50,7800,"bu","14:24:50",5374100
31000,0,500,"sd","14:24:49",5366300
31050,50,5000,"bu","14:24:48",5365800
31000,0,700,"sd","14:24:48",5360800
31050,50,200,"bu","14:24:48",5360100
31050,50,5000,"sd","14:24:47",5359900
31050,50,100,"sd","14:24:47",5354900
31050,50,1900,"sd","14:24:47",5354800
31050,50,100,"bu","14:24:42",5352900
31000,0,100,"sd","14:24:42",5352800
31000,0,1900,"sd","14:24:41",5352700
31050,50,2300,"bu","14:24:40",5350800
31050,50,5000,"sd","14:24:40",5348500
31050,50,1500,"sd","14:24:40",5343500
31050,50,11100,"sd","14:24:40",5342000
31050,50,500,"sd","14:24:39",5330900
31050,50,5400,"bu","14:24:38",5330400
31000,0,400,"sd","14:24:38",5325000
31000,0,1500,"sd","14:24:37",5324600
31050,50,2500,"bu","14:24:36",5323100
31050,50,2100,"bu","14:24:36",5320600
31050,50,200,"bu","14:24:36",5318500
31050,50,12700,"bu","14:24:36",5318300
31000,0,500,"sd","14:24:34",5305600
31000,0,5000,"sd","14:24:33",5305100
31000,0,700,"sd","14:24:26",5300100
31050,50,7300,"bu","14:24:25",5299400
31000,0,100,"sd","14:24:22",5292100
31000,0,500,"sd","14:24:22",5292000
31000,0,200,"sd","14:24:22",5291500
31000,0,100,"sd","14:24:20",5291300
31000,0,1000,"sd","14:24:19",5291200
31000,0,100,"sd","14:24:19",5290200
31000,0,1900,"sd","14:24:18",5290100
31000,0,1700,"bu","14:24:17",5288200
31000,0,18000,"bu","14:24:17",5286500
31000,0,100,"bu","14:24:15",5268500
30950,-50,100,"sd","14:24:14",5268400
31000,0,200,"bu","14:24:13",5268300
31000,0,1300,"bu","14:24:13",5268100
30950,-50,900,"sd","14:24:12",5266800
31000,0,2000,"bu","14:24:11",5265900
31000,0,7000,"bu","14:24:11",5263900
31000,0,100,"bu","14:24:09",5256900
30950,-50,100,"sd","14:24:08",5256800
31000,0,1000,"bu","14:24:07",5256700
30950,-50,500,"sd","14:24:07",5255700
31000,0,5000,"bu","14:24:06",5255200
31000,0,500,"bu","14:24:01",5250200
30950,-50,100,"sd","14:23:49",5249700
31000,0,1000,"bu","14:23:48",5249600
30950,-50,500,"sd","14:23:48",5248600
31000,0,2100,"sd","14:23:47",5248100
31000,0,2900,"bu","14:23:47",5246000
30950,-50,400,"sd","14:23:44",5243100
30950,-50,1100,"sd","14:23:43",5242700
31000,0,3000,"bu","14:23:43",5241600
31000,0,2800,"bu","14:23:42",5238600
30950,-50,3000,"sd","14:23:42",5235800
30950,-50,100,"sd","14:23:42",5232800
30950,-50,2000,"sd","14:23:42",5232700
30950,-50,2000,"sd","14:23:42",5230700
30950,-50,2000,"sd","14:23:42",5228700
31000,0,500,"sd","14:23:41",5226700
31000,0,100,"sd","14:23:41",5226200
31000,0,100,"sd","14:23:41",5226100
31000,0,1000,"sd","14:23:41",5226000
31050,50,1000,"sd","14:23:41",5225000
31000,0,20000,"sd","14:23:41",5224000
31050,50,1000,"sd","14:23:41",5204000
31000,0,1000,"sd","14:23:41",5203000
31050,50,500,"sd","14:23:41",5202000
31000,0,50000,"sd","14:23:41",5201500
31000,0,200,"sd","14:23:41",5151500
31050,50,1900,"sd","14:23:41",5151300
31000,0,100,"sd","14:23:41",5149400
31050,50,2000,"sd","14:23:41",5149300
31000,0,500,"sd","14:23:41",5147300
31050,50,5000,"sd","14:23:41",5146800
31000,0,1000,"sd","14:23:41",5141800
31050,50,5000,"sd","14:23:41",5140800
31050,50,400,"sd","14:23:41",5135800
31100,100,500,"bu","14:23:29",5135400
31050,50,300,"sd","14:23:25",5134900
31050,50,3000,"sd","14:23:24",5134600
31100,100,20100,"bu","14:23:23",5131600
31100,100,9900,"bu","14:23:23",5111500
31050,50,200,"sd","14:23:05",5101600
31050,50,300,"sd","14:23:04",5101400
31050,50,800,"sd","14:23:03",5101100
31050,50,200,"sd","14:23:03",5100300
31050,50,2000,"sd","14:23:03",5100100
31050,50,500,"sd","14:23:02",5098100
31050,50,100,"sd","14:23:02",5097600
31050,50,800,"sd","14:23:02",5097500
31050,50,5000,"sd","14:23:02",5096700
31050,50,2800,"sd","14:23:02",5091700
31050,50,700,"sd","14:23:02",5088900
31050,50,100,"sd","14:23:02",5088200
31050,50,100,"sd","14:22:51",5088100
31050,50,1200,"sd","14:22:50",5088000
31050,50,200,"sd","14:22:41",5086800
31050,50,1100,"sd","14:22:40",5086600
31050,50,500,"sd","14:22:40",5085500
31050,50,400,"sd","14:22:40",5085000
31050,50,1200,"sd","14:22:39",5084600
31050,50,2800,"sd","14:22:39",5083400
31050,50,9700,"sd","14:22:39",5080600
31050,50,600,"sd","14:22:39",5070900
31050,50,2200,"sd","14:22:39",5070300
31050,50,3600,"sd","14:22:39",5068100
31050,50,100,"sd","14:22:35",5064500
31050,50,200,"sd","14:22:32",5064400
31100,100,100,"bu","14:22:31",5064200
31100,100,1500,"bu","14:22:31",5064100
31100,100,100,"bu","14:22:31",5062600
31100,100,100,"bu","14:22:31",5062500
31100,100,200,"bu","14:22:31",5062400
31050,50,100,"sd","14:22:26",5062200
31100,100,800,"bu","14:22:25",5062100
31100,100,200,"bu","14:22:25",5061300
31100,100,400,"bu","14:22:22",5061100
31100,100,100,"bu","14:22:02",5060700
31050,50,900,"sd","14:22:01",5060600
31050,50,100,"sd","14:21:52",5059700
31050,50,1000,"sd","14:21:51",5059600
31050,50,1200,"sd","14:21:50",5058600
31050,50,1000,"sd","14:21:50",5057400
31050,50,1200,"sd","14:21:50",5056400
31050,50,500,"sd","14:21:50",5055200
31050,50,6100,"sd","14:21:50",5054700
31050,50,100,"sd","14:21:40",5048600
31100,100,1000,"bu","14:21:39",5048500
31100,100,500,"bu","14:21:27",5047500
31050,50,100,"sd","14:21:17",5047000
31050,50,100,"sd","14:21:16",5046900
31050,50,1000,"sd","14:21:16",5046800
31050,50,1000,"sd","14:21:15",5045800
31050,50,600,"sd","14:21:14",5044800
31050,50,1000,"sd","14:21:14",5044200
31050,50,400,"sd","14:21:14",5043200
31050,50,8000,"sd","14:21:14",5042800
31050,50,800,"sd","14:21:11",5034800
31050,50,200,"sd","14:20:58",5034000
31100,100,2700,"bu","14:20:57",5033800
31100,100,300,"bu","14:20:51",5031100
31100,100,200,"bu","14:20:38",5030800
31000,0,100,"sd","14:20:37",5030600
31100,100,1000,"bu","14:20:36",5030500
31000,0,300,"sd","14:20:35",5029500
31100,100,3000,"bu","14:20:33",5029200
31000,0,100,"sd","14:20:30",5026200
31100,100,600,"bu","14:20:29",5026100
31100,100,400,"bu","14:20:29",5025500
31100,100,100,"bu","14:20:27",5025100
31100,100,100,"bu","14:20:27",5025000
31000,0,100,"sd","14:20:25",5024900
31000,0,1000,"sd","14:20:24",5024800
31000,0,100,"sd","14:20:13",5023800
31000,0,100,"sd","14:20:12",5023700
31000,0,100,"sd","14:20:12",5023600
31000,0,400,"sd","14:20:12",5023500
31000,0,500,"sd","14:20:12",5023100
31000,0,2400,"sd","14:20:11",5022600
31050,50,100,"sd","14:20:11",5020200
31050,50,100,"unknown","14:20:11",5020100
31000,0,400,"sd","14:20:10",5020000
31050,50,500,"sd","14:20:10",5019600
31050,50,100,"sd","14:20:10",5019100
31050,50,200,"bu","14:20:09",5019000
31050,50,500,"bu","14:20:04",5018800
31000,0,500,"sd","14:20:02",5018300
31050,50,5000,"bu","14:20:01",5017800
31050,50,200,"bu","14:20:01",5012800
31050,50,300,"bu","14:19:57",5012600
31000,0,200,"sd","14:19:54",5012300
31000,0,1500,"sd","14:19:53",5012100
31000,0,600,"sd","14:19:53",5010600
31050,50,17000,"bu","14:19:52",5010000
31050,50,4000,"bu","14:19:52",4993000
31000,0,200,"sd","14:19:52",4989000
31050,50,2800,"sd","14:19:51",4988800
31000,0,100,"sd","14:19:46",4986000
31000,0,100,"sd","14:19:45",4985900
31000,0,1500,"sd","14:19:45",4985800
31050,50,10000,"bu","14:19:44",4984300
31050,50,100,"bu","14:19:44",4974300
31050,50,6500,"bu","14:19:44",4974200
31000,0,300,"sd","14:19:40",4967700
31000,0,800,"sd","14:19:37",4967400
31000,0,300,"sd","14:19:36",4966600
31050,50,2000,"bu","14:19:35",4966300
31000,0,1300,"sd","14:19:35",4964300
31000,0,800,"bu","14:19:34",4963000
30950,-50,2800,"sd","14:19:33",4962200
30950,-50,3800,"sd","14:19:33",4959400
30950,-50,1000,"sd","14:19:33",4955600
30950,-50,200,"sd","14:19:33",4954600
30950,-50,200,"sd","14:19:33",4954400
30950,-50,3000,"sd","14:19:33",4954200
30950,-50,2000,"sd","14:19:33",4951200
30950,-50,300,"sd","14:19:33",4949200
30950,-50,3300,"sd","14:19:32",4948900
31000,0,2000,"bu","14:19:31",4945600
31000,0,100,"bu","14:19:31",4943600
31000,0,15100,"bu","14:19:31",4943500
31000,0,2000,"bu","14:19:31",4928400
31000,0,5000,"bu","14:19:31",4926400
31000,0,8800,"bu","14:19:31",4921400
30950,-50,100,"sd","14:19:27",4912600
30950,-50,1000,"sd","14:19:26",4912500
30950,-50,600,"sd","14:19:12",4911500
30950,-50,2100,"sd","14:19:11",4910900
30950,-50,2000,"sd","14:19:11",4908800
30950,-50,1900,"sd","14:19:11",4906800
30950,-50,100,"sd","14:19:09",4904900
30950,-50,1200,"sd","14:19:08",4904800
30950,-50,200,"sd","14:19:05",4903600
31000,0,2000,"bu","14:19:03",4903400
30900,-100,200,"sd","14:18:55",4901400
30900,-100,2100,"sd","14:18:54",4901200
30900,-100,1000,"sd","14:18:53",4899100
31000,0,9200,"bu","14:18:53",4898100
31000,0,800,"bu","14:18:53",4888900
31000,0,10000,"bu","14:18:53",4888100
31000,0,10000,"bu","14:18:52",4878100
30950,-50,100,"bu","14:18:51",4868100
30950,-50,400,"bu","14:18:49",4868000
30950,-50,300,"bu","14:18:48",4867600
30950,-50,200,"bu","14:18:47",4867300
30900,-100,200,"sd","14:18:45",4867100
30950,-50,2000,"bu","14:18:44",4866900
30900,-100,300,"sd","14:18:44",4864900
30950,-50,2000,"bu","14:18:43",4864600
30950,-50,1000,"bu","14:18:43",4862600
30900,-100,500,"sd","14:18:35",4861600
30900,-100,400,"sd","14:18:33",4861100
30900,-100,4100,"sd","14:18:32",4860700
30900,-100,3000,"bu","14:18:31",4856600
30900,-100,200,"bu","14:18:31",4853600
30900,-100,38200,"bu","14:18:31",4853400
30900,-100,100,"bu","14:18:28",4815200
30850,-150,100,"sd","14:18:24",4815100
30900,-100,1600,"bu","14:18:23",4815000
30900,-100,200,"bu","14:18:21",4813400
30850,-150,300,"sd","14:18:18",4813200
30900,-100,3000,"bu","14:18:17",4812900
30850,-150,500,"sd","14:18:16",4809900
30850,-150,200,"sd","14:18:13",4809400
30850,-150,2000,"sd","14:18:12",4809200
30850,-150,100,"sd","14:18:11",4807200
30850,-150,600,"sd","14:18:11",4807100
30850,-150,1400,"sd","14:18:10",4806500
30850,-150,900,"sd","14:18:10",4805100
30850,-150,5000,"sd","14:18:10",4804200
30850,-150,200,"sd","14:18:10",4799200
30850,-150,100,"sd","14:18:08",4799000
30850,-150,700,"sd","14:18:07",4798900
30850,-150,300,"sd","14:18:07",4798200
30900,-100,400,"bu","14:18:06",4797900
30850,-150,100,"sd","14:18:03",4797500
30850,-150,600,"sd","14:18:02",4797400
30850,-150,400,"sd","14:18:02",4796800
30850,-150,4600,"sd","14:18:01",4796400
30850,-150,5400,"sd","14:18:01",4791800
30850,-150,400,"sd","14:17:57",4786400
30850,-150,300,"sd","14:17:39",4786000
30850,-150,400,"sd","14:17:38",4785700
30850,-150,2200,"sd","14:17:38",4785300
30850,-150,400,"sd","14:17:38",4783100
30850,-150,100,"sd","14:17:34",4782700
30850,-150,1000,"sd","14:17:33",4782600
30850,-150,8500,"sd","14:17:32",4781600
30850,-150,100,"sd","14:17:32",4773100
30850,-150,1300,"sd","14:17:32",4773000
30850,-150,100,"sd","14:17:32",4771700
30850,-150,400,"sd","14:17:28",4771600
30900,-100,2800,"bu","14:17:27",4771200
30900,-100,1200,"bu","14:17:27",4768400
30900,-100,300,"bu","14:17:25",4767200
30850,-150,100,"sd","14:17:21",4766900
30850,-150,100,"sd","14:17:20",4766800
30850,-150,1300,"sd","14:17:19",4766700
30900,-100,13500,"sd","14:17:18",4765400
30900,-100,800,"sd","14:17:17",4751900
30900,-100,5000,"bu","14:17:16",4751100
30900,-100,700,"bu","14:17:16",4746100
30850,-150,3000,"sd","14:17:16",4745400
30800,-200,100,"sd","14:17:02",4742400
30800,-200,200,"sd","14:17:02",4742300
30800,-200,200,"sd","14:17:02",4742100
30850,-150,100,"sd","14:17:02",4741900
30800,-200,1000,"sd","14:17:01",4741800
30800,-200,100,"sd","14:17:01",4740800
30800,-200,100,"sd","14:16:54",4740700
30900,-100,500,"bu","14:16:53",4740600
30900,-100,400,"bu","14:16:53",4740100
30850,-150,100,"bu","14:16:53",4739700
30800,-200,300,"sd","14:16:52",4739600
30800,-200,400,"sd","14:16:52",4739300
30800,-200,100,"sd","14:16:52",4738900
30850,-150,2800,"sd","14:16:51",4738800
30850,-150,5000,"sd","14:16:51",4736000
30850,-150,300,"sd","14:16:51",4731000
30850,-150,100,"sd","14:16:51",4730700
30850,-150,200,"sd","14:16:47",4730600
30850,-150,300,"sd","14:16:46",4730400
30850,-150,500,"sd","14:16:46",4730100
30850,-150,500,"sd","14:16:46",4729600
30850,-150,200,"sd","14:16:46",4729100
30850,-150,500,"sd","14:16:46",4728900
30850,-150,200,"sd","14:16:42",4728400
30900,-100,400,"bu","14:16:41",4728200
30900,-100,1000,"bu","14:16:41",4727800
30900,-100,600,"bu","14:16:41",4726800
30850,-150,300,"sd","14:16:39",4726200
30850,-150,300,"sd","14:16:38",4725900
30850,-150,2700,"sd","14:16:38",4725600
30850,-150,100,"sd","14:16:32",4722900
30850,-150,200,"sd","14:16:31",4722800
30850,-150,1200,"sd","14:16:31",4722600
30900,-100,800,"sd","14:16:30",4721400
30900,-100,300,"sd","14:16:30",4720600
30900,-100,1000,"sd","14:16:30",4720300
30900,-100,100,"sd","14:16:30",4719300
30900,-100,1000,"sd","14:16:30",4719200
30900,-100,100,"sd","14:16:30",4718200
30900,-100,200,"sd","14:16:30",4718100
30900,-100,2800,"sd","14:16:30",4717900
30900,-100,500,"sd","14:16:30",4715100
30900,-100,200,"sd","14:16:30",4714600
30900,-100,500,"sd","14:16:30",4714400
30900,-100,1000,"sd","14:16:30",4713900
30900,-100,1000,"sd","14:16:30",4712900
30900,-100,100,"sd","14:16:30",4711900
30900,-100,3000,"sd","14:16:30",4711800
30900,-100,100,"sd","14:16:30",4708800
30900,-100,500,"sd","14:16:30",4708700
30900,-100,100,"sd","14:16:30",4708200
30900,-100,900,"sd","14:16:30",4708100
30900,-100,200,"sd","14:16:30",4707200
30900,-100,100,"sd","14:16:26",4707000
30950,-50,1000,"bu","14:16:25",4706900
30900,-100,500,"sd","14:16:25",4705900
30950,-50,2700,"bu","14:16:24",4705400
30950,-50,1000,"bu","14:16:24",4702700
30950,-50,1300,"bu","14:16:24",4701700
30950,-50,700,"sd","14:16:18",4700400
30950,-50,300,"bu","14:16:11",4699700
30900,-100,200,"sd","14:16:11",4699400
30900,-100,500,"sd","14:16:10",4699200
30950,-50,1500,"sd","14:16:10",4698700
30950,-50,100,"sd","14:16:09",4697200
30950,-50,1000,"sd","14:16:08",4697100
30950,-50,400,"sd","14:16:07",4696100
31000,0,200,"bu","14:16:05",4695700
30900,-100,500,"sd","14:15:54",4695500
30900,-100,3100,"sd","14:15:53",4695000
30900,-100,700,"sd","14:15:53",4691900
30950,-50,1200,"sd","14:15:53",4691200
30950,-50,100,"sd","14:15:53",4690000
30950,-50,1200,"bu","14:15:52",4689900
30900,-100,200,"sd","14:15:51",4688700
30900,-100,100,"sd","14:15:49",4688500
30900,-100,300,"sd","14:15:49",4688400
30900,-100,100,"sd","14:15:49",4688100
30900,-100,500,"sd","14:15:49",4688000
30900,-100,1000,"sd","14:15:49",4687500
30900,-100,200,"sd","14:15:49",4686500
30900,-100,100,"sd","14:15:49",4686300
30950,-50,100,"bu","14:15:48",4686200
30950,-50,3000,"sd","14:15:48",4686100
30950,-50,400,"sd","14:15:48",4683100
30950,-50,300,"sd","14:15:48",4682700
30950,-50,100,"sd","14:15:48",4682400
30950,-50,100,"sd","14:15:47",4682300
30950,-50,900,"sd","14:15:47",4682200
30950,-50,100,"sd","14:15:40",4681300
30950,-50,100,"sd","14:15:39",4681200
30950,-50,200,"sd","14:15:39",4681100
30950,-50,700,"sd","14:15:39",4680900
30950,-50,300,"sd","14:15:38",4680200
30950,-50,500,"sd","14:15:38",4679900
30950,-50,1000,"sd","14:15:38",4679400
30950,-50,800,"sd","14:15:38",4678400
30950,-50,200,"sd","14:15:38",4677600
31000,0,1000,"bu","14:15:38",4677400
31000,0,5000,"bu","14:15:38",4676400
31000,0,400,"bu","14:15:38",4671400
31000,0,700,"bu","14:15:38",4671000
31000,0,500,"bu","14:15:38",4670300
31000,0,500,"sd","14:15:37",4669800
31000,0,1000,"sd","14:15:37",4669300
31000,0,500,"sd","14:15:37",4668300
31000,0,3000,"sd","14:15:37",4667800
31000,0,2000,"sd","14:15:37",4664800
31000,0,500,"sd","14:15:37",4662800
31000,0,3400,"sd","14:15:37",4662300
31000,0,1000,"sd","14:15:37",4658900
31000,0,300,"sd","14:15:37",4657900
31000,0,8300,"sd","14:15:37",4657600
31000,0,8000,"sd","14:15:37",4649300
31000,0,200,"sd","14:15:37",4641300
31000,0,100,"sd","14:15:37",4641100
31000,0,1000,"sd","14:15:36",4641000
31000,0,100,"sd","14:15:36",4640000
31000,0,300,"sd","14:15:36",4639900
31000,0,100,"sd","14:15:36",4639600
31000,0,100,"sd","14:15:36",4639500
31000,0,1000,"sd","14:15:36",4639400
31000,0,500,"sd","14:15:36",4638400
31000,0,1000,"sd","14:15:36",4637900
31000,0,500,"sd","14:15:36",4636900
31000,0,1000,"sd","14:15:36",4636400
31000,0,5000,"sd","14:15:36",4635400
31000,0,500,"sd","14:15:36",4630400
31000,0,100,"sd","14:15:36",4629900
31000,0,100,"sd","14:15:36",4629800
31000,0,100,"sd","14:15:36",4629700
31000,0,100,"sd","14:15:36",4629600
31000,0,1000,"sd","14:15:36",4629500
31000,0,100,"sd","14:15:36",4628500
31000,0,100,"sd","14:15:36",4628400
31000,0,100,"sd","14:15:36",4628300
31000,0,100,"sd","14:15:36",4628200
31000,0,5000,"sd","14:15:36",4628100
31000,0,3000,"sd","14:15:36",4623100
31000,0,2000,"sd","14:15:36",4620100
31000,0,5000,"sd","14:15:36",4618100
31000,0,200,"sd","14:15:36",4613100
31000,0,3700,"sd","14:15:36",4612900
31000,0,300,"sd","14:15:36",4609200
31000,0,500,"sd","14:15:36",4608900
31000,0,400,"sd","14:15:36",4608400
31000,0,200,"sd","14:15:36",4608000
31000,0,2500,"sd","14:15:36",4607800
31000,0,12100,"sd","14:15:36",4605300
31000,0,2500,"sd","14:15:36",4593200
31000,0,500,"sd","14:15:36",4590700
31000,0,1500,"sd","14:15:36",4590200
31000,0,500,"sd","14:15:36",4588700
31000,0,300,"sd","14:15:36",4588200
31000,0,1300,"sd","14:15:36",4587900
31000,0,1000,"sd","14:15:36",4586600
31000,0,200,"sd","14:15:36",4585600
31000,0,1000,"sd","14:15:36",4585400
31000,0,400,"sd","14:15:36",4584400
31000,0,500,"sd","14:15:36",4584000
31000,0,2000,"sd","14:15:36",4583500
31000,0,500,"sd","14:15:36",4581500
31000,0,2200,"sd","14:15:36",4581000
31000,0,300,"sd","14:15:36",4578800
31000,0,100,"sd","14:15:36",4578500
31000,0,400,"sd","14:15:36",4578400
31000,0,100,"sd","14:15:36",4578000
31000,0,100,"sd","14:15:36",4577900
31000,0,200,"sd","14:15:36",4577800
31000,0,500,"sd","14:15:36",4577600
31000,0,900,"sd","14:15:36",4577100
31000,0,100,"sd","14:15:36",4576200
31000,0,1000,"sd","14:15:36",4576100
31000,0,200,"sd","14:15:36",4575100
31000,0,100,"sd","14:15:36",4574900
31000,0,100,"sd","14:15:36",4574800
31000,0,100,"sd","14:15:36",4574700
31000,0,500,"sd","14:15:36",4574600
31000,0,100,"sd","14:15:36",4574100
31000,0,2700,"sd","14:15:36",4574000
31000,0,6300,"sd","14:15:36",4571300
31000,0,1800,"sd","14:15:36",4565000
31000,0,1700,"sd","14:15:36",4563200
31000,0,1000,"sd","14:15:36",4561500
31000,0,1000,"sd","14:15:35",4560500
31000,0,2000,"sd","14:15:35",4559500
31000,0,5400,"sd","14:15:35",4557500
31000,0,500,"sd","14:15:35",4552100
31000,0,1000,"sd","14:15:35",4551600
31000,0,100,"sd","14:15:35",4550600
31000,0,4000,"sd","14:15:35",4550500
31000,0,600,"sd","14:15:35",4546500
31000,0,1000,"sd","14:15:35",4545900
31000,0,1400,"sd","14:15:35",4544900
31000,0,600,"sd","14:15:34",4543500
31000,0,5000,"sd","14:15:33",4542900
31000,0,1000,"sd","14:15:33",4537900
31000,0,10000,"sd","14:15:32",4536900
31000,0,100,"sd","14:15:31",4526900
31000,0,1000,"sd","14:15:30",4526800
31000,0,10000,"sd","14:15:29",4525800
31000,0,100,"sd","14:15:29",4515800
31000,0,300,"sd","14:15:28",4515700
31000,0,3000,"sd","14:15:27",4515400
31000,0,200,"sd","14:15:26",4512400
31000,0,2000,"sd","14:15:25",4512200
31000,0,7700,"sd","14:15:24",4510200
31000,0,1000,"sd","14:15:24",4502500
31000,0,100,"sd","14:15:24",4501500
31000,0,2000,"sd","14:15:24",4501400
31000,0,1000,"sd","14:15:24",4499400
31000,0,2000,"sd","14:15:24",4498400
31000,0,200,"sd","14:15:24",4496400
31000,0,500,"sd","14:15:24",4496200
31000,0,100,"sd","14:15:24",4495700
31000,0,5000,"sd","14:15:24",4495600
31000,0,400,"sd","14:15:24",4490600
31000,0,100,"sd","14:15:11",4490200
31000,0,500,"sd","14:15:10",4490100
31000,0,100,"sd","14:15:10",4489600
31000,0,100,"sd","14:15:10",4489500
31000,0,100,"sd","14:15:10",4489400
31000,0,300,"sd","14:15:10",4489300
31000,0,200,"sd","14:15:09",4489000
31000,0,500,"sd","14:15:09",4488800
31000,0,400,"sd","14:15:09",4488300
31000,0,1000,"sd","14:15:09",4487900
31000,0,100,"sd","14:15:09",4486900
31050,50,100,"sd","14:15:09",4486800
31050,50,2700,"sd","14:15:09",4486700
31050,50,300,"sd","14:15:09",4484000
31050,50,500,"sd","14:15:09",4483700
31050,50,100,"sd","14:15:09",4483200
31050,50,500,"sd","14:15:09",4483100
31050,50,3000,"sd","14:15:09",4482600
31050,50,100,"sd","14:15:09",4479600
31050,50,200,"sd","14:15:09",4479500
31050,50,300,"sd","14:15:09",4479300
31050,50,1000,"sd","14:15:09",4479000
31050,50,600,"sd","14:15:09",4478000
31050,50,2100,"sd","14:15:08",4477400
31050,50,5000,"sd","14:15:08",4475300
31050,50,100,"sd","14:15:08",4470300
31050,50,2800,"sd","14:15:08",4470200
31050,50,100,"sd","14:15:08",4467400
31050,50,1100,"sd","14:15:08",4467300
31050,50,3000,"sd","14:15:08",4466200
31050,50,500,"sd","14:15:08",4463200
31050,50,1400,"sd","14:15:08",4462700
31050,50,1000,"sd","14:15:07",4461300
31050,50,400,"sd","14:15:06",4460300
31050,50,100,"sd","14:15:06",4459900
31050,50,400,"sd","14:15:06",4459800
31050,50,10000,"sd","14:15:06",4459400
31050,50,600,"sd","14:15:03",4449400
31050,50,1000,"sd","14:15:02",4448800
31050,50,5000,"sd","14:15:02",4447800
31050,50,600,"sd","14:15:01",4442800
31050,50,5000,"sd","14:15:00",4442200
31050,50,1000,"sd","14:15:00",4437200
31050,50,100,"sd","14:14:59",4436200
31050,50,600,"sd","14:14:53",4436100
31050,50,3000,"sd","14:14:52",4435500
31050,50,3500,"sd","14:14:52",4432500
31050,50,600,"sd","14:14:49",4429000
31050,50,6000,"sd","14:14:48",4428400
31050,50,400,"sd","14:14:36",4422400
31100,100,3000,"sd","14:14:35",4422000
31100,100,200,"sd","14:14:35",4419000
31100,100,700,"sd","14:14:35",4418800
31100,100,100,"sd","14:14:35",4418100
31100,100,2100,"sd","14:14:34",4418000
31100,100,2700,"sd","14:14:34",4415900
31100,100,100,"sd","14:14:34",4413200
31100,100,2800,"sd","14:14:34",4413100
31100,100,2700,"sd","14:14:34",4410300
31100,100,2800,"sd","14:14:34",4407600
31100,100,100,"sd","14:14:34",4404800
31100,100,26700,"sd","14:14:34",4404700
31100,100,200,"sd","14:14:33",4378000
31100,100,100,"sd","14:14:32",4377800
31100,100,500,"sd","14:14:32",4377700
31100,100,1000,"sd","14:14:31",4377200
31100,100,10000,"sd","14:14:30",4376200
31100,100,800,"sd","14:13:58",4366200
31100,100,8000,"sd","14:13:57",4365400
31100,100,200,"sd","14:13:53",4357400
31150,150,2100,"bu","14:13:52",4357200
31150,150,700,"bu","14:13:52",4355100
31150,150,300,"bu","14:13:44",4354400
31150,150,200,"bu","14:13:44",4354100
31100,100,200,"sd","14:13:34",4353900
31100,100,100,"sd","14:13:28",4353700
31100,100,200,"sd","14:13:26",4353600
31100,100,2000,"sd","14:13:25",4353400
31100,100,800,"sd","14:13:25",4351400
31100,100,100,"sd","14:13:20",4350600
31100,100,1000,"sd","14:13:19",4350500
31100,100,100,"sd","14:13:10",4349500
31100,100,1500,"sd","14:13:09",4349400
31100,100,100,"sd","14:13:09",4347900
31100,100,15900,"sd","14:13:08",4347800
31100,100,200,"sd","14:13:01",4331900
31100,100,200,"sd","14:13:00",4331700
31100,100,2000,"sd","14:13:00",4331500
31100,100,400,"sd","14:12:57",4329500
31100,100,4000,"sd","14:12:56",4329100
31100,100,600,"sd","14:12:46",4325100
31100,100,6500,"sd","14:12:45",4324500
31100,100,500,"sd","14:12:39",4318000
31100,100,5000,"sd","14:12:38",4317500
31100,100,300,"sd","14:12:10",4312500
31100,100,3000,"sd","14:12:09",4312200
31100,100,7800,"sd","14:12:08",4309200
31100,100,2800,"sd","14:12:08",4301400
31100,100,1000,"sd","14:12:08",4298600
31100,100,1000,"sd","14:12:08",4297600
31100,100,10000,"sd","14:12:08",4296600
31100,100,300,"sd","14:12:08",4286600
31100,100,100,"sd","14:12:08",4286300
31100,100,3000,"sd","14:12:08",4286200
31100,100,2800,"sd","14:12:08",4283200
31100,100,100,"sd","14:12:08",4280400
31100,100,1100,"sd","14:12:08",4280300
31100,100,200,"sd","14:11:59",4279200
31100,100,2000,"sd","14:11:58",4279000
31100,100,100,"sd","14:11:33",4277000
31100,100,1000,"sd","14:11:32",4276900
31100,100,5600,"sd","14:11:31",4275900
31100,100,4000,"sd","14:11:31",4270300
31100,100,400,"sd","14:11:31",4266300
31100,100,700,"sd","14:10:37",4265900
31150,150,2100,"bu","14:10:36",4265200
31150,150,4800,"bu","14:10:36",4263100
31150,150,500,"bu","14:10:36",4258300
31100,100,100,"sd","14:10:19",4257800
31100,100,1000,"sd","14:10:18",4257700
31100,100,200,"sd","14:10:05",4256700
31100,100,200,"sd","14:09:39",4256500
31100,100,2000,"sd","14:09:38",4256300
31150,150,1900,"bu","14:09:37",4254300
31150,150,10000,"bu","14:09:37",4252400
31150,150,3000,"bu","14:09:37",4242400
31150,150,5100,"bu","14:09:37",4239400
31150,150,200,"bu","14:09:32",4234300
31150,150,700,"sd","14:08:54",4234100
31150,150,100,"sd","14:08:51",4233400
31150,150,1200,"bu","14:08:50",4233300
31100,100,100,"sd","14:08:50",4232100
31150,150,900,"bu","14:08:49",4232000
31100,100,200,"sd","14:08:49",4231100
31150,150,2700,"bu","14:08:48",4230900
31150,150,200,"bu","14:08:47",4228200
31150,150,100,"bu","14:08:47",4228000
31150,150,900,"bu","14:08:41",4227900
31100,100,400,"sd","14:08:39",4227000
31150,150,4000,"bu","14:08:38",4226600
31100,100,300,"sd","14:08:26",4222600
31200,200,2800,"bu","14:08:25",4222300
31200,200,100,"bu","14:08:25",4219500
31200,200,100,"bu","14:08:25",4219400
31100,100,200,"sd","14:08:08",4219300
31150,150,700,"sd","14:08:08",4219100
31150,150,4000,"bu","14:08:07",4218400
31150,150,5000,"bu","14:08:07",4214400
31150,150,300,"bu","14:08:07",4209400
31100,100,200,"sd","14:07:49",4209100
31100,100,2000,"sd","14:07:48",4208900
31100,100,100,"sd","14:07:44",4206900
31150,150,400,"bu","14:07:38",4206800
31150,150,300,"sd","14:07:14",4206400
31150,150,500,"sd","14:07:12",4206100
31150,150,200,"sd","14:07:11",4205600
31150,150,400,"sd","14:07:11",4205400
31150,150,2700,"sd","14:07:11",4205000
31150,150,200,"sd","14:07:11",4202300
31150,150,200,"sd","14:07:11",4202100
31150,150,1300,"sd","14:07:11",4201900
31150,150,500,"sd","14:07:10",4200600
31150,150,1000,"sd","14:07:09",4200100
31150,150,1000,"sd","14:07:09",4199100
31150,150,2000,"sd","14:07:09",4198100
31150,150,1000,"sd","14:07:09",4196100
31150,150,500,"sd","14:07:01",4195100
31150,150,200,"sd","14:07:00",4194600
31150,150,2700,"sd","14:07:00",4194400
31150,150,1000,"sd","14:07:00",4191700
31150,150,100,"sd","14:07:00",4190700
31150,150,1000,"sd","14:07:00",4190600
31150,150,200,"sd","14:06:41",4189600
31150,150,200,"sd","14:06:40",4189400
31150,150,100,"sd","14:06:40",4189200
31150,150,400,"sd","14:06:40",4189100
31150,150,200,"sd","14:06:40",4188700
31150,150,600,"sd","14:06:40",4188500
31150,150,400,"sd","14:06:40",4187900
31150,150,100,"sd","14:06:40",4187500
31150,150,100,"sd","14:06:30",4187400
31150,150,100,"sd","14:06:14",4187300
31150,150,1300,"sd","14:06:13",4187200
31150,150,100,"sd","14:05:50",4185900
31200,200,1000,"bu","14:05:49",4185800
31150,150,300,"sd","14:05:29",4184800
31150,150,100,"sd","14:05:28",4184500
31200,200,1000,"bu","14:05:27",4184400
31150,150,200,"sd","14:04:41",4183400
31200,200,2900,"sd","14:04:40",4183200
31200,200,100,"sd","14:04:31",4180300
31200,200,100,"sd","14:04:30",4180200
31200,200,1000,"sd","14:04:30",4180100
31200,200,3900,"sd","14:04:29",4179100
31200,200,6100,"sd","14:04:29",4175200
31200,200,200,"sd","14:04:08",4169100
31200,200,2000,"sd","14:04:07",4168900
31200,200,500,"sd","14:03:59",4166900
31200,200,100,"bu","14:03:58",4166400
31200,200,200,"bu","14:03:58",4166300
31200,200,4900,"bu","14:03:58",4166100
31200,200,100,"bu","14:03:57",4161200
31200,200,200,"bu","14:03:57",4161100
31200,200,300,"bu","14:03:51",4160900
31200,200,400,"bu","14:03:51",4160600
31150,150,200,"sd","14:03:45",4160200
31200,200,2800,"bu","14:03:44",4160000
31200,200,100,"bu","14:03:20",4157200
31150,150,500,"sd","14:03:13",4157100
31200,200,5000,"bu","14:03:12",4156600
31150,150,300,"sd","14:03:06",4151600
31200,200,100,"bu","14:02:59",4151300
31150,150,100,"sd","14:02:52",4151200
31150,150,1500,"sd","14:02:51",4151100
31200,200,1600,"bu","14:02:50",4149600
31200,200,13400,"bu","14:02:50",4148000
31150,150,200,"sd","14:02:44",4134600
31200,200,2700,"bu","14:02:43",4134400
31200,200,100,"bu","14:02:29",4131700
31200,200,100,"bu","14:02:28",4131600
31150,150,500,"sd","14:02:24",4131500
31200,200,3700,"bu","14:02:23",4131000
31200,200,400,"bu","14:02:23",4127300
31200,200,900,"bu","14:02:23",4126900
31150,150,800,"sd","14:02:08",4126000
31150,150,500,"sd","14:02:03",4125200
31200,200,5000,"bu","14:02:02",4124700
31150,150,500,"sd","14:01:52",4119700
31200,200,4100,"bu","14:01:51",4119200
31200,200,300,"bu","14:01:51",4115100
31200,200,600,"bu","14:01:51",4114800
31150,150,100,"sd","14:01:50",4114200
31150,150,1000,"sd","14:01:49",4114100
31150,150,1100,"sd","14:01:48",4113100
31150,150,3000,"sd","14:01:48",4112000
31150,150,5900,"sd","14:01:48",4109000
31150,150,400,"sd","14:01:25",4103100
31200,200,4000,"bu","14:01:24",4102700
31150,150,200,"sd","14:01:01",4098700
31150,150,300,"sd","14:00:52",4098500
31200,200,1500,"bu","14:00:51",4098200
31200,200,400,"bu","14:00:51",4096700
31200,200,1100,"bu","14:00:51",4096300
31150,150,300,"sd","14:00:16",4095200
31150,150,800,"sd","14:00:05",4094900
31150,150,8300,"sd","14:00:04",4094100
31150,150,2500,"bu","14:00:03",4085800
31150,150,1000,"bu","14:00:03",4083300
31150,150,20000,"bu","14:00:03",4082300
31150,150,10000,"bu","14:00:03",4062300
31150,150,2000,"bu","14:00:03",4052300
31150,150,400,"bu","14:00:03",4050300
31150,150,47900,"bu","14:00:03",4049900
31100,100,100,"sd","13:59:03",4002000
31100,100,1000,"sd","13:59:02",4001900
31100,100,300,"sd","13:59:01",4000900
31100,100,900,"sd","13:58:48",4000600
31100,100,9600,"bu","13:58:47",3999700
31050,50,400,"sd","13:58:36",3990100
31100,100,400,"bu","13:58:35",3989700
31100,100,200,"bu","13:58:35",3989300
31100,100,200,"bu","13:58:35",3989100
31100,100,3200,"bu","13:58:35",3988900
31050,50,100,"sd","13:58:13",3985700
31100,100,1000,"bu","13:58:12",3985600
31050,50,300,"sd","13:57:37",3984600
31100,100,3500,"bu","13:57:36",3984300
31100,100,100,"bu","13:57:34",3980800
31050,50,200,"sd","13:57:28",3980700
31050,50,100,"sd","13:57:20",3980500
31050,50,1000,"sd","13:57:19",3980400
31050,50,100,"sd","13:57:02",3979400
31100,100,1100,"bu","13:57:01",3979300
31100,100,100,"bu","13:56:57",3978200
31100,100,500,"bu","13:56:55",3978100
31100,100,500,"bu","13:56:49",3977600
31050,50,100,"sd","13:56:39",3977100
31050,50,600,"sd","13:56:38",3977000
31100,100,600,"sd","13:56:38",3976400
31100,100,400,"sd","13:56:37",3975800
31100,100,4000,"sd","13:56:37",3975400
31100,100,5600,"sd","13:56:37",3971400
31100,100,2000,"sd","13:56:37",3965800
31100,100,100,"sd","13:56:36",3963800
31100,100,100,"sd","13:56:30",3963700
31100,100,1000,"sd","13:56:29",3963600
31100,100,10000,"sd","13:56:28",3962600
31100,100,700,"sd","13:56:25",3952600
31100,100,500,"sd","13:56:21",3951900
31100,100,5000,"sd","13:56:20",3951400
31100,100,200,"sd","13:56:20",3946400
31100,100,2600,"sd","13:56:19",3946200
31100,100,200,"sd","13:56:13",3943600
31100,100,2000,"sd","13:56:12",3943400
31100,100,20000,"sd","13:56:11",3941400
31050,50,400,"sd","13:56:05",3921400
31050,50,2000,"sd","13:56:04",3921000
31050,50,2300,"sd","13:56:04",3919000
31050,50,3700,"sd","13:56:03",3916700
31050,50,600,"sd","13:56:03",3913000
31050,50,7200,"sd","13:56:03",3912400
31100,100,12200,"sd","13:56:03",3905200
31100,100,1000,"bu","13:56:02",3893000
31100,100,1000,"bu","13:56:02",3892000
31100,100,20000,"bu","13:56:02",3891000
31100,100,15800,"bu","13:56:02",3871000
31050,50,500,"sd","13:56:01",3855200
31050,50,100,"sd","13:55:54",3854700
31050,50,1000,"sd","13:55:53",3854600
31050,50,100,"sd","13:55:47",3853600
31050,50,1000,"sd","13:55:46",3853500
31050,50,900,"sd","13:55:35",3852500
31050,50,9200,"bu","13:55:34",3851600
31000,0,800,"sd","13:55:25",3842400
31050,50,5800,"bu","13:55:24",3841600
31050,50,2200,"bu","13:55:24",3835800
31000,0,200,"sd","13:55:19",3833600
31050,50,1200,"bu","13:55:18",3833400
31050,50,600,"bu","13:55:18",3832200
31050,50,200,"bu","13:55:18",3831600
31050,50,100,"bu","13:55:17",3831400
31050,50,300,"bu","13:55:15",3831300
31000,0,500,"sd","13:55:14",3831000
31000,0,500,"sd","13:55:13",3830500
31050,50,5000,"bu","13:55:13",3830000
31000,0,400,"sd","13:55:03",3825000
31050,50,100,"sd","13:55:02",3824600
31050,50,4300,"sd","13:55:02",3824500
31050,50,500,"sd","13:55:00",3820200
31050,50,5200,"bu","13:54:59",3819700
31000,0,600,"sd","13:54:49",3814500
31050,50,1000,"sd","13:54:48",3813900
31050,50,3000,"sd","13:54:48",3812900
31050,50,800,"sd","13:54:48",3809900
31050,50,2000,"sd","13:54:48",3809100
31050,50,200,"sd","13:54:43",3807100
31000,0,400,"sd","13:54:38",3806900
31000,0,1600,"sd","13:54:37",3806500
31050,50,500,"sd","13:54:37",3804900
31100,100,2700,"bu","13:54:37",3804400
31100,100,5000,"sd","13:54:36",3801700
31100,100,16500,"sd","13:54:36",3796700
31100,100,100,"sd","13:54:33",3780200
31100,100,1000,"sd","13:54:32",3780100
31100,100,10000,"sd","13:54:31",3779100
31100,100,200,"sd","13:54:30",3769100
31100,100,2000,"sd","13:54:29",3768900
31100,100,15000,"bu","13:54:28",3766900
31100,100,5200,"bu","13:54:28",3751900
31000,0,700,"sd","13:54:14",3746700
31000,0,7000,"sd","13:54:13",3746000
31000,0,1100,"sd","13:54:12",3739000
31050,50,400,"sd","13:54:12",3737900
31050,50,2000,"sd","13:54:12",3737500
31050,50,5600,"sd","13:54:12",3735500
31050,50,100,"sd","13:54:12",3729900
31050,50,28000,"sd","13:54:12",3729800
31050,50,5000,"sd","13:54:12",3701800
31050,50,2800,"sd","13:54:12",3696800
31050,50,200,"sd","13:54:12",3694000
31050,50,2700,"sd","13:54:12",3693800
31050,50,200,"sd","13:54:12",3691100
31050,50,1000,"sd","13:54:12",3690900
31050,50,1000,"sd","13:54:12",3689900
31050,50,1000,"sd","13:54:12",3688900
31050,50,2000,"sd","13:54:12",3687900
31050,50,500,"sd","13:54:12",3685900
31050,50,200,"sd","13:54:12",3685400
31050,50,10000,"sd","13:54:12",3685200
31050,50,1500,"sd","13:54:12",3675200
31050,50,500,"sd","13:54:12",3673700
31050,50,4200,"sd","13:54:12",3673200
31050,50,400,"sd","13:54:12",3669000
31050,50,400,"sd","13:54:11",3668600
31050,50,200,"sd","13:54:11",3668200
31050,50,3000,"sd","13:54:11",3668000
31050,50,300,"sd","13:54:11",3665000
31050,50,500,"sd","13:54:11",3664700
31100,100,500,"sd","13:54:10",3664200
31100,100,2800,"sd","13:54:10",3663700
31100,100,300,"sd","13:54:10",3660900
31100,100,500,"sd","13:54:10",3660600
31100,100,3000,"sd","13:54:10",3660100
31100,100,4000,"sd","13:54:10",3657100
31100,100,1000,"sd","13:54:10",3653100
31100,100,3500,"sd","13:54:10",3652100
31100,100,10000,"sd","13:54:10",3648600
31100,100,2800,"sd","13:54:10",3638600
31100,100,3000,"sd","13:54:10",3635800
31100,100,13400,"sd","13:54:10",3632800
31100,100,100,"sd","13:53:48",3619400
31100,100,1000,"sd","13:53:47",3619300
31100,100,10000,"sd","13:53:46",3618300
31100,100,500,"sd","13:53:43",3608300
31100,100,200,"sd","13:53:28",3607800
31150,150,100,"sd","13:53:27",3607600
31150,150,2000,"sd","13:53:27",3607500
31100,100,400,"sd","13:53:05",3605500
31100,100,100,"sd","13:53:04",3605100
31100,100,3200,"sd","13:53:04",3605000
31150,150,1000,"sd","13:53:04",3601800
31150,150,600,"sd","13:53:04",3600800
31150,150,1000,"sd","13:53:03",3600200
31150,150,100,"sd","13:52:50",3599200
31150,150,100,"sd","13:52:49",3599100
31150,150,1200,"sd","13:52:49",3599000
31150,150,1500,"sd","13:52:48",3597800
31150,150,15500,"bu","13:52:47",3596300
31100,100,400,"sd","13:52:45",3580800
31100,100,500,"sd","13:52:44",3580400
31150,150,2700,"sd","13:52:44",3579900
31150,150,1000,"sd","13:52:44",3577200
31150,150,2000,"sd","13:52:43",3576200
31150,150,2800,"sd","13:52:43",3574200
31150,150,1000,"sd","13:52:43",3571400
31150,150,200,"sd","13:52:31",3570400
31150,150,2000,"sd","13:52:30",3570200
31150,150,16800,"sd","13:52:29",3568200
31150,150,300,"sd","13:52:29",3551400
31150,150,2500,"sd","13:52:29",3551100
31150,150,400,"sd","13:52:29",3548600
31150,150,200,"sd","13:52:01",3548200
31150,150,2300,"sd","13:52:00",3548000
31150,150,600,"sd","13:52:00",3545700
31200,200,3900,"bu","13:51:59",3545100
31200,200,1300,"bu","13:51:59",3541200
31200,200,5000,"bu","13:51:59",3539900
31200,200,300,"bu","13:51:59",3534900
31200,200,4000,"bu","13:51:59",3534600
31200,200,14800,"bu","13:51:59",3530600
31150,150,500,"sd","13:51:08",3515800
31150,150,900,"sd","13:51:03",3515300
31150,150,9800,"sd","13:51:02",3514400
31150,150,200,"sd","13:50:40",3504600
31150,150,2000,"sd","13:50:39",3504400
31150,150,700,"bu","13:50:33",3502400
31150,150,100,"unknown","13:50:31",3501700
31150,150,100,"sd","13:50:31",3501600
31150,150,2000,"sd","13:50:30",3501500
31150,150,700,"sd","13:50:24",3499500
31200,200,100,"bu","13:50:19",3498800
31150,150,100,"sd","13:50:16",3498700
31150,150,1000,"sd","13:50:15",3498600
31150,150,400,"sd","13:50:03",3497600
31150,150,600,"sd","13:50:02",3497200
31150,150,3600,"sd","13:50:02",3496600
31150,150,500,"sd","13:50:00",3493000
31150,150,5000,"sd","13:49:59",3492500
31150,150,200,"sd","13:49:39",3487500
31150,150,700,"sd","13:49:38",3487300
31150,150,1300,"sd","13:49:38",3486600
31150,150,100,"sd","13:49:02",3485300
31150,150,1500,"sd","13:49:01",3485200
31150,150,100,"sd","13:48:54",3483700
31150,150,1000,"bu","13:48:53",3483600
31100,100,100,"sd","13:48:47",3482600
31150,150,300,"bu","13:48:46",3482500
31150,150,1000,"bu","13:48:46",3482200
31100,100,600,"sd","13:48:41",3481200
31150,150,2700,"sd","13:48:40",3480600
31150,150,2000,"sd","13:48:40",3477900
31150,150,1800,"sd","13:48:40",3475900
31150,150,700,"sd","13:48:28",3474100
31150,150,7100,"sd","13:48:27",3473400
31150,150,600,"sd","13:48:20",3466300
31150,150,2300,"sd","13:48:19",3465700
31150,150,4200,"sd","13:48:19",3463400
31150,150,500,"sd","13:48:04",3459200
31150,150,400,"sd","13:47:55",3458700
31150,150,4900,"bu","13:47:54",3458300
31100,100,100,"sd","13:47:40",3453400
31100,100,1500,"sd","13:47:39",3453300
31150,150,2800,"bu","13:47:38",3451800
31150,150,500,"unknown","13:47:38",3449000
31150,150,2700,"sd","13:47:38",3448500
31150,150,9100,"sd","13:47:38",3445800
31150,150,700,"sd","13:47:24",3436700
31200,200,200,"bu","13:47:18",3436000
31150,150,200,"sd","13:46:54",3435800
31150,150,2000,"sd","13:46:53",3435600
31200,200,4900,"bu","13:46:52",3433600
31200,200,5400,"bu","13:46:52",3428700
31200,200,9700,"bu","13:46:52",3423300
31150,150,500,"sd","13:46:17",3413600
31150,150,300,"sd","13:45:52",3413100
31150,150,3300,"sd","13:45:51",3412800
31150,150,600,"bu","13:45:50",3409500
31150,150,33300,"bu","13:45:50",3408900
31100,100,200,"sd","13:45:21",3375600
31100,100,2000,"sd","13:45:20",3375400
31100,100,300,"sd","13:45:11",3373400
31100,100,3000,"sd","13:45:10",3373100
31100,100,500,"sd","13:44:49",3370100
31100,100,5000,"sd","13:44:48",3369600
31100,100,600,"sd","13:44:47",3364600
31100,100,6300,"bu","13:44:46",3364000
31050,50,500,"sd","13:44:42",3357700
31050,50,100,"sd","13:44:42",3357200
31050,50,200,"sd","13:44:42",3357100
31050,50,500,"sd","13:44:38",3356900
31050,50,1300,"sd","13:44:37",3356400
31050,50,300,"sd","13:44:37",3355100
31050,50,500,"sd","13:44:37",3354800
31050,50,500,"sd","13:44:37",3354300
31050,50,100,"sd","13:44:37",3353800
31050,50,2300,"sd","13:44:37",3353700
31050,50,400,"sd","13:44:33",3351400
31050,50,100,"sd","13:44:31",3351000
31050,50,1000,"sd","13:44:30",3350900
31050,50,1200,"sd","13:44:29",3349900
31050,50,2000,"sd","13:44:29",3348700
31050,50,500,"sd","13:44:29",3346700
31050,50,2000,"sd","13:44:29",3346200
31050,50,500,"sd","13:44:29",3344200
31050,50,1000,"sd","13:44:29",3343700
31050,50,400,"sd","13:44:29",3342700
31100,100,1400,"sd","13:44:29",3342300
31100,100,100,"sd","13:44:29",3340900
31100,100,100,"sd","13:44:29",3340800
31100,100,1000,"sd","13:44:29",3340700
31100,100,1000,"sd","13:44:28",3339700
31100,100,500,"sd","13:44:28",3338700
31100,100,300,"sd","13:44:28",3338200
31100,100,200,"sd","13:44:28",3337900
31100,100,1500,"sd","13:44:28",3337700
31100,100,500,"sd","13:44:28",3336200
31100,100,50000,"sd","13:44:28",3335700
31100,100,100,"sd","13:44:28",3285700
31100,100,2800,"sd","13:44:28",3285600
31100,100,300,"sd","13:44:28",3282800
31100,100,100,"sd","13:44:28",3282500
31100,100,500,"sd","13:44:28",3282400
31100,100,4000,"sd","13:44:28",3281900
31100,100,2000,"sd","13:44:28",3277900
31100,100,1100,"sd","13:44:28",3275900
31100,100,400,"sd","13:44:28",3274800
31100,100,500,"sd","13:44:28",3274400
31100,100,400,"sd","13:44:28",3273900
31100,100,100,"sd","13:44:28",3273500
31100,100,5000,"sd","13:44:28",3273400
31100,100,200,"sd","13:44:28",3268400
31100,100,100,"sd","13:44:28",3268200
31100,100,2700,"sd","13:44:28",3268100
31100,100,1800,"sd","13:44:28",3265400
31100,100,100,"sd","13:43:53",3263600
31100,100,900,"sd","13:43:52",3263500
31100,100,1000,"sd","13:43:52",3262600
31150,150,2300,"bu","13:43:51",3261600
31150,150,2800,"sd","13:43:51",3259300
31150,150,4400,"sd","13:43:51",3256500
31150,150,2000,"sd","13:43:51",3252100
31150,150,2000,"sd","13:43:51",3250100
31150,150,2700,"sd","13:43:51",3248100
31150,150,500,"sd","13:43:51",3245400
31150,150,2500,"sd","13:43:51",3244900
31150,150,200,"sd","13:43:50",3242400
31150,150,200,"sd","13:43:50",3242200
31150,150,2700,"sd","13:43:50",3242000
31150,150,1000,"sd","13:43:50",3239300
31150,150,10000,"sd","13:43:50",3238300
31150,150,5000,"sd","13:43:50",3228300
31150,150,2700,"sd","13:43:50",3223300
31150,150,100,"sd","13:43:50",3220600
31150,150,200,"sd","13:43:50",3220500
31150,150,2900,"sd","13:43:50",3220300
31150,150,500,"sd","13:43:43",3217400
31150,150,200,"sd","13:43:43",3216900
31150,150,2000,"sd","13:43:42",3216700
31150,150,100,"sd","13:43:34",3214700
31150,150,300,"sd","13:43:33",3214600
31150,150,400,"sd","13:43:33",3214300
31150,150,300,"sd","13:43:33",3213900
31150,150,2400,"sd","13:43:32",3213600
31150,150,700,"sd","13:43:32",3211200
31150,150,6900,"sd","13:43:32",3210500
31150,150,300,"sd","13:43:31",3203600
31150,150,300,"sd","13:42:19",3203300
31200,200,3300,"bu","13:42:18",3203000
31150,150,100,"sd","13:42:07",3199700
31200,200,1000,"bu","13:42:06",3199600
31150,150,200,"sd","13:42:04",3198600
31150,150,2000,"sd","13:42:03",3198400
31150,150,20000,"sd","13:42:02",3196400
31150,150,500,"sd","13:42:01",3176400
31150,150,4700,"sd","13:42:00",3175900
31150,150,300,"sd","13:42:00",3171200
31200,200,200,"bu","13:41:38",3170900
31150,150,100,"sd","13:41:38",3170700
31200,200,1200,"bu","13:41:37",3170600
31150,150,100,"sd","13:41:34",3169400
31200,200,1000,"bu","13:41:33",3169300
31150,150,200,"sd","13:41:28",3168300
31200,200,2800,"bu","13:41:27",3168100
31200,200,100,"bu","13:41:11",3165300
31200,200,500,"sd","13:41:09",3165200
31200,200,200,"sd","13:41:09",3164700
31200,200,300,"bu","13:41:07",3164500
31200,200,300,"bu","13:41:00",3164200
31150,150,300,"sd","13:40:59",3163900
31200,200,2700,"bu","13:40:58",3163600
31200,200,100,"bu","13:40:58",3160900
31200,200,100,"bu","13:40:58",3160800
31200,200,100,"bu","13:40:58",3160700
31150,150,400,"sd","13:40:52",3160600
31200,200,4000,"bu","13:40:51",3160200
31150,150,200,"sd","13:40:41",3156200
31150,150,2000,"sd","13:40:40",3156000
31200,200,20000,"bu","13:40:39",3154000
31150,150,100,"sd","13:40:34",3134000
31200,200,1000,"bu","13:40:33",3133900
31150,150,300,"sd","13:40:27",3132900
31150,150,3200,"sd","13:40:26",3132600
31150,150,100,"sd","13:40:25",3129400
31150,150,1100,"sd","13:40:24",3129300
31150,150,100,"sd","13:40:09",3128200
31200,200,100,"bu","13:40:09",3128100
31150,150,100,"sd","13:39:38",3128000
31200,200,1000,"bu","13:39:36",3127900
31150,150,300,"sd","13:39:28",3126900
31200,200,2800,"sd","13:39:27",3126600
31200,200,1000,"sd","13:39:27",3123800
31200,200,300,"sd","13:39:26",3122800
31200,200,3000,"sd","13:39:25",3122500
31200,200,700,"sd","13:39:24",3119500
31200,200,2000,"sd","13:39:24",3118800
31200,200,2700,"sd","13:39:24",3116800
31200,200,300,"sd","13:39:24",3114100
31200,200,2800,"sd","13:39:24",3113800
31200,200,1000,"sd","13:39:24",3111000
31200,200,5000,"sd","13:39:24",3110000
31200,200,200,"sd","13:39:24",3105000
31200,200,2000,"sd","13:39:24",3104800
31200,200,13300,"sd","13:39:24",3102800
31200,200,100,"sd","13:38:47",3089500
31200,200,1000,"sd","13:38:46",3089400
31250,250,1900,"bu","13:38:45",3088400
31250,250,5000,"bu","13:38:45",3086500
31250,250,500,"bu","13:38:45",3081500
31250,250,2600,"bu","13:38:45",3081000
31200,200,100,"sd","13:38:39",3078400
31200,200,1100,"sd","13:38:38",3078300
31200,200,11400,"sd","13:38:37",3077200
31200,200,700,"sd","13:37:01",3065800
31200,200,6000,"bu","13:37:00",3065100
31200,200,1300,"bu","13:37:00",3059100
31150,150,100,"sd","13:36:43",3057800
31150,150,100,"sd","13:36:43",3057700
31200,200,2000,"bu","13:36:42",3057600
31150,150,500,"sd","13:36:36",3055600
31200,200,5000,"bu","13:36:35",3055100
31150,150,300,"sd","13:36:19",3050100
31150,150,300,"sd","13:36:19",3049800
31200,200,6700,"sd","13:36:18",3049500
31200,200,100,"sd","13:36:12",3042800
31200,200,1200,"sd","13:36:11",3042700
31200,200,10000,"bu","13:36:10",3041500
31200,200,2000,"bu","13:36:10",3031500
31200,200,100,"bu","13:36:04",3029500
31150,150,200,"sd","13:36:00",3029400
31200,200,2000,"bu","13:35:59",3029200
31150,150,200,"sd","13:35:53",3027200
31150,150,2100,"sd","13:35:52",3027000
31150,150,200,"sd","13:35:25",3024900
31150,150,200,"sd","13:35:24",3024700
31200,200,2600,"bu","13:35:24",3024500
31200,200,2800,"bu","13:35:23",3021900
31200,200,500,"sd","13:35:15",3019100
31200,200,100,"sd","13:35:14",3018600
31200,200,400,"sd","13:35:13",3018500
31200,200,600,"sd","13:35:13",3018100
31200,200,100,"sd","13:35:12",3017500
31200,200,2000,"sd","13:35:12",3017400
31200,200,800,"sd","13:35:12",3015400
31200,200,1000,"sd","13:35:12",3014600
31200,200,6200,"sd","13:35:12",3013600
31200,200,1000,"sd","13:35:11",3007400
31200,200,6200,"sd","13:35:10",3006400
31200,200,100,"sd","13:35:10",3000200
31200,200,2800,"sd","13:35:10",3000100
31200,200,900,"sd","13:35:10",2997300
31200,200,400,"sd","13:34:54",2996400
31200,200,200,"sd","13:33:55",2996000
31200,200,200,"sd","13:33:41",2995800
31200,200,2000,"sd","13:33:40",2995600
31200,200,200,"sd","13:33:34",2993600
31200,200,2400,"sd","13:33:33",2993400
31200,200,100,"sd","13:33:19",2991000
31250,250,1000,"bu","13:33:18",2990900
31200,200,100,"sd","13:33:03",2989900
31200,200,1000,"sd","13:33:02",2989800
31200,200,10000,"sd","13:33:01",2988800
31200,200,300,"sd","13:32:28",2978800
31200,200,3800,"sd","13:32:27",2978500
31200,200,5000,"bu","13:32:26",2974700
31200,200,10000,"bu","13:32:26",2969700
31200,200,10000,"bu","13:32:26",2959700
31200,200,10000,"bu","13:32:26",2949700
31200,200,3400,"bu","13:32:26",2939700
31150,150,300,"sd","13:31:59",2936300
31150,150,3000,"sd","13:31:58",2936000
31150,150,100,"sd","13:31:34",2933000
31150,150,1000,"sd","13:31:33",2932900
31150,150,10000,"sd","13:31:32",2931900
31150,150,100,"sd","13:31:29",2921900
31150,150,1500,"sd","13:31:28",2921800
31150,150,10000,"unknown","13:31:27",2920300
31150,150,5800,"unknown","13:31:27",2910300
31150,150,500,"bu","13:31:26",2904500
31100,100,300,"sd","13:31:18",2904000
31150,150,100,"sd","13:31:17",2903700
31150,150,1000,"sd","13:31:17",2903600
31150,150,1000,"sd","13:31:17",2902600
31150,150,1600,"sd","13:31:17",2901600
31150,150,400,"sd","13:30:55",2900000
31150,150,700,"sd","13:30:54",2899600
31150,150,500,"sd","13:30:54",2898900
31150,150,1000,"sd","13:30:54",2898400
31150,150,1300,"sd","13:30:54",2897400
31150,150,500,"sd","13:30:54",2896100
31150,150,200,"sd","13:30:53",2895600
31150,150,300,"sd","13:30:52",2895400
31150,150,5000,"sd","13:30:52",2895100
31150,150,1900,"sd","13:30:52",2890100
31150,150,500,"sd","13:30:52",2888200
31150,150,100,"sd","13:30:52",2887700
31150,150,32200,"sd","13:30:52",2887600
31150,150,1600,"sd","13:30:52",2855400
31200,200,100,"bu","13:30:52",2853800
31150,150,1200,"sd","13:30:52",2853700
31150,150,1000,"sd","13:30:51",2852500
31150,150,2700,"sd","13:30:51",2851500
31150,150,500,"sd","13:30:51",2848800
31150,150,6000,"sd","13:30:51",2848300
31150,150,2800,"sd","13:30:51",2842300
31150,150,2200,"sd","13:30:51",2839500
31150,150,1600,"sd","13:30:51",2837300
31150,150,200,"sd","13:30:03",2835700
31200,200,1100,"bu","13:30:02",2835500
31200,200,900,"bu","13:30:02",2834400
31200,200,200,"sd","13:29:59",2833500
31200,200,500,"sd","13:29:56",2833300
31200,200,1300,"sd","13:29:55",2832800
31200,200,2800,"sd","13:29:55",2831500
31200,200,900,"sd","13:29:55",2828700
31200,200,100,"sd","13:29:55",2827800
31200,200,100,"sd","13:29:54",2827700
31200,200,1000,"sd","13:29:54",2827600
31200,200,1000,"sd","13:29:53",2826600
31200,200,700,"sd","13:29:53",2825600
31200,200,2000,"sd","13:29:53",2824900
31200,200,2800,"sd","13:29:53",2822900
31200,200,500,"sd","13:29:53",2820100
31200,200,2700,"sd","13:29:53",2819600
31200,200,500,"sd","13:29:53",2816900
31200,200,500,"sd","13:29:53",2816400
31200,200,100,"sd","13:29:53",2815900
31200,200,200,"sd","13:29:53",2815800
31200,200,200,"sd","13:29:51",2815600
31200,200,2000,"sd","13:29:50",2815400
31200,200,400,"sd","13:29:49",2813400
31200,200,3000,"sd","13:29:49",2813000
31200,200,2700,"sd","13:29:49",2810000
31200,200,100,"sd","13:29:49",2807300
31200,200,2800,"sd","13:29:49",2807200
31200,200,100,"sd","13:29:49",2804400
31200,200,1100,"sd","13:29:49",2804300
31200,200,1000,"sd","13:29:49",2803200
31200,200,4600,"sd","13:29:49",2802200
31200,200,2000,"sd","13:29:49",2797600
31200,200,2200,"sd","13:29:49",2795600
31200,200,100,"sd","13:29:46",2793400
31200,200,1000,"sd","13:29:45",2793300
31200,200,1700,"sd","13:29:44",2792300
31200,200,100,"sd","13:29:44",2790600
31200,200,8200,"sd","13:29:44",2790500
31200,200,100,"sd","13:29:23",2782300
31200,200,1900,"sd","13:29:22",2782200
31200,200,200,"sd","13:29:19",2780300
31200,200,2000,"sd","13:29:18",2780100
31200,200,200,"sd","13:28:45",2778100
31200,200,2000,"sd","13:28:44",2777900
31200,200,100,"sd","13:28:28",2775900
31250,250,1800,"bu","13:28:27",2775800
31200,200,100,"sd","13:28:22",2774000
31250,250,1000,"bu","13:28:21",2773900
31200,200,200,"sd","13:26:32",2772900
31250,250,2200,"bu","13:26:31",2772700
31200,200,200,"sd","13:25:53",2770500
31250,250,1400,"bu","13:25:52",2770300
31250,250,1000,"bu","13:25:52",2768900
31200,200,100,"sd","13:25:42",2767900
31200,200,200,"sd","13:25:41",2767800
31250,250,1000,"sd","13:25:41",2767600
31250,250,1800,"sd","13:25:37",2766600
31250,250,200,"sd","13:25:37",2764800
31250,250,700,"sd","13:25:36",2764600
31250,250,200,"sd","13:25:35",2763900
31250,250,1000,"sd","13:25:34",2763700
31250,250,1000,"sd","13:25:34",2762700
31250,250,6900,"sd","13:25:33",2761700
31250,250,2700,"sd","13:25:33",2754800
31250,250,100,"sd","13:25:33",2752100
31250,250,300,"sd","13:25:33",2752000
31250,250,100,"sd","13:25:33",2751700
31250,250,100,"sd","13:25:18",2751600
31250,250,1100,"sd","13:25:17",2751500
31250,250,600,"sd","13:25:17",2750400
31250,250,1000,"sd","13:25:16",2749800
31250,250,10000,"sd","13:25:16",2748800
31250,250,100,"sd","13:25:06",2738800
31250,250,1000,"sd","13:25:05",2738700
31250,250,10000,"sd","13:25:04",2737700
31250,250,100,"sd","13:25:01",2727700
31250,250,1000,"sd","13:25:00",2727600
31250,250,100,"sd","13:24:16",2726600
31250,250,1000,"sd","13:24:14",2726500
31250,250,400,"sd","13:24:00",2725500
31250,250,100,"bu","13:23:59",2725100
31250,250,2000,"bu","13:23:59",2725000
31250,250,100,"bu","13:23:59",2723000
31250,250,900,"bu","13:23:59",2722900
31250,250,1000,"bu","13:23:59",2722000
31200,200,400,"sd","13:23:55",2721000
31250,250,3100,"bu","13:23:54",2720600
31250,250,900,"bu","13:23:54",2717500
31250,250,400,"bu","13:23:52",2716600
31250,250,200,"bu","13:23:33",2716200
31250,250,300,"bu","13:23:33",2716000
31250,250,100,"bu","13:23:24",2715700
31200,200,300,"sd","13:23:18",2715600
31200,200,3000,"sd","13:23:17",2715300
31250,250,19600,"bu","13:23:16",2712300
31250,250,10400,"bu","13:23:16",2692700
31200,200,500,"sd","13:22:11",2682300
31200,200,300,"sd","13:21:53",2681800
31200,200,100,"sd","13:21:53",2681500
31200,200,1900,"sd","13:21:52",2681400
31200,200,2300,"sd","13:21:52",2679500
31200,200,100,"sd","13:21:42",2677200
31200,200,1000,"sd","13:21:41",2677100
31200,200,10000,"sd","13:21:40",2676100
31200,200,100,"sd","13:21:21",2666100
31200,200,1000,"sd","13:21:20",2666000
31200,200,100,"sd","13:21:03",2665000
31200,200,1900,"sd","13:21:02",2664900
31250,250,2600,"sd","13:21:01",2663000
31250,250,1500,"sd","13:21:01",2660400
31250,250,15500,"sd","13:21:01",2658900
31250,250,100,"sd","13:20:48",2643400
31250,250,1000,"sd","13:20:47",2643300
31250,250,10000,"sd","13:20:46",2642300
31250,250,500,"bu","13:20:45",2632300
31250,250,500,"sd","13:20:43",2631800
31250,250,500,"bu","13:20:40",2631300
31200,200,100,"sd","13:20:39",2630800
31200,200,1400,"sd","13:20:38",2630700
31250,250,100,"bu","13:20:37",2629300
31250,250,10000,"bu","13:20:37",2629200
31250,250,2000,"bu","13:20:37",2619200
31250,250,1500,"bu","13:20:37",2617200
31250,250,700,"bu","13:20:37",2615700
31200,200,300,"sd","13:20:35",2615000
31250,250,3000,"bu","13:20:34",2614700
31200,200,700,"sd","13:20:25",2611700
31250,250,2700,"sd","13:20:24",2611000
31250,250,3600,"sd","13:20:24",2608300
31200,200,1000,"sd","13:20:24",2604700
31250,250,2700,"sd","13:20:23",2603700
31250,250,2800,"sd","13:20:23",2601000
31250,250,1000,"sd","13:20:23",2598200
31250,250,100,"sd","13:20:23",2597200
31250,250,2700,"sd","13:20:23",2597100
31250,250,700,"sd","13:20:23",2594400
31250,250,100,"sd","13:20:22",2593700
31250,250,1200,"sd","13:20:21",2593600
31250,250,300,"sd","13:20:21",2592400
31250,250,1700,"sd","13:20:20",2592100
31250,250,5000,"sd","13:20:20",2590400
31250,250,500,"sd","13:20:20",2585400
31250,250,100,"sd","13:20:20",2584900
31250,250,1600,"sd","13:20:20",2584800
31250,250,1100,"sd","13:20:20",2583200
31250,250,1600,"sd","13:20:20",2582100
31250,250,200,"sd","13:20:20",2580500
31250,250,3200,"sd","13:20:20",2580300
31250,250,600,"sd","13:20:19",2577100
31250,250,2700,"sd","13:20:18",2576500
31250,250,100,"sd","13:20:18",2573800
31250,250,2600,"sd","13:20:18",2573700
31250,250,100,"sd","13:20:18",2571100
31250,250,500,"sd","13:20:18",2571000
31250,250,10000,"sd","13:20:17",2570500
31250,250,2800,"sd","13:20:17",2560500
31250,250,100,"sd","13:20:17",2557700
31250,250,5000,"sd","13:20:17",2557600
31250,250,100,"sd","13:20:17",2552600
31250,250,300,"sd","13:20:17",2552500
31250,250,8500,"sd","13:20:17",2552200
31250,250,1500,"sd","13:20:17",2543700
31250,250,500,"sd","13:20:16",2542200
31250,250,500,"sd","13:20:15",2541700
31250,250,200,"sd","13:20:14",2541200
31300,300,2000,"bu","13:20:13",2541000
31250,250,500,"sd","13:19:02",2539000
31250,250,5000,"sd","13:19:01",2538500
31250,250,500,"sd","13:18:33",2533500
31250,250,5000,"sd","13:18:32",2533000
31250,250,200,"sd","13:17:55",2528000
31250,250,1200,"sd","13:17:54",2527800
31250,250,1300,"sd","13:17:54",2526600
31300,300,200,"bu","13:17:50",2525300
31250,250,200,"sd","13:17:09",2525100
31300,300,2800,"bu","13:17:08",2524900
31300,300,100,"bu","13:17:08",2522100
31250,250,100,"sd","13:17:04",2522000
31300,300,900,"bu","13:17:03",2521900
31300,300,100,"bu","13:17:03",2521000
31250,250,500,"sd","13:16:59",2520900
31300,300,400,"bu","13:16:59",2520400
31300,300,5000,"bu","13:16:57",2520000
31250,250,300,"sd","13:16:57",2515000
31300,300,3000,"bu","13:16:56",2514700
31300,300,500,"bu","13:16:55",2511700
31300,300,500,"bu","13:16:43",2511200
31250,250,300,"sd","13:16:40",2510700
31300,300,3000,"bu","13:16:39",2510400
31250,250,500,"sd","13:16:29",2507400
31300,300,2600,"bu","13:16:28",2506900
31300,300,100,"bu","13:16:28",2504300
31300,300,2300,"bu","13:16:28",2504200
31250,250,500,"sd","13:16:19",2501900
31300,300,2700,"bu","13:16:18",2501400
31300,300,100,"bu","13:16:18",2498700
31300,300,1000,"bu","13:16:18",2498600
31300,300,1200,"bu","13:16:18",2497600
31250,250,300,"sd","13:16:18",2496400
31300,300,800,"bu","13:16:17",2496100
31300,300,1000,"bu","13:16:17",2495300
31300,300,100,"bu","13:16:17",2494300
31300,300,1000,"bu","13:16:17",2494200
31300,300,100,"bu","13:16:17",2493200
31250,250,100,"sd","13:16:15",2493100
31300,300,900,"bu","13:16:14",2493000
31300,300,100,"bu","13:16:14",2492100
31250,250,100,"sd","13:16:11",2492000
31300,300,1000,"bu","13:16:10",2491900
31250,250,500,"sd","13:15:29",2490900
31300,300,5000,"bu","13:15:28",2490400
31250,250,500,"sd","13:15:19",2485400
31300,300,5000,"bu","13:15:18",2484900
31250,250,500,"sd","13:14:40",2479900
31250,250,5000,"sd","13:14:39",2479400
31250,250,900,"sd","13:14:17",2474400
31300,300,9100,"bu","13:14:16",2473500
31250,250,200,"sd","13:14:08",2464400
31300,300,1400,"bu","13:14:07",2464200
31300,300,1000,"bu","13:14:07",2462800
31300,300,300,"bu","13:14:07",2461800
31300,300,200,"bu","13:14:04",2461500
31300,300,300,"bu","13:14:04",2461300
31300,300,500,"bu","13:13:53",2461000
31250,250,100,"sd","13:13:49",2460500
31250,250,1000,"sd","13:13:48",2460400
31300,300,200,"bu","13:13:47",2459400
31300,300,300,"bu","13:13:47",2459200
31250,250,100,"sd","13:13:44",2458900
31250,250,1000,"sd","13:13:43",2458800
31250,250,10000,"sd","13:13:42",2457800
31250,250,200,"sd","13:13:23",2447800
31250,250,2600,"sd","13:13:22",2447600
31250,250,5000,"bu","13:13:21",2445000
31250,250,10000,"bu","13:13:21",2440000
31250,250,500,"bu","13:13:21",2430000
31250,250,2000,"bu","13:13:21",2429500
31250,250,500,"bu","13:13:21",2427500
31250,250,5000,"bu","13:13:21",2427000
31250,250,200,"bu","13:13:21",2422000
31250,250,1000,"bu","13:13:21",2421800
31200,200,2000,"sd","13:13:21",2420800
31250,250,800,"bu","13:13:20",2418800
31250,250,1500,"bu","13:13:20",2418000
31250,250,10000,"bu","13:13:20",2416500
31250,250,2000,"bu","13:13:20",2406500
31250,250,5700,"bu","13:13:20",2404500
31200,200,100,"sd","13:13:18",2398800
31200,200,600,"sd","13:13:17",2398700
31200,200,1000,"sd","13:13:17",2398100
31250,250,16800,"bu","13:13:16",2397100
31200,200,300,"sd","13:13:13",2380300
31250,250,3000,"bu","13:13:12",2380000
31200,200,200,"sd","13:13:07",2377000
31200,200,100,"sd","13:13:06",2376800
31250,250,2800,"bu","13:13:06",2376700
31250,250,1000,"bu","13:13:05",2373900
31200,200,200,"sd","13:13:02",2372900
31200,200,100,"bu","13:13:01",2372700
31200,200,2300,"bu","13:13:01",2372600
31150,150,100,"sd","13:13:00",2370300
31200,200,1000,"bu","13:12:59",2370200
31200,200,700,"bu","13:12:53",2369200
31200,200,500,"bu","13:12:50",2368500
31150,150,300,"sd","13:12:44",2368000
31200,200,3400,"bu","13:12:43",2367700
31150,150,100,"sd","13:12:24",2364300
31150,150,400,"sd","13:12:23",2364200
31150,150,800,"sd","13:12:23",2363800
31200,200,7000,"bu","13:12:22",2363000
31200,200,100,"sd","13:12:22",2356000
31200,200,200,"sd","13:12:22",2355900
31200,200,2700,"sd","13:12:22",2355700
31200,200,2100,"sd","13:12:22",2353000
31200,200,600,"sd","13:11:57",2350900
31200,200,6000,"bu","13:11:56",2350300
31200,200,100,"bu","13:11:47",2344300
31150,150,300,"sd","13:11:45",2344200
31200,200,3900,"sd","13:11:44",2343900
31200,200,300,"sd","13:11:35",2340000
31200,200,800,"bu","13:11:34",2339700
31150,150,300,"sd","13:11:34",2338900
31200,200,2000,"bu","13:11:34",2338600
31200,200,3000,"bu","13:11:33",2336600
31200,200,600,"sd","13:11:28",2333600
31200,200,900,"sd","13:11:25",2333000
31200,200,1300,"sd","13:11:24",2332100
31200,200,5000,"sd","13:11:24",2330800
31200,200,3200,"sd","13:11:24",2325800
31200,200,500,"sd","13:11:23",2322600
31200,200,300,"sd","13:10:59",2322100
31250,250,3000,"bu","13:10:58",2321800
31200,200,200,"sd","13:10:28",2318800
31150,150,300,"sd","13:10:23",2318600
31250,250,1300,"bu","13:10:22",2318300
31200,200,100,"bu","13:10:22",2317000
31200,200,1600,"bu","13:10:22",2316900
31150,150,100,"sd","13:09:59",2315300
31150,150,1000,"sd","13:09:58",2315200
31150,150,2200,"sd","13:09:57",2314200
31150,150,7800,"sd","13:09:57",2312000
31150,150,100,"sd","13:09:55",2304200
31200,200,1000,"bu","13:09:54",2304100
31150,150,500,"sd","13:09:47",2303100
31200,200,5000,"bu","13:09:46",2302600
31200,200,100,"bu","13:09:42",2297600
31150,150,100,"sd","13:09:32",2297500
31150,150,1000,"sd","13:09:31",2297400
31200,200,10000,"bu","13:09:30",2296400
31150,150,200,"sd","13:09:23",2286400
31200,200,2300,"sd","13:09:22",2286200
31200,200,100,"sd","13:09:17",2283900
31200,200,1000,"bu","13:09:16",2283800
31150,150,500,"sd","13:09:12",2282800
31200,200,500,"bu","13:09:11",2282300
31200,200,4500,"bu","13:09:11",2281800
31200,200,200,"bu","13:09:04",2277300
31150,150,300,"sd","13:08:58",2277100
31200,200,500,"bu","13:08:58",2276800
31200,200,3000,"bu","13:08:57",2276300
31150,150,200,"sd","13:08:50",2273300
31150,150,2000,"sd","13:08:49",2273100
31200,200,1500,"bu","13:08:47",2271100
31200,200,9600,"bu","13:08:47",2269600
31200,200,1800,"bu","13:08:47",2260000
31200,200,2000,"bu","13:08:47",2258200
31200,200,100,"bu","13:08:47",2256200
31200,200,5000,"bu","13:08:47",2256100
31200,200,100,"bu","13:08:33",2251100
31150,150,300,"sd","13:08:19",2251000
31150,150,600,"sd","13:07:46",2250700
31150,150,6400,"bu","13:07:45",2250100
31100,100,600,"sd","13:07:37",2243700
31150,150,3300,"sd","13:07:36",2243100
31150,150,2800,"sd","13:07:36",2239800
31150,150,100,"sd","13:07:36",2237000
31150,150,500,"sd","13:07:36",2236900
31150,150,100,"sd","13:07:33",2236400
31150,150,1000,"sd","13:07:32",2236300
31150,150,10000,"sd","13:07:31",2235300
31150,150,800,"sd","13:07:11",2225300
31150,150,7600,"sd","13:07:10",2224500
31150,150,400,"sd","13:07:10",2216900
31150,150,100,"sd","13:06:59",2216500
31150,150,200,"sd","13:06:58",2216400
31150,150,800,"sd","13:06:58",2216200
31150,150,2200,"sd","13:06:57",2215400
31150,150,7800,"sd","13:06:57",2213200
31150,150,500,"sd","13:06:28",2205400
31200,200,1000,"bu","13:06:27",2204900
31200,200,3200,"bu","13:06:27",2203900
31200,200,300,"bu","13:06:27",2200700
31200,200,500,"bu","13:06:27",2200400
31200,200,100,"bu","13:06:21",2199900
31150,150,200,"sd","13:06:19",2199800
31150,150,2000,"sd","13:06:18",2199600
31150,150,20000,"sd","13:06:17",2197600
31150,150,300,"sd","13:06:12",2177600
31150,150,3500,"sd","13:06:10",2177300
31150,150,100,"sd","13:06:07",2173800
31150,150,1400,"sd","13:06:06",2173700
31150,150,10000,"bu","13:06:05",2172300
31150,150,4200,"bu","13:06:05",2162300
31100,100,100,"sd","13:06:01",2158100
31100,100,200,"sd","13:06:00",2158000
31100,100,800,"sd","13:06:00",2157800
31100,100,9200,"sd","13:05:59",2157000
31100,100,100,"sd","13:05:59",2147800
31100,100,700,"sd","13:05:59",2147700
31100,100,100,"sd","13:05:41",2147000
31100,100,200,"sd","13:05:40",2146900
31100,100,800,"sd","13:05:40",2146700
31100,100,200,"sd","13:05:39",2145900
31100,100,1000,"sd","13:05:39",2145700
31100,100,2000,"sd","13:05:39",2144700
31100,100,300,"sd","13:05:39",2142700
31100,100,500,"sd","13:05:39",2142400
31100,100,100,"sd","13:05:39",2141900
31100,100,5000,"sd","13:05:39",2141800
31100,100,300,"sd","13:05:39",2136800
31100,100,200,"sd","13:05:39",2136500
31100,100,100,"sd","13:05:39",2136300
31100,100,300,"sd","13:05:39",2136200
31100,100,200,"sd","13:05:18",2135900
31150,150,2000,"bu","13:05:17",2135700
31150,150,100,"bu","13:04:59",2133700
31100,100,300,"sd","13:04:51",2133600
31150,150,3700,"sd","13:04:50",2133300
31150,150,200,"sd","13:04:32",2129600
31150,150,2100,"bu","13:04:31",2129400
31100,100,400,"sd","13:04:07",2127300
31150,150,4100,"bu","13:04:06",2126900
31100,100,300,"sd","13:03:46",2122800
31150,150,3800,"sd","13:03:45",2122500
31150,150,100,"sd","13:03:43",2118700
31150,150,1100,"sd","13:03:42",2118600
31200,200,1000,"bu","13:03:40",2117500
31150,150,5000,"sd","13:03:40",2116500
31150,150,5000,"sd","13:03:40",2111500
31200,200,500,"sd","13:03:13",2106500
31200,200,200,"sd","13:03:13",2106000
31200,200,500,"sd","13:02:56",2105800
31200,200,4300,"bu","13:02:55",2105300
31200,200,1300,"sd","13:02:55",2101000
31200,200,100,"sd","13:02:53",2099700
31200,200,1000,"sd","13:02:52",2099600
31200,200,200,"sd","13:02:45",2098600
31200,200,200,"bu","13:02:44",2098400
31200,200,500,"bu","13:02:44",2098200
31200,200,1700,"bu","13:02:44",2097700
31200,200,300,"sd","13:01:08",2096000
31200,200,400,"sd","13:01:04",2095700
31200,200,2000,"bu","13:01:03",2095300
31200,200,100,"bu","13:01:03",2093300
31200,200,400,"bu","13:01:03",2093200
31200,200,500,"bu","13:01:03",2092800
31200,200,1300,"bu","13:01:03",2092300
31200,200,900,"bu","13:01:01",2091000
31200,200,500,"bu","13:00:41",2090100
31150,150,100,"bu","13:00:26",2089600
31200,200,500,"bu","13:00:11",2089500
31100,100,100,"sd","13:00:10",2089000
31200,200,100,"bu","13:00:08",2088900
31100,100,500,"sd","13:00:06",2088800
31100,100,5100,"sd","13:00:05",2088300
31100,100,700,"sd","13:00:05",2083200
31100,100,700,"sd","13:00:04",2082500
31100,100,1900,"sd","13:00:04",2081800
31100,100,1200,"sd","13:00:04",2079900
31100,100,1500,"sd","13:00:04",2078700
31100,100,4700,"sd","13:00:04",2077200
31200,200,100,"bu","13:00:04",2072500
31100,100,200,"sd","13:00:04",2072400
31100,100,2400,"sd","13:00:04",2072200
31100,100,100,"sd","13:00:04",2069800
31100,100,2000,"sd","13:00:04",2069700
31100,100,300,"sd","13:00:04",2067700
31100,100,200,"sd","13:00:04",2067400
31100,100,1300,"sd","13:00:04",2067200
31150,150,10000,"sd","13:00:04",2065900
31150,150,10000,"sd","13:00:04",2055900
31150,150,1000,"sd","13:00:04",2045900
31150,150,1000,"sd","13:00:04",2044900
31150,150,1700,"sd","13:00:04",2043900
31150,150,400,"sd","13:00:04",2042200
31150,150,300,"sd","13:00:04",2041800
31150,150,1500,"sd","13:00:04",2041500
31150,150,200,"sd","13:00:04",2040000
31150,150,3000,"sd","13:00:04",2039800
31150,150,4200,"sd","13:00:04",2036800
31150,150,400,"sd","13:00:04",2032600
31150,150,900,"sd","13:00:04",2032200
31150,150,700,"sd","13:00:02",2031300
31200,200,5600,"bu","13:00:02",2030600
31200,200,1000,"bu","13:00:02",2025000
31150,150,300,"sd","13:00:02",2024000
31200,200,600,"bu","13:00:02",2023700
31200,200,700,"sd","13:00:01",2023100
31200,200,2700,"bu","13:00:00",2022400
31150,150,100,"sd","13:00:00",2019700
31200,200,400,"bu","13:00:00",2019600
31200,200,200,"sd","11:29:55",2019200
31200,200,2000,"sd","11:29:54",2019000
31200,200,100,"bu","11:29:25",2017000
31150,150,100,"sd","11:29:02",2016900
31150,150,1900,"sd","11:29:01",2016800
31150,150,800,"sd","11:28:21",2014900
31150,150,500,"sd","11:28:20",2014100
31150,150,100,"sd","11:28:20",2013600
31150,150,2000,"sd","11:28:20",2013500
31150,150,500,"sd","11:28:20",2011500
31150,150,2000,"sd","11:28:20",2011000
31150,150,3400,"sd","11:28:20",2009000
31200,200,700,"bu","11:28:19",2005600
31200,200,4300,"bu","11:28:19",2004900
31150,150,200,"sd","11:27:45",2000600
31200,200,700,"bu","11:27:44",2000400
31200,200,1300,"bu","11:27:44",1999700
31200,200,100,"bu","11:27:28",1998400
31150,150,500,"sd","11:25:50",1998300
31150,150,5000,"sd","11:25:49",1997800
31150,150,3700,"sd","11:25:48",1992800
31150,150,4000,"sd","11:25:48",1989100
31150,150,400,"sd","11:25:48",1985100
31150,150,1000,"sd","11:25:48",1984700
31150,150,2200,"sd","11:25:48",1983700
31150,150,10000,"sd","11:25:48",1981500
31150,150,2000,"sd","11:25:48",1971500
31150,150,200,"sd","11:25:48",1969500
31150,150,300,"sd","11:25:48",1969300
31150,150,100,"sd","11:25:48",1969000
31150,150,2000,"sd","11:25:48",1968900
31150,150,24100,"sd","11:25:48",1966900
31150,150,500,"sd","11:25:39",1942800
31200,200,3600,"bu","11:25:38",1942300
31200,200,1400,"bu","11:25:38",1938700
31150,150,200,"sd","11:25:18",1937300
31150,150,2000,"sd","11:25:17",1937100
31150,150,20000,"sd","11:25:16",1935100
31150,150,100,"sd","11:24:57",1915100
31150,150,100,"sd","11:24:50",1915000
31200,200,1100,"bu","11:24:49",1914900
31150,150,200,"sd","11:24:41",1913800
31200,200,500,"sd","11:24:40",1913600
31200,200,2000,"sd","11:24:40",1913100
31200,200,500,"sd","11:24:04",1911100
31200,200,500,"sd","11:24:02",1910600
31200,200,100,"sd","11:23:36",1910100
31150,150,100,"sd","11:22:13",1910000
31200,200,800,"sd","11:22:13",1909900
31200,200,1000,"bu","11:22:12",1909100
31200,200,8200,"bu","11:22:12",1908100
31150,150,100,"sd","11:21:49",1899900
31150,150,1100,"sd","11:21:48",1899800
31200,200,100,"bu","11:21:48",1898700
31200,200,1000,"sd","11:21:47",1898600
31200,200,2000,"sd","11:21:47",1897600
31200,200,1000,"sd","11:21:47",1895600
31200,200,2000,"sd","11:21:47",1894600
31200,200,400,"sd","11:21:47",1892600
31200,200,4000,"sd","11:21:47",1892200
31200,200,1300,"sd","11:21:47",1888200
31200,200,700,"sd","11:20:40",1886900
31200,200,200,"sd","11:20:40",1886200
31200,200,300,"sd","11:19:45",1886000
31200,200,400,"sd","11:19:31",1885700
31200,200,100,"sd","11:19:30",1885300
31200,200,2000,"sd","11:19:30",1885200
31200,200,100,"sd","11:19:30",1883200
31200,200,2000,"sd","11:19:30",1883100
31200,200,200,"sd","11:19:30",1881100
31200,200,1800,"sd","11:19:29",1880900
31200,200,12700,"sd","11:19:29",1879100
31200,200,500,"sd","11:19:29",1866400
31200,200,2000,"sd","11:19:29",1865900
31200,200,100,"sd","11:19:29",1863900
31200,200,2000,"sd","11:19:29",1863800
31200,200,2000,"sd","11:19:29",1861800
31200,200,500,"sd","11:19:29",1859800
31200,200,2000,"sd","11:19:29",1859300
31200,200,20400,"sd","11:19:29",1857300
31250,250,100,"bu","11:19:21",1836900
31200,200,200,"sd","11:17:49",1836800
31250,250,2000,"bu","11:17:48",1836600
31250,250,300,"bu","11:17:20",1834600
31200,200,500,"sd","11:17:04",1834300
31200,200,100,"sd","11:16:52",1833800
31250,250,1200,"bu","11:16:51",1833700
31200,200,200,"sd","11:16:36",1832500
31250,250,2000,"bu","11:16:34",1832300
31250,250,200,"bu","11:15:50",1830300
31250,250,100,"bu","11:15:32",1830100
31200,200,100,"sd","11:13:47",1830000
31200,200,1000,"sd","11:13:46",1829900
31200,200,300,"sd","11:13:44",1828900
31200,200,3000,"sd","11:13:43",1828600
31200,200,100,"sd","11:13:09",1825600
31200,200,1000,"sd","11:13:08",1825500
31200,200,300,"sd","11:12:51",1824500
31250,250,3000,"bu","11:12:50",1824200
31200,200,100,"sd","11:12:35",1821200
31200,200,1000,"sd","11:12:34",1821100
31200,200,200,"sd","11:11:01",1820100
31200,200,100,"sd","11:09:36",1819900
31200,200,1400,"bu","11:09:34",1819800
31200,200,500,"bu","11:09:20",1818400
31200,200,200,"bu","11:09:20",1817900
31150,150,200,"sd","11:09:07",1817700
31200,200,1800,"bu","11:09:06",1817500
31200,200,200,"bu","11:09:06",1815700
31200,200,700,"bu","11:08:01",1815500
31150,150,100,"sd","11:08:00",1814800
31150,150,1000,"sd","11:07:59",1814700
31150,150,200,"sd","11:07:37",1813700
31150,150,700,"sd","11:07:37",1813500
31200,200,9100,"sd","11:07:36",1812800
31200,200,100,"sd","11:07:27",1803700
31200,200,1300,"sd","11:07:26",1803600
31200,200,1500,"sd","11:07:25",1802300
31200,200,300,"sd","11:07:25",1800800
31200,200,10000,"sd","11:07:25",1800500
31200,200,1900,"sd","11:07:25",1790500
31200,200,100,"sd","11:07:19",1788600
31200,200,100,"sd","11:07:18",1788500
31200,200,200,"sd","11:07:18",1788400
31200,200,100,"sd","11:07:18",1788200
31200,200,100,"sd","11:07:18",1788100
31200,200,500,"sd","11:07:18",1788000
31200,200,4500,"sd","11:07:17",1787500
31200,200,5500,"sd","11:07:17",1783000
31200,200,700,"sd","11:06:38",1777500
31250,250,2000,"bu","11:06:37",1776800
31250,250,2100,"sd","11:06:37",1774800
31250,250,3400,"sd","11:06:37",1772700
31250,250,500,"sd","11:06:20",1769300
31250,250,200,"sd","11:06:14",1768800
31250,250,2000,"sd","11:06:13",1768600
31250,250,100,"sd","11:06:09",1766600
31250,250,1000,"sd","11:06:08",1766500
31250,250,100,"sd","11:05:58",1765500
31250,250,100,"sd","11:05:51",1765400
31250,250,1000,"sd","11:05:50",1765300
31250,250,500,"sd","11:05:32",1764300
31250,250,5000,"sd","11:05:31",1763800
31250,250,100,"sd","11:05:05",1758800
31250,250,600,"sd","11:05:04",1758700
31250,250,1000,"sd","11:05:04",1758100
31250,250,100,"sd","11:05:00",1757100
31250,250,1000,"sd","11:04:59",1757000
31250,250,5600,"sd","11:04:58",1756000
31250,250,4400,"sd","11:04:58",1750400
31250,250,100,"sd","11:04:57",1746000
31250,250,100,"sd","11:04:34",1745900
31250,250,1000,"sd","11:04:33",1745800
31250,250,100,"sd","11:04:19",1744800
31250,250,1000,"sd","11:04:18",1744700
31250,250,300,"sd","11:04:13",1743700
31250,250,3900,"sd","11:04:12",1743400
31250,250,1000,"bu","11:04:11",1739500
31250,250,600,"bu","11:04:11",1738500
31250,250,30000,"bu","11:04:11",1737900
31250,250,100,"bu","11:04:11",1707900
31250,250,100,"bu","11:04:11",1707800
31250,250,7300,"bu","11:04:11",1707700
31200,200,100,"sd","11:04:03",1700400
31250,250,500,"bu","11:03:57",1700300
31200,200,200,"sd","11:03:55",1699800
31250,250,2000,"bu","11:03:54",1699600
31250,250,200,"bu","11:03:39",1697600
31200,200,400,"bu","11:02:55",1697400
31150,150,300,"sd","11:02:46",1697000
31150,150,100,"sd","11:02:46",1696700
31200,200,3000,"sd","11:02:45",1696600
31200,200,600,"sd","11:02:45",1693600
31200,200,900,"sd","11:02:45",1693000
31200,200,100,"sd","11:02:45",1692100
31150,150,200,"sd","11:02:13",1692000
31200,200,2000,"sd","11:02:12",1691800
31200,200,100,"sd","11:02:12",1689800
31200,200,1000,"sd","11:02:11",1689700
31200,200,100,"sd","11:02:09",1688700
31200,200,600,"sd","11:02:08",1688600
31200,200,700,"sd","11:02:08",1688000
31200,200,300,"sd","11:02:00",1687300
31200,200,200,"sd","11:02:00",1687000
31200,200,1800,"sd","11:01:59",1686800
31200,200,3200,"sd","11:01:59",1685000
31200,200,100,"sd","11:01:33",1681800
31200,200,1600,"sd","11:01:32",1681700
31200,200,100,"sd","11:01:26",1680100
31200,200,1300,"sd","11:01:25",1680000
31200,200,300,"bu","11:01:24",1678700
31200,200,200,"bu","11:01:24",1678400
31200,200,300,"bu","11:01:24",1678200
31200,200,1000,"bu","11:01:24",1677900
31200,200,300,"bu","11:01:24",1676900
31200,200,11600,"bu","11:01:24",1676600
31100,100,600,"sd","11:01:20",1665000
31100,100,1500,"sd","11:01:19",1664400
31100,100,200,"sd","11:01:19",1662900
31100,100,3300,"sd","11:01:19",1662700
31150,150,900,"sd","11:01:19",1659400
31150,150,600,"sd","11:01:19",1658500
31200,200,18400,"bu","11:01:18",1657900
31200,200,300,"bu","11:01:18",1639500
31200,200,1000,"bu","11:01:18",1639200
31200,200,500,"bu","11:01:18",1638200
31200,200,600,"bu","11:01:18",1637700
31200,200,600,"bu","11:01:18",1637100
31200,200,500,"bu","11:01:18",1636500
31200,200,500,"bu","11:01:18",1636000
31200,200,2000,"bu","11:01:18",1635500
31200,200,100,"bu","11:01:18",1633500
31200,200,25500,"bu","11:01:18",1633400
31150,150,300,"sd","11:01:11",1607900
31150,150,100,"sd","11:01:07",1607600
31200,200,1000,"bu","11:01:06",1607500
31150,150,800,"sd","11:00:52",1606500
31150,150,200,"sd","11:00:51",1605700
31150,150,2000,"sd","11:00:51",1605500
31150,150,500,"sd","11:00:51",1603500
31150,150,3000,"sd","11:00:51",1603000
31150,150,1000,"bu","11:00:51",1600000
31150,150,500,"bu","11:00:51",1599000
31150,150,1000,"bu","11:00:51",1598500
31150,150,100,"bu","11:00:51",1597500
31100,100,700,"sd","11:00:44",1597400
31100,100,100,"sd","11:00:32",1596700
31100,100,400,"sd","11:00:27",1596600
31100,100,200,"sd","11:00:23",1596200
31100,100,200,"bu","11:00:19",1596000
31100,100,100,"bu","11:00:19",1595800
31100,100,100,"bu","11:00:18",1595700
31100,100,500,"bu","11:00:11",1595600
31100,100,300,"bu","11:00:06",1595100
31100,100,300,"bu","11:00:06",1594800
31050,50,200,"sd","10:59:57",1594500
31100,100,200,"sd","10:59:57",1594300
31100,100,300,"bu","10:59:55",1594100
31100,100,1600,"bu","10:59:55",1593800
31100,100,2900,"bu","10:59:55",1592200
31100,100,300,"bu","10:59:54",1589300
31050,50,100,"sd","10:59:38",1589000
31050,50,1000,"sd","10:59:37",1588900
31100,100,10000,"bu","10:59:36",1587900
31100,100,400,"bu","10:59:29",1577900
31100,100,100,"bu","10:59:28",1577500
31100,100,200,"sd","10:59:25",1577400
31100,100,300,"bu","10:59:18",1577200
31050,50,300,"sd","10:59:06",1576900
31050,50,100,"sd","10:59:05",1576600
31050,50,3000,"sd","10:59:05",1576500
31050,50,1500,"sd","10:59:04",1573500
31100,100,400,"sd","10:59:04",1572000
31100,100,400,"bu","10:59:03",1571600
31100,100,10300,"bu","10:59:03",1571200
31100,100,600,"bu","10:59:03",1560900
31100,100,4800,"bu","10:59:03",1560300
31100,100,900,"bu","10:59:03",1555500
31100,100,100,"bu","10:59:03",1554600
31100,100,100,"bu","10:59:03",1554500
31100,100,100,"bu","10:59:03",1554400
31100,100,100,"bu","10:59:03",1554300
31100,100,200,"bu","10:59:03",1554200
31100,100,200,"bu","10:59:03",1554000
31100,100,300,"bu","10:59:03",1553800
31100,100,300,"bu","10:59:03",1553500
31100,100,500,"bu","10:59:03",1553200
31100,100,700,"bu","10:59:03",1552700
31050,50,100,"sd","10:58:36",1552000
31050,50,1500,"sd","10:58:35",1551900
31050,50,1100,"sd","10:58:34",1550400
31050,50,1000,"sd","10:58:34",1549300
31050,50,100,"sd","10:58:34",1548300
31050,50,2800,"sd","10:58:34",1548200
31050,50,5200,"sd","10:58:34",1545400
31050,50,4800,"sd","10:58:34",1540200
31050,50,100,"sd","10:58:17",1535400
31100,100,1000,"bu","10:58:16",1535300
31050,50,100,"sd","10:57:56",1534300
31050,50,100,"sd","10:57:56",1534200
31100,100,2000,"bu","10:57:55",1534100
31100,100,100,"bu","10:57:45",1532100
31050,50,800,"bu","10:57:38",1532000
31050,50,100,"bu","10:57:34",1531200
31000,0,100,"sd","10:57:22",1531100
31000,0,300,"sd","10:57:21",1531000
31000,0,200,"sd","10:57:21",1530700
31000,0,200,"sd","10:57:20",1530500
31050,50,100,"sd","10:57:19",1530300
31050,50,100,"sd","10:57:19",1530200
31050,50,900,"sd","10:57:19",1530100
31050,50,1000,"sd","10:57:19",1529200
31100,100,100,"bu","10:57:08",1528200
31050,50,100,"sd","10:57:06",1528100
31050,50,1000,"sd","10:57:05",1528000
31050,50,100,"sd","10:56:55",1527000
31050,50,100,"sd","10:56:53",1526900
31050,50,1000,"sd","10:56:52",1526800
31050,50,200,"sd","10:56:43",1525800
31050,50,700,"sd","10:56:42",1525600
31050,50,700,"sd","10:56:42",1524900
31050,50,600,"sd","10:56:42",1524200
31050,50,400,"sd","10:56:38",1523600
31050,50,100,"sd","10:56:32",1523200
31050,50,900,"sd","10:56:31",1523100
31050,50,100,"sd","10:56:31",1522200
31050,50,100,"sd","10:56:28",1522100
31050,50,300,"sd","10:56:27",1522000
31050,50,700,"sd","10:56:27",1521700
31050,50,300,"sd","10:56:26",1521000
31050,50,500,"sd","10:56:26",1520700
31050,50,500,"sd","10:56:26",1520200
31050,50,1000,"sd","10:56:25",1519700
31050,50,100,"sd","10:56:25",1518700
31050,50,1000,"sd","10:56:25",1518600
31050,50,2000,"sd","10:56:25",1517600
31050,50,1000,"sd","10:56:25",1515600
31050,50,1000,"sd","10:56:25",1514600
31050,50,2300,"sd","10:56:25",1513600
31050,50,300,"sd","10:56:25",1511300
31050,50,200,"sd","10:55:57",1511000
31050,50,100,"sd","10:55:57",1510800
31050,50,300,"sd","10:55:56",1510700
31050,50,2000,"sd","10:55:56",1510400
31050,50,600,"sd","10:55:56",1508400
31050,50,100,"sd","10:55:56",1507800
31050,50,100,"sd","10:55:34",1507700
31050,50,1000,"sd","10:55:33",1507600
31050,50,100,"sd","10:55:32",1506600
31050,50,8900,"sd","10:55:32",1506500
31050,50,100,"sd","10:55:32",1497600
31050,50,100,"sd","10:55:32",1497500
31050,50,100,"sd","10:55:32",1497400
31050,50,800,"sd","10:55:32",1497300
31100,100,1000,"bu","10:55:31",1496500
31050,50,200,"sd","10:55:28",1495500
31100,100,2000,"bu","10:55:27",1495300
31100,100,100,"bu","10:55:24",1493300
31050,50,100,"sd","10:55:23",1493200
31050,50,100,"sd","10:55:21",1493100
31050,50,100,"sd","10:55:20",1493000
31050,50,900,"sd","10:55:20",1492900
31050,50,100,"sd","10:55:17",1492000
31050,50,100,"sd","10:55:17",1491900
31050,50,200,"sd","10:55:06",1491800
31050,50,200,"sd","10:55:05",1491600
31050,50,500,"sd","10:55:05",1491400
31050,50,2000,"sd","10:55:05",1490900
31050,50,100,"sd","10:54:55",1488900
31050,50,1000,"sd","10:54:53",1488800
31050,50,300,"sd","10:53:55",1487800
31100,100,3000,"bu","10:53:54",1487500
31050,50,400,"sd","10:53:48",1484500
31050,50,1200,"sd","10:53:47",1484100
31050,50,2000,"sd","10:53:47",1482900
31050,50,100,"sd","10:53:47",1480900
31050,50,200,"sd","10:53:47",1480800
31100,100,500,"sd","10:53:47",1480600
31100,100,500,"bu","10:53:44",1480100
31050,50,500,"sd","10:53:43",1479600
31050,50,4300,"sd","10:53:42",1479100
31050,50,500,"sd","10:53:42",1474800
31050,50,200,"sd","10:53:42",1474300
31050,50,200,"sd","10:53:32",1474100
31100,100,500,"bu","10:53:32",1473900
31050,50,600,"sd","10:53:31",1473400
31050,50,1600,"sd","10:53:31",1472800
31050,50,500,"sd","10:53:30",1471200
31100,100,100,"sd","10:53:30",1470700
31100,100,1900,"sd","10:53:30",1470600
31100,100,200,"sd","10:53:30",1468700
31100,100,100,"sd","10:53:30",1468500
31100,100,200,"sd","10:53:30",1468400
31100,100,1600,"sd","10:53:30",1468200
31100,100,2500,"sd","10:53:30",1466600
31100,100,2000,"sd","10:53:30",1464100
31100,100,2000,"sd","10:53:30",1462100
31100,100,1000,"sd","10:53:30",1460100
31100,100,10000,"sd","10:53:30",1459100
31100,100,400,"sd","10:53:30",1449100
31100,100,100,"sd","10:53:29",1448700
31100,100,2900,"sd","10:53:29",1448600
31100,100,100,"sd","10:53:29",1445700
31100,100,1000,"sd","10:53:29",1445600
31100,100,200,"sd","10:53:29",1444600
31100,100,800,"sd","10:53:29",1444400
31100,100,200,"sd","10:53:28",1443600
31100,100,200,"sd","10:53:28",1443400
31100,100,100,"sd","10:53:28",1443200
31100,100,500,"sd","10:53:28",1443100
31100,100,200,"sd","10:53:26",1442600
31100,100,1300,"sd","10:53:25",1442400
31100,100,800,"sd","10:53:25",1441100
31100,100,200,"sd","10:53:24",1440300
31100,100,200,"sd","10:53:24",1440100
31100,100,5000,"sd","10:53:24",1439900
31100,100,5000,"sd","10:53:24",1434900
31100,100,100,"sd","10:53:24",1429900
31100,100,200,"sd","10:53:24",1429800
31100,100,100,"sd","10:53:24",1429600
31100,100,2500,"sd","10:53:24",1429500
31100,100,2400,"sd","10:53:24",1427000
31100,100,1000,"sd","10:53:24",1424600
31100,100,2500,"sd","10:53:24",1423600
31100,100,1000,"sd","10:53:24",1421100
31100,100,1300,"sd","10:53:24",1420100
31100,100,100,"sd","10:53:16",1418800
31100,100,100,"sd","10:52:48",1418700
31100,100,100,"sd","10:52:47",1418600
31100,100,400,"sd","10:52:39",1418500
31100,100,100,"sd","10:52:39",1418100
31100,100,400,"sd","10:52:34",1418000
31100,100,400,"sd","10:52:33",1417600
31100,100,1300,"sd","10:52:33",1417200
31100,100,2300,"sd","10:52:33",1415900
31100,100,100,"sd","10:52:24",1413600
31100,100,100,"sd","10:52:23",1413500
31100,100,200,"sd","10:52:23",1413400
31100,100,1200,"sd","10:52:23",1413200
31100,100,200,"sd","10:51:55",1412000
31100,100,2000,"sd","10:51:54",1411800
31100,100,100,"sd","10:51:51",1409800
31100,100,500,"sd","10:51:36",1409700
31100,100,700,"sd","10:51:22",1409200
31100,100,100,"sd","10:51:17",1408500
31100,100,200,"sd","10:49:43",1408400
31100,100,200,"sd","10:49:43",1408200
31150,150,2000,"sd","10:49:42",1408000
31150,150,2000,"sd","10:49:42",1406000
31150,150,900,"sd","10:49:42",1404000
31150,150,200,"sd","10:49:41",1403100
31150,150,500,"sd","10:49:41",1402900
31150,150,400,"sd","10:49:39",1402400
31150,150,1600,"sd","10:49:39",1402000
31150,150,100,"sd","10:49:29",1400400
31150,150,300,"sd","10:49:21",1400300
31150,150,400,"sd","10:49:21",1400000
31150,150,200,"sd","10:49:21",1399600
31150,150,1800,"sd","10:49:20",1399400
31150,150,100,"sd","10:49:20",1397600
31150,150,200,"sd","10:49:20",1397500
31150,150,2000,"sd","10:49:20",1397300
31150,150,2000,"sd","10:49:20",1395300
31150,150,3400,"sd","10:49:20",1393300
31150,150,100,"sd","10:49:08",1389900
31150,150,500,"sd","10:49:07",1389800
31150,150,1000,"sd","10:49:07",1389300
31150,150,2000,"sd","10:49:06",1388300
31150,150,2000,"sd","10:49:06",1386300
31150,150,3000,"sd","10:49:06",1384300
31150,150,1000,"sd","10:49:06",1381300
31150,150,2100,"sd","10:49:06",1380300
31150,150,4900,"sd","10:49:06",1378200
31150,150,100,"sd","10:48:25",1373300
31150,150,100,"sd","10:48:25",1373200
31150,150,2000,"sd","10:48:24",1373100
31150,150,200,"sd","10:48:09",1371100
31150,150,1800,"sd","10:48:08",1370900
31150,150,200,"sd","10:48:08",1369100
31150,150,200,"sd","10:48:07",1368900
31150,150,100,"sd","10:47:56",1368700
31150,150,1000,"sd","10:47:55",1368600
31150,150,1500,"sd","10:47:54",1367600
31150,150,8500,"sd","10:47:54",1366100
31150,150,100,"sd","10:47:29",1357600
31150,150,1000,"sd","10:47:28",1357500
31150,150,7400,"sd","10:47:27",1356500
31150,150,2500,"sd","10:47:27",1349100
31150,150,100,"sd","10:47:27",1346600
31150,150,200,"sd","10:47:18",1346500
31150,150,100,"sd","10:47:18",1346300
31150,150,500,"sd","10:47:17",1346200
31150,150,800,"sd","10:47:17",1345700
31150,150,2500,"sd","10:47:17",1344900
31150,150,100,"sd","10:46:51",1342400
31150,150,1000,"sd","10:46:50",1342300
31200,200,10200,"bu","10:46:49",1341300
31150,150,600,"sd","10:45:51",1331100
31150,150,300,"sd","10:45:12",1330500
31150,150,200,"sd","10:45:12",1330200
31150,150,200,"sd","10:44:44",1330000
31200,200,2000,"bu","10:44:42",1329800
31150,150,500,"sd","10:44:33",1327800
31150,150,100,"sd","10:44:13",1327300
31150,150,1000,"sd","10:44:12",1327200
31150,150,300,"sd","10:43:54",1326200
31200,200,3000,"bu","10:43:53",1325900
31150,150,100,"sd","10:43:43",1322900
31150,150,100,"sd","10:42:44",1322800
31150,150,100,"sd","10:42:39",1322700
31150,150,300,"sd","10:41:35",1322600
31150,150,1300,"sd","10:41:33",1322300
31150,150,2200,"sd","10:41:33",1321000
31150,150,100,"sd","10:41:32",1318800
31150,150,1000,"sd","10:41:31",1318700
31150,150,100,"sd","10:40:46",1317700
31150,150,100,"sd","10:39:41",1317600
31150,150,1500,"sd","10:39:39",1317500
31150,150,200,"sd","10:39:39",1316000
31150,150,500,"sd","10:39:26",1315800
31150,150,1800,"sd","10:39:25",1315300
31150,150,500,"sd","10:39:25",1313500
31150,150,2000,"sd","10:39:25",1313000
31150,150,100,"sd","10:39:25",1311000
31150,150,600,"sd","10:39:25",1310900
31150,150,100,"sd","10:39:24",1310300
31150,150,1300,"sd","10:39:23",1310200
31200,200,8300,"bu","10:39:21",1308900
31200,200,5500,"bu","10:39:21",1300600
31150,150,100,"sd","10:38:15",1295100
31150,150,400,"sd","10:36:51",1295000
31150,150,500,"sd","10:36:49",1294600
31150,150,500,"sd","10:36:49",1294100
31150,150,1000,"sd","10:36:49",1293600
31150,150,2000,"sd","10:36:49",1292600
31150,150,300,"sd","10:36:47",1290600
31150,150,200,"sd","10:36:46",1290300
31150,150,1000,"sd","10:36:46",1290100
31150,150,1000,"sd","10:36:46",1289100
31150,150,800,"sd","10:36:46",1288100
31150,150,500,"sd","10:34:54",1287300
31150,150,100,"sd","10:34:49",1286800
31150,150,100,"sd","10:34:48",1286700
31150,150,600,"sd","10:34:48",1286600
31150,150,300,"sd","10:34:48",1286000
31150,150,500,"sd","10:34:30",1285700
31150,150,1200,"sd","10:34:29",1285200
31150,150,2500,"sd","10:34:29",1284000
31150,150,1300,"sd","10:34:29",1281500
31150,150,100,"sd","10:33:52",1280200
31150,150,100,"sd","10:31:59",1280100
31150,150,1000,"sd","10:31:58",1280000
31150,150,100,"sd","10:31:20",1279000
31150,150,500,"sd","10:31:17",1278900
31150,150,100,"bu","10:30:35",1278400
31150,150,200,"sd","10:30:10",1278300
31150,150,200,"sd","10:30:10",1278100
31150,150,500,"sd","10:29:49",1277900
31150,150,300,"sd","10:29:47",1277400
31150,150,200,"sd","10:29:47",1277100
31150,150,2300,"sd","10:29:46",1276900
31150,150,2700,"sd","10:29:46",1274600
31150,150,500,"sd","10:29:43",1271900
31150,150,100,"sd","10:29:12",1271400
31150,150,1000,"sd","10:29:11",1271300
31150,150,300,"sd","10:29:06",1270300
31150,150,300,"sd","10:29:03",1270000
31150,150,3000,"bu","10:29:01",1269700
31150,150,100,"bu","10:29:01",1266700
31100,100,100,"sd","10:27:56",1266600
31150,150,1000,"bu","10:27:55",1266500
31100,100,200,"sd","10:27:50",1265500
31100,100,100,"sd","10:27:50",1265300
31150,150,900,"bu","10:27:49",1265200
31150,150,2400,"bu","10:27:49",1264300
31100,100,100,"sd","10:27:38",1261900
31150,150,1000,"bu","10:27:37",1261800
31100,100,100,"sd","10:27:32",1260800
31100,100,600,"sd","10:27:32",1260700
31150,150,1600,"bu","10:27:29",1260100
31150,150,3000,"bu","10:27:27",1258500
31150,150,300,"bu","10:27:27",1255500
31150,150,3500,"bu","10:27:27",1255200
31150,150,300,"bu","10:27:24",1251700
31100,100,500,"sd","10:27:16",1251400
31150,150,5000,"bu","10:27:15",1250900
31150,150,500,"bu","10:27:10",1245900
31100,100,300,"sd","10:27:06",1245400
31100,100,1300,"sd","10:27:04",1245100
31100,100,1000,"sd","10:27:04",1243800
31100,100,100,"sd","10:27:04",1242800
31100,100,200,"sd","10:27:04",1242700
31100,100,1300,"sd","10:27:04",1242500
31100,100,100,"sd","10:26:56",1241200
31100,100,500,"sd","10:26:53",1241100
31100,100,100,"sd","10:26:52",1240600
31100,100,1100,"sd","10:26:52",1240500
31100,100,3800,"sd","10:26:52",1239400
31100,100,100,"sd","10:26:23",1235600
31150,150,100,"bu","10:26:23",1235500
31150,150,1000,"bu","10:26:21",1235400
31150,150,500,"bu","10:26:11",1234400
31150,150,900,"bu","10:26:06",1233900
31100,100,300,"sd","10:25:34",1233000
31100,100,200,"sd","10:25:34",1232700
31100,100,100,"sd","10:25:24",1232500
31100,100,400,"sd","10:24:44",1232400
31100,100,1200,"sd","10:24:43",1232000
31100,100,100,"sd","10:24:43",1230800
31100,100,2500,"sd","10:24:43",1230700
31100,100,200,"sd","10:24:43",1228200
31100,100,200,"sd","10:24:39",1228000
31150,150,2000,"bu","10:24:38",1227800
31150,150,900,"bu","10:24:31",1225800
31100,100,200,"sd","10:24:24",1224900
31150,150,2500,"bu","10:24:22",1224700
31150,150,300,"bu","10:24:18",1222200
31100,100,300,"sd","10:24:15",1221900
31150,150,2500,"sd","10:24:14",1221600
31150,150,200,"sd","10:24:14",1219100
31150,150,500,"sd","10:24:14",1218900
31150,150,300,"sd","10:24:14",1218400
31150,150,100,"sd","10:23:59",1218100
31150,150,300,"sd","10:23:50",1218000
31150,150,100,"sd","10:23:31",1217700
31150,150,100,"sd","10:23:08",1217600
31150,150,1700,"sd","10:23:07",1217500
31150,150,100,"sd","10:23:02",1215800
31150,150,200,"sd","10:22:56",1215700
31150,150,200,"sd","10:22:56",1215500
31150,150,500,"sd","10:22:52",1215300
31150,150,100,"sd","10:22:06",1214800
31150,150,100,"sd","10:22:02",1214700
31150,150,200,"sd","10:22:00",1214600
31150,150,500,"sd","10:22:00",1214400
31150,150,300,"sd","10:22:00",1213900
31150,150,100,"sd","10:22:00",1213600
31150,150,200,"sd","10:21:49",1213500
31150,150,2000,"sd","10:21:48",1213300
31150,150,500,"sd","10:21:41",1211300
31150,150,300,"sd","10:21:39",1210800
31150,150,2900,"sd","10:21:38",1210500
31150,150,100,"sd","10:21:38",1207600
31150,150,300,"sd","10:21:20",1207500
31150,150,2100,"sd","10:21:19",1207200
31150,150,900,"sd","10:21:19",1205100
31200,200,100,"bu","10:20:54",1204200
31150,150,300,"sd","10:20:52",1204100
31150,150,3000,"sd","10:20:51",1203800
31150,150,2100,"sd","10:20:49",1200800
