"price","change","match_qtty","side","time","total_vol"
39500,-400,354000,"sd","14:45:01",5227500
39850,-50,400,"bu","14:29:57",4873500
39850,-50,1000,"bu","14:29:56",4873100
39850,-50,700,"bu","14:29:53",4872100
39850,-50,1000,"bu","14:29:53",4871400
39850,-50,1400,"bu","14:29:53",4870400
39800,-100,300,"sd","14:29:53",4869000
39850,-50,500,"bu","14:29:46",4868700
39800,-100,1000,"sd","14:29:46",4868200
39850,-50,100,"sd","14:29:41",4867200
39850,-50,1900,"bu","14:29:35",4867100
39850,-50,200,"bu","14:29:35",4865200
39850,-50,200,"bu","14:29:32",4865000
39850,-50,1600,"sd","14:29:28",4864800
39850,-50,200,"sd","14:29:28",4863200
39900,0,600,"bu","14:29:26",4863000
39900,0,100,"bu","14:29:26",4862400
39900,0,1000,"bu","14:29:26",4862300
39900,0,100,"bu","14:29:26",4861300
39900,0,100,"bu","14:29:26",4861200
39900,0,700,"bu","14:29:26",4861100
39900,0,400,"bu","14:29:26",4860400
39850,-50,200,"sd","14:29:23",4860000
39850,-50,200,"sd","14:29:23",4859800
39850,-50,500,"sd","14:29:23",4859600
39850,-50,2000,"sd","14:29:23",4859100
39850,-50,100,"sd","14:29:23",4857100
39850,-50,500,"sd","14:29:20",4857000
39900,0,1000,"bu","14:29:14",4856500
39900,0,300,"bu","14:29:11",4855500
39900,0,500,"bu","14:29:08",4855200
39900,0,1800,"bu","14:29:03",4854700
39900,0,1000,"bu","14:29:02",4852900
39900,0,100,"bu","14:29:02",4851900
39900,0,100,"bu","14:29:02",4851800
39900,0,400,"bu","14:29:02",4851700
39900,0,100,"bu","14:29:02",4851300
39900,0,1300,"bu","14:29:02",4851200
39900,0,700,"bu","14:29:00",4849900
39900,0,1500,"bu","14:29:00",4849200
39900,0,2200,"bu","14:28:51",4847700
39850,-50,100,"sd","14:28:49",4845500
39850,-50,3000,"sd","14:28:49",4845400
39900,0,300,"bu","14:28:48",4842400
39900,0,500,"bu","14:28:48",4842100
39900,0,200,"bu","14:28:48",4841600
39850,-50,500,"sd","14:28:43",4841400
39900,0,900,"bu","14:28:39",4840900
39900,0,100,"bu","14:28:39",4840000
39900,0,1500,"bu","14:28:39",4839900
39900,0,2500,"bu","14:28:39",4838400
39900,0,800,"bu","14:28:39",4835900
39900,0,600,"bu","14:28:39",4835100
39900,0,1100,"bu","14:28:39",4834500
39900,0,1900,"bu","14:28:37",4833400
39900,0,200,"bu","14:28:37",4831500
39900,0,100,"bu","14:28:37",4831300
39900,0,2800,"bu","14:28:37",4831200
39900,0,500,"bu","14:28:36",4828400
39900,0,200,"bu","14:28:36",4827900
39900,0,1500,"bu","14:28:34",4827700
39900,0,1100,"bu","14:28:34",4826200
39900,0,200,"bu","14:28:34",4825100
39900,0,100,"bu","14:28:34",4824900
39900,0,100,"bu","14:28:34",4824800
39900,0,1000,"bu","14:28:34",4824700
39900,0,16000,"bu","14:28:34",4823700
39900,0,5000,"bu","14:28:34",4807700
39900,0,2200,"bu","14:28:33",4802700
39900,0,100,"bu","14:28:33",4800500
39900,0,5000,"bu","14:28:30",4800400
39900,0,5000,"bu","14:28:28",4795400
39900,0,2200,"bu","14:28:26",4790400
39900,0,5000,"bu","14:28:25",4788200
39850,-50,200,"sd","14:28:25",4783200
39850,-50,100,"sd","14:28:24",4783000
39900,0,1000,"bu","14:28:23",4782900
39850,-50,100,"bu","14:28:19",4781900
39850,-50,100,"bu","14:28:19",4781800
39850,-50,400,"bu","14:28:19",4781700
39850,-50,4800,"bu","14:28:19",4781300
39850,-50,4800,"bu","14:28:17",4776500
39850,-50,200,"bu","14:28:17",4771700
39850,-50,800,"bu","14:28:15",4771500
39850,-50,500,"bu","14:28:15",4770700
39850,-50,100,"bu","14:28:15",4770200
39850,-50,3600,"bu","14:28:15",4770100
39850,-50,1400,"bu","14:28:14",4766500
39850,-50,800,"bu","14:28:14",4765100
39850,-50,4200,"bu","14:28:13",4764300
39850,-50,600,"bu","14:28:13",4760100
39850,-50,200,"bu","14:28:13",4759500
39850,-50,100,"bu","14:28:09",4759300
39850,-50,300,"bu","14:28:09",4759200
39850,-50,500,"bu","14:28:09",4758900
39850,-50,300,"bu","14:28:09",4758400
39850,-50,800,"bu","14:28:09",4758100
39800,-100,100,"bu","14:28:09",4757300
39800,-100,100,"bu","14:28:09",4757200
39800,-100,400,"bu","14:28:08",4757100
39800,-100,5000,"bu","14:28:07",4756700
39800,-100,4600,"bu","14:28:05",4751700
39800,-100,400,"bu","14:28:05",4747100
39800,-100,1600,"sd","14:28:01",4746700
39800,-100,100,"bu","14:28:00",4745100
39800,-100,300,"bu","14:28:00",4745000
39800,-100,100,"bu","14:28:00",4744700
39800,-100,2900,"bu","14:28:00",4744600
39800,-100,100,"bu","14:27:56",4741700
39800,-100,100,"bu","14:27:56",4741600
39800,-100,300,"bu","14:27:56",4741500
39800,-100,200,"bu","14:27:56",4741200
39800,-100,100,"bu","14:27:56",4741000
39800,-100,4200,"bu","14:27:56",4740900
39800,-100,1000,"bu","14:27:55",4736700
39800,-100,4800,"bu","14:27:54",4735700
39800,-100,100,"bu","14:27:54",4730900
39800,-100,100,"bu","14:27:54",4730800
39800,-100,2000,"bu","14:27:46",4730700
39750,-150,100,"bu","14:27:46",4728700
39750,-150,100,"bu","14:27:46",4728600
39800,-100,900,"bu","14:27:41",4728500
39750,-150,100,"bu","14:27:41",4727600
39750,-150,1200,"bu","14:27:41",4727500
39750,-150,500,"bu","14:27:33",4726300
39750,-150,700,"bu","14:27:33",4725800
39700,-200,1000,"bu","14:27:33",4725100
39700,-200,5000,"bu","14:27:31",4724100
39750,-150,300,"bu","14:27:29",4719100
39750,-150,100,"bu","14:27:29",4718800
39750,-150,2000,"bu","14:27:29",4718700
39750,-150,1000,"bu","14:27:29",4716700
39750,-150,1600,"bu","14:27:29",4715700
39750,-150,5000,"bu","14:27:27",4714100
39750,-150,2200,"bu","14:27:27",4709100
39750,-150,4600,"bu","14:27:25",4706900
39700,-200,400,"bu","14:27:25",4702300
39700,-200,100,"bu","14:27:25",4701900
39750,-150,5000,"bu","14:27:19",4701800
39750,-150,2200,"bu","14:27:19",4696800
39750,-150,2200,"bu","14:27:10",4694600
39750,-150,700,"bu","14:27:10",4692400
39700,-200,100,"bu","14:27:10",4691700
39700,-200,3200,"bu","14:27:10",4691600
39700,-200,200,"bu","14:27:06",4688400
39700,-200,100,"bu","14:27:05",4688200
39700,-200,300,"bu","14:27:05",4688100
39700,-200,1000,"bu","14:27:05",4687800
39700,-200,200,"unknown","14:27:05",4686800
39750,-150,100,"bu","14:27:04",4686600
39700,-200,500,"sd","14:27:03",4686500
39700,-200,200,"sd","14:27:02",4686000
39750,-150,2200,"bu","14:27:01",4685800
39700,-200,300,"sd","14:26:59",4683600
39700,-200,1000,"sd","14:26:55",4683300
39700,-200,1000,"sd","14:26:55",4682300
39750,-150,2200,"bu","14:26:55",4681300
39700,-200,100,"sd","14:26:49",4679100
39750,-150,2200,"bu","14:26:48",4679000
39750,-150,2200,"bu","14:26:44",4676800
39700,-200,200,"sd","14:26:40",4674600
39700,-200,100,"sd","14:26:40",4674400
39700,-200,100,"sd","14:26:40",4674300
39750,-150,200,"bu","14:26:37",4674200
39750,-150,2200,"bu","14:26:29",4674000
39750,-150,4400,"bu","14:26:16",4671800
39750,-150,200,"bu","14:26:15",4667400
39750,-150,900,"bu","14:26:10",4667200
39700,-200,800,"bu","14:26:10",4666300
39700,-200,500,"bu","14:26:10",4665500
39700,-200,100,"bu","14:26:00",4665000
39700,-200,100,"bu","14:26:00",4664900
39700,-200,100,"bu","14:26:00",4664800
39750,-150,1300,"bu","14:26:00",4664700
39700,-200,600,"bu","14:26:00",4663400
39700,-200,200,"sd","14:25:50",4662800
39700,-200,100,"sd","14:25:50",4662600
39700,-200,100,"sd","14:25:50",4662500
39750,-150,1000,"bu","14:25:44",4662400
39750,-150,6600,"bu","14:25:43",4661400
39750,-150,800,"bu","14:25:39",4654800
39750,-150,100,"bu","14:25:39",4654000
39750,-150,1300,"bu","14:25:39",4653900
39750,-150,2200,"bu","14:25:33",4652600
39750,-150,5300,"bu","14:25:28",4650400
39750,-150,3600,"bu","14:25:28",4645100
39750,-150,1400,"bu","14:25:28",4641500
39750,-150,100,"bu","14:25:28",4640100
39750,-150,500,"bu","14:25:28",4640000
39750,-150,200,"bu","14:25:28",4639500
39750,-150,300,"bu","14:25:22",4639300
39750,-150,500,"bu","14:25:22",4639000
39750,-150,200,"bu","14:25:22",4638500
39750,-150,200,"bu","14:25:22",4638300
39700,-200,800,"bu","14:25:22",4638100
39750,-150,100,"bu","14:25:22",4637300
39750,-150,100,"bu","14:25:22",4637200
39700,-200,1200,"bu","14:25:17",4637100
39700,-200,1000,"bu","14:25:17",4635900
39750,-150,100,"bu","14:25:12",4634900
39750,-150,100,"bu","14:25:00",4634800
39700,-200,900,"bu","14:25:00",4634700
39700,-200,1100,"bu","14:25:00",4633800
39700,-200,100,"bu","14:24:55",4632700
39750,-150,600,"bu","14:24:55",4632600
39750,-150,100,"bu","14:24:55",4632000
39750,-150,100,"bu","14:24:55",4631900
39700,-200,100,"bu","14:24:55",4631800
39700,-200,1000,"bu","14:24:55",4631700
39700,-200,200,"bu","14:24:55",4630700
39700,-200,100,"bu","14:24:54",4630500
39700,-200,100,"bu","14:24:54",4630400
39700,-200,100,"bu","14:24:45",4630300
39650,-250,100,"bu","14:24:45",4630200
39650,-250,500,"bu","14:24:45",4630100
39650,-250,100,"bu","14:24:45",4629600
39650,-250,1400,"bu","14:24:45",4629500
39650,-250,200,"bu","14:24:39",4628100
39650,-250,200,"bu","14:24:39",4627900
39650,-250,1800,"bu","14:24:39",4627700
39650,-250,1600,"bu","14:24:32",4625900
39600,-300,600,"bu","14:24:32",4624300
39600,-300,400,"sd","14:24:28",4623700
39600,-300,100,"sd","14:24:27",4623300
39600,-300,800,"sd","14:24:27",4623200
39600,-300,100,"sd","14:24:27",4622400
39650,-250,1000,"bu","14:24:20",4622300
39650,-250,600,"bu","14:24:20",4621300
39650,-250,200,"bu","14:24:20",4620700
39650,-250,200,"bu","14:24:20",4620500
39650,-250,800,"bu","14:24:20",4620300
39600,-300,400,"bu","14:24:20",4619500
39600,-300,500,"bu","14:24:20",4619100
39600,-300,1000,"sd","14:24:12",4618600
39600,-300,100,"sd","14:24:12",4617600
39650,-250,4400,"bu","14:24:09",4617500
39650,-250,2500,"bu","14:24:02",4613100
39600,-300,100,"bu","14:24:02",4610600
39600,-300,1800,"bu","14:24:02",4610500
39600,-300,1000,"bu","14:24:00",4608700
39600,-300,100,"bu","14:23:56",4607700
39600,-300,100,"bu","14:23:56",4607600
39600,-300,2000,"bu","14:23:56",4607500
39600,-300,200,"bu","14:23:56",4605500
39600,-300,1800,"bu","14:23:56",4605300
39600,-300,100,"bu","14:23:56",4603500
39600,-300,100,"bu","14:23:56",4603400
39600,-300,4400,"bu","14:23:49",4603300
39600,-300,3200,"bu","14:23:42",4598900
39600,-300,100,"bu","14:23:42",4595700
39600,-300,100,"bu","14:23:42",4595600
39600,-300,1000,"bu","14:23:42",4595500
39550,-350,1200,"bu","14:23:41",4594500
39550,-350,4400,"bu","14:23:35",4593300
39550,-350,1000,"bu","14:23:33",4588900
39550,-350,100,"bu","14:23:29",4587900
39600,-300,1800,"bu","14:23:28",4587800
39550,-350,100,"bu","14:23:28",4586000
39550,-350,2500,"bu","14:23:28",4585900
39500,-400,2000,"sd","14:23:26",4583400
39500,-400,1000,"sd","14:23:26",4581400
39500,-400,1000,"sd","14:23:26",4580400
39500,-400,1000,"sd","14:23:26",4579400
39550,-350,2500,"bu","14:23:17",4578400
39550,-350,500,"bu","14:23:17",4575900
39550,-350,1000,"bu","14:23:17",4575400
39550,-350,400,"bu","14:23:17",4574400
39550,-350,100,"bu","14:23:15",4574000
39550,-350,2200,"bu","14:23:08",4573900
39550,-350,4300,"bu","14:22:54",4571700
39550,-350,100,"bu","14:22:54",4567400
39500,-400,100,"unknown","14:22:45",4567300
39450,-450,1000,"sd","14:22:45",4567200
39450,-450,300,"sd","14:22:45",4566200
39450,-450,1000,"sd","14:22:45",4565900
39450,-450,200,"sd","14:22:45",4564900
39450,-450,200,"sd","14:22:45",4564700
39450,-450,2000,"sd","14:22:45",4564500
39450,-450,200,"sd","14:22:45",4562500
39450,-450,1600,"sd","14:22:45",4562300
39500,-400,200,"bu","14:22:45",4560700
39500,-400,700,"bu","14:22:45",4560500
39500,-400,1200,"bu","14:22:44",4559800
39500,-400,100,"bu","14:22:43",4558600
39500,-400,1000,"bu","14:22:42",4558500
39500,-400,200,"bu","14:22:42",4557500
39500,-400,100,"bu","14:22:42",4557300
39500,-400,200,"bu","14:22:42",4557200
39500,-400,500,"bu","14:22:42",4557000
39500,-400,500,"bu","14:22:42",4556500
39500,-400,300,"bu","14:22:42",4556000
39500,-400,7200,"bu","14:22:42",4555700
39500,-400,1000,"bu","14:22:38",4548500
39500,-400,100,"bu","14:22:34",4547500
39500,-400,2500,"bu","14:22:34",4547400
39500,-400,1800,"bu","14:22:34",4544900
39500,-400,100,"bu","14:22:33",4543100
39500,-400,700,"bu","14:22:32",4543000
39500,-400,2900,"bu","14:22:29",4542300
39500,-400,3800,"bu","14:22:28",4539400
39500,-400,600,"bu","14:22:28",4535600
39500,-400,100,"bu","14:22:19",4535000
39500,-400,500,"bu","14:22:11",4534900
39500,-400,200,"bu","14:22:09",4534400
39500,-400,2200,"bu","14:22:07",4534200
39500,-400,100,"bu","14:22:05",4532000
39500,-400,2200,"bu","14:22:00",4531900
39500,-400,1000,"bu","14:21:56",4529700
39500,-400,2200,"bu","14:21:52",4528700
39500,-400,900,"bu","14:21:47",4526500
39500,-400,1300,"bu","14:21:47",4525600
39500,-400,400,"bu","14:21:46",4524300
39500,-400,200,"bu","14:21:40",4523900
39500,-400,2200,"bu","14:21:40",4523700
39500,-400,2200,"bu","14:21:33",4521500
39500,-400,100,"bu","14:21:30",4519300
39500,-400,2200,"bu","14:21:22",4519200
39450,-450,400,"sd","14:21:16",4517000
39450,-450,100,"sd","14:21:16",4516600
39500,-400,1400,"bu","14:21:15",4516500
39500,-400,800,"bu","14:21:15",4515100
39500,-400,200,"bu","14:21:04",4514300
39500,-400,2000,"bu","14:21:04",4514100
39500,-400,1800,"bu","14:20:55",4512100
39450,-450,400,"bu","14:20:55",4510300
39450,-450,200,"bu","14:20:53",4509900
39450,-450,1000,"bu","14:20:53",4509700
39450,-450,500,"bu","14:20:52",4508700
39450,-450,400,"bu","14:20:50",4508200
39450,-450,100,"bu","14:20:50",4507800
39450,-450,1700,"bu","14:20:50",4507700
39450,-450,100,"bu","14:20:49",4506000
39400,-500,100,"sd","14:20:47",4505900
39450,-450,200,"bu","14:20:44",4505800
39450,-450,2000,"bu","14:20:44",4505600
39450,-450,100,"bu","14:20:43",4503600
39450,-450,200,"bu","14:20:39",4503500
39450,-450,2200,"bu","14:20:37",4503300
39450,-450,2500,"bu","14:20:31",4501100
39450,-450,500,"bu","14:20:31",4498600
39400,-500,100,"sd","14:20:29",4498100
39450,-450,100,"bu","14:20:29",4498000
39450,-450,100,"bu","14:20:29",4497900
39450,-450,2200,"bu","14:20:27",4497800
39450,-450,500,"bu","14:20:14",4495600
39450,-450,1700,"bu","14:20:14",4495100
39400,-500,7100,"sd","14:20:13",4493400
39400,-500,100,"sd","14:20:13",4486300
39400,-500,100,"sd","14:20:09",4486200
39450,-450,2200,"bu","14:20:07",4486100
39450,-450,800,"bu","14:19:59",4483900
39450,-450,100,"bu","14:19:59",4483100
39450,-450,1300,"bu","14:19:59",4483000
39450,-450,2200,"bu","14:19:53",4481700
39450,-450,1000,"bu","14:19:46",4479500
39400,-500,1200,"bu","14:19:46",4478500
39400,-500,300,"sd","14:19:46",4477300
39400,-500,500,"sd","14:19:46",4477000
39400,-500,500,"bu","14:19:36",4476500
39400,-500,500,"bu","14:19:31",4476000
39400,-500,1700,"bu","14:19:31",4475500
39400,-500,1300,"bu","14:19:27",4473800
39400,-500,3100,"bu","14:19:26",4472500
39400,-500,1000,"bu","14:19:26",4469400
39400,-500,800,"bu","14:19:26",4468400
39400,-500,2100,"bu","14:19:26",4467600
39350,-550,1000,"bu","14:19:26",4465500
39300,-600,26500,"sd","14:19:25",4464500
39300,-600,200,"sd","14:19:25",4438000
39300,-600,200,"sd","14:19:25",4437800
39300,-600,1000,"sd","14:19:25",4437600
39300,-600,200,"sd","14:19:25",4436600
39300,-600,3900,"sd","14:19:25",4436400
39350,-550,100,"bu","14:19:25",4432500
39350,-550,700,"bu","14:19:24",4432400
39350,-550,200,"bu","14:19:20",4431700
39350,-550,100,"bu","14:19:20",4431500
39350,-550,100,"bu","14:19:19",4431400
39300,-600,1000,"sd","14:19:19",4431300
39350,-550,300,"bu","14:19:18",4430300
39300,-600,100,"sd","14:19:17",4430000
39300,-600,100,"sd","14:19:17",4429900
39300,-600,800,"sd","14:19:17",4429800
39350,-550,300,"bu","14:19:17",4429000
39350,-550,200,"bu","14:19:16",4428700
39350,-550,1000,"sd","14:19:16",4428500
39400,-500,700,"bu","14:19:14",4427500
39400,-500,400,"bu","14:19:14",4426800
39400,-500,300,"bu","14:19:13",4426400
39400,-500,1000,"bu","14:19:13",4426100
39400,-500,500,"bu","14:19:13",4425100
39400,-500,100,"bu","14:19:13",4424600
39400,-500,500,"bu","14:19:13",4424500
39400,-500,300,"bu","14:19:13",4424000
39400,-500,2000,"bu","14:19:13",4423700
39300,-600,1200,"sd","14:19:12",4421700
39300,-600,500,"sd","14:19:12",4420500
39300,-600,1000,"sd","14:19:12",4420000
39300,-600,100,"sd","14:19:12",4419000
39300,-600,100,"sd","14:19:12",4418900
39300,-600,1000,"sd","14:19:12",4418800
39300,-600,100,"sd","14:19:12",4417800
39300,-600,100,"sd","14:19:12",4417700
39300,-600,100,"sd","14:19:12",4417600
39300,-600,100,"sd","14:19:12",4417500
39300,-600,100,"sd","14:19:12",4417400
39300,-600,2500,"sd","14:19:12",4417300
39300,-600,4200,"sd","14:19:12",4414800
39350,-550,5000,"sd","14:19:12",4410600
39350,-550,100,"sd","14:19:12",4405600
39350,-550,1900,"sd","14:19:12",4405500
39350,-550,100,"sd","14:19:12",4403600
39350,-550,200,"sd","14:19:12",4403500
39350,-550,600,"sd","14:19:12",4403300
39400,-500,100,"bu","14:19:11",4402700
39400,-500,600,"bu","14:19:10",4402600
39400,-500,2200,"bu","14:19:09",4402000
39400,-500,200,"bu","14:19:09",4399800
39400,-500,100,"bu","14:19:02",4399600
39400,-500,500,"bu","14:19:01",4399500
39400,-500,2200,"bu","14:19:00",4399000
39350,-550,300,"sd","14:18:55",4396800
39400,-500,200,"bu","14:18:53",4396500
39350,-550,1000,"sd","14:18:52",4396300
39350,-550,300,"bu","14:18:48",4395300
39350,-550,100,"sd","14:18:47",4395000
39400,-500,300,"bu","14:18:40",4394900
39400,-500,600,"bu","14:18:39",4394600
39400,-500,600,"bu","14:18:39",4394000
39400,-500,100,"bu","14:18:38",4393400
39300,-600,4600,"sd","14:18:38",4393300
39350,-550,400,"unknown","14:18:38",4388700
39400,-500,400,"bu","14:18:37",4388300
39350,-550,1800,"bu","14:18:36",4387900
39350,-550,200,"bu","14:18:33",4386100
39350,-550,900,"bu","14:18:32",4385900
39350,-550,100,"bu","14:18:32",4385000
39350,-550,100,"bu","14:18:32",4384900
39350,-550,900,"bu","14:18:31",4384800
39350,-550,100,"bu","14:18:31",4383900
39350,-550,100,"bu","14:18:30",4383800
39300,-600,500,"sd","14:18:29",4383700
39350,-550,200,"bu","14:18:25",4383200
39300,-600,700,"sd","14:18:24",4383000
39300,-600,200,"sd","14:18:24",4382300
39300,-600,100,"sd","14:18:24",4382100
39350,-550,200,"bu","14:18:21",4382000
39350,-550,900,"bu","14:18:20",4381800
39350,-550,500,"bu","14:18:19",4380900
39350,-550,100,"bu","14:18:19",4380400
39350,-550,500,"bu","14:18:19",4380300
39350,-550,400,"bu","14:18:19",4379800
39350,-550,2200,"bu","14:18:19",4379400
39300,-600,900,"sd","14:18:18",4377200
39300,-600,600,"sd","14:18:18",4376300
39300,-600,500,"sd","14:18:18",4375700
39300,-600,200,"sd","14:18:18",4375200
39300,-600,500,"sd","14:18:18",4375000
39300,-600,200,"sd","14:18:18",4374500
39300,-600,100,"sd","14:18:18",4374300
39300,-600,400,"sd","14:18:18",4374200
39300,-600,100,"sd","14:18:18",4373800
39300,-600,1200,"sd","14:18:18",4373700
39300,-600,1000,"sd","14:18:18",4372500
39300,-600,1000,"sd","14:18:18",4371500
39300,-600,100,"sd","14:18:18",4370500
39300,-600,900,"sd","14:18:18",4370400
39300,-600,1800,"sd","14:18:18",4369500
39300,-600,100,"sd","14:18:18",4367700
39300,-600,100,"sd","14:18:18",4367600
39300,-600,500,"sd","14:18:18",4367500
39300,-600,100,"sd","14:18:18",4367000
39300,-600,100,"sd","14:18:18",4366900
39300,-600,1000,"sd","14:18:18",4366800
39300,-600,100,"sd","14:18:18",4365800
39300,-600,200,"sd","14:18:18",4365700
39300,-600,3300,"sd","14:18:18",4365500
39350,-550,200,"bu","14:18:14",4362200
39350,-550,1000,"bu","14:18:13",4362000
39350,-550,100,"bu","14:18:08",4361000
39350,-550,500,"bu","14:18:07",4360900
39350,-550,200,"bu","14:18:07",4360400
39350,-550,2200,"bu","14:18:06",4360200
39350,-550,100,"bu","14:18:06",4358000
39350,-550,500,"bu","14:18:05",4357900
39400,-500,100,"bu","14:17:57",4357400
39400,-500,200,"bu","14:17:56",4357300
39400,-500,400,"bu","14:17:56",4357100
39300,-600,2200,"sd","14:17:56",4356700
39350,-550,500,"sd","14:17:56",4354500
39400,-500,200,"bu","14:17:50",4354000
39400,-500,1100,"bu","14:17:49",4353800
39400,-500,1300,"bu","14:17:48",4352700
39400,-500,1000,"bu","14:17:48",4351400
39400,-500,500,"bu","14:17:48",4350400
39400,-500,1600,"bu","14:17:48",4349900
39400,-500,2800,"bu","14:17:47",4348300
39400,-500,6600,"bu","14:17:47",4345500
39400,-500,3000,"bu","14:17:47",4338900
39400,-500,1600,"bu","14:17:47",4335900
39350,-550,3700,"bu","14:17:47",4334300
39300,-600,200,"sd","14:17:46",4330600
39300,-600,100,"sd","14:17:46",4330400
39300,-600,600,"sd","14:17:46",4330300
39300,-600,1000,"sd","14:17:46",4329700
39300,-600,700,"sd","14:17:46",4328700
39300,-600,5100,"sd","14:17:46",4328000
39300,-600,500,"sd","14:17:46",4322900
39300,-600,500,"sd","14:17:46",4322400
39300,-600,20000,"sd","14:17:46",4321900
39300,-600,900,"sd","14:17:46",4301900
39300,-600,100,"sd","14:17:46",4301000
39300,-600,700,"sd","14:17:46",4300900
39300,-600,3100,"sd","14:17:46",4300200
39300,-600,1200,"sd","14:17:46",4297100
39300,-600,100,"sd","14:17:46",4295900
39300,-600,100,"sd","14:17:46",4295800
39300,-600,1700,"sd","14:17:46",4295700
39300,-600,200,"sd","14:17:46",4294000
39300,-600,1700,"sd","14:17:46",4293800
39300,-600,200,"sd","14:17:46",4292100
39300,-600,100,"sd","14:17:46",4291900
39300,-600,500,"sd","14:17:46",4291800
39300,-600,200,"sd","14:17:46",4291300
39300,-600,500,"sd","14:17:46",4291100
39300,-600,500,"sd","14:17:46",4290600
39300,-600,5400,"sd","14:17:46",4290100
39300,-600,1000,"sd","14:17:46",4284700
39300,-600,100,"sd","14:17:46",4283700
39300,-600,100,"sd","14:17:46",4283600
39300,-600,300,"sd","14:17:46",4283500
39300,-600,200,"sd","14:17:46",4283200
39300,-600,100,"sd","14:17:46",4283000
39300,-600,500,"sd","14:17:46",4282900
39300,-600,100,"sd","14:17:46",4282400
39300,-600,200,"sd","14:17:46",4282300
39300,-600,1000,"sd","14:17:46",4282100
39300,-600,10000,"sd","14:17:46",4281100
39300,-600,300,"sd","14:17:46",4271100
39300,-600,2000,"sd","14:17:46",4270800
39300,-600,500,"sd","14:17:46",4268800
39300,-600,2000,"sd","14:17:46",4268300
39300,-600,2200,"sd","14:17:46",4266300
39300,-600,300,"sd","14:17:46",4264100
39300,-600,100,"sd","14:17:46",4263800
39300,-600,500,"sd","14:17:46",4263700
39300,-600,500,"sd","14:17:46",4263200
39300,-600,500,"sd","14:17:46",4262700
39300,-600,1000,"sd","14:17:46",4262200
39300,-600,100,"sd","14:17:46",4261200
39300,-600,100,"sd","14:17:46",4261100
39300,-600,200,"sd","14:17:46",4261000
39300,-600,100,"sd","14:17:46",4260800
39300,-600,100,"sd","14:17:46",4260700
39350,-550,1000,"bu","14:17:46",4260600
39350,-550,100,"bu","14:17:45",4259600
39350,-550,200,"bu","14:17:44",4259500
39350,-550,1100,"bu","14:17:43",4259300
39350,-550,1400,"bu","14:17:42",4258200
39350,-550,200,"bu","14:17:42",4256800
39350,-550,1700,"bu","14:17:42",4256600
39350,-550,1000,"bu","14:17:42",4254900
39350,-550,100,"bu","14:17:42",4253900
39350,-550,100,"bu","14:17:41",4253800
39350,-550,1000,"bu","14:17:41",4253700
39350,-550,4000,"bu","14:17:41",4252700
39350,-550,9100,"bu","14:17:41",4248700
39350,-550,500,"bu","14:17:41",4239600
39350,-550,2900,"bu","14:17:41",4239100
39300,-600,100,"sd","14:17:40",4236200
39300,-600,100,"sd","14:17:40",4236100
39300,-600,100,"sd","14:17:40",4236000
39300,-600,2000,"sd","14:17:40",4235900
39300,-600,100,"sd","14:17:40",4233900
39300,-600,100,"sd","14:17:40",4233800
39300,-600,200,"sd","14:17:40",4233700
39300,-600,100,"sd","14:17:40",4233500
39300,-600,200,"sd","14:17:40",4233400
39300,-600,100,"sd","14:17:40",4233200
39300,-600,5000,"sd","14:17:40",4233100
39300,-600,300,"sd","14:17:40",4228100
39300,-600,1000,"sd","14:17:40",4227800
39300,-600,500,"sd","14:17:40",4226800
39300,-600,100,"sd","14:17:40",4226300
39300,-600,5000,"sd","14:17:40",4226200
39300,-600,200,"sd","14:17:40",4221200
39300,-600,100,"sd","14:17:40",4221000
39300,-600,100,"sd","14:17:40",4220900
39300,-600,2000,"sd","14:17:40",4220800
39300,-600,5100,"sd","14:17:40",4218800
39300,-600,3500,"sd","14:17:40",4213700
39300,-600,1000,"sd","14:17:40",4210200
39300,-600,100,"sd","14:17:40",4209200
39300,-600,100,"sd","14:17:40",4209100
39300,-600,100,"sd","14:17:40",4209000
39300,-600,200,"sd","14:17:40",4208900
39300,-600,200,"sd","14:17:40",4208700
39300,-600,1000,"sd","14:17:40",4208500
39300,-600,100,"sd","14:17:40",4207500
39300,-600,200,"sd","14:17:40",4207400
39300,-600,200,"sd","14:17:40",4207200
39300,-600,100,"sd","14:17:40",4207000
39300,-600,100,"sd","14:17:40",4206900
39300,-600,100,"sd","14:17:40",4206800
39300,-600,2100,"sd","14:17:40",4206700
39300,-600,2000,"sd","14:17:40",4204600
39300,-600,700,"sd","14:17:40",4202600
39300,-600,1600,"sd","14:17:40",4201900
39300,-600,2500,"sd","14:17:40",4200300
39300,-600,500,"sd","14:17:40",4197800
39300,-600,500,"sd","14:17:40",4197300
39300,-600,1300,"sd","14:17:40",4196800
39300,-600,100,"sd","14:17:40",4195500
39300,-600,4000,"sd","14:17:40",4195400
39300,-600,100,"sd","14:17:40",4191400
39300,-600,6000,"sd","14:17:40",4191300
39300,-600,200,"sd","14:17:40",4185300
39300,-600,100,"sd","14:17:40",4185100
39300,-600,100,"sd","14:17:40",4185000
39300,-600,10200,"sd","14:17:40",4184900
39300,-600,100,"sd","14:17:40",4174700
39300,-600,500,"sd","14:17:40",4174600
39300,-600,300,"sd","14:17:40",4174100
39300,-600,100,"sd","14:17:40",4173800
39300,-600,100,"sd","14:17:40",4173700
39300,-600,100,"sd","14:17:40",4173600
39300,-600,1000,"sd","14:17:40",4173500
39300,-600,100,"sd","14:17:40",4172500
39300,-600,100,"sd","14:17:40",4172400
39300,-600,500,"sd","14:17:40",4172300
39300,-600,100,"sd","14:17:40",4171800
39300,-600,4000,"sd","14:17:40",4171700
39300,-600,300,"sd","14:17:40",4167700
39300,-600,1200,"sd","14:17:40",4167400
39350,-550,500,"bu","14:17:40",4166200
39350,-550,100,"bu","14:17:40",4165700
39350,-550,500,"bu","14:17:40",4165600
39300,-600,1000,"sd","14:17:39",4165100
39350,-550,700,"bu","14:17:39",4164100
39300,-600,2000,"sd","14:17:38",4163400
39300,-600,800,"sd","14:17:38",4161400
39300,-600,100,"sd","14:17:38",4160600
39300,-600,100,"sd","14:17:38",4160500
39350,-550,100,"bu","14:17:38",4160400
39350,-550,400,"bu","14:17:37",4160300
39350,-550,100,"bu","14:17:36",4159900
39350,-550,1400,"bu","14:17:36",4159800
39350,-550,100,"bu","14:17:36",4158400
39350,-550,100,"bu","14:17:33",4158300
39350,-550,700,"bu","14:17:32",4158200
39400,-500,1800,"bu","14:17:31",4157500
39350,-550,600,"bu","14:17:31",4155700
39350,-550,100,"sd","14:17:31",4155100
39350,-550,300,"sd","14:17:31",4155000
39350,-550,300,"sd","14:17:30",4154700
39350,-550,100,"sd","14:17:30",4154400
39350,-550,500,"sd","14:17:30",4154300
39350,-550,100,"sd","14:17:30",4153800
39350,-550,5000,"sd","14:17:30",4153700
39400,-500,3600,"bu","14:17:30",4148700
39400,-500,9100,"bu","14:17:29",4145100
39400,-500,3600,"bu","14:17:29",4136000
39350,-550,2000,"sd","14:17:29",4132400
39350,-550,8000,"sd","14:17:28",4130400
39350,-550,100,"sd","14:17:28",4122400
39350,-550,100,"sd","14:17:28",4122300
39350,-550,1000,"sd","14:17:28",4122200
39350,-550,500,"sd","14:17:28",4121200
39350,-550,500,"sd","14:17:28",4120700
39350,-550,2000,"sd","14:17:28",4120200
39350,-550,200,"sd","14:17:28",4118200
39350,-550,300,"sd","14:17:28",4118000
39350,-550,3500,"sd","14:17:28",4117700
39350,-550,400,"sd","14:17:28",4114200
39350,-550,100,"sd","14:17:28",4113800
39350,-550,100,"sd","14:17:28",4113700
39350,-550,100,"sd","14:17:28",4113600
39350,-550,1000,"sd","14:17:28",4113500
39350,-550,100,"sd","14:17:28",4112500
39350,-550,100,"sd","14:17:28",4112400
39350,-550,5000,"sd","14:17:28",4112300
39350,-550,100,"sd","14:17:28",4107300
39350,-550,2500,"sd","14:17:28",4107200
39350,-550,100,"sd","14:17:28",4104700
39350,-550,100,"sd","14:17:28",4104600
39350,-550,500,"sd","14:17:28",4104500
39350,-550,7000,"sd","14:17:28",4104000
39350,-550,6600,"sd","14:17:28",4097000
39350,-550,3000,"sd","14:17:28",4090400
39350,-550,2500,"sd","14:17:28",4087400
39350,-550,2000,"sd","14:17:28",4084900
39350,-550,3000,"sd","14:17:28",4082900
39350,-550,300,"sd","14:17:28",4079900
39400,-500,200,"bu","14:17:27",4079600
39400,-500,800,"bu","14:17:26",4079400
39350,-550,2600,"sd","14:17:25",4078600
39350,-550,500,"sd","14:17:25",4076000
39350,-550,100,"sd","14:17:25",4075500
39350,-550,100,"sd","14:17:25",4075400
39400,-500,200,"bu","14:17:24",4075300
39350,-550,400,"sd","14:17:23",4075100
39350,-550,500,"sd","14:17:23",4074700
39350,-550,100,"sd","14:17:23",4074200
39350,-550,7000,"sd","14:17:13",4074100
39350,-550,4000,"sd","14:17:08",4067100
39350,-550,200,"sd","14:17:08",4063100
39350,-550,500,"sd","14:17:07",4062900
39350,-550,5000,"sd","14:16:56",4062400
39350,-550,300,"sd","14:16:54",4057400
39350,-550,2000,"sd","14:16:50",4057100
39350,-550,100,"sd","14:16:46",4055100
39400,-500,200,"bu","14:16:46",4055000
39400,-500,900,"bu","14:16:45",4054800
39400,-500,900,"bu","14:16:44",4053900
39350,-550,3000,"sd","14:16:44",4053000
39350,-550,500,"sd","14:16:43",4050000
39350,-550,500,"sd","14:16:16",4049500
39350,-550,100,"sd","14:16:15",4049000
39350,-550,300,"sd","14:16:14",4048900
39350,-550,1700,"sd","14:16:07",4048600
39350,-550,100,"sd","14:16:06",4046900
39350,-550,3100,"sd","14:16:03",4046800
39400,-500,100,"bu","14:15:58",4043700
39400,-500,500,"bu","14:15:57",4043600
39400,-500,2000,"bu","14:15:56",4043100
39400,-500,300,"bu","14:15:53",4041100
39350,-550,10000,"sd","14:15:43",4040800
39350,-550,200,"sd","14:15:43",4030800
39350,-550,500,"sd","14:15:43",4030600
39350,-550,100,"sd","14:15:43",4030100
39350,-550,100,"sd","14:15:43",4030000
39350,-550,800,"sd","14:15:43",4029900
39350,-550,200,"sd","14:15:43",4029100
39350,-550,1000,"sd","14:15:43",4028900
39350,-550,1200,"sd","14:15:43",4027900
39350,-550,9000,"sd","14:15:43",4026700
39350,-550,10000,"sd","14:15:43",4017700
39350,-550,200,"sd","14:15:43",4007700
39350,-550,200,"sd","14:15:43",4007500
39350,-550,5000,"sd","14:15:43",4007300
39350,-550,200,"sd","14:15:43",4002300
39350,-550,5000,"sd","14:15:43",4002100
39350,-550,500,"sd","14:15:42",3997100
39350,-550,9300,"sd","14:15:40",3996600
39350,-550,100,"sd","14:15:40",3987300
39350,-550,100,"sd","14:15:40",3987200
39350,-550,200,"sd","14:15:40",3987100
39350,-550,200,"sd","14:15:40",3986900
39350,-550,200,"sd","14:15:40",3986700
39350,-550,100,"sd","14:15:40",3986500
39350,-550,700,"sd","14:15:40",3986400
39350,-550,300,"sd","14:15:40",3985700
39350,-550,100,"sd","14:15:40",3985400
39350,-550,100,"sd","14:15:40",3985300
39350,-550,100,"sd","14:15:40",3985200
39350,-550,100,"sd","14:15:40",3985100
39350,-550,100,"sd","14:15:40",3985000
39350,-550,2000,"sd","14:15:40",3984900
39350,-550,100,"sd","14:15:40",3982900
39350,-550,1000,"sd","14:15:40",3982800
39350,-550,1000,"sd","14:15:40",3981800
39350,-550,100,"sd","14:15:40",3980800
39350,-550,100,"sd","14:15:40",3980700
39350,-550,200,"sd","14:15:40",3980600
39350,-550,200,"sd","14:15:40",3980400
39350,-550,100,"sd","14:15:40",3980200
39350,-550,300,"sd","14:15:40",3980100
39350,-550,100,"sd","14:15:40",3979800
39350,-550,100,"sd","14:15:40",3979700
39350,-550,100,"sd","14:15:40",3979600
39350,-550,100,"sd","14:15:40",3979500
39350,-550,100,"sd","14:15:40",3979400
39350,-550,100,"sd","14:15:40",3979300
39350,-550,500,"sd","14:15:40",3979200
39350,-550,500,"sd","14:15:40",3978700
39350,-550,100,"sd","14:15:40",3978200
39350,-550,100,"sd","14:15:40",3978100
39350,-550,100,"sd","14:15:40",3978000
39350,-550,1000,"sd","14:15:40",3977900
39350,-550,10300,"sd","14:15:40",3976900
39400,-500,200,"bu","14:15:36",3966600
39400,-500,1000,"bu","14:15:35",3966400
39400,-500,200,"bu","14:15:32",3965400
39400,-500,100,"bu","14:15:26",3965200
39350,-550,600,"sd","14:15:25",3965100
39400,-500,200,"bu","14:15:14",3964500
39400,-500,800,"bu","14:15:13",3964300
39400,-500,3400,"bu","14:15:12",3963500
39400,-500,100,"bu","14:15:12",3960100
39400,-500,900,"bu","14:15:11",3960000
39400,-500,12900,"bu","14:15:11",3959100
39400,-500,200,"unknown","14:15:10",3946200
39400,-500,5000,"sd","14:15:10",3946000
39400,-500,2000,"sd","14:15:10",3941000
39400,-500,100,"sd","14:15:10",3939000
39400,-500,400,"sd","14:15:10",3938900
39400,-500,100,"sd","14:15:10",3938500
39400,-500,700,"sd","14:15:10",3938400
39400,-500,100,"sd","14:15:10",3937700
39400,-500,2500,"sd","14:15:10",3937600
39400,-500,700,"sd","14:15:10",3935100
39400,-500,200,"sd","14:15:10",3934400
39400,-500,700,"sd","14:15:10",3934200
39400,-500,1600,"sd","14:15:10",3933500
39400,-500,700,"sd","14:15:10",3931900
39400,-500,200,"sd","14:15:10",3931200
39400,-500,200,"sd","14:15:10",3931000
39400,-500,1000,"sd","14:15:10",3930800
39400,-500,2900,"sd","14:15:10",3929800
39400,-500,100,"sd","14:15:10",3926900
39400,-500,7000,"sd","14:15:10",3926800
39400,-500,200,"sd","14:15:10",3919800
39400,-500,200,"sd","14:15:10",3919600
39400,-500,200,"sd","14:15:10",3919400
39400,-500,18700,"sd","14:15:10",3919200
39400,-500,100,"sd","14:15:10",3900500
39400,-500,6000,"sd","14:15:10",3900400
39400,-500,1300,"sd","14:15:08",3894400
39400,-500,18700,"sd","14:15:08",3893100
39400,-500,1000,"sd","14:15:03",3874400
39400,-500,100,"sd","14:15:03",3873400
39400,-500,200,"sd","14:15:02",3873300
39400,-500,300,"sd","14:15:02",3873100
39400,-500,200,"sd","14:14:59",3872800
39400,-500,1800,"sd","14:14:59",3872600
39400,-500,7400,"sd","14:14:56",3870800
39400,-500,2600,"sd","14:14:56",3863400
39400,-500,100,"sd","14:14:54",3860800
39400,-500,3000,"sd","14:14:51",3860700
39400,-500,900,"sd","14:14:50",3857700
39400,-500,300,"sd","14:14:43",3856800
39400,-500,200,"sd","14:14:40",3856500
39400,-500,500,"sd","14:14:39",3856300
39400,-500,1000,"sd","14:14:31",3855800
39400,-500,6600,"sd","14:14:30",3854800
39400,-500,900,"sd","14:14:25",3848200
39400,-500,2000,"sd","14:14:23",3847300
39400,-500,1700,"sd","14:14:23",3845300
39400,-500,9800,"sd","14:14:15",3843600
39450,-450,500,"bu","14:14:15",3833800
39450,-450,500,"bu","14:14:15",3833300
39450,-450,1000,"bu","14:14:15",3832800
39400,-500,300,"sd","14:14:13",3831800
39400,-500,800,"sd","14:14:05",3831500
39400,-500,3000,"sd","14:14:05",3830700
39400,-500,2900,"sd","14:14:04",3827700
39400,-500,500,"sd","14:13:58",3824800
39400,-500,1000,"sd","14:13:52",3824300
39400,-500,300,"sd","14:13:43",3823300
39400,-500,24000,"sd","14:13:36",3823000
39400,-500,5600,"bu","14:13:13",3799000
39400,-500,700,"bu","14:13:13",3793400
39400,-500,100,"bu","14:13:13",3792700
39400,-500,700,"bu","14:13:13",3792600
39400,-500,3000,"bu","14:13:13",3791900
39400,-500,2000,"bu","14:13:13",3788900
39400,-500,7200,"bu","14:13:13",3786900
39400,-500,4000,"bu","14:13:13",3779700
39400,-500,3500,"bu","14:13:13",3775700
39400,-500,9800,"bu","14:13:13",3772200
39350,-550,300,"sd","14:13:13",3762400
39400,-500,200,"bu","14:13:04",3762100
39400,-500,100,"bu","14:13:03",3761900
39400,-500,200,"bu","14:12:50",3761800
39400,-500,100,"bu","14:12:46",3761600
39400,-500,100,"bu","14:12:44",3761500
39400,-500,100,"bu","14:12:43",3761400
39350,-550,300,"sd","14:12:42",3761300
39400,-500,100,"bu","14:12:40",3761000
39400,-500,100,"bu","14:12:39",3760900
39400,-500,600,"bu","14:12:38",3760800
39400,-500,700,"bu","14:12:37",3760200
39400,-500,2000,"bu","14:12:37",3759500
39400,-500,2900,"bu","14:12:36",3757500
39400,-500,2000,"bu","14:12:35",3754600
39400,-500,100,"bu","14:12:35",3752600
39400,-500,100,"bu","14:12:35",3752500
39400,-500,100,"sd","14:12:35",3752400
39400,-500,200,"sd","14:12:35",3752300
39400,-500,800,"sd","14:12:35",3752100
39400,-500,200,"sd","14:12:35",3751300
39400,-500,300,"sd","14:12:35",3751100
39400,-500,100,"sd","14:12:35",3750800
39400,-500,5700,"sd","14:12:35",3750700
39400,-500,100,"sd","14:12:35",3745000
39400,-500,200,"sd","14:12:35",3744900
39400,-500,500,"sd","14:12:35",3744700
39400,-500,400,"sd","14:12:35",3744200
39400,-500,1000,"sd","14:12:35",3743800
39400,-500,100,"sd","14:12:25",3742800
39400,-500,900,"sd","14:12:21",3742700
39400,-500,700,"sd","14:12:21",3741800
39400,-500,100,"sd","14:12:21",3741100
39400,-500,100,"sd","14:12:21",3741000
39400,-500,200,"sd","14:12:21",3740900
39400,-500,100,"sd","14:12:21",3740700
39400,-500,300,"sd","14:12:21",3740600
39400,-500,1100,"sd","14:12:21",3740300
39400,-500,100,"sd","14:12:20",3739200
39400,-500,200,"sd","14:12:20",3739100
39400,-500,200,"sd","14:12:20",3738900
39400,-500,1000,"sd","14:12:20",3738700
39400,-500,300,"sd","14:12:17",3737700
39400,-500,1000,"sd","14:12:17",3737400
39400,-500,100,"sd","14:12:17",3736400
39400,-500,400,"sd","14:12:17",3736300
39400,-500,100,"sd","14:12:17",3735900
39400,-500,300,"sd","14:12:17",3735800
39400,-500,100,"sd","14:12:17",3735500
39400,-500,1000,"sd","14:12:17",3735400
39400,-500,5000,"sd","14:12:17",3734400
39400,-500,100,"sd","14:12:17",3729400
39400,-500,200,"sd","14:12:17",3729300
39400,-500,2000,"sd","14:12:17",3729100
39400,-500,1200,"sd","14:12:17",3727100
39400,-500,2000,"sd","14:12:17",3725900
39400,-500,100,"sd","14:12:17",3723900
39400,-500,700,"sd","14:12:17",3723800
39400,-500,100,"sd","14:12:17",3723100
39400,-500,2200,"sd","14:12:17",3723000
39400,-500,2000,"sd","14:12:17",3720800
39400,-500,100,"sd","14:12:17",3718800
39400,-500,2000,"sd","14:12:17",3718700
39400,-500,500,"sd","14:12:17",3716700
39400,-500,100,"sd","14:12:17",3716200
39400,-500,300,"sd","14:12:17",3716100
39400,-500,100,"sd","14:12:17",3715800
39400,-500,100,"sd","14:12:17",3715700
39400,-500,100,"sd","14:12:17",3715600
39400,-500,800,"sd","14:12:17",3715500
39450,-450,300,"bu","14:12:15",3714700
39400,-500,100,"sd","14:12:12",3714400
39400,-500,100,"sd","14:12:12",3714300
39400,-500,100,"sd","14:12:12",3714200
39400,-500,1000,"sd","14:12:10",3714100
39400,-500,300,"sd","14:11:42",3713100
39400,-500,200,"sd","14:11:12",3712800
39400,-500,100,"sd","14:11:12",3712600
39400,-500,900,"sd","14:11:09",3712500
39400,-500,100,"sd","14:11:09",3711600
39400,-500,500,"sd","14:11:09",3711500
39400,-500,100,"sd","14:11:08",3711000
39400,-500,400,"sd","14:11:08",3710900
39400,-500,4000,"sd","14:11:08",3710500
39400,-500,1000,"sd","14:10:48",3706500
39400,-500,300,"sd","14:10:42",3705500
39400,-500,300,"sd","14:10:42",3705200
39400,-500,300,"sd","14:10:42",3704900
39400,-500,100,"sd","14:10:42",3704600
39400,-500,100,"sd","14:10:42",3704500
39400,-500,2200,"sd","14:10:42",3704400
39400,-500,700,"sd","14:10:42",3702200
39400,-500,500,"sd","14:10:40",3701500
39450,-450,1000,"bu","14:10:40",3701000
39450,-450,4000,"bu","14:10:39",3700000
39400,-500,300,"sd","14:10:12",3696000
39450,-450,100,"bu","14:09:57",3695700
39400,-500,1400,"sd","14:09:53",3695600
39400,-500,300,"sd","14:09:42",3694200
39400,-500,300,"sd","14:09:12",3693900
39450,-450,200,"bu","14:09:07",3693600
39450,-450,300,"bu","14:09:01",3693400
39400,-500,200,"sd","14:09:00",3693100
39450,-450,100,"bu","14:08:57",3692900
39450,-450,300,"bu","14:08:53",3692800
39450,-450,100,"bu","14:08:48",3692500
39400,-500,300,"sd","14:08:42",3692400
39400,-500,1000,"sd","14:08:41",3692100
39400,-500,1000,"sd","14:08:41",3691100
39450,-450,200,"bu","14:08:18",3690100
39450,-450,800,"bu","14:08:17",3689900
39400,-500,300,"sd","14:08:12",3689100
39450,-450,100,"bu","14:08:08",3688800
39450,-450,500,"bu","14:08:07",3688700
39450,-450,2000,"bu","14:08:06",3688200
39400,-500,300,"sd","14:07:55",3686200
39400,-500,300,"sd","14:07:41",3685900
39450,-450,100,"bu","14:07:13",3685600
39450,-450,300,"bu","14:07:12",3685500
39400,-500,100,"sd","14:07:12",3685200
39400,-500,200,"sd","14:07:12",3685100
39400,-500,400,"sd","14:07:00",3684900
39400,-500,400,"sd","14:07:00",3684500
39400,-500,100,"sd","14:07:00",3684100
39400,-500,2500,"sd","14:07:00",3684000
39400,-500,200,"sd","14:07:00",3681500
39400,-500,200,"sd","14:07:00",3681300
39400,-500,400,"sd","14:07:00",3681100
39400,-500,100,"sd","14:07:00",3680700
39400,-500,1000,"sd","14:07:00",3680600
39400,-500,200,"sd","14:07:00",3679600
39400,-500,100,"sd","14:07:00",3679400
39400,-500,100,"sd","14:07:00",3679300
39400,-500,1000,"sd","14:07:00",3679200
39400,-500,1000,"sd","14:07:00",3678200
39400,-500,400,"sd","14:07:00",3677200
39400,-500,300,"sd","14:07:00",3676800
39400,-500,100,"sd","14:07:00",3676500
39400,-500,100,"sd","14:07:00",3676400
39400,-500,1000,"sd","14:07:00",3676300
39400,-500,500,"sd","14:07:00",3675300
39400,-500,2000,"sd","14:07:00",3674800
39400,-500,500,"sd","14:07:00",3672800
39400,-500,500,"sd","14:07:00",3672300
39400,-500,100,"sd","14:07:00",3671800
39400,-500,500,"sd","14:07:00",3671700
39400,-500,600,"sd","14:07:00",3671200
39400,-500,1000,"sd","14:07:00",3670600
39400,-500,100,"sd","14:07:00",3669600
39400,-500,100,"sd","14:07:00",3669500
39400,-500,200,"sd","14:07:00",3669400
39400,-500,100,"sd","14:07:00",3669200
39400,-500,100,"sd","14:07:00",3669100
39400,-500,1000,"sd","14:07:00",3669000
39400,-500,1100,"sd","14:07:00",3668000
39400,-500,300,"sd","14:06:41",3666900
39450,-450,200,"bu","14:06:39",3666600
39450,-450,1000,"bu","14:06:38",3666400
39450,-450,2000,"sd","14:06:37",3665400
39450,-450,200,"sd","14:06:37",3663400
39450,-450,200,"sd","14:06:37",3663200
39450,-450,1900,"sd","14:06:37",3663000
39450,-450,1000,"bu","14:06:26",3661100
39450,-450,200,"sd","14:06:25",3660100
39450,-450,100,"sd","14:06:25",3659900
39450,-450,200,"sd","14:06:25",3659800
39450,-450,500,"sd","14:06:25",3659600
39450,-450,700,"sd","14:06:25",3659100
39450,-450,4000,"sd","14:06:25",3658400
39450,-450,1000,"sd","14:06:25",3654400
39450,-450,1000,"sd","14:06:25",3653400
39450,-450,200,"sd","14:06:25",3652400
39450,-450,1000,"sd","14:06:25",3652200
39450,-450,100,"sd","14:06:25",3651200
39450,-450,400,"sd","14:06:25",3651100
39450,-450,1300,"sd","14:06:25",3650700
39450,-450,900,"sd","14:06:25",3649400
39450,-450,800,"sd","14:06:16",3648500
39450,-450,300,"sd","14:06:11",3647700
39500,-400,200,"bu","14:06:03",3647400
39500,-400,1000,"bu","14:06:02",3647200
39450,-450,500,"sd","14:05:58",3646200
39450,-450,500,"sd","14:05:58",3645700
39500,-400,300,"bu","14:05:49",3645200
39500,-400,200,"bu","14:05:46",3644900
39500,-400,1000,"bu","14:05:45",3644700
39450,-450,300,"sd","14:05:41",3643700
39500,-400,200,"bu","14:05:27",3643400
39500,-400,100,"bu","14:05:12",3643200
39500,-400,100,"bu","14:05:11",3643100
39450,-450,200,"sd","14:05:11",3643000
39450,-450,100,"sd","14:05:11",3642800
39500,-400,200,"bu","14:05:05",3642700
39500,-400,900,"bu","14:05:04",3642500
39450,-450,100,"sd","14:04:41",3641600
39450,-450,200,"sd","14:04:41",3641500
39450,-450,800,"sd","14:04:39",3641300
39450,-450,1000,"sd","14:04:39",3640500
39450,-450,100,"sd","14:04:39",3639500
39450,-450,100,"sd","14:04:39",3639400
39450,-450,900,"sd","14:04:39",3639300
39450,-450,100,"sd","14:04:39",3638400
39450,-450,500,"sd","14:04:39",3638300
39450,-450,200,"sd","14:04:39",3637800
39450,-450,1000,"sd","14:04:39",3637600
39450,-450,100,"sd","14:04:39",3636600
39450,-450,500,"sd","14:04:39",3636500
39450,-450,300,"sd","14:04:11",3636000
39450,-450,300,"sd","14:03:41",3635700
39500,-400,100,"bu","14:03:12",3635400
39500,-400,100,"bu","14:03:11",3635300
39450,-450,300,"sd","14:03:11",3635200
39500,-400,500,"bu","14:03:10",3634900
39500,-400,1500,"bu","14:03:09",3634400
39500,-400,500,"bu","14:03:09",3632900
39450,-450,600,"bu","14:02:49",3632400
39450,-450,100,"bu","14:02:49",3631800
39450,-450,200,"bu","14:02:47",3631700
39450,-450,1000,"bu","14:02:46",3631500
39450,-450,4000,"bu","14:02:45",3630500
39450,-450,100,"bu","14:02:45",3626500
39450,-450,100,"bu","14:02:42",3626400
39450,-450,100,"bu","14:02:41",3626300
39450,-450,100,"bu","14:02:41",3626200
39400,-500,300,"sd","14:02:41",3626100
39450,-450,600,"bu","14:02:40",3625800
39450,-450,2500,"bu","14:02:39",3625200
39450,-450,600,"bu","14:02:38",3622700
39450,-450,9400,"bu","14:02:38",3622100
39450,-450,200,"bu","14:02:29",3612700
39450,-450,100,"bu","14:02:25",3612500
39450,-450,200,"bu","14:02:25",3612400
39450,-450,100,"bu","14:02:24",3612200
39450,-450,900,"bu","14:02:24",3612100
39450,-450,100,"bu","14:02:14",3611200
39450,-450,100,"bu","14:02:14",3611100
39450,-450,900,"bu","14:02:13",3611000
39450,-450,100,"bu","14:02:13",3610100
39400,-500,2000,"sd","14:02:11",3610000
39400,-500,300,"sd","14:02:11",3608000
39400,-500,100,"sd","14:02:01",3607700
39450,-450,100,"bu","14:02:01",3607600
39450,-450,300,"bu","14:01:50",3607500
39450,-450,1200,"bu","14:01:49",3607200
39450,-450,3300,"bu","14:01:48",3606000
39450,-450,1700,"bu","14:01:48",3602700
39400,-500,300,"sd","14:01:41",3601000
39400,-500,100,"sd","14:01:37",3600700
39450,-450,100,"bu","14:01:30",3600600
39450,-450,500,"bu","14:01:29",3600500
39450,-450,700,"bu","14:01:28",3600000
39450,-450,1500,"bu","14:01:28",3599300
39400,-500,300,"sd","14:01:10",3597800
39450,-450,100,"bu","14:01:02",3597500
39450,-450,500,"bu","14:01:01",3597400
39450,-450,2200,"bu","14:00:59",3596900
39400,-500,100,"sd","14:00:40",3594700
39400,-500,200,"sd","14:00:40",3594600
39400,-500,1000,"bu","14:00:25",3594400
39400,-500,500,"bu","14:00:25",3593400
39400,-500,15100,"bu","14:00:25",3592900
39400,-500,3000,"bu","14:00:25",3577800
39400,-500,300,"bu","14:00:25",3574800
39400,-500,200,"bu","14:00:25",3574500
39400,-500,1100,"bu","14:00:24",3574300
39400,-500,4400,"bu","14:00:22",3573200
39400,-500,100,"bu","14:00:11",3568800
39350,-550,300,"sd","14:00:10",3568700
39400,-500,300,"bu","14:00:07",3568400
39400,-500,100,"bu","14:00:02",3568100
39400,-500,700,"bu","14:00:01",3568000
39400,-500,1000,"sd","14:00:00",3567300
39400,-500,100,"sd","14:00:00",3566300
39400,-500,100,"sd","14:00:00",3566200
39400,-500,100,"sd","14:00:00",3566100
39400,-500,500,"sd","14:00:00",3566000
39400,-500,1000,"sd","14:00:00",3565500
39400,-500,1000,"sd","13:59:46",3564500
39400,-500,500,"sd","13:59:46",3563500
39400,-500,300,"sd","13:59:46",3563000
39400,-500,2200,"sd","13:59:46",3562700
39400,-500,300,"sd","13:59:40",3560500
39400,-500,200,"sd","13:59:36",3560200
39400,-500,1300,"bu","13:59:35",3560000
39350,-550,2000,"sd","13:59:35",3558700
39400,-500,100,"bu","13:59:35",3556700
39400,-500,100,"bu","13:59:34",3556600
39400,-500,300,"bu","13:59:33",3556500
39400,-500,400,"bu","13:59:33",3556200
39400,-500,100,"bu","13:59:33",3555800
39400,-500,2000,"bu","13:59:32",3555700
39400,-500,200,"bu","13:59:30",3553700
39400,-500,100,"bu","13:59:27",3553500
39400,-500,100,"bu","13:59:24",3553400
39350,-550,6200,"sd","13:59:22",3553300
39350,-550,100,"sd","13:59:22",3547100
39350,-550,5000,"sd","13:59:22",3547000
39350,-550,200,"sd","13:59:22",3542000
39350,-550,100,"sd","13:59:22",3541800
39350,-550,200,"sd","13:59:22",3541700
39350,-550,100,"sd","13:59:22",3541500
39350,-550,100,"sd","13:59:22",3541400
39350,-550,1000,"sd","13:59:22",3541300
39350,-550,3000,"sd","13:59:22",3540300
39350,-550,100,"sd","13:59:22",3537300
39350,-550,100,"sd","13:59:22",3537200
39350,-550,200,"sd","13:59:22",3537100
39350,-550,700,"sd","13:59:22",3536900
39350,-550,500,"sd","13:59:22",3536200
39350,-550,1000,"sd","13:59:22",3535700
39350,-550,1000,"sd","13:59:22",3534700
39350,-550,200,"sd","13:59:22",3533700
39350,-550,3800,"sd","13:59:22",3533500
39350,-550,100,"sd","13:59:22",3529700
39350,-550,100,"sd","13:59:22",3529600
39350,-550,400,"sd","13:59:22",3529500
39350,-550,3000,"sd","13:59:22",3529100
39350,-550,300,"sd","13:59:22",3526100
39350,-550,2700,"sd","13:59:22",3525800
39350,-550,1000,"sd","13:59:22",3523100
39350,-550,100,"sd","13:59:22",3522100
39350,-550,1000,"sd","13:59:22",3522000
39350,-550,300,"sd","13:59:22",3521000
39350,-550,7000,"sd","13:59:22",3520700
39350,-550,100,"sd","13:59:22",3513700
39350,-550,100,"sd","13:59:22",3513600
39350,-550,100,"sd","13:59:22",3513500
39350,-550,100,"sd","13:59:22",3513400
39350,-550,100,"sd","13:59:22",3513300
39350,-550,100,"sd","13:59:22",3513200
39350,-550,200,"sd","13:59:22",3513100
39350,-550,100,"sd","13:59:22",3512900
39350,-550,500,"sd","13:59:22",3512800
39350,-550,100,"sd","13:59:22",3512300
39350,-550,100,"sd","13:59:22",3512200
39350,-550,100,"sd","13:59:22",3512100
39350,-550,200,"sd","13:59:22",3512000
39350,-550,100,"sd","13:59:22",3511800
39350,-550,100,"sd","13:59:22",3511700
39350,-550,200,"sd","13:59:22",3511600
39350,-550,100,"sd","13:59:22",3511400
39350,-550,100,"sd","13:59:22",3511300
39350,-550,5000,"sd","13:59:22",3511200
39350,-550,2000,"sd","13:59:22",3506200
39350,-550,100,"sd","13:59:22",3504200
39350,-550,100,"sd","13:59:22",3504100
39350,-550,5000,"sd","13:59:22",3504000
39350,-550,500,"sd","13:59:22",3499000
39350,-550,94700,"sd","13:59:22",3498500
39350,-550,500,"sd","13:59:22",3403800
39400,-500,100,"bu","13:59:21",3403300
39400,-500,500,"bu","13:59:20",3403200
39400,-500,100,"bu","13:59:13",3402700
39400,-500,300,"bu","13:59:12",3402600
39400,-500,100,"bu","13:59:12",3402300
39350,-550,300,"sd","13:59:10",3402200
39400,-500,100,"bu","13:59:10",3401900
39400,-500,100,"bu","13:59:10",3401800
39400,-500,300,"bu","13:59:09",3401700
39400,-500,200,"bu","13:59:09",3401400
39400,-500,400,"bu","13:59:08",3401200
39400,-500,300,"bu","13:59:08",3400800
39400,-500,100,"bu","13:59:08",3400500
39400,-500,300,"bu","13:59:08",3400400
39400,-500,600,"bu","13:59:08",3400100
39400,-500,500,"bu","13:59:08",3399500
39400,-500,600,"bu","13:59:07",3399000
39400,-500,600,"bu","13:59:07",3398400
39400,-500,600,"bu","13:59:07",3397800
39400,-500,700,"bu","13:59:07",3397200
39400,-500,100,"bu","13:59:07",3396500
39400,-500,300,"bu","13:59:07",3396400
39400,-500,100,"bu","13:59:07",3396100
39400,-500,100,"bu","13:59:06",3396000
39400,-500,100,"bu","13:59:06",3395900
39400,-500,1000,"bu","13:59:06",3395800
39400,-500,200,"bu","13:59:05",3394800
39400,-500,1100,"bu","13:59:04",3394600
39400,-500,4400,"bu","13:59:03",3393500
39400,-500,100,"bu","13:59:02",3389100
39400,-500,400,"bu","13:59:01",3389000
39400,-500,1400,"bu","13:59:00",3388600
39400,-500,500,"bu","13:59:00",3387200
39400,-500,7800,"bu","13:58:59",3386700
39400,-500,100,"bu","13:58:59",3378900
39400,-500,100,"bu","13:58:57",3378800
39400,-500,500,"bu","13:58:56",3378700
39400,-500,100,"bu","13:58:56",3378200
39400,-500,100,"bu","13:58:56",3378100
39400,-500,500,"bu","13:58:54",3378000
39400,-500,100,"bu","13:58:49",3377500
39350,-550,300,"sd","13:58:40",3377400
39400,-500,100,"bu","13:58:37",3377100
39400,-500,100,"bu","13:58:32",3377000
39400,-500,500,"bu","13:58:31",3376900
39400,-500,200,"bu","13:58:27",3376400
39400,-500,100,"bu","13:58:24",3376200
39400,-500,100,"bu","13:58:23",3376100
39400,-500,400,"bu","13:58:23",3376000
39400,-500,500,"bu","13:58:22",3375600
39400,-500,200,"bu","13:58:18",3375100
39400,-500,600,"bu","13:58:17",3374900
39400,-500,500,"bu","13:58:17",3374300
39400,-500,100,"bu","13:58:16",3373800
39400,-500,600,"bu","13:58:15",3373700
39400,-500,100,"sd","13:58:14",3373100
39400,-500,300,"sd","13:58:14",3373000
39400,-500,100,"sd","13:58:14",3372700
39400,-500,100,"sd","13:58:14",3372600
39400,-500,200,"sd","13:58:14",3372500
39400,-500,200,"sd","13:58:14",3372300
39400,-500,700,"sd","13:58:14",3372100
39400,-500,1000,"sd","13:58:14",3371400
39400,-500,300,"sd","13:58:10",3370400
39400,-500,300,"bu","13:58:00",3370100
39400,-500,5200,"bu","13:58:00",3369800
39400,-500,19800,"bu","13:57:59",3364600
39400,-500,1200,"bu","13:57:59",3344800
39400,-500,100,"bu","13:57:58",3343600
39400,-500,500,"bu","13:57:56",3343500
39400,-500,100,"bu","13:57:56",3343000
39400,-500,200,"bu","13:57:54",3342900
39400,-500,100,"bu","13:57:47",3342700
39400,-500,300,"bu","13:57:46",3342600
39400,-500,100,"bu","13:57:46",3342300
39400,-500,1200,"bu","13:57:45",3342200
39400,-500,5000,"bu","13:57:44",3341000
39350,-550,4700,"sd","13:57:41",3336000
39350,-550,300,"sd","13:57:41",3331300
39350,-550,200,"sd","13:57:40",3331000
39350,-550,100,"sd","13:57:40",3330800
39400,-500,100,"bu","13:57:39",3330700
39400,-500,300,"bu","13:57:37",3330600
39400,-500,100,"bu","13:57:35",3330300
39400,-500,500,"bu","13:57:34",3330200
39400,-500,100,"bu","13:57:33",3329700
39400,-500,1000,"bu","13:57:33",3329600
39400,-500,1200,"bu","13:57:32",3328600
39400,-500,100,"bu","13:57:32",3327400
39400,-500,200,"bu","13:57:32",3327300
39400,-500,100,"bu","13:57:31",3327100
39400,-500,4000,"bu","13:57:29",3327000
39400,-500,5000,"bu","13:57:27",3323000
39400,-500,1000,"bu","13:57:24",3318000
39400,-500,200,"bu","13:57:22",3317000
39400,-500,1000,"bu","13:57:21",3316800
39400,-500,100,"bu","13:57:18",3315800
39400,-500,300,"bu","13:57:17",3315700
39400,-500,400,"bu","13:57:16",3315400
39400,-500,1000,"bu","13:57:16",3315000
39400,-500,100,"bu","13:57:14",3314000
39400,-500,200,"bu","13:57:13",3313900
39400,-500,200,"bu","13:57:13",3313700
39400,-500,800,"bu","13:57:12",3313500
39400,-500,3500,"bu","13:57:11",3312700
39400,-500,13900,"bu","13:57:10",3309200
39350,-550,100,"sd","13:57:10",3295300
39350,-550,100,"sd","13:57:10",3295200
39350,-550,100,"sd","13:57:10",3295100
39400,-500,100,"sd","13:57:09",3295000
39400,-500,200,"sd","13:57:09",3294900
39400,-500,300,"sd","13:57:09",3294700
39400,-500,500,"sd","13:57:09",3294400
39400,-500,500,"sd","13:57:09",3293900
39400,-500,100,"sd","13:57:09",3293400
39400,-500,500,"sd","13:57:09",3293300
39400,-500,1000,"sd","13:57:09",3292800
39400,-500,500,"sd","13:57:09",3291800
39400,-500,200,"sd","13:57:09",3291300
39400,-500,100,"sd","13:57:09",3291100
39400,-500,100,"sd","13:57:09",3291000
39400,-500,2300,"sd","13:57:09",3290900
39400,-500,500,"sd","13:57:09",3288600
39400,-500,200,"sd","13:57:09",3288100
39400,-500,100,"sd","13:57:09",3287900
39400,-500,900,"sd","13:57:09",3287800
39400,-500,1000,"sd","13:57:09",3286900
39400,-500,100,"sd","13:57:09",3285900
39400,-500,1000,"sd","13:57:09",3285800
39400,-500,200,"sd","13:57:09",3284800
39400,-500,2500,"sd","13:57:09",3284600
39400,-500,1600,"sd","13:57:09",3282100
39400,-500,100,"sd","13:57:09",3280500
39400,-500,300,"sd","13:57:09",3280400
39400,-500,100,"sd","13:57:09",3280100
39400,-500,300,"sd","13:57:09",3280000
39400,-500,1700,"sd","13:57:09",3279700
39400,-500,100,"sd","13:57:09",3278000
39400,-500,24700,"sd","13:57:09",3277900
39400,-500,500,"sd","13:57:09",3253200
39400,-500,200,"sd","13:57:09",3252700
39400,-500,1200,"sd","13:57:09",3252500
39400,-500,100,"sd","13:57:09",3251300
39400,-500,1000,"sd","13:57:09",3251200
39400,-500,100,"sd","13:57:09",3250200
39400,-500,100,"sd","13:57:09",3250100
39400,-500,1000,"sd","13:57:09",3250000
39400,-500,100,"sd","13:57:09",3249000
39400,-500,100,"sd","13:57:09",3248900
39400,-500,4400,"sd","13:57:09",3248800
39400,-500,2000,"sd","13:57:09",3244400
39400,-500,100,"sd","13:57:09",3242400
39400,-500,200,"sd","13:57:09",3242300
39400,-500,2000,"sd","13:57:09",3242100
39400,-500,200,"sd","13:57:09",3240100
39400,-500,100,"sd","13:57:09",3239900
39400,-500,300,"sd","13:57:09",3239800
39400,-500,100,"sd","13:57:09",3239500
39400,-500,100,"sd","13:57:09",3239400
39400,-500,100,"sd","13:57:09",3239300
39450,-450,100,"bu","13:56:56",3239200
39450,-450,200,"bu","13:56:55",3239100
39450,-450,500,"bu","13:56:54",3238900
39400,-500,100,"sd","13:56:51",3238400
39450,-450,600,"bu","13:56:51",3238300
39450,-450,300,"bu","13:56:51",3237700
39450,-450,1500,"bu","13:56:50",3237400
39450,-450,100,"bu","13:56:44",3235900
39450,-450,400,"bu","13:56:43",3235800
39450,-450,100,"bu","13:56:43",3235400
39400,-500,300,"sd","13:56:39",3235300
39450,-450,200,"bu","13:56:36",3235000
39450,-450,1000,"bu","13:56:35",3234800
39450,-450,100,"bu","13:56:28",3233800
39450,-450,600,"bu","13:56:27",3233700
39450,-450,1300,"bu","13:56:26",3233100
39450,-450,1200,"bu","13:56:26",3231800
39450,-450,1200,"bu","13:56:25",3230600
39450,-450,600,"bu","13:56:25",3229400
39450,-450,400,"bu","13:56:25",3228800
39450,-450,100,"bu","13:56:25",3228400
39450,-450,600,"bu","13:56:25",3228300
39450,-450,5000,"bu","13:56:25",3227700
39450,-450,1000,"bu","13:56:25",3222700
39450,-450,1100,"bu","13:56:25",3221700
39400,-500,200,"sd","13:56:23",3220600
39400,-500,200,"sd","13:56:23",3220400
39400,-500,200,"sd","13:56:23",3220200
39400,-500,100,"sd","13:56:23",3220000
39400,-500,500,"sd","13:56:18",3219900
39400,-500,1400,"sd","13:56:15",3219400
39400,-500,1000,"sd","13:56:15",3218000
39400,-500,100,"sd","13:56:15",3217000
39400,-500,300,"sd","13:56:10",3216900
39400,-500,1900,"sd","13:56:10",3216600
39400,-500,500,"sd","13:56:10",3214700
39400,-500,2600,"sd","13:56:10",3214200
39400,-500,1500,"sd","13:56:10",3211600
39400,-500,400,"sd","13:55:52",3210100
39400,-500,300,"sd","13:55:40",3209700
39450,-450,100,"bu","13:55:37",3209400
39450,-450,400,"bu","13:55:36",3209300
39450,-450,100,"bu","13:55:35",3208900
39400,-500,1500,"sd","13:55:35",3208800
39450,-450,100,"bu","13:55:31",3207300
39400,-500,3700,"sd","13:55:30",3207200
39400,-500,100,"sd","13:55:30",3203500
39400,-500,500,"sd","13:55:30",3203400
39400,-500,800,"sd","13:55:30",3202900
39400,-500,100,"sd","13:55:30",3202100
39400,-500,300,"sd","13:55:30",3202000
39400,-500,500,"sd","13:55:30",3201700
39400,-500,100,"sd","13:55:30",3201200
39400,-500,200,"sd","13:55:30",3201100
39400,-500,3500,"sd","13:55:30",3200900
39400,-500,200,"sd","13:55:30",3197400
39400,-500,300,"sd","13:55:24",3197200
39400,-500,1000,"sd","13:55:24",3196900
39450,-450,200,"bu","13:55:23",3195900
39450,-450,1100,"bu","13:55:22",3195700
39450,-450,4700,"bu","13:55:21",3194600
39400,-500,1200,"sd","13:55:19",3189900
39400,-500,200,"sd","13:55:19",3188700
39400,-500,100,"sd","13:55:19",3188500
39400,-500,500,"sd","13:55:19",3188400
39400,-500,1300,"sd","13:55:19",3187900
39400,-500,100,"sd","13:55:19",3186600
39400,-500,10000,"sd","13:55:19",3186500
39400,-500,100,"sd","13:55:19",3176500
39400,-500,300,"sd","13:55:19",3176400
39400,-500,1000,"sd","13:55:19",3176100
39400,-500,400,"sd","13:55:19",3175100
39400,-500,500,"sd","13:55:19",3174700
39400,-500,500,"sd","13:55:19",3174200
39400,-500,400,"sd","13:55:19",3173700
39400,-500,4000,"sd","13:55:19",3173300
39400,-500,300,"sd","13:55:19",3169300
39400,-500,100,"sd","13:55:19",3169000
39400,-500,4300,"sd","13:55:19",3168900
39400,-500,800,"sd","13:55:19",3164600
39400,-500,100,"sd","13:55:19",3163800
39400,-500,100,"sd","13:55:19",3163700
39400,-500,100,"sd","13:55:19",3163600
39400,-500,300,"sd","13:55:19",3163500
39400,-500,100,"sd","13:55:19",3163200
39400,-500,1500,"sd","13:55:19",3163100
39400,-500,800,"sd","13:55:19",3161600
39400,-500,200,"sd","13:55:19",3160800
39400,-500,2200,"sd","13:55:19",3160600
39400,-500,300,"sd","13:55:19",3158400
39400,-500,200,"sd","13:55:19",3158100
39400,-500,1000,"sd","13:55:19",3157900
39400,-500,100,"sd","13:55:19",3156900
39400,-500,1400,"sd","13:55:19",3156800
39400,-500,2000,"sd","13:55:19",3155400
39400,-500,2100,"sd","13:55:19",3153400
39400,-500,500,"sd","13:55:19",3151300
39400,-500,5000,"sd","13:55:19",3150800
39400,-500,1500,"sd","13:55:19",3145800
39400,-500,100,"sd","13:55:19",3144300
39400,-500,1100,"sd","13:55:19",3144200
39400,-500,1000,"sd","13:55:19",3143100
39400,-500,100,"sd","13:55:19",3142100
39400,-500,1700,"sd","13:55:19",3142000
39400,-500,500,"sd","13:55:19",3140300
39400,-500,300,"sd","13:55:19",3139800
39400,-500,5000,"sd","13:55:19",3139500
39400,-500,100,"sd","13:55:19",3134500
39400,-500,1200,"sd","13:55:19",3134400
39400,-500,500,"sd","13:55:19",3133200
39400,-500,1100,"sd","13:55:19",3132700
39400,-500,500,"sd","13:55:19",3131600
39400,-500,1200,"sd","13:55:19",3131100
39400,-500,200,"sd","13:55:19",3129900
39400,-500,600,"sd","13:55:19",3129700
39400,-500,1000,"sd","13:55:19",3129100
39400,-500,5300,"sd","13:55:19",3128100
39400,-500,200,"sd","13:55:19",3122800
39400,-500,1200,"sd","13:55:19",3122600
39400,-500,200,"sd","13:55:19",3121400
39400,-500,2400,"sd","13:55:19",3121200
39400,-500,800,"sd","13:55:19",3118800
39400,-500,100,"sd","13:55:19",3118000
39400,-500,800,"sd","13:55:19",3117900
39400,-500,100,"sd","13:55:19",3117100
39400,-500,1400,"sd","13:55:19",3117000
39400,-500,200,"sd","13:55:19",3115600
39400,-500,300,"sd","13:55:19",3115400
39400,-500,500,"sd","13:55:19",3115100
39400,-500,1000,"sd","13:55:19",3114600
39400,-500,100,"sd","13:55:19",3113600
39400,-500,200,"sd","13:55:19",3113500
39400,-500,100,"sd","13:55:19",3113300
39400,-500,100,"sd","13:55:19",3113200
39400,-500,2000,"sd","13:55:19",3113100
39400,-500,1000,"sd","13:55:19",3111100
39400,-500,100,"sd","13:55:19",3110100
39400,-500,100,"sd","13:55:19",3110000
39400,-500,20000,"sd","13:55:19",3109900
39400,-500,100,"sd","13:55:09",3089900
39400,-500,100,"sd","13:55:09",3089800
39400,-500,100,"sd","13:55:09",3089700
39400,-500,100,"sd","13:55:03",3089600
39400,-500,2500,"sd","13:55:03",3089500
39400,-500,200,"sd","13:55:03",3087000
39400,-500,100,"sd","13:55:03",3086800
39400,-500,2100,"sd","13:55:03",3086700
39400,-500,500,"sd","13:54:57",3084600
39450,-450,100,"bu","13:54:55",3084100
39450,-450,600,"bu","13:54:54",3084000
39400,-500,200,"sd","13:54:52",3083400
39400,-500,100,"sd","13:54:52",3083200
39400,-500,1000,"sd","13:54:52",3083100
39400,-500,100,"sd","13:54:52",3082100
39400,-500,1000,"sd","13:54:52",3082000
39400,-500,100,"sd","13:54:52",3081000
39400,-500,100,"sd","13:54:52",3080900
39400,-500,1300,"sd","13:54:52",3080800
39400,-500,100,"sd","13:54:52",3079500
39450,-450,100,"bu","13:54:48",3079400
39450,-450,100,"bu","13:54:46",3079300
39450,-450,100,"bu","13:54:40",3079200
39400,-500,100,"sd","13:54:39",3079100
39400,-500,200,"sd","13:54:39",3079000
39450,-450,200,"bu","13:54:32",3078800
39450,-450,1000,"bu","13:54:31",3078600
39400,-500,800,"sd","13:54:24",3077600
39450,-450,100,"bu","13:54:24",3076800
39450,-450,100,"bu","13:54:23",3076700
39400,-500,300,"sd","13:54:09",3076600
39450,-450,200,"bu","13:54:02",3076300
39450,-450,1000,"bu","13:54:01",3076100
39400,-500,600,"sd","13:53:57",3075100
39450,-450,200,"bu","13:53:51",3074500
39450,-450,100,"bu","13:53:51",3074300
39450,-450,1000,"bu","13:53:50",3074200
39400,-500,300,"sd","13:53:39",3073200
39450,-450,100,"bu","13:53:38",3072900
39400,-500,3000,"sd","13:53:35",3072800
39400,-500,300,"sd","13:53:34",3069800
39400,-500,200,"sd","13:53:32",3069500
39400,-500,1000,"sd","13:53:24",3069300
39400,-500,300,"sd","13:53:09",3068300
39450,-450,100,"bu","13:52:58",3068000
39450,-450,500,"bu","13:52:57",3067900
39450,-450,100,"bu","13:52:51",3067400
39400,-500,500,"sd","13:52:44",3067300
39400,-500,300,"sd","13:52:39",3066800
39450,-450,100,"bu","13:52:38",3066500
39450,-450,600,"bu","13:52:37",3066400
39450,-450,2500,"bu","13:52:36",3065800
39450,-450,8300,"bu","13:52:35",3063300
39450,-450,1700,"bu","13:52:35",3055000
39450,-450,100,"bu","13:52:32",3053300
39450,-450,300,"bu","13:52:25",3053200
39400,-500,2000,"sd","13:52:15",3052900
39400,-500,100,"sd","13:52:09",3050900
39400,-500,200,"sd","13:52:09",3050800
39400,-500,100,"sd","13:52:09",3050600
39400,-500,200,"sd","13:51:51",3050500
39400,-500,300,"sd","13:51:39",3050300
39450,-450,200,"bu","13:51:37",3050000
39450,-450,200,"bu","13:51:32",3049800
39450,-450,900,"bu","13:51:31",3049600
39450,-450,100,"bu","13:51:30",3048700
39400,-500,500,"sd","13:51:20",3048600
39400,-500,100,"sd","13:51:20",3048100
39400,-500,1000,"sd","13:51:20",3048000
39400,-500,200,"sd","13:51:20",3047000
39400,-500,10000,"sd","13:51:20",3046800
39400,-500,100,"sd","13:51:20",3036800
39400,-500,100,"sd","13:51:20",3036700
39400,-500,1000,"sd","13:51:20",3036600
39400,-500,100,"sd","13:51:20",3035600
39400,-500,200,"sd","13:51:20",3035500
39400,-500,100,"sd","13:51:20",3035300
39400,-500,300,"sd","13:51:20",3035200
39400,-500,300,"sd","13:51:20",3034900
39400,-500,100,"sd","13:51:20",3034600
39400,-500,200,"sd","13:51:20",3034500
39400,-500,300,"sd","13:51:09",3034300
39450,-450,100,"bu","13:51:07",3034000
39450,-450,400,"bu","13:51:05",3033900
39450,-450,200,"bu","13:50:49",3033500
39450,-450,1000,"bu","13:50:48",3033300
39400,-500,100,"sd","13:50:39",3032300
39400,-500,200,"sd","13:50:39",3032200
39450,-450,100,"bu","13:50:36",3032000
39450,-450,200,"bu","13:50:32",3031900
39450,-450,900,"bu","13:50:31",3031700
39450,-450,100,"bu","13:50:30",3030800
39450,-450,3500,"bu","13:50:30",3030700
39450,-450,700,"sd","13:50:29",3027200
39450,-450,400,"sd","13:50:29",3026500
39450,-450,3000,"sd","13:50:29",3026100
39450,-450,1500,"sd","13:50:28",3023100
39450,-450,800,"sd","13:50:28",3021600
39450,-450,300,"sd","13:50:28",3020800
39450,-450,2500,"sd","13:50:28",3020500
39450,-450,100,"sd","13:50:28",3018000
39450,-450,1100,"sd","13:50:28",3017900
39450,-450,100,"sd","13:50:28",3016800
39450,-450,2500,"sd","13:50:28",3016700
39450,-450,1100,"sd","13:50:28",3014200
39450,-450,200,"sd","13:50:24",3013100
39450,-450,2000,"sd","13:50:18",3012900
39450,-450,300,"sd","13:50:18",3010900
39450,-450,700,"sd","13:50:18",3010600
39450,-450,1000,"sd","13:50:17",3009900
39450,-450,700,"sd","13:50:17",3008900
39450,-450,100,"sd","13:50:17",3008200
39450,-450,500,"sd","13:50:10",3008100
39450,-450,100,"sd","13:50:10",3007600
39450,-450,500,"sd","13:50:10",3007500
39450,-450,1000,"sd","13:50:10",3007000
39450,-450,300,"sd","13:50:10",3006000
39450,-450,100,"sd","13:50:10",3005700
39450,-450,1000,"sd","13:50:10",3005600
39450,-450,3000,"sd","13:50:10",3004600
39450,-450,1200,"sd","13:50:10",3001600
39450,-450,100,"sd","13:50:10",3000400
39450,-450,100,"sd","13:50:10",3000300
39450,-450,100,"sd","13:50:10",3000200
39450,-450,400,"sd","13:50:10",3000100
39450,-450,200,"sd","13:50:10",2999700
39450,-450,9000,"sd","13:50:10",2999500
39450,-450,300,"sd","13:50:10",2990500
39450,-450,100,"sd","13:50:10",2990200
39450,-450,300,"sd","13:50:09",2990100
39450,-450,100,"sd","13:50:05",2989800
39450,-450,500,"sd","13:50:05",2989700
39450,-450,1000,"sd","13:50:05",2989200
39450,-450,100,"sd","13:50:05",2988200
39450,-450,300,"sd","13:50:05",2988100
39450,-450,200,"sd","13:50:05",2987800
39450,-450,500,"sd","13:50:05",2987600
39450,-450,400,"sd","13:50:05",2987100
39450,-450,100,"sd","13:50:05",2986700
39450,-450,100,"sd","13:50:05",2986600
39450,-450,1100,"sd","13:50:05",2986500
39450,-450,1400,"sd","13:50:00",2985400
39450,-450,400,"sd","13:50:00",2984000
39450,-450,100,"sd","13:50:00",2983600
39450,-450,5000,"sd","13:50:00",2983500
39450,-450,1000,"sd","13:50:00",2978500
39450,-450,2100,"sd","13:50:00",2977500
39450,-450,4400,"sd","13:49:54",2975400
39450,-450,300,"sd","13:49:47",2971000
39450,-450,4500,"sd","13:49:45",2970700
39450,-450,1000,"sd","13:49:45",2966200
39450,-450,500,"sd","13:49:45",2965200
39450,-450,100,"sd","13:49:45",2964700
39450,-450,200,"sd","13:49:45",2964600
39450,-450,100,"sd","13:49:45",2964400
39450,-450,100,"sd","13:49:45",2964300
39450,-450,3500,"sd","13:49:45",2964200
39450,-450,200,"sd","13:49:40",2960700
39450,-450,300,"sd","13:49:38",2960500
39450,-450,10000,"sd","13:49:37",2960200
39450,-450,6000,"sd","13:49:29",2950200
39450,-450,100,"sd","13:49:29",2944200
39450,-450,1000,"sd","13:49:29",2944100
39450,-450,2000,"sd","13:49:29",2943100
39450,-450,900,"sd","13:49:29",2941100
39450,-450,100,"sd","13:49:08",2940200
39450,-450,200,"sd","13:49:08",2940100
39500,-400,200,"bu","13:48:45",2939900
39500,-400,1000,"bu","13:48:44",2939700
39450,-450,300,"sd","13:48:38",2938700
39450,-450,500,"sd","13:48:32",2938400
39500,-400,100,"bu","13:48:09",2937900
39450,-450,300,"sd","13:48:08",2937800
39500,-400,100,"bu","13:47:58",2937500
39450,-450,300,"sd","13:47:38",2937400
39450,-450,100,"sd","13:47:13",2937100
39450,-450,300,"sd","13:47:08",2937000
39450,-450,1000,"sd","13:46:46",2936700
39450,-450,3000,"sd","13:46:46",2935700
39450,-450,500,"sd","13:46:46",2932700
39450,-450,500,"sd","13:46:46",2932200
39450,-450,300,"sd","13:46:38",2931700
39450,-450,500,"sd","13:46:32",2931400
39450,-450,100,"sd","13:46:08",2930900
39450,-450,100,"sd","13:46:08",2930800
39450,-450,100,"sd","13:46:08",2930700
39450,-450,100,"sd","13:45:38",2930600
39450,-450,200,"sd","13:45:38",2930500
39450,-450,1200,"sd","13:45:12",2930300
39450,-450,300,"sd","13:45:08",2929100
39450,-450,300,"sd","13:44:37",2928800
39450,-450,600,"sd","13:44:16",2928500
39450,-450,600,"sd","13:44:15",2927900
39450,-450,600,"sd","13:44:15",2927300
39450,-450,300,"sd","13:44:15",2926700
39450,-450,300,"sd","13:44:07",2926400
39500,-400,200,"bu","13:44:04",2926100
39500,-400,1000,"bu","13:44:03",2925900
39500,-400,200,"bu","13:44:01",2924900
39500,-400,100,"bu","13:43:55",2924700
39500,-400,100,"bu","13:43:41",2924600
39500,-400,400,"bu","13:43:40",2924500
39500,-400,500,"sd","13:43:39",2924100
39500,-400,500,"sd","13:43:39",2923600
39500,-400,800,"sd","13:43:39",2923100
39500,-400,300,"sd","13:43:37",2922300
39500,-400,100,"sd","13:43:29",2922000
39500,-400,4300,"sd","13:43:29",2921900
39500,-400,500,"bu","13:43:28",2917600
39500,-400,900,"sd","13:43:27",2917100
39500,-400,2200,"sd","13:43:27",2916200
39500,-400,5000,"sd","13:43:27",2914000
39500,-400,1000,"sd","13:43:27",2909000
39500,-400,500,"sd","13:43:27",2908000
39500,-400,100,"sd","13:43:27",2907500
39500,-400,2300,"sd","13:43:27",2907400
39500,-400,1200,"sd","13:43:27",2905100
39500,-400,1100,"sd","13:43:27",2903900
39500,-400,500,"sd","13:43:27",2902800
39500,-400,100,"sd","13:43:27",2902300
39500,-400,100,"sd","13:43:27",2902200
39500,-400,100,"sd","13:43:27",2902100
39500,-400,100,"sd","13:43:27",2902000
39500,-400,2000,"sd","13:43:27",2901900
39500,-400,100,"sd","13:43:27",2899900
39500,-400,100,"sd","13:43:27",2899800
39500,-400,300,"sd","13:43:27",2899700
39500,-400,1000,"sd","13:43:27",2899400
39500,-400,500,"sd","13:43:27",2898400
39500,-400,100,"sd","13:43:27",2897900
39500,-400,200,"sd","13:43:27",2897800
39500,-400,100,"sd","13:43:26",2897600
39500,-400,2000,"sd","13:43:26",2897500
39500,-400,300,"sd","13:43:26",2895500
39500,-400,100,"sd","13:43:26",2895200
39500,-400,500,"sd","13:43:26",2895100
39500,-400,700,"sd","13:43:26",2894600
39500,-400,300,"sd","13:43:24",2893900
39500,-400,4100,"sd","13:43:24",2893600
39500,-400,900,"sd","13:43:24",2889500
39500,-400,500,"sd","13:43:24",2888600
39500,-400,200,"sd","13:43:24",2888100
39500,-400,3400,"sd","13:43:24",2887900
39500,-400,4400,"sd","13:43:23",2884500
39500,-400,4400,"sd","13:43:23",2880100
39500,-400,4400,"sd","13:43:10",2875700
39500,-400,300,"sd","13:43:07",2871300
39500,-400,100,"sd","13:43:07",2871000
39500,-400,2100,"sd","13:42:52",2870900
39500,-400,300,"sd","13:42:37",2868800
39500,-400,200,"sd","13:42:34",2868500
39500,-400,300,"sd","13:42:07",2868300
39550,-350,100,"bu","13:41:44",2868000
39550,-350,100,"bu","13:41:39",2867900
39550,-350,200,"bu","13:41:39",2867800
39500,-400,100,"sd","13:41:37",2867600
39500,-400,200,"sd","13:41:37",2867500
39550,-350,200,"bu","13:41:34",2867300
39550,-350,100,"bu","13:41:17",2867100
39500,-400,200,"sd","13:41:07",2867000
39500,-400,100,"sd","13:41:07",2866800
39500,-400,500,"sd","13:40:45",2866700
39500,-400,300,"sd","13:40:37",2866200
39500,-400,100,"sd","13:40:13",2865900
39500,-400,100,"sd","13:40:12",2865800
39500,-400,300,"sd","13:40:06",2865700
39500,-400,600,"sd","13:39:51",2865400
39500,-400,300,"sd","13:39:37",2864800
39500,-400,200,"sd","13:39:07",2864500
39500,-400,100,"sd","13:39:07",2864300
39500,-400,400,"sd","13:38:55",2864200
39500,-400,100,"sd","13:38:55",2863800
39500,-400,100,"sd","13:38:55",2863700
39500,-400,100,"sd","13:38:55",2863600
39500,-400,500,"sd","13:38:55",2863500
39500,-400,800,"sd","13:38:55",2863000
39500,-400,100,"sd","13:38:37",2862200
39500,-400,200,"sd","13:38:37",2862100
39500,-400,300,"sd","13:38:07",2861900
39500,-400,1000,"sd","13:37:58",2861600
39500,-400,8500,"sd","13:37:48",2860600
39500,-400,200,"sd","13:37:48",2852100
39500,-400,1600,"sd","13:37:48",2851900
39500,-400,300,"sd","13:37:36",2850300
39500,-400,2000,"sd","13:37:11",2850000
39500,-400,300,"sd","13:37:06",2848000
39500,-400,500,"bu","13:37:03",2847700
39500,-400,300,"bu","13:37:03",2847200
39500,-400,300,"bu","13:37:02",2846900
39500,-400,4400,"bu","13:37:02",2846600
39500,-400,100,"bu","13:37:02",2842200
39500,-400,1000,"bu","13:37:02",2842100
39500,-400,600,"bu","13:37:02",2841100
39500,-400,5000,"bu","13:37:02",2840500
39500,-400,4400,"bu","13:37:02",2835500
39500,-400,4200,"bu","13:37:02",2831100
39450,-450,500,"sd","13:36:45",2826900
39450,-450,7600,"sd","13:36:42",2826400
39450,-450,1000,"sd","13:36:42",2818800
39450,-450,1000,"sd","13:36:42",2817800
39450,-450,100,"sd","13:36:42",2816800
39450,-450,100,"sd","13:36:42",2816700
39450,-450,300,"sd","13:36:42",2816600
39450,-450,100,"sd","13:36:42",2816300
39450,-450,200,"sd","13:36:36",2816200
39450,-450,100,"sd","13:36:36",2816000
39450,-450,300,"sd","13:36:06",2815900
39500,-400,200,"bu","13:36:02",2815600
39500,-400,100,"bu","13:35:50",2815400
39500,-400,100,"bu","13:35:39",2815300
39450,-450,300,"sd","13:35:36",2815200
39450,-450,300,"sd","13:35:09",2814900
39450,-450,200,"sd","13:35:09",2814600
39450,-450,100,"sd","13:35:09",2814400
39450,-450,400,"sd","13:35:09",2814300
39450,-450,300,"sd","13:35:06",2813900
39450,-450,300,"sd","13:34:36",2813600
39500,-400,100,"bu","13:34:10",2813300
39500,-400,300,"bu","13:34:09",2813200
39500,-400,200,"bu","13:34:09",2812900
39450,-450,100,"sd","13:34:05",2812700
39450,-450,200,"sd","13:34:05",2812600
39500,-400,200,"bu","13:34:00",2812400
39500,-400,200,"bu","13:33:49",2812200
39450,-450,100,"sd","13:33:35",2812000
39450,-450,200,"sd","13:33:35",2811900
39450,-450,100,"sd","13:33:05",2811700
39450,-450,200,"sd","13:33:05",2811600
39450,-450,200,"sd","13:33:02",2811400
39450,-450,100,"sd","13:33:02",2811200
39450,-450,100,"sd","13:33:02",2811100
39450,-450,100,"sd","13:33:02",2811000
39450,-450,100,"sd","13:33:02",2810900
39450,-450,3000,"sd","13:33:02",2810800
39450,-450,100,"sd","13:33:02",2807800
39450,-450,500,"sd","13:33:02",2807700
39450,-450,600,"sd","13:33:02",2807200
39450,-450,100,"sd","13:33:02",2806600
39450,-450,200,"sd","13:33:02",2806500
39450,-450,1000,"sd","13:33:02",2806300
39450,-450,2600,"sd","13:33:02",2805300
39450,-450,5500,"sd","13:33:02",2802700
39450,-450,5000,"sd","13:33:02",2797200
39450,-450,200,"sd","13:33:02",2792200
39450,-450,100,"sd","13:33:02",2792000
39450,-450,1000,"sd","13:33:02",2791900
39450,-450,100,"sd","13:33:02",2790900
39450,-450,2500,"sd","13:33:02",2790800
39450,-450,900,"sd","13:33:02",2788300
39450,-450,500,"sd","13:33:02",2787400
39450,-450,1000,"sd","13:33:02",2786900
39450,-450,100,"sd","13:33:02",2785900
39450,-450,2600,"sd","13:33:02",2785800
39450,-450,100,"sd","13:33:02",2783200
39450,-450,1000,"sd","13:33:02",2783100
39450,-450,1600,"sd","13:33:02",2782100
39450,-450,5000,"sd","13:33:02",2780500
39450,-450,100,"sd","13:33:02",2775500
39450,-450,3500,"sd","13:33:02",2775400
39450,-450,500,"sd","13:33:02",2771900
39450,-450,900,"sd","13:33:02",2771400
39450,-450,100,"sd","13:33:02",2770500
39450,-450,1000,"sd","13:33:02",2770400
39450,-450,100,"sd","13:33:02",2769400
39450,-450,1000,"sd","13:33:02",2769300
39450,-450,100,"sd","13:33:02",2768300
39450,-450,100,"sd","13:33:02",2768200
39450,-450,100,"sd","13:33:02",2768100
39450,-450,200,"sd","13:33:02",2768000
39450,-450,800,"sd","13:33:02",2767800
39450,-450,100,"sd","13:33:02",2767000
39450,-450,100,"sd","13:33:02",2766900
39450,-450,5000,"sd","13:33:02",2766800
39450,-450,100,"sd","13:33:02",2761800
39450,-450,300,"sd","13:33:02",2761700
39500,-400,100,"bu","13:32:38",2761400
39500,-400,500,"bu","13:32:37",2761300
39450,-450,300,"sd","13:32:36",2760800
39500,-400,200,"bu","13:32:13",2760500
39500,-400,1100,"bu","13:32:11",2760300
39500,-400,100,"bu","13:32:06",2759200
39450,-450,100,"sd","13:32:05",2759100
39450,-450,200,"sd","13:32:05",2759000
39500,-400,100,"bu","13:32:04",2758800
39500,-400,100,"bu","13:31:58",2758700
39500,-400,200,"bu","13:31:54",2758600
39500,-400,1000,"bu","13:31:53",2758400
39500,-400,100,"bu","13:31:50",2757400
39500,-400,500,"bu","13:31:49",2757300
39500,-400,100,"bu","13:31:49",2756800
39500,-400,100,"bu","13:31:39",2756700
39450,-450,300,"sd","13:31:35",2756600
39500,-400,300,"bu","13:31:33",2756300
39500,-400,500,"bu","13:31:32",2756000
39500,-400,700,"bu","13:31:32",2755500
39500,-400,100,"bu","13:31:31",2754800
39500,-400,100,"bu","13:31:31",2754700
39500,-400,700,"sd","13:31:31",2754600
39500,-400,1900,"sd","13:31:31",2753900
39500,-400,3000,"bu","13:31:29",2752000
39500,-400,100,"bu","13:31:29",2749000
39500,-400,100,"bu","13:31:26",2748900
39500,-400,200,"bu","13:31:25",2748800
39500,-400,1000,"bu","13:31:24",2748600
39450,-450,1000,"sd","13:31:17",2747600
39500,-400,300,"bu","13:31:14",2746600
39500,-400,200,"bu","13:31:13",2746300
39500,-400,400,"bu","13:31:13",2746100
39500,-400,600,"bu","13:31:13",2745700
39500,-400,5000,"bu","13:31:12",2745100
39450,-450,100,"sd","13:31:05",2740100
39450,-450,100,"sd","13:31:05",2740000
39450,-450,100,"sd","13:31:05",2739900
39500,-400,100,"bu","13:30:56",2739800
39500,-400,200,"bu","13:30:53",2739700
39500,-400,100,"bu","13:30:53",2739500
39500,-400,600,"bu","13:30:52",2739400
39500,-400,1700,"bu","13:30:50",2738800
39500,-400,500,"bu","13:30:50",2737100
39500,-400,200,"bu","13:30:50",2736600
39500,-400,100,"bu","13:30:49",2736400
39500,-400,200,"bu","13:30:47",2736300
39500,-400,1000,"bu","13:30:46",2736100
39450,-450,100,"sd","13:30:35",2735100
39450,-450,200,"sd","13:30:35",2735000
39500,-400,300,"bu","13:30:23",2734800
39500,-400,1200,"bu","13:30:22",2734500
39500,-400,5000,"bu","13:30:21",2733300
39450,-450,2600,"sd","13:30:19",2728300
39450,-450,1800,"sd","13:30:19",2725700
39450,-450,200,"sd","13:30:13",2723900
39450,-450,1000,"sd","13:30:12",2723700
39450,-450,200,"sd","13:30:12",2722700
39450,-450,200,"sd","13:30:12",2722500
39500,-400,200,"bu","13:30:09",2722300
39450,-450,300,"sd","13:30:05",2722100
39500,-400,100,"bu","13:30:01",2721800
39500,-400,200,"bu","13:29:59",2721700
39500,-400,1000,"bu","13:29:58",2721500
39500,-400,100,"bu","13:29:54",2720500
39500,-400,500,"bu","13:29:53",2720400
39500,-400,100,"bu","13:29:46",2719900
39500,-400,500,"bu","13:29:45",2719800
39500,-400,300,"bu","13:29:43",2719300
39500,-400,100,"bu","13:29:40",2719000
39500,-400,100,"bu","13:29:37",2718900
39500,-400,100,"bu","13:29:36",2718800
39450,-450,100,"sd","13:29:35",2718700
39450,-450,200,"sd","13:29:35",2718600
39500,-400,100,"bu","13:29:32",2718400
39500,-400,600,"bu","13:29:31",2718300
39500,-400,2500,"bu","13:29:30",2717700
39500,-400,3500,"bu","13:29:29",2715200
39500,-400,6500,"bu","13:29:29",2711700
39500,-400,100,"bu","13:29:27",2705200
39500,-400,500,"bu","13:29:26",2705100
39500,-400,200,"bu","13:29:17",2704600
39500,-400,100,"bu","13:29:06",2704400
39500,-400,200,"bu","13:29:05",2704300
39450,-450,300,"sd","13:29:05",2704100
39500,-400,300,"bu","13:29:04",2703800
39500,-400,100,"bu","13:29:04",2703500
39500,-400,600,"bu","13:29:04",2703400
39500,-400,100,"bu","13:28:36",2702800
39450,-450,300,"sd","13:28:35",2702700
39500,-400,200,"bu","13:28:28",2702400
39500,-400,400,"bu","13:28:27",2702200
39500,-400,700,"bu","13:28:27",2701800
39500,-400,1000,"sd","13:28:26",2701100
39500,-400,200,"sd","13:28:26",2700100
39500,-400,1000,"sd","13:28:26",2699900
39500,-400,100,"sd","13:28:26",2698900
39500,-400,200,"sd","13:28:26",2698800
39500,-400,500,"sd","13:28:26",2698600
39500,-400,100,"sd","13:28:05",2698100
39500,-400,200,"sd","13:28:05",2698000
39500,-400,100,"bu","13:27:38",2697800
39500,-400,500,"bu","13:27:38",2697700
39500,-400,3300,"bu","13:27:37",2697200
39500,-400,100,"bu","13:27:36",2693900
39500,-400,200,"bu","13:27:35",2693800
39450,-450,300,"sd","13:27:34",2693600
39500,-400,300,"bu","13:27:34",2693300
39500,-400,300,"bu","13:27:34",2693000
39500,-400,400,"bu","13:27:34",2692700
39500,-400,100,"bu","13:27:23",2692300
39450,-450,300,"sd","13:27:04",2692200
39500,-400,100,"bu","13:27:00",2691900
39500,-400,500,"bu","13:26:59",2691800
39500,-400,100,"bu","13:26:59",2691300
39500,-400,600,"bu","13:26:58",2691200
39500,-400,100,"bu","13:26:56",2690600
39500,-400,200,"bu","13:26:52",2690500
39500,-400,800,"bu","13:26:51",2690300
39500,-400,3300,"bu","13:26:50",2689500
39500,-400,200,"bu","13:26:37",2686200
39500,-400,1000,"sd","13:26:36",2686000
39500,-400,200,"sd","13:26:34",2685000
39500,-400,100,"sd","13:26:34",2684800
39500,-400,4500,"bu","13:26:27",2684700
39500,-400,400,"bu","13:26:27",2680200
39500,-400,100,"bu","13:26:13",2679800
39500,-400,500,"bu","13:26:12",2679700
39500,-400,100,"bu","13:26:07",2679200
39450,-450,100,"sd","13:26:04",2679100
39450,-450,200,"sd","13:26:04",2679000
39500,-400,300,"bu","13:26:03",2678800
39450,-450,100,"sd","13:25:58",2678500
39450,-450,900,"sd","13:25:58",2678400
39500,-400,200,"bu","13:25:54",2677500
39500,-400,1000,"bu","13:25:53",2677300
39450,-450,100,"sd","13:25:38",2676300
39450,-450,100,"sd","13:25:34",2676200
39450,-450,200,"sd","13:25:34",2676100
39500,-400,100,"bu","13:25:34",2675900
39500,-400,600,"bu","13:25:33",2675800
39500,-400,1100,"bu","13:25:32",2675200
39500,-400,1000,"bu","13:25:32",2674100
39500,-400,400,"bu","13:25:32",2673100
39500,-400,100,"bu","13:25:31",2672700
39450,-450,400,"sd","13:25:18",2672600
39450,-450,500,"sd","13:25:18",2672200
39450,-450,100,"sd","13:25:18",2671700
39450,-450,200,"sd","13:25:18",2671600
39450,-450,500,"sd","13:25:18",2671400
39450,-450,200,"sd","13:25:18",2670900
39450,-450,1100,"sd","13:25:18",2670700
39450,-450,100,"sd","13:25:18",2669600
39450,-450,100,"sd","13:25:18",2669500
39450,-450,100,"sd","13:25:18",2669400
39450,-450,600,"sd","13:25:18",2669300
39500,-400,200,"bu","13:25:15",2668700
39500,-400,300,"bu","13:25:11",2668500
39450,-450,300,"sd","13:25:04",2668200
39450,-450,300,"sd","13:24:34",2667900
39500,-400,100,"bu","13:24:31",2667600
39500,-400,100,"bu","13:24:24",2667500
39500,-400,600,"bu","13:24:23",2667400
39500,-400,2300,"bu","13:24:22",2666800
39500,-400,200,"bu","13:24:22",2664500
39500,-400,9300,"bu","13:24:21",2664300
39500,-400,500,"sd","13:24:20",2655000
39500,-400,100,"sd","13:24:20",2654500
39500,-400,100,"sd","13:24:20",2654400
39500,-400,200,"sd","13:24:20",2654300
39500,-400,300,"sd","13:24:20",2654100
39500,-400,1000,"sd","13:24:20",2653800
39500,-400,100,"sd","13:24:20",2652800
39500,-400,100,"sd","13:24:20",2652700
39500,-400,200,"sd","13:24:20",2652600
39500,-400,100,"sd","13:24:20",2652400
39500,-400,100,"sd","13:24:20",2652300
39500,-400,400,"sd","13:24:20",2652200
39500,-400,1000,"sd","13:24:20",2651800
39500,-400,3500,"sd","13:24:20",2650800
39500,-400,100,"sd","13:24:20",2647300
39500,-400,200,"sd","13:24:20",2647200
39500,-400,500,"sd","13:24:20",2647000
39500,-400,100,"sd","13:24:20",2646500
39500,-400,300,"sd","13:24:20",2646400
39500,-400,500,"sd","13:24:20",2646100
39500,-400,1000,"sd","13:24:20",2645600
39500,-400,100,"sd","13:24:20",2644600
39500,-400,100,"sd","13:24:20",2644500
39500,-400,2600,"sd","13:24:20",2644400
39500,-400,8000,"sd","13:24:20",2641800
39500,-400,1000,"sd","13:24:20",2633800
39500,-400,1000,"sd","13:24:20",2632800
39500,-400,100,"sd","13:24:20",2631800
39500,-400,3600,"sd","13:24:20",2631700
39500,-400,100,"sd","13:24:20",2628100
39500,-400,900,"sd","13:24:20",2628000
39500,-400,100,"sd","13:24:20",2627100
39500,-400,1000,"sd","13:24:20",2627000
39500,-400,200,"sd","13:24:20",2626000
39500,-400,200,"sd","13:24:20",2625800
39500,-400,200,"sd","13:24:20",2625600
39500,-400,300,"sd","13:24:20",2625400
39500,-400,7500,"sd","13:24:20",2625100
39500,-400,2500,"sd","13:24:14",2617600
39500,-400,1900,"sd","13:24:14",2615100
39500,-400,100,"sd","13:24:14",2613200
39500,-400,100,"sd","13:24:14",2613100
39500,-400,200,"sd","13:24:14",2613000
39500,-400,1800,"sd","13:24:13",2612800
39500,-400,1200,"sd","13:24:13",2611000
39500,-400,500,"sd","13:24:13",2609800
39500,-400,500,"sd","13:24:13",2609300
39500,-400,300,"sd","13:24:04",2608800
39500,-400,300,"sd","13:23:34",2608500
39500,-400,200,"sd","13:23:04",2608200
39500,-400,500,"sd","13:22:55",2608000
39500,-400,200,"sd","13:22:33",2607500
39500,-400,100,"sd","13:22:31",2607300
39500,-400,900,"sd","13:22:06",2607200
39500,-400,300,"sd","13:22:06",2606300
39500,-400,200,"sd","13:22:06",2606000
39500,-400,700,"sd","13:22:06",2605800
39500,-400,200,"sd","13:22:03",2605100
39500,-400,200,"sd","13:21:33",2604900
39550,-350,200,"bu","13:21:22",2604700
39550,-350,1000,"bu","13:21:21",2604500
39550,-350,200,"bu","13:21:12",2603500
39550,-350,300,"bu","13:21:09",2603300
39550,-350,100,"sd","13:21:08",2603000
39550,-350,1200,"sd","13:21:08",2602900
39550,-350,500,"sd","13:21:04",2601700
39550,-350,200,"sd","13:21:03",2601200
39550,-350,500,"bu","13:21:02",2601000
39550,-350,1500,"bu","13:21:02",2600500
39550,-350,100,"bu","13:21:02",2599000
39550,-350,4700,"bu","13:21:02",2598900
39550,-350,300,"bu","13:20:59",2594200
39550,-350,300,"bu","13:20:56",2593900
39550,-350,1200,"bu","13:20:55",2593600
39550,-350,3500,"bu","13:20:54",2592400
39550,-350,1500,"bu","13:20:54",2588900
39550,-350,300,"bu","13:20:51",2587400
39550,-350,200,"bu","13:20:37",2587100
39550,-350,1000,"bu","13:20:36",2586900
39500,-400,200,"sd","13:20:33",2585900
39550,-350,300,"bu","13:20:32",2585700
39550,-350,100,"bu","13:20:26",2585400
39550,-350,100,"bu","13:20:24",2585300
39550,-350,200,"bu","13:20:18",2585200
39550,-350,1000,"bu","13:20:17",2585000
39550,-350,300,"bu","13:20:15",2584000
39550,-350,1200,"bu","13:20:14",2583700
39550,-350,400,"bu","13:20:13",2582500
39550,-350,4600,"bu","13:20:13",2582100
39550,-350,100,"bu","13:20:08",2577500
39550,-350,100,"bu","13:20:06",2577400
39550,-350,300,"bu","13:20:04",2577300
39550,-350,1000,"bu","13:20:03",2577000
39500,-400,200,"sd","13:20:02",2576000
39550,-350,300,"bu","13:19:59",2575800
39550,-350,1200,"bu","13:19:58",2575500
39550,-350,500,"bu","13:19:57",2574300
39550,-350,200,"sd","13:19:57",2573800
39550,-350,4100,"sd","13:19:57",2573600
39550,-350,100,"bu","13:19:53",2569500
39550,-350,100,"bu","13:19:53",2569400
39550,-350,700,"bu","13:19:53",2569300
39550,-350,300,"bu","13:19:52",2568600
39550,-350,100,"bu","13:19:50",2568300
39550,-350,100,"bu","13:19:47",2568200
39550,-350,600,"bu","13:19:46",2568100
39550,-350,200,"bu","13:19:45",2567500
39550,-350,2300,"bu","13:19:45",2567300
39550,-350,100,"bu","13:19:41",2565000
39550,-350,600,"bu","13:19:40",2564900
39550,-350,100,"sd","13:19:39",2564300
39550,-350,100,"sd","13:19:39",2564200
39550,-350,1200,"sd","13:19:39",2564100
39550,-350,1000,"sd","13:19:39",2562900
39550,-350,500,"sd","13:19:37",2561900
39550,-350,1000,"sd","13:19:36",2561400
39550,-350,200,"sd","13:19:36",2560400
39550,-350,1000,"sd","13:19:36",2560200
39550,-350,200,"sd","13:19:36",2559200
39550,-350,200,"sd","13:19:36",2559000
39550,-350,100,"sd","13:19:36",2558800
39550,-350,500,"sd","13:19:36",2558700
39550,-350,900,"sd","13:19:36",2558200
39550,-350,500,"sd","13:19:36",2557300
39550,-350,300,"sd","13:19:36",2556800
39550,-350,100,"sd","13:19:36",2556500
39600,-300,200,"bu","13:19:34",2556400
39550,-350,200,"sd","13:19:32",2556200
39550,-350,800,"sd","13:19:32",2556000
39550,-350,100,"sd","13:19:32",2555200
39550,-350,200,"sd","13:19:32",2555100
39550,-350,100,"sd","13:19:32",2554900
39550,-350,300,"sd","13:19:32",2554800
39550,-350,500,"sd","13:19:32",2554500
39550,-350,100,"sd","13:19:32",2554000
39550,-350,1000,"sd","13:19:32",2553900
39550,-350,6900,"sd","13:19:32",2552900
39550,-350,1000,"sd","13:19:24",2546000
39600,-300,100,"bu","13:19:17",2545000
39600,-300,100,"bu","13:19:17",2544900
39600,-300,400,"bu","13:19:16",2544800
39600,-300,600,"bu","13:19:16",2544400
39550,-350,1000,"sd","13:19:11",2543800
39600,-300,100,"bu","13:19:04",2542800
39550,-350,100,"sd","13:19:02",2542700
39550,-350,100,"sd","13:19:02",2542600
39600,-300,100,"bu","13:18:58",2542500
39600,-300,500,"bu","13:18:57",2542400
39600,-300,400,"bu","13:18:56",2541900
39600,-300,1800,"bu","13:18:56",2541500
39600,-300,3200,"bu","13:18:55",2539700
39600,-300,200,"bu","13:18:55",2536500
39600,-300,1000,"bu","13:18:55",2536300
39600,-300,200,"bu","13:18:55",2535300
39600,-300,100,"bu","13:18:55",2535100
39600,-300,2000,"bu","13:18:55",2535000
39600,-300,2000,"bu","13:18:55",2533000
39600,-300,300,"bu","13:18:55",2531000
39600,-300,100,"bu","13:18:34",2530700
39550,-350,200,"sd","13:18:32",2530600
39550,-350,100,"sd","13:18:16",2530400
39550,-350,200,"sd","13:18:14",2530300
39600,-300,100,"bu","13:18:09",2530100
39550,-350,200,"sd","13:18:03",2530000
39600,-300,200,"bu","13:18:01",2529800
39550,-350,200,"sd","13:17:32",2529600
39550,-350,200,"sd","13:17:02",2529400
39600,-300,300,"bu","13:17:01",2529200
39550,-350,100,"bu","13:16:57",2528900
39550,-350,100,"bu","13:16:57",2528800
39550,-350,100,"bu","13:16:56",2528700
39550,-350,200,"bu","13:16:55",2528600
39550,-350,1000,"bu","13:16:54",2528400
39550,-350,100,"bu","13:16:39",2527400
39550,-350,200,"sd","13:16:32",2527300
39550,-350,100,"bu","13:16:26",2527100
39550,-350,1000,"sd","13:16:25",2527000
39550,-350,100,"sd","13:16:25",2526000
39550,-350,300,"sd","13:16:25",2525900
39550,-350,200,"sd","13:16:19",2525600
39550,-350,100,"bu","13:16:09",2525400
39550,-350,400,"bu","13:16:09",2525300
39550,-350,400,"bu","13:16:08",2524900
39500,-400,200,"sd","13:16:02",2524500
39550,-350,200,"bu","13:16:01",2524300
39550,-350,1000,"bu","13:16:01",2524100
39550,-350,100,"bu","13:16:01",2523100
39550,-350,100,"bu","13:15:55",2523000
39550,-350,500,"bu","13:15:55",2522900
39550,-350,100,"bu","13:15:40",2522400
39550,-350,400,"bu","13:15:34",2522300
39550,-350,2000,"bu","13:15:33",2521900
39500,-400,100,"sd","13:15:32",2519900
39500,-400,100,"sd","13:15:32",2519800
39550,-350,100,"bu","13:15:25",2519700
39550,-350,100,"bu","13:15:20",2519600
39550,-350,300,"bu","13:15:19",2519500
39550,-350,1700,"bu","13:15:18",2519200
39550,-350,1000,"sd","13:15:17",2517500
39550,-350,500,"sd","13:15:17",2516500
39550,-350,1000,"sd","13:15:17",2516000
39550,-350,100,"sd","13:15:17",2515000
39550,-350,100,"sd","13:15:17",2514900
39550,-350,400,"sd","13:15:17",2514800
39550,-350,1000,"sd","13:15:17",2514400
39550,-350,300,"sd","13:15:17",2513400
39550,-350,1000,"sd","13:15:17",2513100
39550,-350,500,"sd","13:15:17",2512100
39550,-350,1700,"sd","13:15:17",2511600
39550,-350,200,"sd","13:15:02",2509900
39550,-350,1100,"sd","13:15:01",2509700
39550,-350,800,"sd","13:15:01",2508600
39550,-350,100,"bu","13:14:43",2507800
39550,-350,100,"bu","13:14:43",2507700
39550,-350,400,"bu","13:14:41",2507600
39550,-350,100,"bu","13:14:41",2507200
39550,-350,1900,"bu","13:14:41",2507100
39500,-400,200,"sd","13:14:32",2505200
39550,-350,1000,"bu","13:14:32",2505000
39550,-350,100,"bu","13:14:29",2504000
39550,-350,700,"bu","13:14:29",2503900
39550,-350,1000,"bu","13:14:24",2503200
39550,-350,100,"bu","13:14:19",2502200
39550,-350,4000,"bu","13:14:18",2502100
39550,-350,200,"bu","13:14:18",2498100
39550,-350,500,"bu","13:14:18",2497900
39550,-350,500,"bu","13:14:18",2497400
39550,-350,500,"bu","13:14:18",2496900
39550,-350,200,"bu","13:14:18",2496400
39550,-350,300,"bu","13:14:18",2496200
39550,-350,500,"bu","13:14:18",2495900
39550,-350,500,"bu","13:14:18",2495400
39550,-350,500,"bu","13:14:18",2494900
39550,-350,100,"bu","13:14:18",2494400
39550,-350,500,"bu","13:14:18",2494300
39550,-350,20200,"bu","13:14:18",2493800
39550,-350,600,"bu","13:14:18",2473600
39550,-350,500,"bu","13:14:18",2473000
39550,-350,400,"bu","13:14:18",2472500
39500,-400,200,"sd","13:14:02",2472100
39550,-350,100,"bu","13:13:56",2471900
39500,-400,200,"sd","13:13:31",2471800
39500,-400,300,"sd","13:13:15",2471600
39500,-400,100,"sd","13:13:15",2471300
39500,-400,2000,"sd","13:13:15",2471200
39500,-400,2600,"sd","13:13:15",2469200
39500,-400,100,"sd","13:13:11",2466600
39500,-400,200,"sd","13:13:01",2466500
39500,-400,2100,"sd","13:12:49",2466300
39500,-400,1000,"sd","13:12:49",2464200
39500,-400,1000,"sd","13:12:47",2463200
39500,-400,200,"sd","13:12:31",2462200
39500,-400,2800,"sd","13:12:16",2462000
39500,-400,2200,"sd","13:12:16",2459200
39500,-400,100,"sd","13:12:04",2457000
39500,-400,200,"sd","13:12:01",2456900
39500,-400,100,"sd","13:11:56",2456700
39500,-400,400,"sd","13:11:48",2456600
39550,-350,100,"bu","13:11:47",2456200
39500,-400,500,"bu","13:11:42",2456100
39500,-400,500,"bu","13:11:42",2455600
39500,-400,1000,"bu","13:11:42",2455100
39500,-400,500,"bu","13:11:42",2454100
39500,-400,100,"bu","13:11:42",2453600
39500,-400,400,"bu","13:11:42",2453500
39500,-400,400,"bu","13:11:42",2453100
39500,-400,500,"bu","13:11:42",2452700
39500,-400,1000,"bu","13:11:42",2452200
39500,-400,1100,"bu","13:11:42",2451200
39500,-400,2000,"bu","13:11:41",2450100
39500,-400,100,"bu","13:11:38",2448100
39500,-400,200,"bu","13:11:35",2448000
39500,-400,500,"bu","13:11:34",2447800
39500,-400,200,"bu","13:11:31",2447300
39500,-400,100,"bu","13:11:31",2447100
39450,-450,200,"sd","13:11:31",2447000
39500,-400,100,"bu","13:11:23",2446800
39500,-400,100,"bu","13:11:21",2446700
39500,-400,600,"bu","13:11:20",2446600
39500,-400,400,"bu","13:11:20",2446000
39500,-400,100,"bu","13:11:20",2445600
39450,-450,100,"sd","13:11:19",2445500
39500,-400,100,"bu","13:11:13",2445400
39500,-400,400,"bu","13:11:06",2445300
39500,-400,100,"bu","13:11:06",2444900
39450,-450,200,"sd","13:11:00",2444800
39500,-400,900,"bu","13:10:58",2444600
39500,-400,1000,"bu","13:10:58",2443700
39500,-400,5000,"bu","13:10:58",2442700
39500,-400,1800,"bu","13:10:58",2437700
39500,-400,3200,"bu","13:10:54",2435900
39500,-400,5100,"bu","13:10:54",2432700
39500,-400,10000,"bu","13:10:54",2427600
39500,-400,1700,"bu","13:10:54",2417600
39450,-450,800,"sd","13:10:43",2415900
39450,-450,200,"sd","13:10:30",2415100
39450,-450,200,"sd","13:10:18",2414900
39450,-450,200,"sd","13:10:00",2414700
39450,-450,200,"sd","13:09:48",2414500
39450,-450,200,"sd","13:09:31",2414300
39450,-450,500,"sd","13:09:31",2414100
39450,-450,200,"sd","13:09:31",2413600
39450,-450,100,"sd","13:09:31",2413400
39450,-450,100,"sd","13:09:31",2413300
39450,-450,500,"sd","13:09:31",2413200
39450,-450,100,"sd","13:09:31",2412700
39450,-450,300,"sd","13:09:31",2412600
39450,-450,200,"sd","13:09:30",2412300
39450,-450,200,"sd","13:09:01",2412100
39450,-450,100,"sd","13:08:58",2411900
39450,-450,100,"sd","13:08:58",2411800
39450,-450,100,"sd","13:08:58",2411700
39450,-450,100,"sd","13:08:58",2411600
39450,-450,100,"sd","13:08:58",2411500
39450,-450,500,"sd","13:08:58",2411400
39450,-450,100,"sd","13:08:58",2410900
39450,-450,200,"sd","13:08:51",2410800
39450,-450,100,"sd","13:08:42",2410600
39500,-400,300,"bu","13:08:39",2410500
39500,-400,500,"bu","13:08:39",2410200
39500,-400,200,"bu","13:08:39",2409700
39450,-450,200,"sd","13:08:29",2409500
39500,-400,500,"bu","13:08:06",2409300
39450,-450,200,"sd","13:07:59",2408800
39450,-450,200,"sd","13:07:49",2408600
39450,-450,100,"sd","13:07:49",2408400
39450,-450,700,"sd","13:07:49",2408300
39450,-450,200,"sd","13:07:38",2407600
39500,-400,100,"bu","13:07:34",2407400
39450,-450,200,"sd","13:07:29",2407300
39450,-450,500,"sd","13:07:28",2407100
39450,-450,200,"sd","13:06:59",2406600
39450,-450,800,"sd","13:06:40",2406400
39450,-450,10000,"sd","13:06:34",2405600
39450,-450,200,"sd","13:06:29",2395600
39450,-450,7200,"sd","13:06:10",2395400
39450,-450,5000,"sd","13:06:10",2388200
39450,-450,100,"sd","13:06:10",2383200
39450,-450,100,"sd","13:06:10",2383100
39450,-450,100,"sd","13:06:10",2383000
39450,-450,100,"sd","13:06:10",2382900
39450,-450,300,"sd","13:06:10",2382800
39450,-450,400,"sd","13:06:10",2382500
39450,-450,100,"sd","13:06:10",2382100
39450,-450,100,"sd","13:06:10",2382000
39450,-450,5400,"sd","13:06:10",2381900
39450,-450,200,"sd","13:05:59",2376500
39500,-400,500,"bu","13:05:48",2376300
39450,-450,200,"sd","13:05:29",2375800
39500,-400,1000,"bu","13:05:24",2375600
39500,-400,500,"bu","13:05:09",2374600
39450,-450,300,"sd","13:05:06",2374100
39450,-450,200,"sd","13:04:59",2373800
39450,-450,200,"sd","13:04:29",2373600
39500,-400,1000,"bu","13:04:16",2373400
39500,-400,1200,"bu","13:04:03",2372400
39500,-400,4800,"bu","13:04:03",2371200
39450,-450,200,"sd","13:03:58",2366400
39450,-450,200,"sd","13:03:29",2366200
39450,-450,100,"sd","13:03:14",2366000
39450,-450,200,"sd","13:02:59",2365900
39500,-400,5000,"bu","13:02:56",2365700
39450,-450,2800,"sd","13:02:55",2360700
39450,-450,1000,"sd","13:02:55",2357900
39450,-450,2500,"sd","13:02:55",2356900
39450,-450,2000,"sd","13:02:55",2354400
39450,-450,100,"sd","13:02:55",2352400
39450,-450,100,"sd","13:02:55",2352300
39450,-450,100,"sd","13:02:55",2352200
39450,-450,2000,"sd","13:02:55",2352100
39450,-450,5000,"sd","13:02:55",2350100
39450,-450,100,"sd","13:02:55",2345100
39450,-450,300,"sd","13:02:55",2345000
39450,-450,1000,"sd","13:02:55",2344700
39450,-450,23000,"sd","13:02:55",2343700
39500,-400,200,"sd","13:02:40",2320700
39500,-400,200,"bu","13:02:34",2320500
39500,-400,100,"bu","13:02:34",2320300
39450,-450,1200,"sd","13:02:32",2320200
39500,-400,100,"bu","13:02:32",2319000
39450,-450,200,"sd","13:02:29",2318900
39500,-400,1000,"bu","13:02:17",2318700
39500,-400,800,"bu","13:02:13",2317700
39500,-400,1000,"bu","13:02:13",2316900
39500,-400,500,"bu","13:02:13",2315900
39500,-400,2700,"bu","13:02:13",2315400
39500,-400,100,"bu","13:02:06",2312700
39500,-400,200,"bu","13:02:05",2312600
39500,-400,800,"bu","13:02:05",2312400
39500,-400,100,"bu","13:01:59",2311600
39450,-450,200,"sd","13:01:59",2311500
39500,-400,600,"bu","13:01:38",2311300
39450,-450,200,"sd","13:01:29",2310700
39500,-400,200,"bu","13:01:21",2310500
39450,-450,300,"sd","13:01:00",2310300
39450,-450,100,"sd","13:00:59",2310000
39450,-450,3200,"sd","13:00:51",2309900
39500,-400,100,"sd","13:00:47",2306700
39500,-400,600,"sd","13:00:47",2306600
39500,-400,400,"bu","13:00:39",2306000
39500,-400,100,"sd","13:00:36",2305600
39450,-450,3700,"sd","13:00:19",2305500
39500,-400,100,"sd","13:00:19",2301800
39500,-400,100,"sd","13:00:19",2301700
39500,-400,100,"sd","13:00:19",2301600
39500,-400,2000,"sd","13:00:19",2301500
39500,-400,100,"sd","13:00:19",2299500
39500,-400,1500,"sd","13:00:19",2299400
39500,-400,500,"sd","13:00:19",2297900
39500,-400,100,"sd","13:00:19",2297400
39500,-400,700,"sd","13:00:19",2297300
39500,-400,200,"sd","13:00:19",2296600
39500,-400,900,"sd","13:00:19",2296400
39500,-400,100,"sd","13:00:18",2295500
39500,-400,300,"sd","13:00:18",2295400
39500,-400,200,"sd","13:00:18",2295100
39500,-400,1000,"sd","13:00:18",2294900
39500,-400,400,"sd","13:00:18",2293900
39500,-400,100,"sd","13:00:18",2293500
39500,-400,800,"sd","13:00:18",2293400
39500,-400,100,"sd","13:00:18",2292600
39500,-400,100,"sd","13:00:11",2292500
39500,-400,1000,"sd","13:00:08",2292400
39500,-400,400,"sd","13:00:07",2291400
39500,-400,100,"sd","13:00:06",2291000
39550,-350,4300,"bu","13:00:02",2290900
39500,-400,100,"sd","13:00:02",2286600
39450,-450,1000,"sd","13:00:02",2286500
39500,-400,1000,"sd","13:00:02",2285500
39500,-400,1000,"sd","13:00:02",2284500
39450,-450,100,"sd","13:00:02",2283500
39450,-450,100,"sd","13:00:02",2283400
39550,-350,100,"bu","13:00:01",2283300
39450,-450,100,"sd","13:00:01",2283200
39450,-450,200,"sd","13:00:01",2283100
39450,-450,2300,"sd","13:00:01",2282900
39450,-450,2000,"sd","13:00:01",2280600
39450,-450,900,"sd","13:00:01",2278600
39500,-400,3300,"sd","13:00:01",2277700
39450,-450,100,"sd","13:00:01",2274400
39500,-400,100,"sd","13:00:01",2274300
39450,-450,8700,"sd","13:00:01",2274200
39500,-400,100,"sd","13:00:00",2265500
39500,-400,500,"sd","13:00:00",2265400
39550,-350,5100,"bu","13:00:00",2264900
39500,-400,100,"sd","13:00:00",2259800
39500,-400,1000,"sd","13:00:00",2259700
39500,-400,200,"sd","13:00:00",2258700
39500,-400,200,"sd","13:00:00",2258500
39550,-350,200,"bu","13:00:00",2258300
39450,-450,4100,"sd","13:00:00",2258100
39450,-450,200,"sd","13:00:00",2254000
39500,-400,1100,"sd","13:00:00",2253800
39500,-400,200,"sd","13:00:00",2252700
39450,-450,2800,"sd","13:00:00",2252500
39500,-400,1000,"sd","13:00:00",2249700
39500,-400,1000,"sd","13:00:00",2248700
39500,-400,500,"bu","11:29:29",2247700
39500,-400,300,"bu","11:29:29",2247200
39500,-400,5000,"bu","11:29:29",2246900
39500,-400,100,"bu","11:29:29",2241900
39500,-400,500,"bu","11:29:29",2241800
39500,-400,100,"bu","11:29:29",2241300
39500,-400,2000,"bu","11:29:29",2241200
39500,-400,4400,"bu","11:29:29",2239200
39500,-400,500,"bu","11:29:29",2234800
39500,-400,3900,"bu","11:29:29",2234300
39500,-400,100,"bu","11:29:29",2230400
39500,-400,100,"bu","11:29:20",2230300
39500,-400,100,"bu","11:29:15",2230200
39500,-400,200,"bu","11:29:02",2230100
39450,-450,300,"sd","11:28:56",2229900
39500,-400,400,"bu","11:28:55",2229600
39500,-400,100,"bu","11:28:54",2229200
39500,-400,500,"bu","11:28:54",2229100
39500,-400,3700,"bu","11:28:54",2228600
39500,-400,100,"bu","11:28:39",2224900
39500,-400,100,"bu","11:28:34",2224800
39450,-450,300,"sd","11:28:26",2224700
39500,-400,100,"bu","11:28:15",2224400
39500,-400,1000,"bu","11:28:06",2224300
39450,-450,1000,"sd","11:28:06",2223300
39500,-400,600,"bu","11:28:02",2222300
39500,-400,1000,"bu","11:27:58",2221700
39450,-450,300,"sd","11:27:56",2220700
39450,-450,300,"sd","11:27:26",2220400
39500,-400,100,"bu","11:27:17",2220100
39500,-400,1000,"bu","11:27:04",2220000
39500,-400,2100,"bu","11:26:59",2219000
39450,-450,300,"sd","11:26:55",2216900
39500,-400,100,"bu","11:26:50",2216600
39500,-400,100,"bu","11:26:26",2216500
39450,-450,300,"sd","11:26:25",2216400
39450,-450,300,"sd","11:25:55",2216100
39500,-400,100,"bu","11:25:47",2215800
39500,-400,5000,"bu","11:25:47",2215700
39500,-400,1000,"bu","11:25:33",2210700
