"price","change","match_qtty","side","time","total_vol"
22250,350,341900,"unknown","14:44:59",11784600
22200,300,600,"sd","14:29:56",11442700
22200,300,1000,"sd","14:29:33",11442100
22200,300,500,"sd","14:29:27",11441100
22200,300,1000,"sd","14:29:18",11440600
22250,350,3000,"bu","14:28:56",11439600
22250,350,5000,"bu","14:28:47",11436600
22250,350,700,"bu","14:28:41",11431600
22200,300,2000,"sd","14:28:36",11430900
22200,300,3300,"sd","14:28:32",11428900
22200,300,200,"sd","14:28:32",11425600
22200,300,300,"sd","14:28:32",11425400
22200,300,7000,"sd","14:28:32",11425100
22250,350,100,"bu","14:28:31",11418100
22200,300,2000,"sd","14:28:19",11418000
22200,300,400,"sd","14:28:19",11416000
22250,350,100,"bu","14:28:12",11415600
22250,350,4600,"bu","14:28:10",11415500
22250,350,100,"bu","14:28:10",11410900
22250,350,300,"bu","14:28:10",11410800
22200,300,1600,"sd","14:27:58",11410500
22200,300,1000,"sd","14:27:58",11408900
22200,300,2000,"sd","14:27:58",11407900
22200,300,100,"sd","14:27:58",11405900
22200,300,500,"sd","14:27:58",11405800
22200,300,3900,"sd","14:27:58",11405300
22200,300,100,"sd","14:27:58",11401400
22200,300,100,"sd","14:27:54",11401300
22200,300,400,"sd","14:27:54",11401200
22200,300,4000,"sd","14:27:53",11400800
22200,300,1000,"sd","14:27:37",11396800
22200,300,1000,"sd","14:27:37",11395800
22200,300,2000,"sd","14:27:37",11394800
22200,300,5000,"sd","14:27:37",11392800
22200,300,1500,"sd","14:27:37",11387800
22200,300,1000,"sd","14:27:37",11386300
22200,300,500,"sd","14:27:37",11385300
22200,300,2000,"sd","14:27:37",11384800
22200,300,600,"sd","14:27:37",11382800
22200,300,400,"sd","14:27:37",11382200
22200,300,2000,"sd","14:27:37",11381800
22200,300,100,"sd","14:27:37",11379800
22200,300,500,"sd","14:27:37",11379700
22200,300,1500,"sd","14:27:37",11379200
22200,300,1000,"sd","14:27:37",11377700
22200,300,600,"sd","14:27:37",11376700
22200,300,1000,"sd","14:27:37",11376100
22200,300,100,"sd","14:27:37",11375100
22200,300,10000,"sd","14:27:37",11375000
22200,300,2000,"sd","14:27:37",11365000
22200,300,2000,"sd","14:27:37",11363000
22200,300,1000,"sd","14:27:37",11361000
22200,300,100,"sd","14:27:37",11360000
22200,300,1000,"sd","14:27:37",11359900
22200,300,200,"sd","14:27:37",11358900
22200,300,3000,"sd","14:27:37",11358700
22200,300,2000,"sd","14:27:37",11355700
22200,300,1000,"sd","14:27:37",11353700
22200,300,3000,"sd","14:27:37",11352700
22200,300,500,"sd","14:27:37",11349700
22200,300,200,"sd","14:27:37",11349200
22200,300,1000,"sd","14:27:37",11349000
22200,300,200,"sd","14:27:37",11348000
22200,300,1000,"sd","14:27:37",11347800
22200,300,500,"sd","14:27:29",11346800
22200,300,1000,"sd","14:27:29",11346300
22200,300,1000,"sd","14:27:03",11345300
22200,300,5000,"sd","14:26:56",11344300
22250,350,4000,"bu","14:26:52",11339300
22250,350,5700,"bu","14:26:06",11335300
22250,350,400,"bu","14:26:06",11329600
22250,350,1000,"bu","14:26:06",11329200
22250,350,2900,"bu","14:26:06",11328200
22200,300,700,"sd","14:26:01",11325300
22250,350,100,"bu","14:25:46",11324600
22200,300,1000,"sd","14:25:33",11324500
22200,300,400,"sd","14:25:32",11323500
22200,300,500,"sd","14:25:28",11323100
22200,300,400,"sd","14:24:58",11322600
22200,300,1000,"sd","14:24:58",11322200
22200,300,1500,"sd","14:24:58",11321200
22200,300,1100,"sd","14:24:58",11319700
22200,300,900,"sd","14:24:55",11318600
22200,300,700,"sd","14:24:55",11317700
22200,300,200,"sd","14:24:55",11317000
22200,300,100,"sd","14:24:47",11316800
22200,300,4700,"sd","14:24:41",11316700
22200,300,15300,"sd","14:24:41",11312000
22250,350,1000,"bu","14:24:05",11296700
22250,350,1100,"bu","14:24:05",11295700
22250,350,200,"bu","14:24:05",11294600
22250,350,10000,"bu","14:24:05",11294400
22250,350,100,"bu","14:24:05",11284400
22250,350,100,"bu","14:24:05",11284300
22250,350,400,"bu","14:24:05",11284200
22250,350,5000,"bu","14:24:05",11283800
22250,350,2100,"bu","14:24:05",11278800
22200,300,500,"sd","14:24:01",11276700
22250,350,100,"bu","14:23:48",11276200
22250,350,1800,"bu","14:23:38",11276100
22250,350,300,"bu","14:23:38",11274300
22250,350,200,"bu","14:23:38",11274000
22250,350,500,"bu","14:23:37",11273800
22250,350,600,"bu","14:23:15",11273300
22250,350,3600,"bu","14:22:59",11272700
22250,350,1200,"bu","14:22:38",11269100
22250,350,500,"bu","14:22:33",11267900
22200,300,2000,"sd","14:22:27",11267400
22250,350,300,"bu","14:22:17",11265400
22250,350,100,"bu","14:21:54",11265100
22250,350,3200,"bu","14:21:40",11265000
22250,350,2000,"bu","14:21:40",11261800
22250,350,600,"bu","14:21:40",11259800
22250,350,500,"bu","14:21:40",11259200
22250,350,3700,"bu","14:21:40",11258700
22250,350,100,"bu","14:21:28",11255000
22250,350,2000,"bu","14:21:20",11254900
22250,350,4200,"bu","14:21:20",11252900
22250,350,600,"bu","14:21:20",11248700
22250,350,300,"bu","14:21:20",11248100
22250,350,1000,"bu","14:21:20",11247800
22250,350,200,"bu","14:21:20",11246800
22250,350,500,"bu","14:21:20",11246600
22250,350,1000,"bu","14:21:20",11246100
22250,350,2000,"bu","14:21:20",11245100
22250,350,1000,"bu","14:21:20",11243100
22250,350,3500,"bu","14:21:20",11242100
22250,350,3000,"bu","14:21:20",11238600
22250,350,100,"bu","14:21:20",11235600
22250,350,10000,"bu","14:21:20",11235500
22250,350,2000,"bu","14:21:20",11225500
22250,350,100,"bu","14:21:20",11223500
22250,350,10000,"bu","14:21:20",11223400
22250,350,9000,"bu","14:21:20",11213400
22250,350,1000,"bu","14:21:20",11204400
22250,350,500,"bu","14:21:20",11203400
22250,350,100,"bu","14:21:16",11202900
22250,350,900,"bu","14:21:13",11202800
22250,350,100,"bu","14:21:13",11201900
22250,350,1500,"bu","14:21:13",11201800
22200,300,1000,"sd","14:21:12",11200300
22250,350,1000,"bu","14:21:10",11199300
22250,350,2300,"bu","14:21:08",11198300
22250,350,1300,"bu","14:20:59",11196000
22250,350,1000,"bu","14:20:49",11194700
22250,350,2900,"bu","14:20:39",11193700
22250,350,500,"bu","14:20:39",11190800
22250,350,500,"bu","14:20:39",11190300
22250,350,400,"bu","14:20:39",11189800
22250,350,500,"bu","14:20:17",11189400
22250,350,3000,"bu","14:20:17",11188900
22250,350,1300,"bu","14:19:16",11185900
22250,350,1000,"sd","14:19:01",11184600
22250,350,1900,"sd","14:19:01",11183600
22250,350,1900,"sd","14:19:01",11181700
22250,350,400,"sd","14:18:56",11179800
22250,350,2000,"sd","14:18:51",11179400
22250,350,500,"sd","14:18:50",11177400
22250,350,200,"sd","14:18:47",11176900
22300,400,5200,"bu","14:18:44",11176700
22300,400,100,"bu","14:18:44",11171500
22300,400,100,"bu","14:18:44",11171400
22300,400,300,"bu","14:18:44",11171300
22300,400,2000,"bu","14:18:44",11171000
22300,400,200,"bu","14:18:44",11169000
22300,400,1000,"bu","14:18:44",11168800
22300,400,1000,"bu","14:18:44",11167800
22300,400,500,"bu","14:18:44",11166800
22300,400,200,"bu","14:18:44",11166300
22300,400,4000,"bu","14:18:44",11166100
22300,400,700,"bu","14:18:44",11162100
22300,400,800,"bu","14:18:44",11161400
22300,400,2000,"bu","14:18:44",11160600
22300,400,200,"bu","14:18:44",11158600
22300,400,100,"bu","14:18:44",11158400
22300,400,100,"bu","14:18:44",11158300
22300,400,100,"bu","14:18:44",11158200
22300,400,300,"bu","14:18:44",11158100
22300,400,100,"bu","14:18:44",11157800
22300,400,22300,"bu","14:18:44",11157700
22300,400,1000,"bu","14:18:44",11135400
22300,400,100,"bu","14:18:44",11134400
22250,350,5000,"sd","14:18:42",11134300
22250,350,1000,"bu","14:18:33",11129300
22250,350,1000,"bu","14:18:33",11128300
22250,350,600,"bu","14:18:33",11127300
22250,350,9400,"bu","14:18:32",11126700
22250,350,500,"bu","14:18:32",11117300
22250,350,200,"bu","14:18:29",11116800
22250,350,200,"bu","14:18:29",11116600
22250,350,500,"bu","14:18:29",11116400
22250,350,100,"bu","14:18:29",11115900
22250,350,4900,"bu","14:18:14",11115800
22250,350,10000,"bu","14:18:14",11110900
22250,350,500,"bu","14:18:14",11100900
22250,350,1600,"bu","14:18:14",11100400
22250,350,300,"bu","14:18:10",11098800
22250,350,18100,"bu","14:18:08",11098500
22250,350,500,"bu","14:18:08",11080400
22250,350,2900,"bu","14:18:08",11079900
22250,350,500,"bu","14:17:56",11077000
22250,350,500,"bu","14:17:53",11076500
22250,350,3100,"bu","14:17:51",11076000
22250,350,8700,"bu","14:17:51",11072900
22250,350,9700,"bu","14:17:51",11064200
22250,350,300,"bu","14:17:44",11054500
22250,350,700,"bu","14:17:44",11054200
22250,350,1000,"bu","14:17:42",11053500
22250,350,500,"bu","14:17:41",11052500
22250,350,300,"sd","14:17:40",11052000
22250,350,1700,"sd","14:17:40",11051700
22250,350,300,"sd","14:17:40",11050000
22250,350,8000,"sd","14:17:40",11049700
22250,350,10000,"sd","14:17:35",11041700
22250,350,500,"sd","14:17:32",11031700
22300,400,21500,"bu","14:17:27",11031200
22250,350,2000,"sd","14:17:21",11009700
22300,400,6200,"bu","14:17:18",11007700
22300,400,500,"bu","14:17:18",11001500
22300,400,2000,"bu","14:17:18",11001000
22300,400,300,"bu","14:17:18",10999000
22300,400,200,"bu","14:17:18",10998700
22300,400,100,"bu","14:17:18",10998500
22300,400,100,"bu","14:17:18",10998400
22300,400,100,"bu","14:17:18",10998300
22300,400,500,"bu","14:17:18",10998200
22300,400,100,"bu","14:17:18",10997700
22300,400,200,"bu","14:17:18",10997600
22300,400,3000,"bu","14:17:18",10997400
22300,400,200,"bu","14:17:18",10994400
22300,400,100,"bu","14:17:18",10994200
22300,400,100,"bu","14:17:18",10994100
22300,400,200,"bu","14:17:18",10994000
22300,400,300,"bu","14:17:18",10993800
22300,400,2200,"bu","14:17:18",10993500
22300,400,1200,"bu","14:17:18",10991300
22300,400,200,"bu","14:17:18",10990100
22300,400,100,"bu","14:17:18",10989900
22300,400,200,"bu","14:17:18",10989800
22300,400,1000,"bu","14:17:18",10989600
22300,400,300,"bu","14:17:18",10988600
22300,400,500,"bu","14:17:18",10988300
22300,400,100,"bu","14:17:18",10987800
22300,400,100,"bu","14:17:04",10987700
22250,350,500,"bu","14:17:00",10987600
22250,350,500,"bu","14:17:00",10987100
22200,300,900,"sd","14:16:52",10986600
22200,300,10700,"sd","14:16:40",10985700
22200,300,4000,"sd","14:16:38",10975000
22200,300,3800,"sd","14:16:29",10971000
22300,400,5000,"bu","14:16:26",10967200
22200,300,400,"sd","14:16:24",10962200
22300,400,1700,"bu","14:16:18",10961800
22300,400,700,"bu","14:16:18",10960100
22300,400,2000,"bu","14:16:16",10959400
22300,400,500,"bu","14:16:16",10957400
22300,400,100,"bu","14:16:16",10956900
22300,400,500,"bu","14:16:16",10956800
22300,400,300,"bu","14:16:16",10956300
22300,400,500,"bu","14:16:16",10956000
22300,400,500,"bu","14:16:16",10955500
22300,400,1000,"bu","14:16:16",10955000
22300,400,300,"bu","14:16:16",10954000
22300,400,200,"bu","14:16:16",10953700
22300,400,100,"bu","14:16:16",10953500
22300,400,200,"bu","14:16:16",10953400
22300,400,3800,"bu","14:16:16",10953200
22300,400,500,"bu","14:16:10",10949400
22200,300,10000,"sd","14:16:08",10948900
22300,400,1000,"bu","14:16:08",10938900
22300,400,1600,"bu","14:15:51",10937900
22300,400,1000,"bu","14:15:51",10936300
22250,350,600,"bu","14:15:51",10935300
22250,350,1100,"bu","14:15:51",10934700
22250,350,300,"bu","14:15:51",10933600
22300,400,5000,"bu","14:15:51",10933300
22250,350,600,"bu","14:15:51",10928300
22300,400,500,"bu","14:15:51",10927700
22250,350,100,"bu","14:15:51",10927200
22300,400,1000,"bu","14:15:51",10927100
22250,350,100,"bu","14:15:51",10926100
22300,400,100,"bu","14:15:51",10926000
22250,350,100,"bu","14:15:51",10925900
22300,400,5000,"bu","14:15:51",10925800
22250,350,200,"bu","14:15:51",10920800
22300,400,500,"bu","14:15:51",10920600
22250,350,400,"bu","14:15:51",10920100
22300,400,100,"bu","14:15:51",10919700
22250,350,3600,"bu","14:15:51",10919600
22300,400,5000,"bu","14:15:51",10916000
22250,350,100,"bu","14:15:51",10911000
22300,400,4100,"bu","14:15:51",10910900
22250,350,1000,"bu","14:15:51",10906800
22250,350,5000,"bu","14:15:51",10905800
22250,350,200,"bu","14:15:51",10900800
22250,350,1000,"bu","14:15:51",10900600
22250,350,100,"bu","14:15:51",10899600
22250,350,2000,"bu","14:15:51",10899500
22250,350,100,"bu","14:15:51",10897500
22250,350,50000,"bu","14:15:51",10897400
22250,350,6200,"bu","14:15:51",10847400
22250,350,100,"bu","14:15:51",10841200
22250,350,5000,"bu","14:15:51",10841100
22250,350,500,"bu","14:15:51",10836100
22250,350,500,"bu","14:15:51",10835600
22250,350,800,"bu","14:15:51",10835100
22250,350,5600,"bu","14:15:51",10834300
22250,350,100,"bu","14:15:51",10828700
22250,350,5000,"bu","14:15:51",10828600
22250,350,1000,"bu","14:15:51",10823600
22250,350,12000,"bu","14:15:51",10822600
22250,350,900,"bu","14:15:51",10810600
22250,350,200,"bu","14:15:51",10809700
22250,350,5000,"bu","14:15:51",10809500
22250,350,2000,"bu","14:15:51",10804500
22250,350,100,"bu","14:15:51",10802500
22300,400,4700,"bu","14:15:51",10802400
22250,350,2000,"bu","14:15:51",10797700
22300,400,2000,"bu","14:15:51",10795700
22300,400,15800,"bu","14:15:51",10793600
22250,350,100,"bu","14:15:51",10793700
22250,350,1700,"bu","14:15:51",10777800
22250,350,51700,"bu","14:15:51",10776100
22250,350,500,"bu","14:15:51",10724400
22250,350,400,"bu","14:15:51",10723900
22250,350,2000,"bu","14:15:51",10723500
22250,350,6500,"bu","14:15:51",10721500
22250,350,100,"bu","14:15:51",10715000
22250,350,100,"bu","14:15:51",10714900
22250,350,1000,"bu","14:15:51",10714800
22250,350,1000,"bu","14:15:51",10713800
22250,350,1000,"bu","14:15:51",10712800
22250,350,1000,"bu","14:15:51",10711800
22250,350,100,"bu","14:15:51",10710800
22250,350,500,"bu","14:15:51",10710700
22250,350,100,"bu","14:15:51",10710200
22250,350,500,"bu","14:15:51",10710100
22250,350,1000,"bu","14:15:51",10709600
22250,350,500,"bu","14:15:51",10708600
22250,350,2000,"bu","14:15:51",10708100
22250,350,100,"bu","14:15:51",10706100
22250,350,2400,"bu","14:15:51",10706000
22250,350,1000,"bu","14:15:51",10703600
22250,350,3000,"bu","14:15:51",10702600
22250,350,100,"bu","14:15:51",10699600
22250,350,200,"bu","14:15:51",10699500
22250,350,300,"bu","14:15:51",10699300
22250,350,200,"bu","14:15:51",10699000
22250,350,59400,"bu","14:15:51",10698800
22250,350,1500,"bu","14:15:51",10639400
22250,350,200,"bu","14:15:47",10637900
22250,350,400,"bu","14:15:46",10637700
22250,350,1000,"bu","14:15:46",10637300
22250,350,600,"bu","14:15:46",10636300
22200,300,100,"sd","14:15:44",10635700
22200,300,2000,"sd","14:15:44",10635600
22200,300,9900,"sd","14:15:43",10633600
22200,300,100,"sd","14:15:34",10623700
22250,350,100,"bu","14:15:27",10623600
22200,300,3000,"sd","14:15:26",10623500
22200,300,400,"sd","14:15:24",10620500
22200,300,700,"sd","14:15:23",10620100
22200,300,500,"bu","14:15:21",10619400
22200,300,2000,"bu","14:15:21",10618900
22200,300,200,"bu","14:15:21",10616900
22200,300,100,"bu","14:15:21",10616700
22200,300,100,"bu","14:15:21",10616600
22200,300,100,"bu","14:15:21",10616500
22200,300,100,"bu","14:15:21",10616400
22200,300,200,"bu","14:15:21",10616300
22200,300,1700,"bu","14:15:21",10616100
22200,300,100,"bu","14:15:21",10614400
22200,300,800,"bu","14:15:21",10614300
22200,300,1000,"bu","14:15:21",10613500
22200,300,100,"bu","14:15:21",10612500
22200,300,2000,"bu","14:15:21",10612400
22200,300,1000,"bu","14:15:20",10610400
22200,300,2000,"bu","14:15:20",10609400
22200,300,300,"bu","14:15:20",10607400
22200,300,4000,"bu","14:15:20",10607100
22200,300,1000,"bu","14:15:20",10603100
22200,300,100,"bu","14:15:20",10602100
22200,300,1000,"bu","14:15:20",10602000
22200,300,100,"bu","14:15:20",10601000
22200,300,1000,"bu","14:15:20",10600900
22200,300,1000,"bu","14:15:20",10599900
22200,300,100,"bu","14:15:20",10598900
22200,300,1000,"bu","14:15:20",10598800
22200,300,300,"bu","14:15:20",10597800
22200,300,2000,"bu","14:15:20",10597500
22200,300,1000,"bu","14:15:20",10595500
22200,300,100,"bu","14:15:20",10594500
22200,300,300,"bu","14:15:20",10594400
22200,300,400,"bu","14:15:16",10594100
22200,300,300,"bu","14:15:14",10593700
22200,300,200,"bu","14:15:14",10593400
22200,300,100,"bu","14:15:14",10593200
22200,300,100,"bu","14:15:14",10593100
22200,300,3300,"bu","14:15:14",10593000
22200,300,10000,"bu","14:15:10",10589700
22200,300,500,"bu","14:15:08",10579700
22200,300,2000,"bu","14:15:04",10579200
22200,300,2000,"bu","14:15:03",10577200
22200,300,200,"bu","14:15:03",10575200
22200,300,100,"bu","14:14:56",10575000
22200,300,2000,"bu","14:14:56",10574900
22200,300,5000,"bu","14:14:54",10572900
22200,300,4600,"bu","14:14:53",10567900
22200,300,1000,"bu","14:14:52",10563300
22200,300,9300,"bu","14:14:51",10562300
22200,300,100,"bu","14:14:51",10553000
22200,300,1000,"bu","14:14:51",10552900
22200,300,400,"bu","14:14:51",10551900
22200,300,200,"bu","14:14:51",10551500
22200,300,600,"bu","14:14:51",10551300
22200,300,500,"bu","14:14:50",10550700
22200,300,2900,"bu","14:14:49",10550200
22200,300,100,"bu","14:14:49",10547300
22200,300,7200,"bu","14:14:46",10547200
22200,300,2800,"bu","14:14:46",10540000
22200,300,200,"bu","14:14:46",10537200
22200,300,1700,"bu","14:14:45",10537000
22200,300,500,"bu","14:14:45",10535300
22200,300,2000,"bu","14:14:45",10534800
22200,300,400,"bu","14:14:45",10532800
22200,300,100,"bu","14:14:45",10532400
22200,300,700,"bu","14:14:45",10532300
22200,300,6600,"bu","14:14:45",10531600
22200,300,2000,"bu","14:14:42",10525000
22200,300,1000,"bu","14:14:38",10523000
22200,300,4000,"bu","14:14:33",10522000
22200,300,2000,"bu","14:14:32",10518000
22200,300,500,"bu","14:14:27",10516000
22200,300,400,"bu","14:14:27",10515500
22200,300,1200,"bu","14:14:27",10515100
22200,300,1000,"bu","14:14:27",10513900
22200,300,100,"bu","14:14:27",10512900
22200,300,100,"bu","14:14:27",10512800
22200,300,1000,"bu","14:14:27",10512700
22200,300,200,"bu","14:14:27",10511700
22200,300,1000,"bu","14:14:27",10511500
22200,300,4400,"bu","14:14:27",10510500
22200,300,100,"bu","14:14:27",10506100
22200,300,4000,"bu","14:14:26",10506000
22200,300,800,"bu","14:14:26",10502000
22200,300,200,"bu","14:14:26",10501200
22200,300,1600,"bu","14:14:26",10501000
22200,300,500,"bu","14:14:26",10499400
22200,300,100,"bu","14:14:26",10498900
22200,300,1000,"bu","14:14:26",10498800
22200,300,100,"bu","14:14:26",10497800
22200,300,100,"bu","14:14:26",10497700
22200,300,300,"bu","14:14:26",10497600
22200,300,300,"bu","14:14:26",10497300
22200,300,700,"bu","14:14:24",10497000
22200,300,200,"bu","14:14:24",10496300
22200,300,100,"bu","14:14:24",10496100
22200,300,300,"bu","14:14:24",10496000
22200,300,500,"bu","14:14:24",10495700
22200,300,1000,"bu","14:14:24",10495200
22200,300,1000,"bu","14:14:24",10494200
22200,300,1500,"bu","14:14:24",10493200
22200,300,200,"bu","14:14:24",10491700
22200,300,100,"bu","14:14:24",10491500
22200,300,100,"bu","14:14:24",10491400
22200,300,300,"bu","14:14:24",10491300
22200,300,400,"bu","14:14:23",10491000
22200,300,600,"bu","14:14:23",10490600
22200,300,1000,"bu","14:14:21",10490000
22200,300,400,"bu","14:14:17",10489000
22200,300,100,"bu","14:14:17",10488600
22200,300,5000,"bu","14:14:15",10488500
22200,300,800,"bu","14:14:15",10483500
22200,300,3200,"bu","14:14:15",10482700
22200,300,300,"bu","14:14:15",10479500
22200,300,100,"bu","14:14:15",10479200
22200,300,100,"bu","14:14:15",10479100
22200,300,300,"bu","14:14:15",10479000
22200,300,200,"bu","14:14:15",10478700
22200,300,2000,"bu","14:14:13",10478500
22200,300,1200,"bu","14:14:12",10476500
22200,300,100,"bu","14:14:12",10475300
22200,300,700,"bu","14:14:12",10475200
22200,300,100,"bu","14:14:12",10474500
22200,300,100,"bu","14:14:12",10474400
22200,300,7800,"bu","14:14:12",10474300
22200,300,5000,"bu","14:14:11",10466500
22200,300,7200,"bu","14:14:10",10461500
22200,300,1000,"bu","14:14:10",10454300
22200,300,1000,"bu","14:14:10",10453300
22200,300,700,"bu","14:14:10",10452300
22200,300,100,"bu","14:14:10",10451600
22200,300,800,"bu","14:14:10",10451500
22200,300,200,"bu","14:14:10",10450700
22200,300,2500,"bu","14:14:10",10450500
22200,300,1000,"bu","14:14:10",10448000
22200,300,200,"bu","14:14:10",10447000
22200,300,300,"bu","14:14:10",10446800
22200,300,500,"bu","14:14:10",10446500
22200,300,500,"bu","14:14:10",10446000
22200,300,100,"bu","14:14:10",10445500
22200,300,3000,"bu","14:14:10",10445400
22200,300,10400,"bu","14:14:10",10442400
22200,300,500,"bu","14:14:10",10432000
22200,300,200,"bu","14:14:09",10431500
22200,300,900,"bu","14:14:09",10431300
22200,300,900,"bu","14:14:09",10430400
22200,300,1000,"bu","14:14:09",10429500
22200,300,5000,"bu","14:14:08",10428500
22200,300,3100,"bu","14:14:08",10423500
22200,300,300,"bu","14:14:08",10420400
22200,300,500,"bu","14:14:08",10420100
22200,300,100,"bu","14:14:08",10419600
22200,300,1000,"bu","14:14:08",10419500
22200,300,500,"bu","14:14:07",10418500
22200,300,700,"bu","14:14:06",10418000
22200,300,4000,"bu","14:14:04",10417300
22200,300,10000,"bu","14:14:03",10413300
22200,300,1900,"bu","14:13:54",10403300
22200,300,5000,"bu","14:13:54",10401400
22200,300,2000,"bu","14:13:53",10396400
22200,300,5000,"bu","14:13:50",10394400
22200,300,500,"bu","14:13:46",10389400
22200,300,5000,"bu","14:13:42",10388900
22200,300,200,"bu","14:13:38",10383900
22200,300,2600,"bu","14:13:38",10383700
22200,300,10000,"bu","14:13:37",10381100
22200,300,1600,"bu","14:13:36",10371100
22200,300,2500,"bu","14:13:36",10369500
22200,300,1000,"bu","14:13:36",10367000
22200,300,500,"bu","14:13:36",10366000
22200,300,1000,"bu","14:13:36",10365500
22200,300,500,"bu","14:13:36",10364500
22200,300,200,"bu","14:13:36",10364000
22200,300,300,"bu","14:13:36",10363800
22200,300,1000,"bu","14:13:36",10363500
22200,300,200,"bu","14:13:36",10362500
22200,300,300,"bu","14:13:34",10362300
22200,300,700,"bu","14:13:34",10362000
22200,300,5000,"bu","14:13:28",10361300
22200,300,3000,"bu","14:13:26",10356300
22200,300,500,"bu","14:13:26",10353300
22200,300,5000,"bu","14:13:24",10352800
22200,300,32500,"bu","14:13:23",10347800
22200,300,1000,"bu","14:13:21",10315300
22200,300,100,"bu","14:13:16",10314300
22200,300,500,"bu","14:13:12",10314200
22200,300,1700,"bu","14:12:54",10313700
22200,300,300,"bu","14:12:54",10312000
22200,300,1000,"bu","14:12:54",10311700
22200,300,3100,"bu","14:12:54",10310700
22200,300,1900,"bu","14:12:54",10307600
22200,300,500,"bu","14:12:48",10305700
22200,300,1000,"bu","14:12:31",10305200
22200,300,1600,"bu","14:12:30",10304200
22200,300,100,"bu","14:12:30",10302600
22200,300,400,"bu","14:12:30",10302500
22200,300,2800,"bu","14:12:30",10302100
22200,300,100,"bu","14:12:30",10299300
22150,250,500,"sd","14:12:29",10299200
22200,300,100,"bu","14:12:28",10298700
22200,300,300,"bu","14:12:28",10298600
22200,300,100,"bu","14:12:28",10298300
22200,300,2000,"bu","14:12:21",10298200
22150,250,1000,"sd","14:12:01",10296200
22150,250,200,"sd","14:10:59",10295200
22150,250,3000,"sd","14:10:55",10295000
22150,250,500,"sd","14:10:47",10292000
22150,250,200,"sd","14:10:13",10291500
22150,250,500,"sd","14:09:52",10291300
22200,300,200,"bu","14:09:47",10290800
22150,250,600,"sd","14:09:44",10290600
22200,300,100,"bu","14:09:43",10290000
22200,300,400,"bu","14:09:42",10289900
22200,300,200,"bu","14:09:42",10289500
22200,300,1000,"bu","14:09:42",10289300
22200,300,400,"bu","14:09:42",10288300
22150,250,100,"sd","14:09:26",10287900
22200,300,100,"bu","14:09:17",10287800
22150,250,100,"sd","14:08:53",10287700
22150,250,3000,"sd","14:08:53",10287600
22150,250,2500,"sd","14:08:53",10284600
22150,250,100,"sd","14:08:53",10282100
22150,250,20000,"sd","14:08:53",10282000
22150,250,2000,"sd","14:08:53",10262000
22150,250,3000,"sd","14:08:53",10260000
22150,250,4000,"bu","14:08:53",10257000
22150,250,2500,"bu","14:08:53",10253000
22150,250,100,"bu","14:08:53",10250500
22150,250,600,"bu","14:08:53",10250400
22150,250,10000,"bu","14:08:53",10249800
22150,250,100,"bu","14:08:53",10239800
22150,250,2000,"bu","14:08:53",10239700
22150,250,500,"bu","14:08:53",10237700
22150,250,500,"bu","14:08:53",10237200
22150,250,1300,"bu","14:08:53",10236700
22150,250,500,"bu","14:08:53",10235400
22150,250,5000,"bu","14:08:53",10234900
22150,250,2000,"bu","14:08:53",10229900
22150,250,26000,"bu","14:08:53",10227900
22150,250,1500,"bu","14:08:53",10201900
22150,250,100,"bu","14:08:53",10200400
22150,250,8700,"bu","14:08:53",10200300
22150,250,1000,"bu","14:08:53",10191600
22150,250,1000,"bu","14:08:53",10190600
22150,250,10000,"bu","14:08:53",10189600
22150,250,1000,"bu","14:08:53",10179600
22150,250,10000,"bu","14:08:53",10178600
22150,250,5000,"bu","14:08:53",10168600
22150,250,1000,"bu","14:08:53",10163600
22150,250,500,"bu","14:08:53",10162600
22150,250,900,"bu","14:08:53",10162100
22150,250,3000,"bu","14:08:53",10161200
22150,250,200,"bu","14:08:53",10158200
22150,250,3200,"bu","14:08:53",10158000
22150,250,2300,"bu","14:08:53",10154800
22150,250,300,"bu","14:08:53",10152500
22150,250,500,"bu","14:08:53",10152200
22150,250,6000,"bu","14:08:53",10151700
22150,250,100,"bu","14:08:53",10145700
22150,250,2300,"bu","14:08:53",10145600
22150,250,1500,"bu","14:08:53",10143300
22150,250,200,"bu","14:08:53",10141800
22150,250,100,"bu","14:08:53",10141600
22150,250,500,"bu","14:08:53",10141500
22150,250,8700,"bu","14:08:53",10141000
22150,250,200,"bu","14:08:53",10132300
22150,250,200,"bu","14:08:53",10132100
22150,250,200,"bu","14:08:53",10131900
22150,250,4000,"bu","14:08:53",10131700
22150,250,200,"bu","14:08:53",10127700
22150,250,700,"bu","14:08:53",10127500
22150,250,2000,"bu","14:08:41",10126800
22100,200,500,"sd","14:08:35",10124800
22150,250,500,"bu","14:08:34",10124300
22150,250,5000,"bu","14:08:30",10123800
22150,250,1800,"bu","14:08:23",10118800
22100,200,400,"sd","14:08:19",10117000
22100,200,500,"sd","14:08:19",10116600
22100,200,3900,"sd","14:08:19",10116100
22100,200,100,"sd","14:08:19",10112200
22100,200,400,"sd","14:08:19",10112100
22100,200,2600,"sd","14:08:13",10111700
22100,200,500,"sd","14:08:13",10109100
22100,200,300,"sd","14:08:13",10108600
22100,200,100,"sd","14:08:12",10108300
22100,200,400,"sd","14:07:54",10108200
22100,200,100,"sd","14:07:54",10107800
22100,200,200,"sd","14:07:18",10107700
22100,200,200,"sd","14:07:18",10107500
22150,250,1600,"bu","14:07:10",10107300
22100,200,1800,"sd","14:06:49",10105700
22100,200,3500,"sd","14:06:49",10103900
22100,200,10000,"sd","14:06:49",10100400
22100,200,300,"sd","14:06:49",10090400
22100,200,2000,"sd","14:06:49",10090100
22100,200,1000,"sd","14:06:49",10088100
22100,200,10000,"sd","14:06:49",10087100
22100,200,1000,"sd","14:06:49",10077100
22100,200,1000,"sd","14:06:49",10076100
22100,200,800,"sd","14:06:49",10075100
22100,200,100,"sd","14:06:49",10074300
22100,200,100,"sd","14:06:49",10074200
22100,200,2000,"sd","14:06:49",10074100
22100,200,200,"sd","14:06:49",10072100
22100,200,1000,"sd","14:06:49",10071900
22100,200,3000,"sd","14:06:49",10070900
22100,200,2000,"sd","14:06:49",10067900
22100,200,200,"sd","14:06:48",10065900
22100,200,100,"sd","14:06:48",10065700
22100,200,100,"sd","14:06:48",10065600
22100,200,9800,"sd","14:06:48",10065500
22100,200,100,"sd","14:06:28",10055700
22100,200,100,"sd","14:05:55",10055600
22150,250,5000,"bu","14:05:46",10055500
22100,200,10000,"sd","14:05:41",10050500
22100,200,400,"sd","14:05:41",10040500
22100,200,200,"sd","14:05:40",10040100
22100,200,2000,"sd","14:05:40",10039900
22100,200,300,"sd","14:05:30",10037900
22100,200,2000,"sd","14:05:20",10037600
22150,250,2000,"bu","14:04:28",10035600
22150,250,1300,"bu","14:04:26",10033600
22150,250,100,"bu","14:04:14",10032300
22150,250,500,"bu","14:04:14",10032200
22150,250,1000,"bu","14:04:14",10031700
22150,250,400,"bu","14:04:14",10030700
22150,250,4600,"bu","14:04:10",10030300
22150,250,200,"bu","14:04:10",10025700
22150,250,10200,"bu","14:04:10",10025500
22150,250,2000,"bu","14:03:54",10015300
22150,250,2000,"bu","14:03:38",10013300
22100,200,600,"sd","14:03:09",10011300
22150,250,4300,"bu","14:03:08",10010700
22100,200,500,"sd","14:02:49",10006400
22100,200,100,"sd","14:02:41",10005900
22100,200,200,"sd","14:02:35",10005800
22100,200,300,"sd","14:02:18",10005600
22100,200,14000,"sd","14:02:14",10005300
22100,200,16000,"sd","14:02:14",9991300
22100,200,500,"sd","14:01:57",9975300
22100,200,300,"sd","14:01:47",9974800
22100,200,200,"sd","14:01:26",9974500
22150,250,3000,"bu","14:01:17",9974300
22150,250,600,"bu","14:01:10",9971300
22100,200,1000,"sd","14:01:09",9970700
22100,200,200,"sd","14:01:06",9969700
22100,200,100,"sd","14:01:06",9969500
22100,200,1000,"sd","14:00:58",9969400
22100,200,200,"sd","14:00:44",9968400
22100,200,500,"sd","14:00:35",9968200
22100,200,2500,"sd","14:00:35",9967700
22100,200,5000,"sd","14:00:34",9965200
22100,200,100,"sd","14:00:04",9960200
22100,200,1700,"sd","14:00:00",9960100
22100,200,600,"sd","13:59:48",9958400
22100,200,100,"sd","13:59:18",9957800
22100,200,100,"sd","13:59:18",9957700
22100,200,100,"sd","13:59:18",9957600
22100,200,2900,"sd","13:59:14",9957500
22100,200,500,"sd","13:59:14",9954600
22100,200,200,"sd","13:59:14",9954100
22100,200,300,"sd","13:59:14",9953900
22100,200,1000,"sd","13:59:14",9953600
22100,200,1000,"sd","13:59:14",9952600
22100,200,500,"sd","13:59:14",9951600
22100,200,200,"sd","13:59:14",9951100
22100,200,200,"sd","13:59:14",9950900
22100,200,200,"sd","13:59:14",9950700
22100,200,1000,"sd","13:59:14",9950500
22100,200,100,"sd","13:59:14",9949500
22100,200,10000,"sd","13:59:14",9949400
22100,200,1900,"sd","13:59:14",9939400
22100,200,3400,"sd","13:59:06",9937500
22100,200,700,"sd","13:58:43",9934100
22100,200,1000,"sd","13:58:32",9933400
22100,200,200,"sd","13:58:23",9932400
22100,200,2800,"sd","13:58:13",9932200
22100,200,100,"sd","13:58:13",9929400
22100,200,2100,"sd","13:58:13",9929300
22150,250,800,"bu","13:58:11",9927200
22150,250,7100,"bu","13:58:03",9926400
22150,250,200,"bu","13:58:03",9919300
22150,250,2700,"bu","13:58:03",9919100
22100,200,200,"sd","13:57:33",9916400
22150,250,300,"bu","13:57:29",9916200
22150,250,1200,"bu","13:57:07",9915900
22150,250,400,"bu","13:56:55",9914700
22150,250,200,"bu","13:56:52",9914300
22150,250,100,"bu","13:55:32",9914100
22100,200,700,"sd","13:55:31",9914000
22100,200,2000,"sd","13:55:31",9913300
22100,200,5000,"sd","13:55:31",9911300
22100,200,500,"sd","13:55:31",9906300
22100,200,500,"sd","13:55:31",9905800
22150,250,100,"bu","13:54:49",9905300
22150,250,500,"bu","13:54:49",9905200
22150,250,900,"bu","13:54:49",9904700
22150,250,100,"bu","13:54:18",9903800
22150,250,900,"bu","13:54:18",9903700
22100,200,3000,"sd","13:54:12",9902800
22100,200,1000,"sd","13:54:12",9899800
22100,200,1000,"sd","13:54:12",9898800
22150,250,3000,"bu","13:54:00",9897800
22100,200,200,"sd","13:53:48",9894800
22150,250,2000,"bu","13:53:26",9894600
22100,200,5000,"sd","13:53:13",9892600
22150,250,19500,"bu","13:53:09",9887600
22150,250,300,"bu","13:53:09",9868100
22150,250,5000,"bu","13:53:09",9867800
22150,250,5000,"bu","13:53:09",9862800
22150,250,1000,"bu","13:53:09",9857800
22150,250,200,"bu","13:53:09",9856800
22100,200,100,"sd","13:52:47",9856600
22150,250,300,"bu","13:52:37",9856500
22150,250,1000,"bu","13:52:37",9856200
22150,250,700,"bu","13:52:37",9855200
22150,250,200,"bu","13:52:33",9854500
22150,250,100,"bu","13:52:30",9854300
22150,250,600,"bu","13:52:24",9854200
22150,250,7400,"bu","13:52:17",9853600
22150,250,5000,"bu","13:52:17",9846200
22150,250,5000,"bu","13:52:17",9841200
22150,250,1700,"bu","13:52:17",9836200
22150,250,100,"bu","13:52:17",9834500
22150,250,200,"bu","13:52:17",9834400
22150,250,2000,"bu","13:52:17",9834200
22150,250,200,"bu","13:52:17",9832200
22150,250,4000,"bu","13:52:17",9832000
22150,250,500,"bu","13:52:17",9828000
22150,250,200,"bu","13:52:17",9827500
22150,250,1000,"bu","13:52:17",9827300
22150,250,3700,"bu","13:52:17",9826300
22150,250,500,"bu","13:52:07",9822600
22150,250,5800,"bu","13:52:02",9822100
22150,250,1100,"bu","13:52:02",9816300
22150,250,200,"bu","13:52:02",9815200
22150,250,1000,"bu","13:52:02",9815000
22150,250,200,"bu","13:52:02",9814000
22150,250,2700,"bu","13:52:02",9813800
22100,200,1800,"sd","13:51:49",9811100
22150,250,10000,"bu","13:51:23",9809300
22150,250,1000,"bu","13:50:58",9799300
22150,250,300,"bu","13:50:51",9798300
22150,250,300,"bu","13:50:41",9798000
22150,250,100,"bu","13:50:22",9797700
22150,250,500,"bu","13:50:07",9797600
22100,200,6900,"sd","13:50:06",9797100
22100,200,500,"sd","13:50:06",9790200
22100,200,2600,"sd","13:50:06",9789700
22100,200,400,"sd","13:49:15",9787100
22100,200,800,"sd","13:49:15",9786700
22150,250,500,"bu","13:49:12",9785900
22150,250,200,"bu","13:49:11",9785400
22150,250,400,"bu","13:48:42",9785200
22100,200,1000,"sd","13:48:38",9784800
22100,200,400,"sd","13:48:09",9783800
22150,250,100,"bu","13:48:04",9783400
22100,200,500,"sd","13:47:56",9783300
22100,200,500,"sd","13:47:11",9782800
22150,250,300,"bu","13:47:10",9782300
22150,250,200,"bu","13:47:04",9782000
22100,200,1000,"sd","13:47:01",9781800
22150,250,33400,"bu","13:46:49",9780800
22150,250,600,"bu","13:46:49",9747400
22150,250,1500,"bu","13:46:49",9746800
22150,250,100,"bu","13:46:49",9745300
22150,250,800,"bu","13:46:49",9745200
22150,250,2400,"bu","13:46:49",9744400
22150,250,1200,"bu","13:46:49",9742000
22100,200,200,"sd","13:46:27",9740800
22100,200,1800,"sd","13:46:27",9740600
22100,200,2600,"sd","13:46:22",9738800
22100,200,400,"sd","13:46:22",9736200
22100,200,1000,"sd","13:46:22",9735800
22100,200,500,"sd","13:46:22",9734800
22100,200,300,"sd","13:46:22",9734300
22100,200,200,"sd","13:46:22",9734000
22100,200,1000,"sd","13:46:22",9733800
22100,200,3000,"sd","13:46:22",9732800
22100,200,1000,"sd","13:46:22",9729800
22150,250,500,"bu","13:46:10",9728800
22150,250,1000,"bu","13:46:07",9728300
22150,250,100,"bu","13:46:07",9727300
22150,250,1900,"bu","13:46:07",9727200
22100,200,200,"sd","13:45:50",9725300
22100,200,1000,"sd","13:45:37",9725100
22100,200,1000,"sd","13:45:37",9724100
22100,200,4000,"sd","13:45:37",9723100
22100,200,500,"sd","13:45:37",9719100
22100,200,100,"sd","13:45:37",9718600
22100,200,3000,"sd","13:45:37",9718500
22100,200,300,"sd","13:45:37",9715500
22100,200,100,"sd","13:45:37",9715200
22100,200,500,"sd","13:44:36",9715100
22100,200,6500,"sd","13:44:34",9714600
22100,200,500,"sd","13:44:34",9708100
22100,200,1000,"sd","13:44:34",9707600
22100,200,500,"sd","13:44:34",9706600
22100,200,200,"sd","13:44:34",9706100
22150,250,500,"bu","13:44:15",9705900
22150,250,2000,"bu","13:44:06",9705400
22150,250,2000,"bu","13:43:59",9703400
22150,250,700,"bu","13:43:37",9701400
22150,250,500,"bu","13:43:01",9700700
22150,250,2400,"bu","13:42:58",9700200
22150,250,500,"bu","13:42:58",9697800
22150,250,500,"bu","13:42:58",9697300
22150,250,100,"bu","13:42:58",9696800
22150,250,5000,"bu","13:42:58",9696700
22150,250,400,"bu","13:42:58",9691700
22150,250,600,"bu","13:42:58",9691300
22150,250,500,"bu","13:42:58",9690700
22150,250,100,"bu","13:42:36",9690200
22150,250,16400,"bu","13:42:19",9690100
22100,200,2000,"sd","13:42:10",9673700
22100,200,100,"sd","13:41:50",9671700
22100,200,100,"sd","13:41:47",9671600
22100,200,500,"sd","13:41:27",9671500
22100,200,200,"sd","13:41:27",9671000
22100,200,300,"sd","13:40:46",9670800
22100,200,300,"sd","13:40:46",9670500
22100,200,700,"sd","13:40:34",9670200
22100,200,1300,"sd","13:40:34",9669500
22100,200,1500,"sd","13:40:32",9668200
22100,200,800,"sd","13:40:32",9666700
22100,200,1000,"sd","13:40:32",9665900
22100,200,2000,"sd","13:40:32",9664900
22100,200,1000,"sd","13:40:32",9662900
22100,200,1000,"sd","13:40:32",9661900
22100,200,10000,"sd","13:40:32",9660900
22100,200,200,"sd","13:40:32",9650900
22100,200,5000,"sd","13:40:32",9650700
22100,200,10000,"sd","13:40:32",9645700
22100,200,3000,"sd","13:40:32",9635700
22100,200,1000,"sd","13:40:32",9632700
22100,200,5000,"sd","13:40:32",9631700
22100,200,100,"sd","13:40:32",9626700
22100,200,2000,"sd","13:40:32",9626600
22100,200,10000,"sd","13:40:32",9624600
22100,200,300,"sd","13:40:32",9614600
22100,200,10000,"sd","13:40:32",9614300
22100,200,3000,"sd","13:40:32",9604300
22100,200,3000,"sd","13:40:32",9601300
22100,200,100,"sd","13:40:32",9598300
22100,200,500,"sd","13:40:32",9598200
22100,200,1000,"sd","13:40:32",9597700
22100,200,500,"sd","13:40:32",9596700
22100,200,115700,"sd","13:40:32",9596200
22100,200,1000,"sd","13:40:21",9480500
22100,200,100,"sd","13:40:20",9479500
22100,200,100,"sd","13:39:54",9479400
22100,200,600,"sd","13:39:38",9479300
22100,200,7500,"sd","13:38:57",9478700
22150,250,200,"bu","13:38:44",9471200
22150,250,500,"bu","13:38:19",9471000
22150,250,600,"bu","13:37:49",9470500
22150,250,200,"bu","13:37:40",9469900
22150,250,100,"bu","13:37:39",9469700
22100,200,2800,"sd","13:37:24",9469600
22150,250,500,"bu","13:37:17",9466800
22100,200,1200,"sd","13:37:14",9466300
22100,200,1000,"sd","13:36:59",9465100
22100,200,1000,"sd","13:36:29",9464100
22100,200,100,"sd","13:36:21",9463100
22100,200,8700,"sd","13:36:19",9463000
22150,250,200,"bu","13:35:32",9454300
22100,200,1000,"sd","13:35:32",9454100
22150,250,7200,"bu","13:35:29",9453100
22150,250,100,"bu","13:35:29",9445900
22150,250,100,"bu","13:35:29",9445800
22150,250,100,"bu","13:35:29",9445700
22150,250,600,"bu","13:35:29",9445600
22150,250,6400,"bu","13:35:29",9445000
22100,200,1000,"sd","13:35:09",9438600
22100,200,7000,"sd","13:34:44",9437600
22100,200,200,"sd","13:33:59",9430600
22150,250,3500,"bu","13:33:54",9430400
22150,250,1000,"bu","13:33:42",9426900
22150,250,100,"bu","13:33:37",9425900
22150,250,200,"bu","13:33:31",9425800
22150,250,500,"bu","13:33:23",9425600
22100,200,30000,"sd","13:33:15",9425100
22150,250,1000,"bu","13:33:12",9395100
22150,250,500,"bu","13:32:52",9394100
22100,200,1000,"sd","13:32:50",9393600
22150,250,700,"bu","13:31:29",9392600
22150,250,10000,"bu","13:31:28",9391900
22100,200,200,"sd","13:31:25",9381900
22100,200,100,"sd","13:31:19",9381700
22100,200,2000,"sd","13:31:18",9381600
22100,200,2000,"sd","13:31:07",9379600
22100,200,1000,"bu","13:31:00",9377600
22100,200,4700,"bu","13:31:00",9376600
22100,200,300,"bu","13:30:53",9371900
22100,200,1000,"bu","13:30:53",9371600
22100,200,700,"bu","13:30:53",9370600
22100,200,200,"bu","13:30:48",9369900
22100,200,100,"bu","13:30:45",9369700
22100,200,300,"bu","13:30:45",9369600
22100,200,900,"bu","13:30:43",9369300
22100,200,100,"bu","13:30:43",9368400
22100,200,1000,"bu","13:30:34",9368300
22100,200,3600,"bu","13:30:30",9367300
22100,200,200,"bu","13:30:30",9363700
22100,200,600,"bu","13:30:30",9363500
22100,200,600,"bu","13:30:30",9362900
22100,200,100,"bu","13:30:25",9362300
22100,200,100,"bu","13:30:20",9362200
22100,200,100,"bu","13:30:10",9362100
22100,200,500,"bu","13:30:05",9362000
22100,200,100,"bu","13:29:52",9361500
22100,200,3000,"bu","13:29:52",9361400
22100,200,100,"bu","13:29:47",9358400
22100,200,2000,"bu","13:29:39",9358300
22100,200,3400,"sd","13:29:20",9356300
22100,200,1000,"sd","13:29:16",9352900
22100,200,600,"sd","13:29:13",9351900
22100,200,100,"sd","13:29:13",9351300
22100,200,500,"sd","13:29:13",9351200
22100,200,300,"sd","13:29:13",9350700
22100,200,8500,"sd","13:29:13",9350400
22100,200,500,"sd","13:29:12",9341900
22100,200,900,"sd","13:29:06",9341400
22100,200,100,"sd","13:28:54",9340500
22100,200,9900,"sd","13:28:54",9340400
22100,200,100,"sd","13:28:43",9330500
22100,200,1300,"sd","13:28:43",9330400
22100,200,1000,"sd","13:28:43",9329100
22100,200,200,"sd","13:28:43",9328100
22100,200,100,"sd","13:28:43",9327900
22100,200,1000,"sd","13:28:43",9327800
22100,200,300,"sd","13:28:43",9326800
22100,200,500,"sd","13:28:43",9326500
22100,200,100,"sd","13:28:43",9326000
22100,200,1400,"sd","13:28:43",9325900
22100,200,100,"sd","13:28:40",9324500
22100,200,200,"sd","13:28:40",9324400
22100,200,100,"sd","13:28:40",9324200
22100,200,1000,"sd","13:28:40",9324100
22100,200,2100,"sd","13:28:40",9323100
22100,200,2900,"sd","13:28:37",9321000
22100,200,1500,"sd","13:28:37",9318100
22100,200,400,"sd","13:28:37",9316600
22100,200,500,"sd","13:28:37",9316200
22100,200,200,"sd","13:28:37",9315700
22100,200,100,"sd","13:28:37",9315500
22100,200,200,"sd","13:28:37",9315400
22100,200,1000,"sd","13:28:37",9315200
22100,200,500,"sd","13:28:37",9314200
22100,200,2700,"sd","13:28:37",9313700
22100,200,7300,"sd","13:28:28",9311000
22100,200,2700,"sd","13:28:28",9303700
22100,200,300,"sd","13:28:22",9301000
22100,200,200,"sd","13:28:22",9300700
22100,200,100,"sd","13:28:22",9300500
22100,200,4000,"sd","13:28:22",9300400
22100,200,100,"sd","13:28:22",9296400
22100,200,5000,"sd","13:28:22",9296300
22100,200,300,"sd","13:28:22",9291300
22100,200,700,"sd","13:28:13",9291000
22100,200,100,"sd","13:28:13",9290300
22100,200,1000,"sd","13:28:13",9290200
22100,200,1200,"sd","13:28:13",9289200
22100,200,800,"sd","13:28:10",9288000
22100,200,500,"sd","13:28:10",9287200
22100,200,4600,"sd","13:28:10",9286700
22100,200,100,"sd","13:28:10",9282100
22100,200,500,"sd","13:28:10",9282000
22100,200,500,"sd","13:28:10",9281500
22100,200,400,"sd","13:28:10",9281000
22100,200,400,"sd","13:28:10",9280600
22100,200,10000,"sd","13:28:10",9280200
22100,200,4000,"sd","13:28:10",9270200
22100,200,2000,"sd","13:28:10",9266200
22100,200,100,"sd","13:28:10",9264200
22100,200,500,"sd","13:28:10",9264100
22100,200,1000,"sd","13:28:10",9263600
22100,200,600,"sd","13:28:10",9262600
22100,200,100,"sd","13:28:10",9262000
22100,200,2000,"sd","13:28:10",9261900
22100,200,300,"sd","13:28:10",9259900
22100,200,100,"sd","13:28:10",9259600
22100,200,11500,"sd","13:28:10",9259500
22150,250,15200,"bu","13:28:07",9248000
22100,200,500,"sd","13:27:59",9232800
22100,200,1000,"sd","13:27:54",9232300
22100,200,300,"sd","13:27:51",9231300
22100,200,1000,"sd","13:27:38",9231000
22100,200,10000,"sd","13:27:37",9230000
22100,200,2000,"sd","13:27:37",9220000
22100,200,100,"sd","13:27:20",9218000
22150,250,1000,"bu","13:27:16",9217900
22100,200,100,"sd","13:27:16",9216900
22100,200,10000,"sd","13:27:09",9216800
22100,200,200,"sd","13:27:04",9206800
22150,250,500,"bu","13:27:03",9206600
22100,200,400,"sd","13:27:00",9206100
22100,200,10000,"sd","13:26:59",9205700
22100,200,7900,"sd","13:26:50",9195700
22100,200,1000,"sd","13:26:50",9187800
22100,200,300,"sd","13:26:50",9186800
22100,200,500,"sd","13:26:50",9186500
22100,200,300,"sd","13:26:50",9186000
22100,200,100,"sd","13:26:45",9185700
22100,200,1600,"sd","13:26:40",9185600
22100,200,500,"sd","13:26:40",9184000
22100,200,1500,"sd","13:26:40",9183500
22100,200,200,"sd","13:26:40",9182000
22100,200,1000,"sd","13:26:40",9181800
22100,200,5200,"sd","13:26:40",9180800
22100,200,3000,"sd","13:26:23",9175600
22100,200,400,"sd","13:26:18",9172600
22100,200,200,"sd","13:26:17",9172200
22100,200,1000,"sd","13:26:03",9172000
22100,200,10000,"sd","13:25:56",9171000
22100,200,200,"sd","13:25:37",9161000
22100,200,100,"sd","13:25:37",9160800
22100,200,200,"sd","13:25:37",9160700
22100,200,10000,"sd","13:25:30",9160500
22100,200,500,"sd","13:25:27",9150500
22100,200,1300,"sd","13:25:21",9150000
22100,200,1000,"sd","13:25:09",9148700
22100,200,10000,"sd","13:25:09",9147700
22100,200,2500,"sd","13:25:03",9137700
22100,200,9500,"sd","13:24:51",9135200
22100,200,500,"sd","13:24:51",9125700
22100,200,1200,"sd","13:24:36",9125200
22100,200,5000,"sd","13:24:36",9124000
22100,200,100,"sd","13:24:36",9119000
22100,200,500,"sd","13:24:36",9118900
22100,200,3200,"sd","13:24:36",9118400
22100,200,300,"sd","13:24:32",9115200
22100,200,5000,"sd","13:24:32",9114900
22100,200,9700,"sd","13:24:32",9109900
22100,200,100,"sd","13:24:17",9100200
22100,200,100,"sd","13:24:13",9100100
22100,200,100,"sd","13:24:08",9100000
22150,250,2800,"bu","13:23:31",9099900
22150,250,100,"bu","13:23:27",9097100
22150,250,20200,"bu","13:23:13",9097000
22100,200,13000,"sd","13:22:51",9076800
22100,200,200,"sd","13:22:45",9063800
22100,200,1000,"sd","13:22:44",9063600
22150,250,500,"bu","13:22:43",9062600
22100,200,300,"sd","13:22:40",9062100
22100,200,10000,"sd","13:22:29",9061800
22100,200,10000,"sd","13:22:27",9051800
22100,200,200,"sd","13:22:24",9041800
22100,200,400,"sd","13:22:11",9041600
22100,200,300,"sd","13:21:52",9041200
22100,200,10000,"sd","13:21:45",9040900
22100,200,500,"sd","13:21:26",9030900
22100,200,2100,"sd","13:21:19",9030400
22100,200,500,"sd","13:21:19",9028300
22100,200,2400,"sd","13:21:19",9027800
22150,250,2000,"bu","13:20:59",9025400
22100,200,2400,"sd","13:20:13",9023400
22100,200,7600,"sd","13:20:13",9021000
22100,200,500,"sd","13:20:11",9013400
22100,200,100,"sd","13:19:48",9012900
22100,200,100,"sd","13:19:48",9012800
22100,200,500,"sd","13:19:48",9012700
22100,200,300,"sd","13:19:48",9012200
22100,200,500,"sd","13:19:48",9011900
22100,200,100,"sd","13:19:48",9011400
22100,200,2000,"sd","13:19:48",9011300
22100,200,500,"sd","13:19:48",9009300
22100,200,500,"sd","13:19:48",9008800
22100,200,400,"sd","13:19:48",9008300
22100,200,100,"sd","13:19:33",9007900
22100,200,100,"sd","13:19:26",9007800
22100,200,100,"sd","13:19:18",9007700
22100,200,200,"sd","13:19:18",9007600
22100,200,500,"sd","13:19:18",9007400
22100,200,2000,"sd","13:19:18",9006900
22100,200,800,"sd","13:19:18",9004900
22100,200,600,"sd","13:19:18",9004100
22100,200,1000,"sd","13:19:18",9003500
22100,200,2000,"sd","13:19:18",9002500
22100,200,200,"sd","13:19:18",9000500
22100,200,500,"sd","13:19:18",9000300
22100,200,1000,"sd","13:19:18",8999800
22100,200,1000,"sd","13:19:18",8998800
22100,200,700,"sd","13:19:18",8997800
22100,200,2000,"sd","13:19:18",8997100
22100,200,200,"sd","13:19:18",8995100
22100,200,100,"sd","13:19:18",8994900
22100,200,1000,"sd","13:19:18",8994800
22100,200,100,"sd","13:19:18",8993800
22100,200,500,"sd","13:19:18",8993700
22100,200,900,"sd","13:19:18",8993200
22150,250,400,"bu","13:19:17",8992300
22100,200,24100,"sd","13:18:57",8991900
22100,200,100,"sd","13:18:57",8967800
22100,200,300,"sd","13:18:57",8967700
22100,200,200,"sd","13:18:57",8967400
22100,200,25300,"sd","13:18:57",8967200
22150,250,100,"bu","13:18:45",8941900
22100,200,500,"sd","13:18:24",8941800
22100,200,600,"sd","13:18:12",8941300
22100,200,300,"sd","13:18:04",8940700
22100,200,2800,"sd","13:17:56",8940400
22100,200,300,"sd","13:17:54",8937600
22100,200,200,"sd","13:17:18",8937300
22100,200,1000,"sd","13:17:04",8937100
22150,250,1000,"bu","13:16:50",8936100
22100,200,19000,"sd","13:16:49",8935100
22100,200,5000,"sd","13:16:49",8916100
22100,200,400,"sd","13:16:49",8911100
22100,200,2500,"sd","13:16:49",8910700
22100,200,5000,"sd","13:16:49",8908200
22100,200,500,"sd","13:16:49",8903200
22100,200,2600,"sd","13:16:49",8902700
22100,200,1000,"sd","13:16:23",8900100
22100,200,500,"sd","13:15:50",8899100
22150,250,1000,"bu","13:15:34",8898600
22100,200,900,"sd","13:15:13",8897600
22100,200,7800,"sd","13:15:13",8896700
22100,200,100,"sd","13:15:05",8888900
22100,200,2100,"sd","13:15:03",8888800
22100,200,3000,"sd","13:15:03",8886700
22100,200,500,"sd","13:15:03",8883700
22100,200,2000,"sd","13:15:03",8883200
22100,200,100,"sd","13:15:03",8881200
22100,200,500,"sd","13:15:03",8881100
22100,200,500,"sd","13:15:03",8880600
22150,250,800,"bu","13:14:48",8880100
22100,200,200,"sd","13:14:45",8879300
22100,200,800,"sd","13:14:45",8879100
22100,200,200,"sd","13:14:36",8878300
22100,200,100,"sd","13:14:36",8878100
22100,200,700,"sd","13:14:36",8878000
22100,200,300,"sd","13:14:27",8877300
22100,200,900,"sd","13:14:09",8877000
22100,200,1000,"sd","13:14:09",8876100
22100,200,1000,"sd","13:14:09",8875100
22100,200,100,"sd","13:14:09",8874100
22100,200,300,"sd","13:14:00",8874000
22100,200,700,"sd","13:14:00",8873700
22100,200,200,"sd","13:13:59",8873000
22100,200,500,"sd","13:13:56",8872800
22100,200,500,"sd","13:13:55",8872300
22100,200,3000,"sd","13:13:46",8871800
22100,200,100,"sd","13:13:41",8868800
22100,200,5000,"sd","13:13:20",8868700
22100,200,8000,"sd","13:13:20",8863700
22100,200,1000,"sd","13:13:18",8855700
22100,200,100,"sd","13:13:17",8854700
22100,200,3000,"sd","13:13:01",8854600
22100,200,100,"sd","13:13:00",8851600
22150,250,21300,"bu","13:13:00",8851500
22150,250,600,"bu","13:13:00",8830200
22150,250,500,"bu","13:13:00",8829600
22150,250,200,"bu","13:13:00",8829100
22150,250,1000,"bu","13:13:00",8828900
22150,250,500,"bu","13:13:00",8827900
22150,250,1000,"bu","13:13:00",8827400
22150,250,400,"bu","13:13:00",8826400
22150,250,3700,"bu","13:13:00",8826000
22150,250,600,"bu","13:13:00",8822300
22150,250,100,"bu","13:13:00",8821700
22150,250,100,"bu","13:13:00",8821600
22100,200,200,"bu","13:12:58",8821500
22100,200,2000,"bu","13:12:58",8821300
22100,200,700,"bu","13:12:58",8819300
22100,200,14900,"bu","13:12:58",8818600
22100,200,3000,"bu","13:12:56",8803700
22100,200,3200,"bu","13:12:55",8800700
22100,200,1000,"bu","13:12:52",8797500
22100,200,1000,"bu","13:12:51",8796500
22100,200,2000,"bu","13:12:50",8795500
22100,200,300,"bu","13:12:49",8793500
22100,200,14000,"bu","13:12:47",8793200
22100,200,500,"bu","13:12:47",8779200
22100,200,100,"bu","13:12:46",8778700
22100,200,5000,"bu","13:12:44",8778600
22100,200,5000,"bu","13:12:44",8773600
22100,200,500,"bu","13:12:44",8768600
22100,200,600,"bu","13:12:44",8768100
22100,200,500,"bu","13:12:44",8767500
22100,200,700,"bu","13:12:44",8767000
22100,200,200,"bu","13:12:44",8766300
22100,200,500,"bu","13:12:42",8766100
22100,200,700,"bu","13:12:40",8765600
22100,200,300,"bu","13:12:40",8764900
22100,200,1000,"bu","13:12:40",8764600
22100,200,500,"bu","13:12:38",8763600
22100,200,3000,"bu","13:12:37",8763100
22100,200,4300,"bu","13:12:37",8760100
22100,200,300,"bu","13:12:37",8755800
22100,200,1700,"bu","13:12:37",8755500
22100,200,100,"bu","13:12:37",8753800
22100,200,1200,"bu","13:12:37",8753700
22100,200,1100,"bu","13:12:37",8752500
22100,200,500,"bu","13:12:37",8751400
22100,200,200,"bu","13:12:37",8750900
22100,200,200,"bu","13:12:37",8750700
22100,200,200,"bu","13:12:34",8750500
22100,200,300,"bu","13:12:33",8750300
22100,200,200,"bu","13:12:33",8750000
22100,200,100,"bu","13:12:33",8749800
22100,200,200,"bu","13:12:31",8749700
22100,200,500,"bu","13:12:31",8749500
22100,200,500,"bu","13:12:31",8749000
22100,200,3800,"bu","13:12:31",8748500
22100,200,20000,"bu","13:12:31",8744700
22100,200,2000,"bu","13:12:31",8724700
22100,200,500,"bu","13:12:29",8722700
22100,200,1000,"bu","13:12:29",8722200
22100,200,5000,"bu","13:12:28",8721200
22100,200,1000,"bu","13:12:27",8716200
22100,200,25000,"bu","13:12:25",8715200
22100,200,3500,"bu","13:12:19",8690200
22100,200,1000,"bu","13:12:17",8686700
22100,200,2000,"bu","13:12:16",8685700
22100,200,4000,"bu","13:12:13",8683700
22100,200,500,"bu","13:12:12",8679700
22100,200,200,"bu","13:12:10",8679200
22100,200,3000,"bu","13:12:09",8679000
22100,200,24500,"bu","13:12:02",8676000
22100,200,300,"bu","13:12:02",8651500
22100,200,200,"bu","13:12:02",8651200
22100,200,8000,"bu","13:12:02",8651000
22100,200,100,"bu","13:11:48",8643000
22100,200,1900,"bu","13:11:44",8642900
22100,200,100,"bu","13:11:44",8641000
22100,200,1000,"bu","13:11:43",8640900
22100,200,3000,"bu","13:11:43",8639900
22100,200,1000,"bu","13:11:41",8636900
22100,200,500,"bu","13:11:34",8635900
22100,200,500,"bu","13:11:30",8635400
22100,200,500,"bu","13:11:28",8634900
22100,200,1000,"bu","13:11:22",8634400
22100,200,10000,"bu","13:11:22",8633400
22100,200,1000,"bu","13:11:20",8623400
22100,200,5000,"bu","13:11:19",8622400
22100,200,800,"bu","13:11:18",8617400
22100,200,3300,"bu","13:11:18",8616600
22100,200,500,"bu","13:11:17",8613300
22050,150,6000,"sd","13:11:17",8612800
22100,200,500,"bu","13:11:16",8606800
22100,200,500,"bu","13:11:13",8606300
22100,200,5000,"bu","13:11:10",8605800
22100,200,1500,"bu","13:11:04",8600800
22050,150,100,"sd","13:10:55",8599300
22050,150,2400,"sd","13:10:28",8599200
22050,150,5900,"sd","13:10:28",8596800
22100,200,1000,"bu","13:10:13",8590900
22050,150,1100,"sd","13:09:57",8589900
22050,150,900,"sd","13:09:57",8588800
22050,150,500,"sd","13:09:38",8587900
22050,150,600,"sd","13:09:32",8587400
22050,150,1000,"sd","13:09:32",8586800
22050,150,2000,"sd","13:09:32",8585800
22050,150,1000,"sd","13:09:32",8583800
22050,150,5400,"sd","13:09:32",8582800
22100,200,800,"bu","13:09:25",8577400
22050,150,2000,"sd","13:09:22",8576600
22100,200,2000,"bu","13:09:10",8574600
22100,200,4000,"bu","13:09:08",8572600
22100,200,3000,"bu","13:08:57",8568600
22100,200,20000,"bu","13:08:55",8565600
22050,150,100,"sd","13:08:50",8545600
22100,200,1000,"bu","13:08:45",8545500
22100,200,500,"bu","13:08:39",8544500
22100,200,300,"bu","13:08:33",8544000
22050,150,400,"sd","13:08:30",8543700
22100,200,6700,"bu","13:08:30",8543300
22100,200,4000,"bu","13:08:26",8536600
22050,150,700,"sd","13:08:07",8532600
22100,200,500,"bu","13:08:05",8531900
22050,150,500,"sd","13:08:02",8531400
22050,150,1000,"sd","13:07:55",8530900
22050,150,4000,"sd","13:07:32",8529900
22100,200,4300,"bu","13:07:26",8525900
22100,200,2400,"bu","13:07:16",8521600
22100,200,3900,"bu","13:06:51",8519200
22100,200,400,"bu","13:06:51",8515300
22100,200,500,"bu","13:06:17",8514900
22100,200,800,"bu","13:06:16",8514400
22100,200,3500,"bu","13:06:16",8513600
22100,200,1000,"bu","13:06:10",8510100
22100,200,100,"bu","13:05:54",8509100
22050,150,1000,"sd","13:05:48",8509000
22050,150,100,"sd","13:05:02",8508000
22050,150,100,"sd","13:04:54",8507900
22050,150,600,"sd","13:04:50",8507800
22050,150,100,"sd","13:04:47",8507200
22050,150,300,"sd","13:04:41",8507100
22050,150,10000,"sd","13:04:41",8506800
22050,150,500,"sd","13:04:31",8496800
22050,150,300,"sd","13:03:55",8496300
22050,150,200,"sd","13:03:54",8496000
22050,150,100,"sd","13:03:27",8495800
22050,150,2000,"sd","13:03:19",8495700
22050,150,600,"sd","13:02:50",8493700
22050,150,100,"sd","13:02:42",8493100
22100,200,100,"bu","13:02:42",8493000
22100,200,4500,"bu","13:02:31",8492900
22100,200,45500,"bu","13:02:31",8488400
22100,200,700,"bu","13:02:27",8442900
22050,150,100,"sd","13:02:21",8442200
22100,200,200,"bu","13:02:20",8442100
22100,200,3300,"bu","13:02:16",8441900
22100,200,10000,"bu","13:01:46",8438600
22100,200,200,"bu","13:01:43",8428600
22100,200,100,"bu","13:01:39",8428400
22100,200,100,"sd","13:01:38",8428300
22100,200,200,"sd","13:01:38",8428200
22100,200,3000,"sd","13:01:38",8428000
22100,200,2000,"sd","13:01:38",8425000
22100,200,20000,"sd","13:01:38",8423000
22100,200,100,"sd","13:01:38",8403000
22100,200,200,"sd","13:01:38",8402900
22100,200,100,"sd","13:01:38",8402700
22100,200,5000,"sd","13:01:38",8402600
22100,200,4000,"sd","13:01:38",8397600
22100,200,1000,"sd","13:01:38",8393600
22100,200,4300,"sd","13:01:38",8392600
22150,250,300,"bu","13:01:13",8388300
22100,200,700,"sd","13:01:01",8388000
22100,200,100,"sd","13:01:01",8387300
22100,200,100,"sd","13:00:45",8387200
22100,200,2000,"sd","13:00:40",8387100
22100,200,300,"sd","13:00:30",8385100
22150,250,200,"bu","13:00:27",8384800
22150,250,1400,"bu","13:00:27",8384600
22150,250,1000,"bu","13:00:26",8383200
22150,250,100,"bu","13:00:26",8382200
22150,250,200,"bu","13:00:26",8382100
22150,250,8500,"bu","13:00:26",8381900
22150,250,200,"bu","13:00:17",8373400
22100,200,100,"sd","13:00:11",8373200
22150,250,100,"bu","13:00:07",8373100
22150,250,300,"bu","13:00:05",8373000
22100,200,1500,"sd","13:00:03",8372700
22100,200,300,"sd","13:00:02",8371200
22100,200,1000,"sd","13:00:02",8370900
22150,250,100,"bu","13:00:01",8369900
22150,250,500,"bu","13:00:01",8369800
22100,200,5000,"sd","13:00:00",8369300
22150,250,1200,"bu","13:00:00",8364300
22150,250,3900,"bu","13:00:00",8363100
22100,200,100,"sd","13:00:00",8359200
22150,250,600,"bu","13:00:00",8359100
22100,200,200,"sd","13:00:00",8358500
22100,200,100,"sd","13:00:00",8358300
22100,200,100,"sd","13:00:00",8358200
22100,200,800,"sd","13:00:00",8358100
22100,200,100,"sd","13:00:00",8357300
22100,200,1900,"sd","13:00:00",8357200
22100,200,89500,"sd","13:00:00",8355300
22100,200,900,"sd","13:00:00",8265800
22100,200,19400,"sd","13:00:00",8264900
22100,200,1000,"sd","13:00:00",8245500
22100,200,400,"sd","13:00:00",8244500
22100,200,100,"sd","12:59:59",8244100
22100,200,1300,"sd","12:59:59",8244000
22100,200,1900,"sd","12:59:59",8242700
22100,200,400,"sd","12:59:59",8240800
22100,200,500,"sd","12:59:59",8240400
22100,200,200,"sd","12:59:59",8239900
22100,200,500,"sd","12:59:59",8239700
22100,200,13600,"sd","12:59:59",8239200
22100,200,2700,"sd","12:59:59",8225600
22100,200,8800,"sd","12:59:59",8222900
22100,200,10000,"sd","12:59:59",8214100
22100,200,500,"sd","12:59:59",8204100
22150,250,100,"bu","12:59:59",8203600
22150,250,100,"bu","11:29:22",8203500
22150,250,200,"bu","11:28:59",8203400
22150,250,1000,"bu","11:27:54",8203200
22150,250,600,"bu","11:27:45",8202200
22150,250,600,"bu","11:27:13",8201600
22150,250,100,"bu","11:27:13",8201000
22150,250,1000,"bu","11:27:13",8200900
22150,250,1300,"bu","11:27:13",8199900
22150,250,100,"bu","11:27:05",8198600
22150,250,100,"bu","11:26:56",8198500
22150,250,5000,"bu","11:26:40",8198400
22150,250,4000,"bu","11:26:16",8193400
22100,200,400,"sd","11:25:32",8189400
22150,250,100,"bu","11:25:30",8189000
22100,200,100,"sd","11:25:07",8188900
22100,200,11000,"sd","11:24:39",8188800
22100,200,2000,"sd","11:24:22",8177800
22150,250,100,"bu","11:22:48",8175800
22150,250,1000,"bu","11:22:32",8175700
22150,250,1000,"bu","11:22:18",8174700
22100,200,2200,"sd","11:21:46",8173700
22100,200,100,"sd","11:21:46",8171500
22100,200,200,"sd","11:21:37",8171400
22100,200,500,"sd","11:21:37",8171200
22100,200,600,"sd","11:21:37",8170700
22100,200,200,"sd","11:21:37",8170100
22100,200,10000,"sd","11:21:37",8169900
22100,200,100,"sd","11:21:37",8159900
22100,200,500,"sd","11:21:37",8159800
22100,200,500,"sd","11:21:37",8159300
22100,200,10000,"sd","11:21:37",8158800
22100,200,200,"sd","11:21:37",8148800
22100,200,100,"sd","11:21:37",8148600
22100,200,200,"sd","11:21:37",8148500
22100,200,10000,"sd","11:21:37",8148300
22100,200,900,"sd","11:21:37",8138300
22100,200,1000,"sd","11:21:37",8137400
22150,250,1000,"bu","11:21:19",8136400
22150,250,100,"bu","11:20:48",8135400
22150,250,5000,"bu","11:19:32",8135300
22100,200,1000,"sd","11:19:08",8130300
22100,200,100,"sd","11:19:08",8129300
22100,200,1000,"sd","11:19:08",8129200
22100,200,500,"sd","11:19:08",8128200
22100,200,1000,"sd","11:19:08",8127700
22100,200,500,"sd","11:19:08",8126700
22100,200,1000,"sd","11:19:08",8126200
22100,200,5900,"sd","11:19:08",8125200
22150,250,100,"bu","11:18:18",8119300
22100,200,4100,"sd","11:17:59",8119200
22100,200,100,"sd","11:17:59",8115100
22100,200,200,"sd","11:17:59",8115000
22100,200,2000,"sd","11:17:59",8114800
22100,200,200,"sd","11:17:59",8112800
22100,200,10000,"sd","11:17:59",8112600
22100,200,200,"sd","11:17:59",8102600
22100,200,1500,"sd","11:17:59",8102400
22100,200,100,"sd","11:17:59",8100900
22100,200,10000,"sd","11:17:59",8100800
22100,200,4000,"sd","11:17:59",8090800
22100,200,400,"sd","11:17:59",8086800
22100,200,300,"sd","11:17:59",8086400
22100,200,1000,"sd","11:17:59",8086100
22100,200,25000,"sd","11:17:59",8085100
22100,200,20900,"sd","11:17:59",8060100
22150,250,1100,"bu","11:16:59",8039200
22150,250,200,"bu","11:16:51",8038100
22150,250,1000,"bu","11:16:29",8037900
22100,200,100,"sd","11:15:58",8036900
22150,250,10000,"bu","11:15:45",8036800
22150,250,1000,"bu","11:14:34",8026800
22150,250,100,"sd","11:14:29",8025800
22150,250,100,"sd","11:14:29",8025700
22150,250,200,"sd","11:14:11",8025600
22150,250,100,"sd","11:14:11",8025400
22150,250,200,"sd","11:14:11",8025300
22150,250,1000,"sd","11:14:11",8025100
22150,250,2000,"sd","11:14:11",8024100
22150,250,600,"sd","11:14:11",8022100
22150,250,1900,"sd","11:14:11",8021500
22150,250,100,"sd","11:14:03",8019600
22150,250,1000,"sd","11:13:52",8019500
22150,250,1000,"sd","11:13:52",8018500
22150,250,500,"sd","11:13:33",8017500
22150,250,100,"sd","11:13:32",8017000
22150,250,100,"sd","11:12:47",8016900
22150,250,200,"sd","11:12:36",8016800
22150,250,300,"sd","11:12:34",8016600
22150,250,2000,"sd","11:11:24",8016300
22150,250,500,"bu","11:10:46",8014300
22150,250,5300,"bu","11:10:46",8013800
22100,200,200,"sd","11:10:34",8008500
22150,250,9000,"bu","11:10:07",8008300
22150,250,500,"sd","11:09:52",7999300
22150,250,10000,"sd","11:09:52",7998800
22150,250,2000,"sd","11:09:52",7988800
22150,250,3000,"sd","11:09:52",7986800
22150,250,200,"sd","11:09:52",7983800
22150,250,500,"sd","11:09:50",7983600
22150,250,200,"bu","11:08:56",7983100
22150,250,100,"bu","11:08:56",7982900
22150,250,200,"bu","11:08:19",7982800
22150,250,300,"bu","11:08:19",7982600
22150,250,400,"sd","11:07:54",7982300
22150,250,100,"sd","11:07:39",7981900
22100,200,100,"sd","11:06:54",7981800
22200,300,300,"bu","11:06:40",7981700
22200,300,1000,"bu","11:06:40",7981400
22200,300,48200,"bu","11:06:40",7980400
22150,250,200,"bu","11:06:40",7932200
22150,250,200,"bu","11:06:40",7932000
22150,250,100,"bu","11:06:40",7931800
22100,200,100,"sd","11:06:05",7931700
22100,200,500,"sd","11:05:34",7931600
22150,250,10000,"bu","11:05:27",7931100
22100,200,500,"sd","11:04:47",7921100
22100,200,7600,"sd","11:03:54",7920600
22100,200,2300,"sd","11:03:54",7913000
22150,250,200,"sd","11:03:54",7910700
22150,250,900,"sd","11:03:54",7910500
22150,250,2000,"sd","11:03:50",7909600
22150,250,1000,"sd","11:03:16",7907600
22150,250,2000,"sd","11:03:08",7906600
22150,250,100,"sd","11:03:02",7904600
22150,250,100,"sd","11:02:50",7904500
22150,250,1000,"sd","11:02:42",7904400
22150,250,1000,"bu","11:02:36",7903400
22150,250,1000,"bu","11:02:36",7902400
22150,250,900,"bu","11:02:36",7901400
22150,250,1000,"bu","11:02:27",7900500
22150,250,2000,"bu","11:01:55",7899500
22150,250,200,"sd","11:01:55",7897500
22100,200,2700,"sd","11:01:48",7897300
22100,200,5000,"sd","11:01:48",7894600
22100,200,3300,"sd","11:01:48",7889600
22150,250,500,"sd","11:01:41",7886300
22150,250,200,"bu","11:01:15",7885800
22150,250,2500,"bu","11:01:15",7885600
22150,250,500,"bu","11:01:15",7883100
22150,250,500,"bu","11:01:15",7882600
22150,250,1000,"bu","11:01:15",7882100
22150,250,1000,"bu","11:01:15",7881100
22150,250,1000,"bu","11:01:15",7880100
22150,250,2000,"bu","11:01:15",7879100
22150,250,100,"bu","11:01:15",7877100
22150,250,200,"bu","11:01:15",7877000
22150,250,1000,"bu","11:01:15",7876800
22150,250,100,"bu","11:01:13",7875800
22150,250,700,"bu","11:01:13",7875700
22150,250,1200,"bu","11:01:13",7875000
22150,250,500,"bu","11:01:09",7873800
22150,250,1000,"bu","11:01:04",7873300
22150,250,5000,"bu","11:00:54",7872300
22150,250,5000,"bu","11:00:36",7867300
22100,200,200,"sd","11:00:19",7862300
22150,250,100,"bu","11:00:12",7862100
22150,250,100,"bu","10:59:32",7862000
22150,250,100,"bu","10:59:29",7861900
22100,200,100,"sd","10:59:24",7861800
22100,200,700,"sd","10:59:19",7861700
22150,250,500,"bu","10:58:25",7861000
22150,250,600,"bu","10:58:24",7860500
22150,250,20000,"bu","10:58:15",7859900
22150,250,100,"bu","10:58:13",7839900
22150,250,200,"bu","10:58:11",7839800
22150,250,2000,"bu","10:57:41",7839600
22100,200,2000,"sd","10:57:34",7837600
22100,200,500,"sd","10:57:19",7835600
22150,250,43600,"bu","10:57:19",7835100
22150,250,6400,"bu","10:57:19",7791500
22100,200,200,"sd","10:55:33",7785100
22100,200,200,"sd","10:55:26",7784900
22150,250,2000,"bu","10:55:21",7784700
22150,250,1000,"bu","10:55:09",7782700
22150,250,900,"sd","10:54:49",7781700
22150,250,50000,"sd","10:54:49",7780800
22150,250,200,"sd","10:54:49",7730800
22150,250,100,"sd","10:54:49",7730600
22150,250,39400,"sd","10:54:49",7730500
22150,250,500,"sd","10:54:08",7691100
22150,250,5000,"sd","10:53:54",7690600
22150,250,800,"sd","10:53:34",7685600
22150,250,400,"sd","10:53:26",7684800
22150,250,6000,"bu","10:53:21",7684400
22150,250,5000,"bu","10:53:21",7678400
22150,250,500,"bu","10:53:21",7673400
22150,250,100,"bu","10:53:21",7672900
22150,250,300,"bu","10:53:21",7672800
22100,200,600,"sd","10:53:13",7672500
22100,200,2200,"sd","10:53:01",7671900
22100,200,500,"sd","10:53:01",7669700
22100,200,2000,"sd","10:53:01",7669200
22100,200,1000,"sd","10:53:01",7667200
22100,200,10000,"sd","10:53:01",7666200
22100,200,2300,"sd","10:53:01",7656200
22150,250,200,"bu","10:52:40",7653900
22150,250,1800,"bu","10:52:40",7653700
22150,250,500,"bu","10:52:38",7651900
22150,250,200,"sd","10:52:03",7651400
22150,250,100,"sd","10:52:03",7651200
22150,250,500,"sd","10:52:02",7651100
22150,250,400,"bu","10:51:41",7650600
22150,250,10000,"sd","10:51:36",7650200
22150,250,1000,"sd","10:51:36",7640200
22150,250,1000,"sd","10:51:36",7639200
22150,250,4100,"sd","10:51:36",7638200
22150,250,2000,"sd","10:51:36",7634100
22150,250,1200,"sd","10:51:36",7632100
22150,250,300,"sd","10:51:36",7630900
22150,250,100,"sd","10:51:36",7630600
22150,250,100,"sd","10:51:36",7630500
22150,250,10000,"sd","10:51:36",7630400
22150,250,500,"sd","10:51:36",7620400
22150,250,5000,"sd","10:51:36",7619900
22150,250,500,"sd","10:51:36",7614900
22150,250,5800,"sd","10:51:36",7614400
22150,250,10000,"sd","10:51:24",7608600
22150,250,200,"sd","10:51:14",7598600
22150,250,9000,"sd","10:51:13",7598400
22150,250,4000,"sd","10:51:12",7589400
22150,250,500,"sd","10:51:11",7585400
22150,250,100,"sd","10:51:11",7584900
22150,250,400,"sd","10:51:11",7584800
22150,250,100,"sd","10:51:05",7584400
22150,250,400,"sd","10:50:50",7584300
22150,250,1100,"sd","10:50:34",7583900
22150,250,8900,"sd","10:50:34",7582800
22150,250,300,"sd","10:50:30",7573900
22150,250,2000,"sd","10:50:11",7573600
22150,250,600,"sd","10:50:09",7571600
22150,250,4600,"sd","10:50:01",7571000
22150,250,500,"sd","10:49:37",7566400
22200,300,5000,"bu","10:49:35",7565900
22200,300,200,"bu","10:49:13",7560900
22150,250,200,"sd","10:49:12",7560700
22150,250,1000,"sd","10:48:52",7560500
22150,250,100,"sd","10:48:48",7559500
22150,250,1000,"sd","10:48:26",7559400
22150,250,4000,"sd","10:48:16",7558400
22150,250,1000,"sd","10:47:44",7554400
22150,250,1700,"sd","10:47:38",7553400
22150,250,1000,"bu","10:47:36",7551700
22150,250,1000,"bu","10:47:36",7550700
22150,250,2000,"bu","10:47:36",7549700
22150,250,1000,"bu","10:47:36",7547700
22150,250,2000,"bu","10:47:36",7546700
22150,250,100,"bu","10:47:36",7544700
22150,250,5000,"bu","10:47:36",7544600
22150,250,3000,"bu","10:47:36",7539600
22150,250,100,"bu","10:47:36",7536600
22150,250,200,"bu","10:47:36",7536500
22150,250,600,"bu","10:47:36",7536300
22150,250,1200,"bu","10:47:36",7535700
22150,250,5000,"bu","10:47:36",7534500
22150,250,1900,"bu","10:47:36",7529500
22150,250,4100,"bu","10:47:36",7527600
22150,250,3000,"bu","10:47:32",7523500
22150,250,3000,"bu","10:47:29",7520500
22150,250,2000,"bu","10:47:27",7517500
22150,250,16000,"bu","10:47:20",7515500
22150,250,5000,"bu","10:47:14",7499500
22150,250,15000,"bu","10:47:11",7494500
22150,250,2000,"bu","10:47:11",7479500
22150,250,50000,"bu","10:47:11",7477500
22150,250,100,"bu","10:47:11",7427500
22150,250,500,"bu","10:47:11",7427400
22150,250,400,"bu","10:47:11",7426900
22150,250,1000,"bu","10:47:11",7426500
22150,250,500,"bu","10:47:11",7425500
22150,250,500,"bu","10:47:11",7425000
22100,200,1000,"sd","10:47:06",7424500
22100,200,200,"sd","10:46:58",7423500
22100,200,500,"sd","10:46:58",7423300
22150,250,5000,"bu","10:46:23",7422800
22150,250,1000,"bu","10:46:11",7417800
22150,250,1000,"bu","10:45:55",7416800
22150,250,2000,"bu","10:45:25",7415800
22100,200,500,"sd","10:44:41",7413800
22100,200,100,"bu","10:44:25",7413300
22100,200,100,"bu","10:44:25",7413200
22100,200,10000,"bu","10:44:25",7413100
22100,200,3000,"bu","10:44:25",7403100
22100,200,1000,"bu","10:44:25",7400100
22100,200,1300,"bu","10:44:25",7399100
22100,200,100,"bu","10:44:20",7397800
22100,200,1600,"bu","10:44:15",7397700
22100,200,200,"bu","10:44:15",7396100
22100,200,3200,"bu","10:44:15",7395900
22100,200,1000,"bu","10:44:12",7392700
22100,200,1000,"bu","10:44:02",7391700
22100,200,1600,"bu","10:44:00",7390700
22100,200,2000,"bu","10:43:51",7389100
22100,200,100,"bu","10:43:49",7387100
22100,200,2000,"bu","10:43:18",7387000
22100,200,5000,"bu","10:43:10",7385000
22100,200,10000,"bu","10:43:06",7380000
22100,200,500,"bu","10:43:01",7370000
22100,200,10000,"bu","10:43:00",7369500
22050,150,100,"sd","10:42:58",7359500
22100,200,2500,"bu","10:42:52",7359400
22100,200,100,"bu","10:42:46",7356900
22100,200,11000,"bu","10:42:42",7356800
22100,200,1000,"bu","10:42:42",7345800
22100,200,100,"bu","10:42:42",7344800
22100,200,200,"bu","10:42:42",7344700
22100,200,100,"bu","10:42:42",7344500
22100,200,200,"bu","10:42:42",7344400
22100,200,1700,"bu","10:42:42",7344200
22100,200,3000,"bu","10:42:42",7342500
22100,200,1000,"bu","10:42:42",7339500
22100,200,4600,"bu","10:42:42",7338500
22100,200,1000,"bu","10:42:42",7333900
22100,200,1100,"bu","10:42:42",7332900
22100,200,900,"bu","10:42:42",7331800
22100,200,2500,"bu","10:42:38",7330900
22100,200,200,"bu","10:42:37",7328400
22100,200,45300,"bu","10:42:25",7328200
22100,200,500,"bu","10:42:25",7282900
22100,200,200,"bu","10:42:25",7282400
22100,200,1500,"bu","10:42:25",7282200
22100,200,2500,"bu","10:42:25",7280700
22100,200,10000,"bu","10:42:12",7278200
22100,200,5000,"bu","10:42:10",7268200
22100,200,200,"bu","10:42:06",7263200
22100,200,1000,"bu","10:42:00",7263000
22100,200,1000,"bu","10:41:34",7262000
22050,150,600,"sd","10:41:06",7261000
22050,150,500,"sd","10:41:06",7260400
22050,150,900,"sd","10:41:06",7259900
22100,200,300,"bu","10:41:02",7259000
22100,200,500,"bu","10:41:02",7258700
22100,200,200,"bu","10:41:02",7258200
22100,200,700,"bu","10:40:53",7258000
22100,200,100,"bu","10:40:48",7257300
22050,150,100,"sd","10:40:43",7257200
22050,150,400,"sd","10:40:43",7257100
22100,200,100,"bu","10:40:06",7256700
22100,200,200,"bu","10:40:00",7256600
22100,200,100,"bu","10:40:00",7256400
22100,200,400,"bu","10:39:38",7256300
22050,150,200,"sd","10:39:16",7255900
22100,200,100,"bu","10:39:00",7255700
22100,200,1000,"bu","10:38:48",7255600
22100,200,3000,"sd","10:38:32",7254600
22100,200,1000,"sd","10:38:19",7251600
22100,200,5000,"sd","10:38:19",7250600
22100,200,500,"bu","10:38:11",7245600
22100,200,100,"bu","10:38:11",7245100
22050,150,400,"sd","10:38:07",7245000
22100,200,100,"sd","10:37:56",7244600
22100,200,800,"sd","10:37:56",7244500
22100,200,2000,"sd","10:37:54",7243700
22100,200,200,"sd","10:37:54",7241700
22100,200,4000,"sd","10:37:48",7241500
22100,200,100,"sd","10:37:43",7237500
22100,200,3000,"sd","10:37:41",7237400
22100,200,4400,"sd","10:37:41",7234400
22100,200,1000,"sd","10:37:40",7230000
22100,200,400,"sd","10:37:36",7229000
22100,200,100,"sd","10:37:36",7228600
22100,200,200,"sd","10:37:36",7228500
22100,200,1000,"sd","10:37:36",7228300
22100,200,100,"sd","10:37:36",7227300
22100,200,1000,"sd","10:37:36",7227200
22100,200,100,"sd","10:37:36",7226200
22100,200,500,"sd","10:37:36",7226100
22100,200,500,"sd","10:37:36",7225600
22100,200,1600,"sd","10:37:36",7225100
22100,200,4500,"sd","10:37:36",7223500
22100,200,300,"sd","10:37:29",7219000
22100,200,3000,"sd","10:37:18",7218700
22100,200,1200,"sd","10:37:08",7215700
22100,200,300,"sd","10:36:53",7214500
22150,250,100,"bu","10:36:48",7214200
22100,200,3600,"sd","10:36:48",7214100
22100,200,10000,"sd","10:36:48",7210500
22100,200,1400,"sd","10:36:48",7200500
22100,200,500,"sd","10:36:46",7199100
22100,200,100,"sd","10:36:37",7198600
22100,200,500,"sd","10:36:37",7198500
22100,200,1000,"sd","10:36:37",7198000
22100,200,100,"sd","10:36:37",7197000
22100,200,300,"sd","10:36:37",7196900
22100,200,100,"sd","10:35:47",7196600
22100,200,100,"sd","10:35:44",7196500
22100,200,500,"sd","10:35:29",7196400
22100,200,100,"sd","10:35:29",7195900
22100,200,100,"sd","10:35:29",7195800
22100,200,300,"sd","10:35:29",7195700
22100,200,1000,"sd","10:35:25",7195400
22100,200,2000,"sd","10:35:24",7194400
22100,200,15000,"sd","10:35:05",7192400
22100,200,5000,"sd","10:35:03",7177400
22100,200,2000,"bu","10:34:44",7172400
22100,200,4700,"bu","10:34:44",7170400
22100,200,400,"bu","10:34:40",7165700
22100,200,9900,"sd","10:34:36",7165300
22100,200,100,"bu","10:34:35",7155400
22100,200,500,"bu","10:34:35",7155300
22100,200,3000,"bu","10:34:35",7154800
22100,200,100,"bu","10:34:35",7151800
22100,200,200,"bu","10:34:35",7151700
22100,200,200,"bu","10:34:35",7151500
22100,200,200,"bu","10:34:35",7151300
22100,200,24000,"bu","10:34:35",7151100
22100,200,11800,"bu","10:34:35",7127100
22100,200,100,"bu","10:34:28",7115300
22100,200,13100,"bu","10:34:21",7115200
22100,200,6900,"bu","10:34:21",7102100
22100,200,100,"bu","10:34:09",7095200
22100,200,200,"bu","10:34:00",7095100
22100,200,1000,"bu","10:33:29",7094900
22100,200,1000,"bu","10:33:28",7093900
22100,200,2000,"bu","10:33:28",7092900
22100,200,100,"bu","10:33:28",7090900
22100,200,100,"bu","10:33:28",7090800
22100,200,100,"bu","10:33:28",7090700
22100,200,600,"unknown","10:33:28",7090600
22100,200,100,"sd","10:33:28",7090000
22100,200,100,"sd","10:33:28",7089900
22100,200,300,"sd","10:33:28",7089800
22100,200,2900,"sd","10:33:28",7089500
22100,200,6400,"sd","10:33:28",7086600
22100,200,1000,"sd","10:33:28",7080200
22100,200,100,"sd","10:33:28",7079200
22100,200,1000,"sd","10:33:28",7079100
22100,200,1000,"sd","10:33:28",7078100
22100,200,300,"sd","10:33:14",7077100
22100,200,500,"sd","10:33:10",7076800
22100,200,2800,"sd","10:33:10",7076300
22100,200,300,"sd","10:33:10",7073500
22100,200,100,"sd","10:33:10",7073200
22100,200,100,"sd","10:33:10",7073100
22100,200,200,"sd","10:33:10",7073000
22100,200,3900,"sd","10:33:10",7072800
22100,200,300,"sd","10:33:10",7068900
22100,200,300,"sd","10:33:10",7068600
22100,200,1000,"sd","10:33:10",7068300
22100,200,100,"sd","10:33:10",7067300
22100,200,10000,"sd","10:33:10",7067200
22100,200,1000,"sd","10:33:10",7057200
22100,200,300,"sd","10:33:10",7056200
22100,200,300,"sd","10:33:10",7055900
22100,200,200,"sd","10:33:10",7055600
22100,200,200,"sd","10:33:10",7055400
22100,200,9000,"sd","10:33:10",7055200
22100,200,1000,"sd","10:33:10",7046200
22100,200,400,"sd","10:33:10",7045200
22100,200,2000,"sd","10:33:10",7044800
22100,200,1000,"sd","10:33:10",7042800
22100,200,10000,"sd","10:33:10",7041800
22100,200,300,"sd","10:33:10",7031800
22100,200,200,"sd","10:33:10",7031500
22100,200,300,"sd","10:33:10",7031300
22100,200,2000,"sd","10:33:10",7031000
22100,200,100,"sd","10:33:10",7029000
22100,200,1000,"sd","10:33:10",7028900
22100,200,1000,"sd","10:33:10",7027900
22100,200,500,"sd","10:33:10",7026900
22100,200,100,"sd","10:33:10",7026400
22100,200,20000,"sd","10:33:10",7026300
22100,200,1000,"sd","10:33:10",7006300
22100,200,1000,"sd","10:33:10",7005300
22100,200,1000,"sd","10:33:10",7004300
22100,200,10000,"sd","10:33:10",7003300
22100,200,100,"sd","10:33:10",6993300
22100,200,300,"sd","10:33:10",6993200
22100,200,100,"sd","10:33:10",6992900
22100,200,500,"sd","10:33:10",6992800
22100,200,500,"sd","10:33:10",6992300
22100,200,400,"sd","10:33:10",6991800
22100,200,500,"sd","10:33:10",6991400
22100,200,300,"sd","10:33:10",6990900
22100,200,100,"sd","10:33:10",6990600
22100,200,200,"sd","10:33:10",6990500
22100,200,300,"sd","10:33:10",6990300
22100,200,10000,"sd","10:33:10",6990000
22100,200,10000,"sd","10:33:10",6980000
22100,200,500,"sd","10:33:10",6970000
22100,200,100,"sd","10:33:10",6969500
22100,200,300,"sd","10:33:10",6969400
22100,200,5000,"sd","10:33:10",6969100
22100,200,10000,"sd","10:33:10",6964100
22100,200,100,"sd","10:33:10",6954100
22100,200,15500,"sd","10:33:10",6954000
22100,200,200,"sd","10:33:10",6938500
22100,200,10000,"sd","10:33:10",6938300
22100,200,2000,"sd","10:33:10",6928300
22100,200,200,"sd","10:33:02",6926300
22100,200,1000,"sd","10:32:29",6926100
22100,200,4000,"sd","10:32:29",6925100
22150,250,200,"bu","10:32:24",6921100
22150,250,6800,"bu","10:32:22",6920900
22150,250,20000,"bu","10:32:02",6914100
22150,250,400,"bu","10:31:35",6894100
22100,200,9300,"sd","10:31:35",6893700
22100,200,1000,"sd","10:31:35",6884400
22100,200,10000,"sd","10:31:35",6883400
22100,200,700,"sd","10:31:35",6873400
22100,200,300,"sd","10:31:35",6872700
22100,200,10700,"sd","10:31:35",6872400
22100,200,100,"sd","10:31:35",6861700
22100,200,1000,"sd","10:31:35",6861600
22100,200,100,"sd","10:31:35",6860600
22100,200,5200,"sd","10:31:35",6860500
22100,200,47300,"sd","10:31:35",6855300
22100,200,10000,"sd","10:31:35",6808000
22100,200,100,"sd","10:31:35",6798000
22100,200,2000,"sd","10:31:35",6797900
22100,200,2000,"sd","10:31:35",6795900
22100,200,200,"sd","10:31:35",6793900
22100,200,700,"sd","10:31:30",6793700
22100,200,2000,"sd","10:31:09",6793000
22150,250,500,"bu","10:31:09",6791000
22100,200,100,"sd","10:31:01",6790500
22100,200,400,"sd","10:30:56",6790400
22100,200,100,"sd","10:30:51",6790000
22100,200,500,"sd","10:30:33",6789900
22100,200,100,"sd","10:30:27",6789400
22150,250,200,"bu","10:30:14",6789300
22150,250,1000,"bu","10:30:13",6789100
22150,250,100,"bu","10:30:12",6788100
22150,250,500,"bu","10:29:27",6788000
22150,250,5000,"bu","10:29:24",6787500
22150,250,100,"bu","10:29:05",6782500
22150,250,1000,"bu","10:28:36",6782400
22150,250,5000,"bu","10:28:33",6781400
22150,250,100,"sd","10:28:28",6776400
22150,250,500,"sd","10:28:24",6776300
22200,300,100,"bu","10:28:16",6775800
22150,250,300,"sd","10:28:15",6775700
22150,250,9100,"bu","10:27:59",6775400
22150,250,900,"sd","10:27:51",6766300
22200,300,500,"bu","10:27:47",6765400
22150,250,100,"sd","10:27:38",6764900
22150,250,200,"sd","10:27:35",6764800
22150,250,1000,"sd","10:27:35",6764600
22150,250,1200,"sd","10:27:35",6763600
22150,250,500,"sd","10:27:35",6762400
22150,250,100,"sd","10:27:35",6761900
22150,250,5000,"sd","10:27:29",6761800
22150,250,400,"sd","10:27:25",6756800
22200,300,800,"bu","10:27:14",6756400
22150,250,100,"sd","10:27:04",6755600
22150,250,500,"bu","10:26:58",6755500
22150,250,1000,"bu","10:26:58",6755000
22150,250,300,"bu","10:26:58",6754000
22150,250,100,"bu","10:26:58",6753700
22150,250,500,"bu","10:26:58",6753600
22150,250,3000,"bu","10:26:58",6753100
22150,250,5000,"bu","10:26:58",6750100
22150,250,1000,"bu","10:26:58",6745100
22150,250,3000,"bu","10:26:58",6744100
22100,200,400,"sd","10:26:48",6741100
22100,200,1000,"sd","10:25:56",6740700
22150,250,100,"bu","10:25:52",6739700
22150,250,100,"bu","10:25:41",6739600
22150,250,1000,"bu","10:25:37",6739500
22150,250,1000,"bu","10:25:27",6738500
22100,200,9700,"sd","10:25:15",6737500
22150,250,100,"bu","10:25:04",6727800
22150,250,1000,"bu","10:25:03",6727700
22150,250,2000,"bu","10:24:56",6726700
22150,250,6000,"bu","10:24:33",6724700
22150,250,600,"sd","10:24:31",6718700
22150,250,1800,"sd","10:24:31",6718100
22150,250,2000,"sd","10:24:31",6716300
22150,250,500,"sd","10:24:31",6714300
22150,250,5200,"sd","10:24:31",6713800
22150,250,100,"sd","10:24:31",6708600
22150,250,10200,"sd","10:24:31",6708500
22150,250,2900,"sd","10:24:31",6698300
22150,250,200,"sd","10:24:31",6695400
22150,250,2500,"sd","10:24:31",6695200
22150,250,7700,"sd","10:24:31",6692700
22150,250,500,"sd","10:24:24",6685000
22150,250,2900,"sd","10:24:22",6684500
22150,250,1400,"sd","10:24:22",6681600
22150,250,700,"sd","10:24:22",6680200
22200,300,200,"bu","10:24:19",6679500
22150,250,100,"sd","10:24:18",6679300
22150,250,500,"sd","10:24:06",6679200
22150,250,300,"sd","10:23:58",6678700
22150,250,22000,"sd","10:23:50",6678400
22150,250,2000,"sd","10:23:36",6656400
22150,250,100,"sd","10:23:26",6654400
22150,250,500,"sd","10:23:20",6654300
22150,250,200,"sd","10:23:02",6653800
22150,250,600,"sd","10:22:41",6653600
22150,250,3000,"sd","10:22:19",6653000
22200,300,9000,"bu","10:21:54",6650000
22150,250,500,"bu","10:21:54",6641000
22150,250,500,"bu","10:21:54",6640500
22150,250,400,"bu","10:21:52",6640000
22150,250,100,"bu","10:21:50",6639600
22150,250,100,"sd","10:21:43",6639500
22150,250,200,"sd","10:21:43",6639400
22150,250,1800,"sd","10:21:39",6639200
22150,250,300,"sd","10:21:39",6637400
22150,250,900,"sd","10:21:39",6637100
22150,250,300,"sd","10:21:34",6636200
22150,250,100,"sd","10:21:34",6635900
22150,250,1000,"sd","10:21:34",6635800
22150,250,300,"sd","10:21:34",6634800
22150,250,1500,"sd","10:21:34",6634500
22150,250,2000,"sd","10:21:34",6633000
22150,250,500,"sd","10:21:34",6631000
22150,250,300,"sd","10:21:34",6630500
22150,250,700,"sd","10:21:31",6630200
22150,250,100,"sd","10:21:31",6629500
22150,250,200,"sd","10:21:31",6629400
22150,250,1000,"sd","10:21:31",6629200
22150,250,200,"sd","10:21:28",6628200
22150,250,100,"sd","10:21:28",6628000
22150,250,100,"sd","10:21:23",6627900
22150,250,900,"sd","10:21:23",6627800
22150,250,3000,"sd","10:21:18",6626900
22150,250,1100,"sd","10:21:08",6623900
22150,250,1000,"sd","10:21:08",6622800
22150,250,900,"sd","10:21:08",6621800
22150,250,2100,"sd","10:21:07",6620900
22150,250,1000,"sd","10:21:07",6618800
22150,250,7800,"sd","10:21:07",6617800
22150,250,3000,"sd","10:21:04",6610000
22150,250,1000,"sd","10:20:57",6607000
22150,250,3000,"sd","10:20:14",6606000
22150,250,100,"sd","10:20:14",6603000
22150,250,500,"sd","10:19:55",6602900
22150,250,100,"sd","10:19:27",6602400
22150,250,2000,"sd","10:19:22",6602300
22150,250,100,"sd","10:19:05",6600300
22150,250,100,"sd","10:18:57",6600200
22150,250,3000,"sd","10:18:56",6600100
22150,250,100,"sd","10:18:53",6597100
22150,250,200,"sd","10:18:46",6597000
22150,250,2800,"sd","10:18:35",6596800
22150,250,200,"sd","10:18:26",6594000
22150,250,300,"sd","10:17:45",6593800
22150,250,5700,"bu","10:17:40",6593500
22150,250,100,"bu","10:17:40",6587800
22150,250,2200,"bu","10:17:40",6587700
22150,250,100,"sd","10:17:29",6585500
22150,250,7100,"sd","10:17:25",6585400
22150,250,600,"sd","10:17:11",6578300
22150,250,500,"sd","10:17:11",6577700
22150,250,100,"sd","10:17:11",6577200
22150,250,1100,"sd","10:17:11",6577100
22150,250,1000,"sd","10:17:11",6576000
22150,250,1000,"sd","10:17:11",6575000
22150,250,25700,"sd","10:17:11",6574000
22150,250,100,"sd","10:17:06",6548300
22150,250,200,"sd","10:16:58",6548200
22150,250,1000,"sd","10:16:57",6548000
22150,250,1000,"sd","10:16:57",6547000
22150,250,1000,"sd","10:16:56",6546000
22150,250,1000,"sd","10:16:54",6545000
22150,250,200,"sd","10:16:54",6544000
22150,250,300,"sd","10:16:54",6543800
22150,250,1500,"sd","10:16:54",6543500
22150,250,500,"sd","10:16:51",6542000
22150,250,1000,"sd","10:16:51",6541500
22150,250,1000,"sd","10:16:51",6540500
22150,250,100,"sd","10:16:51",6539500
22150,250,100,"sd","10:16:51",6539400
22150,250,300,"sd","10:16:51",6539300
22150,250,1400,"sd","10:16:50",6539000
22150,250,100,"sd","10:16:50",6537600
22150,250,100,"sd","10:16:50",6537500
22150,250,200,"sd","10:16:50",6537400
22150,250,100,"sd","10:16:50",6537200
22150,250,20000,"sd","10:16:50",6537100
22150,250,1000,"sd","10:16:50",6517100
22150,250,1000,"sd","10:16:50",6516100
22150,250,600,"sd","10:16:50",6515100
22150,250,500,"sd","10:16:50",6514500
22150,250,1000,"sd","10:16:50",6514000
22150,250,2000,"sd","10:16:50",6513000
22150,250,9000,"sd","10:16:50",6511000
22150,250,200,"sd","10:16:47",6502000
22150,250,8000,"sd","10:16:45",6501800
22150,250,1000,"sd","10:16:35",6493800
22150,250,10000,"sd","10:16:33",6492800
22200,300,3600,"bu","10:16:33",6482800
22150,250,500,"sd","10:16:20",6479200
22150,250,21300,"sd","10:16:11",6478700
22150,250,100,"sd","10:16:11",6457400
22150,250,500,"sd","10:16:11",6457300
22150,250,100,"sd","10:16:11",6456800
22150,250,38000,"sd","10:16:11",6456700
22150,250,100,"sd","10:16:06",6418700
22150,250,2200,"sd","10:16:00",6418600
22150,250,9700,"sd","10:15:55",6416400
22150,250,200,"sd","10:15:55",6406700
22150,250,100,"sd","10:15:55",6406500
22150,250,1000,"sd","10:15:31",6406400
22150,250,300,"sd","10:15:15",6405400
22150,250,4000,"sd","10:14:46",6405100
22150,250,5000,"sd","10:14:44",6401100
22150,250,10000,"sd","10:14:33",6396100
22150,250,4200,"sd","10:14:23",6386100
22150,250,200,"sd","10:14:23",6381900
22150,250,500,"sd","10:14:23",6381700
22150,250,100,"sd","10:14:23",6381200
22150,250,200,"sd","10:14:15",6381100
22150,250,1100,"sd","10:13:31",6380900
22150,250,500,"sd","10:13:31",6379800
22150,250,400,"sd","10:13:31",6379300
22150,250,100,"sd","10:13:05",6378900
22200,300,100,"bu","10:13:01",6378800
22200,300,6400,"bu","10:12:40",6378700
22200,300,300,"bu","10:12:37",6372300
22200,300,1600,"sd","10:12:37",6372000
22200,300,2000,"sd","10:12:37",6370400
22200,300,3100,"sd","10:12:37",6368400
22200,300,100,"sd","10:12:37",6365300
22200,300,2000,"sd","10:12:37",6365200
22200,300,5000,"sd","10:12:37",6363200
22200,300,10000,"sd","10:12:37",6358200
22200,300,5000,"sd","10:12:37",6348200
22200,300,27000,"sd","10:12:37",6343200
22200,300,300,"sd","10:12:37",6316200
22200,300,5000,"sd","10:12:37",6315900
22200,300,500,"sd","10:12:37",6310900
22200,300,500,"sd","10:12:37",6310400
22200,300,100,"sd","10:12:37",6309900
22200,300,700,"sd","10:12:37",6309800
22200,300,100,"sd","10:12:37",6309100
22200,300,1000,"sd","10:12:37",6309000
22200,300,5000,"sd","10:12:37",6308000
22200,300,3000,"sd","10:12:37",6303000
22200,300,1000,"sd","10:12:37",6300000
22200,300,1000,"sd","10:12:37",6299000
22200,300,100,"sd","10:12:37",6298000
22200,300,500,"sd","10:12:37",6297900
22200,300,1000,"sd","10:12:37",6297400
22200,300,49000,"sd","10:12:37",6296400
22200,300,1000,"sd","10:12:37",6247400
22250,350,10100,"bu","10:12:18",6246400
22250,350,16300,"bu","10:12:08",6236300
22200,300,400,"sd","10:12:07",6220000
22200,300,500,"sd","10:12:00",6219600
22200,300,100,"sd","10:11:37",6219100
22200,300,500,"sd","10:11:37",6219000
22200,300,500,"sd","10:11:36",6218500
22200,300,2000,"sd","10:11:30",6218000
22200,300,1000,"sd","10:11:30",6216000
22200,300,400,"sd","10:11:25",6215000
22200,300,30000,"sd","10:11:16",6214600
22200,300,400,"sd","10:11:13",6184600
22200,300,500,"sd","10:11:09",6184200
22200,300,300,"sd","10:11:03",6183700
22200,300,700,"sd","10:11:00",6183400
22200,300,300,"sd","10:10:53",6182700
22200,300,600,"sd","10:10:48",6182400
22200,300,100,"sd","10:10:48",6181800
22200,300,200,"sd","10:10:45",6181700
22200,300,300,"sd","10:10:45",6181500
22200,300,100,"sd","10:10:30",6181200
22200,300,500,"sd","10:10:30",6181100
22250,350,1000,"bu","10:10:20",6180600
22250,350,1900,"bu","10:10:18",6179600
22250,350,3100,"bu","10:10:18",6177700
22200,300,100,"sd","10:10:18",6174600
22250,350,1000,"bu","10:10:16",6174500
22250,350,900,"bu","10:10:10",6173500
22250,350,100,"bu","10:10:10",6172600
22250,350,100,"bu","10:09:46",6172500
22200,300,200,"sd","10:09:44",6172400
22250,350,500,"bu","10:09:30",6172200
22200,300,1000,"sd","10:09:21",6171700
22200,300,4500,"sd","10:09:20",6170700
22200,300,200,"sd","10:09:20",6166200
22200,300,3000,"sd","10:09:16",6166000
22200,300,100,"sd","10:09:10",6163000
22200,300,500,"sd","10:09:01",6162900
22200,300,900,"sd","10:08:50",6162400
22200,300,100,"sd","10:08:00",6161500
22200,300,400,"sd","10:07:59",6161400
22200,300,2000,"sd","10:07:58",6161000
22200,300,100,"sd","10:07:27",6159000
22200,300,1000,"sd","10:07:26",6158900
22250,350,300,"bu","10:07:15",6157900
22200,300,200,"sd","10:07:11",6157600
22200,300,300,"sd","10:07:11",6157400
22200,300,100,"sd","10:07:11",6157100
22200,300,1000,"sd","10:06:51",6157000
22200,300,1000,"sd","10:06:48",6156000
22200,300,900,"bu","10:06:46",6155000
22200,300,500,"sd","10:06:45",6154100
22200,300,300,"sd","10:06:45",6153600
22200,300,300,"sd","10:06:45",6153300
22200,300,200,"sd","10:06:37",6153000
22200,300,200,"sd","10:06:05",6152800
22200,300,1300,"sd","10:06:05",6152600
22200,300,2000,"sd","10:05:56",6151300
22200,300,200,"sd","10:05:56",6149300
22200,300,6500,"sd","10:05:56",6149100
22200,300,500,"sd","10:05:56",6142600
22200,300,100,"sd","10:05:56",6142100
22200,300,900,"sd","10:05:56",6142000
22200,300,100,"sd","10:05:48",6141100
22200,300,400,"sd","10:05:39",6141000
22200,300,600,"sd","10:05:29",6140600
22200,300,1400,"sd","10:05:29",6140000
22200,300,100,"sd","10:05:28",6138600
22200,300,1500,"sd","10:05:12",6138500
22200,300,500,"bu","10:04:47",6137000
22200,300,500,"sd","10:04:47",6136500
22200,300,7000,"sd","10:04:36",6136000
22200,300,100,"sd","10:04:36",6129000
22200,300,2400,"bu","10:04:36",6128900
22200,300,2000,"bu","10:04:33",6126500
22200,300,500,"bu","10:04:30",6124500
22200,300,100,"bu","10:04:20",6124000
22200,300,900,"bu","10:04:20",6123900
22200,300,100,"bu","10:04:18",6123000
22200,300,100,"bu","10:03:59",6122900
22200,300,500,"bu","10:03:59",6122800
22200,300,3000,"bu","10:03:59",6122300
22200,300,100,"bu","10:03:59",6119300
22200,300,100,"bu","10:03:59",6119200
22200,300,10200,"bu","10:03:59",6119100
22200,300,300,"bu","10:03:59",6108900
22200,300,200,"bu","10:03:59",6108600
22200,300,500,"bu","10:03:59",6108400
22200,300,35000,"bu","10:03:59",6107900
22150,250,1000,"sd","10:03:51",6072900
22150,250,500,"sd","10:03:37",6071900
22200,300,15000,"bu","10:03:36",6071400
22200,300,2000,"bu","10:03:36",6056400
22200,300,1200,"bu","10:03:36",6054400
22200,300,1000,"bu","10:03:36",6053200
22200,300,30800,"bu","10:03:36",6052200
22150,250,1000,"bu","10:03:18",6021400
22150,250,100,"bu","10:03:18",6020400
22150,250,500,"bu","10:03:18",6020300
22150,250,5900,"bu","10:03:18",6019800
22150,250,300,"bu","10:03:18",6013900
22150,250,10000,"bu","10:03:18",6013600
22150,250,5100,"bu","10:03:12",6003600
22150,250,1000,"bu","10:03:09",5998500
22150,250,100,"bu","10:03:07",5997500
22150,250,1000,"bu","10:03:06",5997400
22150,250,5000,"bu","10:02:57",5996400
22100,200,100,"sd","10:02:56",5991400
22150,250,5000,"bu","10:02:51",5991300
22150,250,100,"bu","10:02:48",5986300
22150,250,10000,"sd","10:02:43",5986200
22200,300,2000,"bu","10:02:41",5976200
22200,300,57300,"bu","10:02:41",5974200
22200,300,500,"bu","10:02:41",5916900
22200,300,1500,"bu","10:02:41",5916400
22200,300,200,"bu","10:02:41",5914900
22200,300,100,"bu","10:02:41",5914700
22200,300,1000,"bu","10:02:41",5914600
22200,300,600,"bu","10:02:41",5913600
22200,300,400,"bu","10:02:41",5913000
22200,300,30000,"bu","10:02:41",5912600
22200,300,1000,"bu","10:02:41",5882600
22200,300,1700,"bu","10:02:41",5881600
22200,300,100,"bu","10:02:41",5879900
22200,300,100,"bu","10:02:41",5879800
22200,300,1000,"bu","10:02:41",5879700
22200,300,200,"bu","10:02:41",5878700
22200,300,100,"bu","10:02:41",5878500
22200,300,1500,"bu","10:02:41",5878400
22200,300,200,"bu","10:02:41",5876900
22150,250,500,"bu","10:02:41",5876700
22100,200,3500,"sd","10:02:36",5876200
22150,250,1000,"sd","10:02:36",5872700
22150,250,100,"bu","10:02:32",5871700
22150,250,900,"bu","10:02:31",5871600
22150,250,1100,"bu","10:02:31",5870700
22150,250,1000,"bu","10:02:28",5869600
22150,250,2400,"bu","10:02:28",5868600
22150,250,1000,"bu","10:02:28",5866200
22150,250,200,"bu","10:02:28",5865200
22150,250,2000,"bu","10:02:28",5865000
22150,250,3500,"bu","10:02:28",5863000
22150,250,900,"bu","10:02:28",5859500
22150,250,1000,"bu","10:02:27",5858600
22150,250,100,"bu","10:02:23",5857600
22150,250,400,"bu","10:02:23",5857500
22150,250,1000,"bu","10:02:21",5857100
22100,200,3000,"sd","10:02:20",5856100
22150,250,600,"bu","10:02:11",5853100
22150,250,8000,"bu","10:02:11",5852500
22150,250,500,"bu","10:02:11",5844500
22150,250,900,"bu","10:02:11",5844000
22150,250,1000,"bu","10:02:07",5843100
22150,250,200,"bu","10:02:03",5842100
22100,200,300,"sd","10:02:03",5841900
22150,250,100,"bu","10:02:03",5841600
22100,200,1500,"sd","10:02:01",5841500
22100,200,1000,"sd","10:01:59",5840000
22150,250,46000,"bu","10:01:57",5839000
22100,200,1000,"sd","10:01:31",5793000
22150,250,400,"bu","10:01:25",5792000
22150,250,1400,"bu","10:01:10",5791600
22150,250,100,"bu","10:01:10",5790200
22150,250,100,"bu","10:00:55",5790100
22150,250,1000,"bu","10:00:48",5790000
22150,250,100,"bu","10:00:48",5789000
22150,250,100,"bu","10:00:48",5788900
22150,250,1800,"bu","10:00:48",5788800
22150,250,800,"bu","10:00:44",5787000
22100,200,100,"sd","10:00:34",5786200
22150,250,1000,"bu","10:00:31",5786100
22150,250,13300,"bu","10:00:30",5785100
22150,250,500,"bu","10:00:26",5771800
22150,250,200,"bu","10:00:19",5771300
22150,250,300,"bu","10:00:17",5771100
22150,250,1000,"bu","10:00:16",5770800
22150,250,100,"bu","10:00:11",5769800
22150,250,100,"sd","09:59:56",5769700
22150,250,900,"sd","09:59:56",5769600
22150,250,100,"sd","09:59:55",5768700
22150,250,500,"sd","09:59:45",5768600
22100,200,1500,"sd","09:59:45",5768100
22150,250,100,"sd","09:59:45",5766600
22150,250,100,"sd","09:59:45",5766500
22150,250,10000,"sd","09:59:45",5766400
22150,250,200,"sd","09:59:45",5756400
22150,250,1000,"sd","09:59:45",5756200
22150,250,7100,"sd","09:59:45",5755200
22150,250,500,"sd","09:59:34",5748100
22150,250,2400,"sd","09:59:34",5747600
22150,250,7600,"sd","09:59:34",5745200
22200,300,200,"bu","09:59:33",5737600
22150,250,100,"sd","09:59:27",5737400
22150,250,200,"sd","09:59:24",5737300
22200,300,100,"bu","09:59:19",5737100
22150,250,100,"sd","09:59:17",5737000
22150,250,2000,"sd","09:59:11",5736900
22150,250,800,"sd","09:59:11",5734900
22150,250,1000,"sd","09:59:11",5734100
22150,250,200,"sd","09:59:11",5733100
22150,250,400,"sd","09:59:11",5732900
22150,250,100,"sd","09:59:11",5732500
22150,250,500,"sd","09:59:11",5732400
22150,250,200,"sd","09:59:11",5731900
22150,250,800,"sd","09:59:11",5731700
22150,250,1000,"sd","09:59:10",5730900
22150,250,200,"sd","09:59:06",5729900
22150,250,300,"sd","09:59:06",5729700
22150,250,700,"sd","09:59:00",5729400
22150,250,300,"sd","09:59:00",5728700
22150,250,1500,"sd","09:58:44",5728400
22200,300,1000,"bu","09:58:42",5726900
22150,250,900,"sd","09:58:33",5725900
22150,250,300,"sd","09:58:33",5725000
22150,250,500,"sd","09:58:25",5724700
22150,250,600,"sd","09:58:22",5724200
22150,250,1000,"sd","09:58:05",5723600
22150,250,2000,"sd","09:57:53",5722600
22150,250,2900,"sd","09:57:51",5720600
22150,250,100,"sd","09:57:51",5717700
22150,250,2000,"sd","09:57:51",5717600
22150,250,500,"sd","09:57:51",5715600
22150,250,500,"sd","09:57:51",5715100
22150,250,4000,"sd","09:57:51",5714600
22150,250,100,"sd","09:57:47",5710600
22150,250,900,"sd","09:57:46",5710500
22150,250,14100,"sd","09:57:46",5709600
22150,250,1000,"sd","09:57:33",5695500
22150,250,1500,"sd","09:57:32",5694500
22150,250,2300,"sd","09:57:20",5693000
22150,250,5000,"sd","09:57:20",5690700
22200,300,400,"bu","09:57:19",5685700
22200,300,100,"bu","09:57:15",5685300
22150,250,400,"sd","09:57:12",5685200
22150,250,500,"sd","09:57:11",5684800
22150,250,200,"sd","09:57:11",5684300
22150,250,1300,"sd","09:56:57",5684100
22200,300,300,"sd","09:56:57",5682800
22200,300,100,"sd","09:56:57",5682500
22200,300,200,"sd","09:56:57",5682400
22200,300,500,"sd","09:56:57",5682200
22200,300,600,"sd","09:56:57",5681700
22200,300,2700,"sd","09:56:55",5681100
22200,300,10000,"sd","09:56:55",5678400
22200,300,200,"sd","09:56:55",5668400
22200,300,400,"sd","09:56:55",5668200
22200,300,500,"sd","09:56:55",5667800
22200,300,300,"sd","09:56:55",5667300
22200,300,300,"sd","09:56:55",5667000
22200,300,100,"sd","09:56:55",5666700
22200,300,100,"sd","09:56:55",5666600
22200,300,5400,"sd","09:56:55",5666500
22200,300,4600,"sd","09:56:52",5661100
22200,300,1500,"sd","09:56:52",5656500
22200,300,300,"sd","09:56:52",5655000
22200,300,1000,"sd","09:56:52",5654700
22200,300,1000,"sd","09:56:52",5653700
22200,300,400,"sd","09:56:52",5652700
22200,300,1000,"sd","09:56:52",5652300
22200,300,2000,"sd","09:56:52",5651300
22200,300,500,"sd","09:56:52",5649300
22200,300,1000,"sd","09:56:52",5648800
22200,300,16700,"sd","09:56:52",5647800
22250,350,1600,"bu","09:56:50",5631100
22200,300,4500,"sd","09:56:48",5629500
22250,350,100,"bu","09:56:48",5625000
22200,300,20000,"sd","09:56:42",5624900
22200,300,8800,"sd","09:56:34",5604900
22200,300,100,"sd","09:56:34",5596100
22200,300,1000,"sd","09:56:34",5596000
22200,300,1000,"sd","09:56:34",5595000
22200,300,2000,"sd","09:56:34",5594000
22200,300,1000,"sd","09:56:34",5592000
22200,300,5000,"sd","09:56:34",5591000
22200,300,10000,"sd","09:56:34",5586000
22200,300,2000,"sd","09:56:33",5576000
22200,300,1000,"sd","09:56:33",5574000
22200,300,100,"sd","09:56:33",5573000
22200,300,100,"sd","09:56:33",5572900
22200,300,17900,"sd","09:56:33",5572800
22250,350,800,"sd","09:56:24",5554900
22250,350,1000,"sd","09:56:24",5554100
22250,350,500,"sd","09:56:24",5553100
22250,350,1000,"sd","09:56:24",5552600
22250,350,10000,"sd","09:56:24",5551600
22250,350,100,"sd","09:56:24",5541600
22250,350,1000,"sd","09:56:24",5541500
22250,350,1000,"sd","09:56:24",5540500
22250,350,200,"sd","09:56:24",5539500
22250,350,8200,"sd","09:56:24",5539300
22250,350,1500,"sd","09:56:24",5531100
22250,350,500,"sd","09:56:24",5529600
22250,350,100,"sd","09:56:24",5529100
22250,350,66500,"sd","09:56:24",5529000
22250,350,100,"sd","09:56:23",5462500
22250,350,8200,"sd","09:56:18",5462400
22250,350,5000,"sd","09:56:17",5454200
22250,350,8000,"sd","09:56:15",5449200
22250,350,100,"sd","09:56:11",5441200
22250,350,1000,"sd","09:56:08",5441100
22250,350,1000,"sd","09:56:02",5440100
22250,350,5000,"sd","09:56:01",5439100
22250,350,2400,"sd","09:55:59",5434100
22250,350,2700,"sd","09:55:58",5431700
22250,350,300,"sd","09:55:58",5429000
22250,350,100,"sd","09:55:57",5428700
22250,350,600,"sd","09:55:50",5428600
22250,350,900,"sd","09:55:50",5428000
22250,350,9100,"sd","09:55:49",5427100
22250,350,6000,"sd","09:55:49",5418000
22250,350,4000,"sd","09:55:43",5412000
22250,350,500,"sd","09:55:43",5408000
22250,350,500,"sd","09:55:43",5407500
22300,400,900,"bu","09:55:41",5407000
22300,400,100,"bu","09:55:41",5406100
22250,350,100,"sd","09:55:40",5406000
22300,400,400,"bu","09:55:35",5405900
22300,400,4600,"bu","09:55:35",5405500
22250,350,2300,"sd","09:55:35",5400900
22250,350,7700,"sd","09:55:35",5398600
22250,350,1000,"sd","09:55:23",5390900
22250,350,1500,"sd","09:55:10",5389900
22250,350,500,"sd","09:55:10",5388400
22250,350,2000,"sd","09:55:10",5387900
22250,350,400,"sd","09:55:07",5385900
22300,400,400,"bu","09:54:59",5385500
22300,400,2600,"bu","09:54:59",5385100
22250,350,5000,"sd","09:54:59",5382500
22300,400,400,"bu","09:54:58",5377500
22300,400,100,"bu","09:54:58",5377100
22300,400,300,"bu","09:54:58",5377000
22300,400,1000,"bu","09:54:58",5376700
22300,400,2300,"bu","09:54:58",5375700
22250,350,100,"sd","09:54:55",5373400
22250,350,400,"sd","09:54:54",5373300
22300,400,300,"bu","09:54:52",5372900
22250,350,100,"sd","09:54:49",5372600
22250,350,1000,"sd","09:54:47",5372500
22250,350,100,"sd","09:54:47",5371500
22250,350,200,"sd","09:54:45",5371400
22250,350,2700,"sd","09:54:44",5371200
22250,350,2300,"sd","09:54:44",5368500
22300,400,500,"bu","09:54:44",5366200
22250,350,300,"sd","09:54:43",5365700
22250,350,20000,"sd","09:54:41",5365400
22250,350,200,"sd","09:54:41",5345400
22250,350,4300,"sd","09:54:41",5345200
22250,350,2400,"sd","09:54:41",5340900
22250,350,800,"sd","09:54:25",5338500
22250,350,2000,"sd","09:54:22",5337700
22300,400,10000,"bu","09:54:19",5335700
22250,350,100,"sd","09:54:18",5325700
22250,350,2800,"sd","09:54:13",5325600
22250,350,2000,"sd","09:54:13",5322800
22250,350,1000,"sd","09:54:13",5320800
22250,350,4200,"sd","09:54:13",5319800
22250,350,800,"sd","09:54:10",5315600
22250,350,600,"sd","09:54:10",5314800
22250,350,600,"sd","09:54:10",5314200
22250,350,1000,"sd","09:54:02",5313600
22250,350,1000,"sd","09:53:36",5312600
22300,400,500,"bu","09:53:15",5311600
22250,350,500,"sd","09:53:02",5311100
22300,400,6400,"bu","09:53:01",5310600
22300,400,100,"bu","09:53:01",5304200
22300,400,1000,"bu","09:53:01",5304100
22300,400,3000,"bu","09:53:01",5303100
22300,400,5000,"bu","09:53:01",5300100
22300,400,500,"bu","09:53:01",5295100
22300,400,2000,"bu","09:53:01",5294600
22250,350,1900,"sd","09:52:57",5292600
22250,350,500,"sd","09:52:57",5290700
22250,350,1000,"sd","09:52:57",5290200
22250,350,9000,"sd","09:52:55",5289200
22250,350,3000,"sd","09:52:55",5280200
22250,350,10000,"sd","09:52:55",5277200
22250,350,500,"sd","09:52:55",5267200
22250,350,2000,"sd","09:52:33",5266700
22250,350,2000,"sd","09:52:33",5264700
22250,350,100,"sd","09:52:17",5262700
22300,400,1000,"bu","09:52:14",5262600
22250,350,1000,"sd","09:52:02",5261600
22250,350,200,"sd","09:51:51",5260600
22250,350,500,"sd","09:51:39",5260400
22300,400,7000,"bu","09:51:32",5259900
22300,400,100,"bu","09:51:32",5252900
22300,400,1000,"bu","09:51:32",5252800
22300,400,100,"bu","09:51:32",5251800
22300,400,1500,"bu","09:51:32",5251700
22300,400,100,"bu","09:51:32",5250200
22300,400,200,"bu","09:51:32",5250100
22300,400,100,"bu","09:51:30",5249900
22250,350,2000,"sd","09:51:23",5249800
22300,400,100,"bu","09:51:20",5247800
22300,400,300,"bu","09:51:20",5247700
22300,400,500,"bu","09:51:20",5247400
22300,400,1200,"bu","09:51:20",5246900
22250,350,1000,"sd","09:51:14",5245700
22250,350,10000,"sd","09:51:04",5244700
22300,400,200,"bu","09:51:03",5234700
22300,400,500,"bu","09:51:03",5234500
22300,400,1000,"bu","09:51:03",5234000
22300,400,100,"bu","09:51:03",5233000
22300,400,2300,"bu","09:51:03",5232900
22300,400,100,"bu","09:51:03",5230600
22300,400,300,"bu","09:51:03",5230500
22300,400,5500,"bu","09:51:03",5230200
22300,400,1400,"bu","09:51:01",5224700
