"price","change","match_qtty","side","time","total_vol"
40800,1200,2000,"bu","14:44:59",58000
40500,900,1000,"sd","14:04:26",56000
40500,900,3400,"bu","14:00:05",55000
40500,900,1000,"bu","14:00:00",51600
40500,900,400,"sd","13:58:10",50600
40500,900,2000,"sd","13:58:10",50200
40500,900,800,"sd","13:58:10",48200
40550,950,1000,"sd","13:58:10",46000
40500,900,1400,"sd","13:58:10",47400
40800,1200,100,"bu","13:55:10",45000
40500,900,1600,"bu","13:50:34",44900
40500,900,200,"bu","13:50:21",43300
40500,900,200,"bu","13:49:54",43100
40500,900,2000,"bu","13:49:24",42900
40500,900,500,"sd","13:43:27",40900
40500,900,500,"sd","13:43:27",40400
40500,900,300,"bu","13:12:49",39900
40500,900,200,"sd","13:02:19",39600
40500,900,1800,"bu","13:01:47",39400
40400,800,1000,"sd","13:01:08",37600
40400,800,1000,"sd","13:00:12",36600
40400,800,1000,"sd","13:00:11",35600
40450,850,2000,"sd","13:00:11",34600
40450,850,100,"sd","13:00:11",32600
40450,850,200,"sd","13:00:11",32500
40450,850,100,"sd","12:59:59",32300
40450,850,700,"bu","11:13:51",32200
40450,850,100,"bu","11:13:33",31500
40450,850,100,"bu","11:13:11",31400
40400,800,100,"sd","11:08:15",31300
40450,850,100,"bu","11:06:19",31200
40450,850,2000,"sd","11:05:59",31100
40450,850,3000,"sd","11:05:40",29100
40500,900,2000,"bu","10:55:34",26100
40500,900,400,"sd","10:54:37",24100
40400,800,1900,"sd","10:34:06",23700
40400,800,600,"bu","10:21:02",21800
40400,800,3000,"bu","10:20:46",21200
40400,800,1400,"bu","10:20:23",18200
40400,800,4800,"bu","10:16:18",16800
40400,800,100,"sd","10:15:36",12000
40400,800,200,"sd","10:10:01",11900
40400,800,4700,"sd","10:09:08",11700
40450,850,300,"sd","10:08:34",7000
40450,850,100,"sd","10:08:34",6700
40400,800,400,"bu","10:00:44",6600
40300,700,200,"sd","09:47:04",6200
40550,950,300,"sd","09:45:41",6000
41000,1400,300,"sd","09:45:11",5700
41200,1600,700,"sd","09:42:43",5400
41200,1600,100,"sd","09:42:43",4700
41200,1600,200,"sd","09:42:39",4600
41200,1600,500,"sd","09:42:12",4400
41200,1600,600,"sd","09:42:08",3900
41200,1600,400,"sd","09:38:13",3300
41200,1600,200,"sd","09:38:03",2900
41200,1600,500,"sd","09:37:24",2700
41200,1600,500,"sd","09:36:56",2200
41200,1600,100,"sd","09:31:16",1700
41200,1600,100,"bu","09:31:16",1600
41200,1600,100,"bu","09:29:40",1500
41200,1600,100,"sd","09:26:56",1400
42000,2400,100,"bu","09:22:30",1300
42000,2400,100,"bu","09:22:30",1200
41900,2300,100,"bu","09:22:30",1100
42000,2400,100,"bu","09:21:04",1000
41900,2300,100,"bu","09:20:36",900
40500,900,100,"bu","09:20:36",800
39800,200,600,"bu","09:18:42",700
39250,-350,100,"unknown","09:15:00",100
