"price","change","match_qtty","side","time","total_vol"
10600,-400,22400,"unknown","14:45:00",631700
10500,-500,100,"sd","14:29:55",609300
10500,-500,1000,"sd","14:29:55",609200
10500,-500,800,"sd","14:29:55",608200
10500,-500,500,"sd","14:29:55",607400
10500,-500,1600,"sd","14:29:55",606900
10500,-500,2000,"sd","14:29:45",605300
10550,-450,700,"bu","14:29:35",603300
10500,-500,3400,"sd","14:28:43",602600
10500,-500,100,"sd","14:25:04",599200
10500,-500,400,"sd","14:24:24",599100
10550,-450,400,"bu","14:21:25",598700
10550,-450,2700,"bu","14:17:20",598300
10550,-450,500,"bu","14:17:06",595600
10550,-450,100,"sd","14:16:12",595100
10550,-450,600,"sd","14:16:12",595000
10550,-450,400,"sd","14:16:12",594400
10550,-450,700,"sd","14:16:12",594000
10550,-450,100,"sd","14:15:50",593300
10550,-450,700,"sd","14:15:50",593200
10550,-450,200,"sd","14:15:50",592500
10550,-450,2000,"sd","14:15:50",592300
10550,-450,2000,"sd","14:15:17",590300
10550,-450,2000,"sd","14:14:29",588300
10550,-450,3000,"sd","14:11:59",586300
10550,-450,3000,"bu","14:09:41",583300
10550,-450,800,"bu","14:09:27",580300
10550,-450,200,"bu","14:09:08",579500
10550,-450,100,"bu","14:09:08",579300
10550,-450,2000,"bu","14:08:25",579200
10500,-500,100,"sd","14:06:56",577200
10500,-500,2400,"sd","14:04:15",577100
10450,-550,2500,"sd","14:01:50",574700
10500,-500,800,"bu","14:01:36",572200
10500,-500,100,"bu","14:01:36",571400
10500,-500,100,"bu","14:01:36",571300
10500,-500,200,"bu","14:01:36",571200
10500,-500,200,"bu","14:00:06",571000
10500,-500,300,"bu","13:59:42",570800
10500,-500,500,"bu","13:58:12",570500
10500,-500,200,"bu","13:57:49",570000
10500,-500,1500,"sd","13:57:46",569800
10500,-500,1000,"sd","13:57:46",568300
10500,-500,100,"sd","13:57:46",567300
10500,-500,1000,"sd","13:57:46",567200
10500,-500,100,"sd","13:57:14",566200
10500,-500,3000,"sd","13:57:14",566100
10500,-500,4600,"sd","13:57:14",563100
10500,-500,200,"sd","13:57:14",558500
10500,-500,600,"sd","13:57:14",558300
10500,-500,100,"sd","13:57:14",557700
10500,-500,1000,"sd","13:57:14",557600
10500,-500,100,"sd","13:57:14",556600
10500,-500,300,"sd","13:57:14",556500
10500,-500,400,"sd","13:56:04",556200
10500,-500,300,"sd","13:51:21",555800
10500,-500,1000,"sd","13:51:21",555500
10500,-500,100,"sd","13:51:21",554500
10500,-500,100,"sd","13:51:21",554400
10500,-500,500,"sd","13:51:21",554300
10600,-400,200,"bu","13:50:31",553800
10550,-450,1300,"bu","13:50:31",553600
10500,-500,500,"sd","13:50:25",552300
10500,-500,1000,"sd","13:50:25",551800
10500,-500,100,"sd","13:50:25",550800
10500,-500,400,"sd","13:50:25",550700
10550,-450,300,"sd","13:50:07",550300
10550,-450,100,"sd","13:50:07",550000
10550,-450,400,"bu","13:49:40",549900
10550,-450,100,"bu","13:49:23",549500
10500,-500,600,"sd","13:48:09",549400
10500,-500,2000,"sd","13:48:09",548800
10500,-500,300,"sd","13:48:09",546800
10500,-500,1000,"sd","13:48:09",546500
10500,-500,5000,"sd","13:48:09",545500
10500,-500,100,"sd","13:48:09",540500
10500,-500,1000,"sd","13:48:09",540400
10550,-450,200,"bu","13:47:54",539400
10550,-450,5000,"bu","13:47:09",539200
10550,-450,1100,"bu","13:47:01",534200
10550,-450,900,"bu","13:47:01",533100
10550,-450,1100,"bu","13:46:52",532200
10550,-450,800,"bu","13:46:30",531100
10550,-450,1200,"bu","13:46:30",530300
10550,-450,800,"bu","13:45:08",529100
10550,-450,1900,"bu","13:45:08",528300
10500,-500,2000,"bu","13:40:13",526400
10500,-500,2000,"bu","13:40:13",524400
10500,-500,2500,"bu","13:40:13",522400
10500,-500,5000,"bu","13:40:05",519900
10500,-500,200,"bu","13:39:09",514900
10500,-500,100,"bu","13:39:00",514700
10450,-550,2100,"bu","13:37:51",514600
10450,-550,300,"bu","13:37:49",512500
10450,-550,500,"bu","13:37:40",512200
10450,-550,100,"bu","13:37:33",511700
10450,-550,400,"sd","13:37:26",511600
10450,-550,2000,"sd","13:37:26",511200
10450,-550,300,"sd","13:37:26",509200
10450,-550,1000,"sd","13:37:26",508900
10450,-550,1000,"sd","13:37:26",507900
10450,-550,3000,"sd","13:37:26",506900
10450,-550,100,"sd","13:37:26",503900
10450,-550,1000,"sd","13:37:26",503800
10450,-550,500,"sd","13:37:26",502800
10450,-550,500,"sd","13:37:26",502300
10450,-550,500,"sd","13:37:26",501800
10450,-550,1000,"sd","13:37:26",501300
10450,-550,400,"sd","13:37:26",500300
10450,-550,300,"sd","13:37:26",499900
10450,-550,100,"sd","13:32:55",499600
10450,-550,400,"sd","13:32:55",499500
10450,-550,600,"sd","13:30:44",499100
10450,-550,500,"sd","13:30:44",498500
10450,-550,1000,"sd","13:30:44",498000
10450,-550,2900,"sd","13:30:44",497000
10500,-500,100,"bu","13:28:00",494100
10500,-500,500,"bu","13:27:05",494000
10500,-500,100,"bu","13:26:25",493500
10500,-500,2000,"bu","13:25:48",493400
10500,-500,200,"bu","13:24:23",491400
10450,-550,2500,"sd","13:23:29",491200
10500,-500,2000,"bu","13:22:35",488700
10500,-500,1000,"bu","13:21:56",486700
10500,-500,500,"bu","13:20:33",485700
10500,-500,500,"bu","13:20:08",485200
10500,-500,5000,"sd","13:19:43",484700
10500,-500,100,"sd","13:19:43",479700
10500,-500,200,"sd","13:19:43",479600
10500,-500,100,"bu","13:17:41",479400
10500,-500,1500,"bu","13:17:27",479300
10500,-500,400,"bu","13:17:22",477800
10500,-500,2000,"bu","13:17:19",477400
10500,-500,5000,"bu","13:17:13",475400
10500,-500,3000,"bu","13:17:09",470400
10500,-500,500,"bu","13:15:37",467400
10500,-500,5000,"bu","13:15:37",466900
10500,-500,200,"bu","13:15:08",461900
10500,-500,200,"bu","13:14:38",461700
10450,-550,1700,"sd","13:09:45",461500
10450,-550,2900,"sd","13:09:18",459800
10450,-550,500,"sd","13:09:18",456900
10450,-550,1000,"sd","13:09:18",456400
10450,-550,800,"sd","13:09:18",455400
10450,-550,900,"sd","13:09:18",454600
10500,-500,200,"sd","13:08:47",453700
10500,-500,400,"bu","13:07:17",453500
10500,-500,100,"bu","13:07:17",453100
10500,-500,400,"bu","13:07:17",453000
10500,-500,3900,"bu","13:07:17",452600
10500,-500,400,"bu","13:04:10",448700
10500,-500,100,"bu","13:03:39",448300
10500,-500,100,"bu","13:00:01",448200
10500,-500,300,"bu","13:00:00",448100
10450,-550,100,"sd","11:28:00",447800
10450,-550,500,"sd","11:28:00",447700
10450,-550,600,"sd","11:28:00",447200
10450,-550,1800,"sd","11:28:00",446600
10500,-500,500,"bu","11:26:19",444800
10500,-500,200,"sd","11:24:36",444300
10550,-450,100,"bu","11:22:48",444100
10500,-500,10000,"sd","11:22:16",444000
10500,-500,1700,"sd","11:21:33",434000
10500,-500,6600,"sd","11:21:33",432300
10500,-500,200,"sd","11:20:36",425700
10500,-500,1000,"sd","11:20:36",425500
10500,-500,8800,"sd","11:20:36",424500
10550,-450,200,"bu","11:15:10",415700
10550,-450,5000,"bu","11:14:12",415500
10550,-450,100,"bu","11:13:52",410500
10550,-450,600,"bu","11:13:38",410400
10500,-500,500,"sd","11:13:24",409800
10500,-500,2000,"sd","11:10:25",409300
10500,-500,1000,"sd","11:09:42",407300
10550,-450,1000,"bu","11:07:08",406300
10550,-450,2000,"bu","11:07:03",405300
10550,-450,2000,"bu","11:06:55",403300
10550,-450,500,"bu","11:06:48",401300
10550,-450,10000,"bu","11:06:26",400800
10500,-500,500,"sd","11:04:25",390800
10500,-500,200,"bu","11:02:05",390300
10500,-500,2900,"bu","11:02:05",390100
10500,-500,100,"bu","11:02:05",387200
10500,-500,2000,"bu","11:02:05",387100
10500,-500,500,"bu","10:59:34",385100
10500,-500,1000,"bu","10:58:59",384600
10450,-550,300,"sd","10:56:14",383600
10450,-550,900,"sd","10:55:30",383300
10450,-550,1900,"sd","10:55:30",382400
10450,-550,200,"sd","10:55:30",380500
10450,-550,2000,"sd","10:55:30",380300
10500,-500,500,"bu","10:55:16",378300
10500,-500,500,"bu","10:55:16",377800
10500,-500,100,"bu","10:54:52",377300
10500,-500,300,"bu","10:54:30",377200
10500,-500,500,"bu","10:54:06",376900
10500,-500,100,"bu","10:53:47",376400
10500,-500,2000,"bu","10:52:26",376300
10450,-550,1000,"sd","10:44:52",374300
10450,-550,500,"sd","10:44:34",373300
10450,-550,4900,"bu","10:44:31",372800
10450,-550,1000,"bu","10:44:31",367900
10450,-550,300,"bu","10:44:31",366900
10400,-600,2000,"sd","10:43:30",366600
10400,-600,300,"bu","10:41:29",364600
10400,-600,1000,"unknown","10:40:29",364300
10400,-600,700,"bu","10:39:28",363300
10400,-600,300,"bu","10:39:17",362600
10400,-600,1700,"bu","10:39:17",362300
10400,-600,100,"bu","10:39:09",360600
10400,-600,200,"bu","10:39:08",360500
10400,-600,100,"bu","10:37:56",360300
10400,-600,5000,"bu","10:37:48",360200
10400,-600,100,"bu","10:37:48",355200
10400,-600,400,"bu","10:37:48",355100
10400,-600,100,"bu","10:37:48",354700
10400,-600,100,"bu","10:37:48",354600
10400,-600,300,"bu","10:37:48",354500
10400,-600,1900,"unknown","10:37:48",354200
10450,-550,100,"bu","10:36:33",352300
10450,-550,100,"bu","10:36:15",352200
10450,-550,100,"bu","10:35:10",352100
10450,-550,300,"bu","10:34:34",352000
10500,-500,100,"sd","10:32:30",351700
10400,-600,1000,"sd","10:32:25",351600
10400,-600,500,"sd","10:32:25",350600
10400,-600,5000,"sd","10:32:25",350100
10450,-550,100,"sd","10:32:25",345100
10450,-550,2000,"sd","10:32:25",345000
10450,-550,1000,"sd","10:32:25",343000
10450,-550,2000,"sd","10:32:25",342000
10450,-550,100,"sd","10:32:25",340000
10400,-600,100,"sd","10:32:25",339900
10400,-600,1000,"sd","10:32:25",339800
10400,-600,1300,"sd","10:32:25",338800
10400,-600,500,"sd","10:32:25",337500
10500,-500,100,"sd","10:32:25",337000
10400,-600,600,"sd","10:32:25",336900
10500,-500,100,"sd","10:32:25",336300
10400,-600,500,"sd","10:32:25",336200
10500,-500,100,"sd","10:32:25",335700
10400,-600,500,"sd","10:32:25",335600
10500,-500,900,"sd","10:32:25",335100
10400,-600,1500,"sd","10:32:25",334200
10400,-600,10000,"sd","10:32:25",332700
10500,-500,1000,"sd","10:28:50",322700
10500,-500,4900,"sd","10:27:44",321700
10500,-500,100,"sd","10:27:44",316800
10500,-500,1000,"sd","10:27:44",316700
10500,-500,1000,"sd","10:27:44",315700
10500,-500,1800,"sd","10:27:44",314700
10500,-500,200,"sd","10:27:44",312900
10500,-500,500,"sd","10:27:44",312700
10500,-500,300,"sd","10:27:44",312200
10500,-500,100,"sd","10:27:44",311900
10500,-500,100,"sd","10:27:44",311800
10550,-450,100,"sd","10:27:06",311700
10550,-450,200,"sd","10:27:06",311600
10550,-450,800,"bu","10:25:59",311400
10550,-450,200,"sd","10:25:28",310600
10550,-450,2000,"sd","10:24:43",310400
10550,-450,300,"bu","10:23:13",308400
10550,-450,200,"bu","10:22:48",308100
10500,-500,500,"sd","10:22:47",307900
10500,-500,400,"sd","10:21:53",307400
10500,-500,600,"sd","10:21:53",307000
10500,-500,100,"sd","10:21:21",306400
10550,-450,500,"bu","10:20:14",306300
10550,-450,400,"bu","10:20:14",305800
10550,-450,200,"sd","10:19:00",305400
10550,-450,500,"sd","10:19:00",305200
10550,-450,100,"sd","10:19:00",304700
10550,-450,1500,"sd","10:18:31",304600
10550,-450,400,"sd","10:17:44",303100
10550,-450,500,"sd","10:17:44",302700
10550,-450,6600,"sd","10:17:44",302200
10600,-400,100,"bu","10:17:29",295600
10550,-450,200,"sd","10:17:28",295500
10550,-450,400,"sd","10:17:09",295300
10550,-450,500,"sd","10:16:23",294900
10600,-400,1000,"bu","10:14:39",294400
10600,-400,100,"bu","10:13:15",293400
10600,-400,400,"bu","10:12:27",293300
10600,-400,3000,"bu","10:11:43",292900
10600,-400,100,"bu","10:11:27",289900
10550,-450,200,"sd","10:09:22",289800
10550,-450,500,"sd","10:08:07",289600
10550,-450,10000,"sd","10:07:25",289100
10600,-400,100,"bu","10:06:21",279100
10600,-400,200,"bu","10:05:33",279000
10600,-400,3500,"bu","10:05:15",278800
10600,-400,100,"bu","10:05:06",275300
10600,-400,100,"bu","10:04:15",275200
10550,-450,600,"sd","10:02:08",275100
10550,-450,600,"sd","10:02:08",274500
10550,-450,200,"sd","10:01:39",273900
10500,-500,300,"sd","10:00:47",273700
10550,-450,700,"unknown","09:59:36",273400
10500,-500,1000,"sd","09:58:04",272700
10500,-500,100,"sd","09:58:04",271700
10500,-500,100,"sd","09:58:04",271600
10500,-500,500,"sd","09:58:04",271500
10500,-500,300,"sd","09:58:04",271000
10600,-400,1000,"bu","09:55:56",270700
10600,-400,4700,"sd","09:55:43",269700
10600,-400,2000,"sd","09:55:40",265000
10600,-400,300,"sd","09:55:37",263000
10600,-400,1300,"sd","09:55:31",262700
10600,-400,1000,"sd","09:55:14",261400
10600,-400,700,"sd","09:55:11",260400
10600,-400,1000,"sd","09:55:11",259700
10600,-400,1000,"sd","09:55:11",258700
10600,-400,1400,"sd","09:55:11",257700
10600,-400,600,"sd","09:54:55",256300
10600,-400,200,"sd","09:54:55",255700
10600,-400,200,"sd","09:54:55",255500
10600,-400,1500,"sd","09:54:46",255300
10600,-400,17000,"sd","09:54:44",253800
10600,-400,3000,"sd","09:54:01",236800
10600,-400,2500,"sd","09:53:52",233800
10600,-400,500,"sd","09:53:52",231300
10600,-400,1000,"sd","09:53:52",230800
10650,-350,5000,"sd","09:53:23",229800
10650,-350,1000,"sd","09:53:23",224800
10650,-350,500,"sd","09:53:19",223800
10650,-350,500,"bu","09:51:55",223300
10600,-400,500,"sd","09:51:23",222800
10700,-300,4000,"sd","09:51:15",222300
10700,-300,500,"sd","09:51:15",218300
10700,-300,100,"bu","09:50:53",217800
10700,-300,1500,"bu","09:50:53",217700
10700,-300,900,"bu","09:50:53",216200
10700,-300,1000,"bu","09:50:19",215300
10700,-300,100,"bu","09:49:40",214300
10700,-300,400,"bu","09:49:40",214200
10700,-300,1000,"bu","09:49:37",213800
10600,-400,200,"sd","09:49:15",212800
10600,-400,3300,"bu","09:48:50",212600
10600,-400,1000,"sd","09:48:39",209300
10600,-400,200,"sd","09:48:39",208300
10650,-350,500,"sd","09:48:39",208100
10600,-400,1000,"bu","09:48:21",207600
10600,-400,100,"bu","09:48:05",206600
10600,-400,500,"bu","09:48:05",206500
10600,-400,300,"bu","09:47:50",206000
10550,-450,2000,"bu","09:47:42",205700
10600,-400,600,"bu","09:47:37",203700
10600,-400,300,"bu","09:47:28",203100
10600,-400,500,"bu","09:47:19",202800
10600,-400,500,"bu","09:47:18",202300
10600,-400,500,"bu","09:47:18",201800
10600,-400,200,"bu","09:47:16",201300
10600,-400,500,"bu","09:47:13",201100
10600,-400,300,"bu","09:46:54",200600
10600,-400,800,"bu","09:46:35",200300
10600,-400,200,"bu","09:46:35",199500
10500,-500,900,"bu","09:46:22",199300
10500,-500,100,"bu","09:45:48",198400
10500,-500,200,"bu","09:45:47",198300
10500,-500,300,"bu","09:45:34",198100
10500,-500,200,"bu","09:45:34",197800
10450,-550,300,"bu","09:45:26",197600
10400,-600,400,"bu","09:45:09",197300
10400,-600,1000,"bu","09:45:03",196900
10400,-600,600,"bu","09:45:02",195900
10400,-600,9500,"bu","09:45:01",195300
10350,-650,300,"sd","09:44:56",185800
10400,-600,800,"bu","09:44:48",185500
10400,-600,2400,"bu","09:44:41",184700
10350,-650,5000,"sd","09:44:39",182300
10400,-600,300,"bu","09:44:33",177300
10400,-600,200,"bu","09:44:33",177000
10400,-600,300,"bu","09:44:33",176800
10350,-650,500,"sd","09:44:17",172000
10350,-650,4500,"sd","09:44:17",176500
10400,-600,500,"bu","09:44:04",171500
10400,-600,1000,"sd","09:43:53",171000
10400,-600,1000,"bu","09:43:44",170000
10300,-700,1900,"sd","09:43:33",169000
10450,-550,700,"bu","09:43:08",167100
10400,-600,1000,"bu","09:43:08",166400
10400,-600,900,"bu","09:43:08",165400
10300,-700,1000,"bu","09:43:07",164500
10300,-700,1000,"bu","09:43:07",163500
10300,-700,1700,"sd","09:43:03",162500
10300,-700,100,"sd","09:43:03",160800
10300,-700,1000,"sd","09:43:01",160700
10400,-600,500,"bu","09:43:00",159700
10300,-700,1000,"sd","09:42:53",159200
10450,-550,100,"sd","09:42:48",158200
10450,-550,1700,"sd","09:42:48",158100
10450,-550,300,"sd","09:42:21",156400
10500,-500,200,"bu","09:42:00",156100
10500,-500,600,"bu","09:41:58",155900
10500,-500,200,"sd","09:41:55",155300
10500,-500,4800,"sd","09:41:55",155100
10500,-500,200,"sd","09:41:45",150300
10500,-500,500,"sd","09:41:45",150100
10500,-500,200,"sd","09:41:45",149600
10500,-500,500,"sd","09:41:45",149400
10500,-500,3200,"sd","09:41:45",148900
10500,-500,1600,"sd","09:41:45",145700
10500,-500,400,"sd","09:41:45",144100
10550,-450,1000,"sd","09:41:45",143700
10550,-450,2400,"sd","09:41:45",142700
10550,-450,2600,"sd","09:41:24",140300
10600,-400,1000,"sd","09:41:17",137700
10600,-400,300,"sd","09:41:17",136700
10600,-400,3000,"sd","09:41:17",136400
10600,-400,300,"sd","09:41:17",133400
10650,-350,400,"bu","09:41:08",133100
10650,-350,1500,"sd","09:41:08",132700
10650,-350,400,"sd","09:41:08",131200
10650,-350,1000,"sd","09:41:07",130800
10700,-300,500,"sd","09:40:35",129800
10700,-300,2100,"sd","09:40:35",129300
10700,-300,900,"sd","09:40:12",127200
10700,-300,600,"sd","09:40:12",126300
10700,-300,1000,"sd","09:40:11",125700
10800,-200,200,"bu","09:39:23",124700
10800,-200,3100,"bu","09:39:23",124500
10700,-300,400,"sd","09:39:19",121400
10850,-150,6800,"sd","09:38:25",121000
10900,-100,600,"sd","09:38:25",114200
10800,-200,2000,"sd","09:38:25",113600
10800,-200,2000,"sd","09:38:25",111600
10850,-150,500,"sd","09:38:25",109600
10900,-100,400,"sd","09:38:15",109100
10900,-100,100,"sd","09:38:15",108700
10900,-100,300,"sd","09:36:47",108600
10900,-100,500,"sd","09:35:50",108300
10900,-100,200,"sd","09:35:50",107800
10900,-100,1300,"sd","09:35:50",107600
10900,-100,500,"sd","09:35:32",106300
10950,-50,800,"sd","09:34:31",105800
10950,-50,1200,"sd","09:34:29",105000
10950,-50,300,"sd","09:34:29",103800
10950,-50,1100,"sd","09:34:29",103500
11000,0,200,"bu","09:31:18",102400
11000,0,200,"bu","09:31:18",102200
11000,0,300,"bu","09:31:18",102000
11000,0,1000,"bu","09:31:18",101700
11000,0,100,"bu","09:31:18",100700
11000,0,2800,"bu","09:31:18",100600
11000,0,600,"bu","09:30:35",97800
11000,0,1500,"bu","09:29:47",97200
11000,0,5000,"bu","09:29:43",95700
11000,0,6100,"bu","09:29:40",90700
11000,0,200,"bu","09:29:40",84600
11000,0,700,"bu","09:29:40",84400
11000,0,100,"bu","09:29:40",83700
11000,0,2000,"bu","09:29:40",83600
11000,0,500,"bu","09:29:40",81600
11000,0,300,"bu","09:29:40",81100
11000,0,500,"bu","09:29:40",80800
11000,0,500,"bu","09:29:09",80300
11000,0,1000,"bu","09:29:09",79800
11000,0,200,"bu","09:29:09",78800
11000,0,8900,"bu","09:29:09",78600
11000,0,500,"bu","09:29:09",69700
11000,0,400,"bu","09:29:09",69200
11000,0,8000,"bu","09:29:09",68800
11000,0,5000,"bu","09:29:09",60800
11000,0,300,"bu","09:29:09",55800
11000,0,100,"bu","09:29:09",55500
11000,0,200,"bu","09:29:09",55400
11000,0,4900,"bu","09:29:09",55200
11000,0,100,"bu","09:27:39",50300
11000,0,500,"bu","09:27:39",50200
11000,0,700,"bu","09:27:39",49700
10950,-50,1200,"bu","09:26:49",49000
10950,-50,1300,"bu","09:26:44",47800
10950,-50,300,"bu","09:26:06",46500
10950,-50,200,"sd","09:26:01",46200
10950,-50,200,"bu","09:25:57",46000
10950,-50,700,"bu","09:25:19",45800
10950,-50,300,"sd","09:24:34",45100
10950,-50,500,"sd","09:24:20",44800
10950,-50,200,"sd","09:23:36",44300
10950,-50,100,"sd","09:23:36",44100
10950,-50,500,"sd","09:23:07",44000
10950,-50,500,"sd","09:22:56",43500
10950,-50,100,"bu","09:22:07",43000
10950,-50,1000,"bu","09:22:01",42900
10950,-50,1000,"bu","09:21:20",41900
10950,-50,100,"bu","09:20:36",40900
10950,-50,500,"bu","09:20:36",40800
10950,-50,1600,"bu","09:20:36",40300
10950,-50,3500,"bu","09:20:15",38700
10950,-50,200,"bu","09:20:15",35200
10900,-100,200,"sd","09:20:09",35000
10900,-100,1000,"sd","09:20:09",34800
10900,-100,1000,"sd","09:19:10",33800
10900,-100,200,"sd","09:19:10",32800
10900,-100,300,"sd","09:19:10",32600
10900,-100,500,"sd","09:19:10",32300
10900,-100,5000,"sd","09:18:13",31800
10950,-50,300,"sd","09:17:47",26800
10950,-50,400,"bu","09:17:07",26500
10950,-50,100,"bu","09:16:47",26100
10900,-100,2000,"sd","09:16:44",26000
10900,-100,100,"sd","09:16:28",24000
10900,-100,300,"sd","09:15:41",23900
10900,-100,12100,"sd","09:15:36",23600
10900,-100,4900,"sd","09:15:36",11500
10900,-100,100,"sd","09:15:02",6600
10950,-50,6500,"bu","09:15:00",6500
