"price","change","match_qtty","side","time","total_vol"
16300,100,61600,"unknown","14:45:00",2024600
16200,0,100,"bu","14:29:55",1963000
16200,0,200,"bu","14:29:47",1962900
16200,0,5000,"bu","14:29:47",1962700
16200,0,500,"bu","14:29:47",1957700
16200,0,1000,"bu","14:29:47",1957200
16200,0,500,"bu","14:29:47",1956200
16200,0,200,"bu","14:29:47",1955700
16200,0,12600,"bu","14:29:47",1955500
16150,-50,700,"sd","14:29:06",1942900
16150,-50,500,"sd","14:29:06",1942200
16150,-50,500,"sd","14:29:06",1941700
16150,-50,300,"sd","14:29:06",1941200
16200,0,300,"bu","14:29:06",1940900
16200,0,1000,"bu","14:28:51",1940600
16200,0,100,"bu","14:28:48",1939600
16200,0,100,"bu","14:28:45",1939500
16200,0,900,"bu","14:28:37",1939400
16200,0,100,"bu","14:28:37",1938500
16200,0,400,"bu","14:28:35",1938400
16200,0,200,"bu","14:28:35",1938000
16150,-50,500,"sd","14:27:52",1937800
16150,-50,300,"sd","14:27:48",1937300
16150,-50,200,"sd","14:27:46",1937000
16150,-50,3000,"sd","14:27:33",1936800
16150,-50,400,"bu","14:27:05",1933800
16150,-50,400,"bu","14:27:05",1933400
16150,-50,1000,"bu","14:27:05",1933000
16100,-100,200,"sd","14:27:03",1932000
16150,-50,2200,"bu","14:27:01",1931800
16150,-50,100,"bu","14:27:01",1929600
16150,-50,100,"bu","14:27:01",1929500
16150,-50,600,"bu","14:27:01",1929400
16150,-50,2000,"bu","14:27:01",1928800
16150,-50,200,"bu","14:26:56",1926800
16150,-50,300,"bu","14:26:39",1926600
16100,-100,100,"sd","14:26:18",1926300
16100,-100,100,"sd","14:25:15",1926200
16100,-100,100,"sd","14:25:05",1926100
16100,-100,800,"sd","14:24:50",1926000
16100,-100,200,"sd","14:24:50",1925200
16100,-100,400,"sd","14:24:35",1925000
16100,-100,5000,"sd","14:24:15",1924600
16100,-100,500,"sd","14:23:48",1919600
16100,-100,200,"sd","14:23:10",1919100
16100,-100,100,"sd","14:23:06",1918900
16100,-100,1000,"sd","14:22:55",1918800
16150,-50,100,"bu","14:22:04",1917800
16150,-50,100,"bu","14:20:30",1917700
16100,-100,2600,"sd","14:20:03",1917600
16100,-100,100,"sd","14:20:03",1915000
16150,-50,2600,"sd","14:19:48",1914900
16150,-50,100,"sd","14:19:48",1912300
16150,-50,2800,"sd","14:19:48",1912200
16150,-50,3200,"sd","14:19:48",1909400
16150,-50,100,"sd","14:19:41",1906200
16150,-50,700,"sd","14:19:36",1906100
16150,-50,5000,"sd","14:19:24",1905400
16150,-50,1000,"sd","14:19:23",1900400
16150,-50,500,"sd","14:19:02",1899400
16200,0,3000,"bu","14:19:01",1898900
16150,-50,100,"sd","14:18:39",1895900
16150,-50,1000,"sd","14:18:32",1895800
16150,-50,1000,"bu","14:18:06",1894800
16150,-50,200,"bu","14:18:06",1893800
16150,-50,100,"bu","14:18:06",1893600
16150,-50,6400,"bu","14:18:06",1893500
16150,-50,3200,"bu","14:17:57",1887100
16150,-50,400,"bu","14:17:10",1883900
16150,-50,2600,"bu","14:17:10",1883500
16150,-50,800,"sd","14:16:53",1880900
16150,-50,500,"sd","14:16:53",1880100
16150,-50,100,"sd","14:16:53",1879600
16150,-50,3000,"sd","14:16:53",1879500
16150,-50,1000,"sd","14:16:49",1876500
16150,-50,500,"sd","14:16:08",1875500
16150,-50,300,"bu","14:16:05",1875000
16150,-50,100,"bu","14:16:05",1874700
16150,-50,100,"bu","14:16:05",1874600
16150,-50,1200,"bu","14:16:05",1874500
16150,-50,300,"bu","14:15:57",1873300
16150,-50,100,"bu","14:15:54",1873000
16150,-50,200,"bu","14:15:45",1872900
16150,-50,200,"bu","14:15:44",1872700
16150,-50,100,"bu","14:15:39",1872500
16150,-50,4000,"bu","14:15:34",1872400
16150,-50,400,"bu","14:14:50",1868400
16100,-100,100,"sd","14:14:34",1868000
16100,-100,1000,"bu","14:14:08",1867900
16100,-100,200,"bu","14:14:08",1866900
16100,-100,1000,"bu","14:14:05",1866700
16100,-100,500,"sd","14:13:50",1865700
16100,-100,900,"sd","14:13:50",1865200
16100,-100,100,"sd","14:13:50",1864300
16100,-100,7000,"sd","14:13:50",1864200
16100,-100,300,"sd","14:13:50",1857200
16100,-100,100,"sd","14:13:13",1856900
16100,-100,20000,"sd","14:12:38",1856800
16150,-50,3500,"bu","14:12:16",1836800
16150,-50,500,"bu","14:12:16",1833300
16100,-100,300,"bu","14:12:16",1832800
16100,-100,500,"bu","14:12:16",1832500
16100,-100,2000,"bu","14:12:16",1832000
16100,-100,1000,"bu","14:12:16",1830000
16100,-100,500,"bu","14:12:16",1829000
16100,-100,100,"bu","14:12:16",1828500
16100,-100,500,"bu","14:12:16",1828400
16100,-100,1000,"bu","14:12:16",1827900
16100,-100,5000,"bu","14:12:16",1826900
16100,-100,100,"bu","14:12:16",1821900
16100,-100,5000,"bu","14:12:16",1821800
16050,-150,900,"sd","14:10:26",1816800
16050,-150,100,"sd","14:10:26",1815900
16050,-150,3100,"sd","14:10:26",1815800
16050,-150,200,"sd","14:10:26",1812700
16050,-150,500,"sd","14:10:26",1812500
16050,-150,200,"sd","14:10:26",1812000
16050,-150,1300,"bu","14:10:02",1811800
16050,-150,200,"bu","14:10:00",1810500
16050,-150,8500,"sd","14:10:00",1810300
16050,-150,1000,"sd","14:09:48",1801800
16050,-150,500,"sd","14:09:28",1800800
16050,-150,2000,"sd","14:09:28",1800300
16050,-150,1000,"bu","14:09:28",1798300
16050,-150,2000,"bu","14:09:28",1797300
16050,-150,200,"bu","14:09:28",1795300
16050,-150,4900,"bu","14:09:28",1795100
16000,-200,100,"sd","14:07:46",1790200
16000,-200,5000,"sd","14:07:22",1790100
16000,-200,100,"bu","14:06:54",1785100
16000,-200,2000,"bu","14:06:54",1785000
16000,-200,1000,"bu","14:06:54",1783000
16000,-200,500,"bu","14:06:54",1782000
16000,-200,200,"bu","14:06:54",1781500
16000,-200,1200,"bu","14:06:54",1781300
15950,-250,3800,"bu","14:03:16",1780100
15950,-250,600,"bu","14:03:16",1776300
15900,-300,1000,"sd","14:03:14",1775700
15900,-300,6400,"sd","14:01:18",1774700
15900,-300,500,"sd","14:01:18",1768300
15900,-300,200,"sd","14:01:18",1767800
15900,-300,500,"sd","14:01:18",1767600
15900,-300,400,"sd","14:01:18",1767100
15900,-300,1500,"sd","14:01:18",1766700
15900,-300,500,"sd","14:01:18",1765200
15950,-250,3000,"bu","14:00:21",1764700
15900,-300,500,"sd","14:00:20",1761700
15900,-300,100,"sd","14:00:20",1761200
15900,-300,200,"sd","14:00:20",1761100
15900,-300,1000,"sd","14:00:20",1760900
15900,-300,2900,"sd","14:00:20",1759900
15950,-250,200,"bu","14:00:02",1757000
15950,-250,200,"bu","13:59:10",1756800
15950,-250,500,"bu","13:58:36",1756600
15950,-250,2300,"bu","13:58:35",1756100
15950,-250,700,"bu","13:58:35",1753800
15950,-250,1100,"bu","13:58:22",1753100
15950,-250,1000,"bu","13:58:19",1752000
15950,-250,200,"bu","13:58:04",1751000
15950,-250,3000,"sd","13:57:52",1750800
15950,-250,1000,"sd","13:57:52",1747800
15950,-250,100,"sd","13:57:46",1746800
15950,-250,200,"sd","13:57:46",1746700
15950,-250,200,"sd","13:57:46",1746500
15950,-250,600,"bu","13:56:11",1746300
15950,-250,200,"bu","13:56:10",1745700
15950,-250,1000,"bu","13:55:31",1745500
15950,-250,500,"bu","13:55:18",1744500
15950,-250,100,"bu","13:55:10",1744000
15950,-250,200,"bu","13:55:09",1743900
15950,-250,500,"sd","13:54:15",1743700
15950,-250,100,"sd","13:54:15",1743200
15950,-250,10000,"sd","13:54:15",1743100
15950,-250,600,"sd","13:54:15",1733100
15950,-250,1000,"sd","13:54:15",1732500
15950,-250,200,"sd","13:54:15",1731500
15950,-250,2800,"sd","13:54:14",1731300
15950,-250,200,"sd","13:54:14",1728500
15950,-250,500,"sd","13:54:14",1728300
15950,-250,1500,"sd","13:54:14",1727800
16000,-200,500,"sd","13:54:08",1726300
16000,-200,2800,"sd","13:54:08",1725800
16000,-200,100,"sd","13:54:08",1723000
16000,-200,100,"sd","13:54:04",1722900
16000,-200,3000,"sd","13:54:04",1722800
16000,-200,1900,"sd","13:54:04",1719800
16000,-200,1000,"sd","13:53:34",1717900
16000,-200,100,"sd","13:53:04",1716900
16000,-200,200,"sd","13:53:04",1716800
16000,-200,300,"sd","13:53:04",1716600
16000,-200,100,"sd","13:53:04",1716300
16000,-200,800,"sd","13:53:00",1716200
16000,-200,100,"sd","13:52:29",1715400
16000,-200,600,"sd","13:52:29",1715300
16000,-200,3000,"sd","13:52:29",1714700
16000,-200,1000,"sd","13:52:29",1711700
16000,-200,100,"sd","13:52:29",1710700
16000,-200,4600,"sd","13:52:29",1710600
16000,-200,500,"sd","13:52:13",1706000
16000,-200,800,"sd","13:51:58",1705500
16000,-200,2600,"sd","13:51:28",1704700
16000,-200,2700,"sd","13:51:28",1702100
16050,-150,100,"sd","13:50:32",1699400
16050,-150,100,"sd","13:50:21",1699300
16050,-150,900,"sd","13:50:21",1699200
16050,-150,100,"bu","13:48:51",1698300
16050,-150,1000,"bu","13:48:36",1698200
16050,-150,500,"bu","13:48:06",1697200
16050,-150,400,"bu","13:47:54",1696700
16050,-150,600,"bu","13:47:54",1696300
16000,-200,400,"sd","13:47:45",1695700
16000,-200,200,"sd","13:47:19",1695300
16050,-150,1000,"bu","13:47:16",1695100
16050,-150,100,"bu","13:47:14",1694100
16050,-150,300,"bu","13:47:04",1694000
16050,-150,200,"unknown","13:46:24",1693700
16050,-150,1200,"unknown","13:46:24",1693500
16000,-200,200,"sd","13:46:00",1692300
16050,-150,3800,"bu","13:45:55",1692100
16050,-150,500,"bu","13:45:55",1688300
16050,-150,500,"bu","13:45:55",1687800
16050,-150,200,"bu","13:45:55",1687300
16000,-200,500,"sd","13:45:04",1687100
16050,-150,100,"bu","13:44:43",1686600
16050,-150,4700,"bu","13:44:35",1686500
16000,-200,100,"bu","13:44:04",1681800
16000,-200,100,"bu","13:44:04",1681700
16000,-200,2000,"bu","13:44:04",1681600
16000,-200,2000,"bu","13:44:04",1679600
16000,-200,400,"bu","13:44:04",1677600
16000,-200,1000,"bu","13:44:04",1677200
16000,-200,50000,"bu","13:44:04",1676200
16000,-200,1000,"bu","13:44:04",1626200
16000,-200,300,"bu","13:44:04",1625200
16000,-200,2000,"bu","13:44:04",1624900
16000,-200,1000,"bu","13:44:04",1622900
16000,-200,700,"bu","13:44:04",1621900
16000,-200,3000,"bu","13:44:04",1621200
16000,-200,100,"bu","13:44:04",1618200
16000,-200,2100,"bu","13:44:04",1618100
16000,-200,200,"bu","13:44:04",1616000
16000,-200,300,"bu","13:44:03",1615800
16000,-200,1400,"bu","13:44:03",1615500
16000,-200,500,"bu","13:43:38",1614100
16000,-200,500,"bu","13:43:10",1613600
16000,-200,100,"bu","13:42:54",1613100
16000,-200,1000,"bu","13:42:38",1613000
16000,-200,200,"bu","13:42:33",1612000
15950,-250,500,"sd","13:40:51",1611800
15950,-250,300,"sd","13:40:37",1611300
15950,-250,200,"sd","13:40:37",1611000
15950,-250,100,"sd","13:40:28",1610800
15950,-250,200,"sd","13:40:15",1610700
15950,-250,100,"sd","13:39:50",1610500
15950,-250,100,"bu","13:39:40",1610400
15950,-250,1900,"bu","13:39:21",1610300
15950,-250,15100,"bu","13:39:21",1608400
15900,-300,2100,"sd","13:39:20",1593300
15900,-300,200,"sd","13:39:20",1591200
15900,-300,2000,"sd","13:39:20",1591000
15900,-300,100,"sd","13:39:20",1589000
15900,-300,600,"sd","13:39:20",1588900
15950,-250,100,"bu","13:39:16",1588300
15950,-250,200,"bu","13:38:52",1588200
15950,-250,500,"bu","13:38:44",1588000
15950,-250,1000,"bu","13:38:40",1587500
15950,-250,100,"bu","13:38:39",1586500
15950,-250,3000,"bu","13:38:39",1586400
15950,-250,800,"bu","13:38:39",1583400
15950,-250,1200,"bu","13:38:39",1582600
15950,-250,1000,"bu","13:38:35",1581400
15950,-250,400,"bu","13:37:47",1580400
15950,-250,500,"bu","13:37:35",1580000
15900,-300,200,"sd","13:36:09",1579500
15900,-300,500,"sd","13:35:31",1579300
15950,-250,100,"bu","13:31:41",1578800
15950,-250,5000,"bu","13:30:29",1578700
15950,-250,500,"bu","13:30:29",1573700
15950,-250,1000,"bu","13:30:27",1573200
15950,-250,300,"bu","13:30:10",1572200
15950,-250,300,"bu","13:30:10",1571900
15950,-250,4400,"bu","13:30:10",1571600
15950,-250,1000,"bu","13:29:20",1567200
15950,-250,3300,"bu","13:29:06",1566200
15950,-250,1200,"bu","13:28:44",1562900
15950,-250,100,"bu","13:28:22",1561700
15950,-250,100,"bu","13:28:22",1561600
15950,-250,200,"bu","13:27:21",1561500
15950,-250,700,"bu","13:27:05",1561300
15950,-250,300,"bu","13:27:05",1560600
15900,-300,700,"sd","13:26:01",1560300
15950,-250,400,"bu","13:24:46",1559600
15950,-250,100,"bu","13:24:46",1559200
15950,-250,2500,"bu","13:24:46",1559100
15950,-250,2000,"bu","13:24:46",1556600
15950,-250,5000,"bu","13:24:05",1554600
15900,-300,5000,"sd","13:23:07",1549600
15950,-250,500,"bu","13:22:56",1544600
15950,-250,1000,"bu","13:22:23",1544100
15900,-300,8000,"sd","13:22:23",1543100
15900,-300,500,"sd","13:22:23",1535100
15900,-300,100,"sd","13:22:23",1534600
15900,-300,100,"sd","13:22:23",1534500
15900,-300,300,"sd","13:22:23",1534400
15900,-300,1000,"sd","13:22:23",1534100
15950,-250,100,"sd","13:22:19",1533100
15950,-250,100,"sd","13:22:19",1533000
15950,-250,1300,"sd","13:22:19",1532900
15950,-250,200,"sd","13:22:03",1531600
15950,-250,400,"sd","13:21:53",1531400
16000,-200,500,"bu","13:21:44",1531000
16000,-200,2500,"bu","13:19:53",1530500
15950,-250,100,"bu","13:19:17",1528000
15950,-250,600,"bu","13:18:41",1527900
15950,-250,100,"sd","13:18:27",1527300
15950,-250,200,"sd","13:18:27",1527200
15950,-250,100,"sd","13:18:27",1527000
15950,-250,100,"sd","13:18:27",1526900
15950,-250,100,"sd","13:18:27",1526800
15950,-250,1000,"bu","13:17:04",1526700
15950,-250,700,"bu","13:17:04",1525700
15950,-250,300,"bu","13:16:59",1525000
15950,-250,200,"bu","13:16:59",1524700
15900,-300,1600,"bu","13:16:50",1524500
15900,-300,1000,"bu","13:16:50",1522900
15900,-300,1000,"bu","13:16:50",1521900
15900,-300,6600,"bu","13:16:50",1520900
15900,-300,600,"bu","13:16:46",1514300
15900,-300,200,"bu","13:15:49",1513700
15900,-300,100,"bu","13:15:37",1513500
15850,-350,1000,"sd","13:15:22",1513400
15900,-300,100,"bu","13:15:10",1512400
15900,-300,500,"bu","13:15:06",1512300
15850,-350,200,"sd","13:14:53",1511800
15850,-350,1300,"sd","13:14:53",1511600
15850,-350,500,"sd","13:14:53",1510300
15850,-350,500,"bu","13:12:53",1509800
15850,-350,500,"sd","13:12:43",1509300
15850,-350,100,"sd","13:12:43",1508800
15850,-350,400,"sd","13:11:58",1508700
15850,-350,100,"sd","13:11:58",1508300
15850,-350,300,"sd","13:11:58",1508200
15850,-350,200,"sd","13:11:58",1507900
15850,-350,300,"sd","13:11:27",1507700
15850,-350,100,"sd","13:11:27",1507400
15850,-350,500,"sd","13:11:27",1507300
15850,-350,400,"sd","13:10:11",1506800
15850,-350,1000,"sd","13:10:07",1506400
15850,-350,100,"sd","13:09:49",1505400
15850,-350,100,"sd","13:09:49",1505300
15850,-350,200,"sd","13:09:49",1505200
15900,-300,1800,"bu","13:08:14",1505000
15900,-300,5000,"bu","13:08:07",1503200
15900,-300,3000,"bu","13:08:02",1498200
15900,-300,500,"bu","13:07:32",1495200
15900,-300,9000,"bu","13:06:50",1494700
15800,-400,900,"sd","13:06:39",1485700
15850,-350,100,"sd","13:06:39",1484800
15800,-400,7300,"sd","13:06:13",1484700
15800,-400,600,"sd","13:06:13",1477400
15800,-400,500,"sd","13:06:13",1476800
15800,-400,300,"sd","13:06:13",1476300
15800,-400,1000,"sd","13:06:13",1476000
15800,-400,1500,"sd","13:06:13",1475000
15800,-400,8000,"sd","13:06:13",1473500
15800,-400,10000,"sd","13:06:13",1465500
15800,-400,1000,"sd","13:06:13",1455500
15800,-400,100,"sd","13:06:13",1454500
15800,-400,100,"sd","13:06:13",1454400
15800,-400,2000,"sd","13:06:13",1454300
15800,-400,1000,"sd","13:06:13",1452300
15800,-400,10000,"sd","13:06:13",1451300
15800,-400,500,"sd","13:06:13",1441300
15850,-350,300,"sd","13:06:13",1440800
15800,-400,100,"sd","13:06:13",1440500
15800,-400,5000,"sd","13:06:13",1440400
15800,-400,400,"sd","13:06:13",1435400
15800,-400,300,"sd","13:06:13",1435000
15850,-350,1000,"bu","13:06:12",1434700
15850,-350,1300,"bu","13:06:12",1433700
15850,-350,300,"bu","13:06:08",1432400
15850,-350,100,"bu","13:05:05",1432100
15850,-350,1100,"bu","13:04:59",1432000
15850,-350,300,"bu","13:04:56",1430900
15850,-350,100,"sd","13:04:52",1430600
15850,-350,9000,"sd","13:04:52",1430500
15850,-350,500,"sd","13:04:52",1421500
15850,-350,300,"sd","13:04:52",1421000
15850,-350,1200,"sd","13:04:25",1420700
15850,-350,100,"sd","13:04:19",1419500
15850,-350,1000,"sd","13:03:50",1419400
15850,-350,100,"sd","13:03:48",1418400
15850,-350,300,"sd","13:03:03",1418300
15850,-350,1000,"sd","13:02:37",1418000
15850,-350,200,"sd","13:02:05",1417000
15850,-350,2100,"sd","13:02:05",1416800
15850,-350,100,"sd","13:02:05",1414700
15850,-350,1000,"sd","13:02:05",1414600
15850,-350,200,"sd","13:02:05",1413600
15850,-350,100,"sd","13:02:05",1413400
15850,-350,300,"sd","13:02:05",1413300
15850,-350,1000,"sd","13:02:05",1413000
15850,-350,500,"sd","13:02:05",1412000
15850,-350,200,"sd","13:02:05",1411500
15850,-350,300,"sd","13:02:05",1411300
15850,-350,400,"sd","13:02:05",1411000
15850,-350,500,"sd","13:01:53",1410600
15850,-350,700,"sd","13:01:53",1410100
15850,-350,100,"sd","13:01:24",1409400
15850,-350,3000,"sd","13:00:43",1409300
15850,-350,1200,"sd","13:00:06",1406300
15850,-350,200,"sd","13:00:06",1405100
15850,-350,400,"sd","13:00:06",1404900
15850,-350,1000,"sd","13:00:06",1404500
15900,-300,5000,"bu","13:00:01",1403500
15850,-350,1500,"sd","11:29:45",1398500
15850,-350,100,"sd","11:29:41",1397000
15900,-300,100,"bu","11:29:34",1396900
15900,-300,300,"bu","11:29:18",1396800
15900,-300,10000,"sd","11:27:46",1396500
15900,-300,1000,"sd","11:27:46",1386500
15900,-300,1000,"sd","11:27:46",1385500
15900,-300,3700,"sd","11:27:46",1384500
15950,-250,100,"sd","11:27:46",1380800
15950,-250,1400,"sd","11:27:46",1380700
16000,-200,1000,"bu","11:26:59",1379300
15950,-250,600,"sd","11:26:57",1378300
16000,-200,500,"bu","11:25:24",1377700
16000,-200,200,"bu","11:24:46",1377200
16000,-200,4900,"bu","11:24:15",1377000
16000,-200,1000,"bu","11:24:15",1372100
16000,-200,500,"bu","11:24:15",1371100
16000,-200,2100,"bu","11:24:15",1370600
16000,-200,100,"bu","11:21:07",1368500
15950,-250,1500,"bu","11:21:06",1368400
15950,-250,100,"bu","11:20:55",1366900
15950,-250,1000,"bu","11:20:45",1366800
15950,-250,200,"bu","11:20:00",1365800
15950,-250,100,"bu","11:19:10",1365600
15950,-250,100,"sd","11:19:04",1365500
15950,-250,100,"sd","11:18:52",1365400
16000,-200,2000,"bu","11:17:23",1365300
16000,-200,200,"bu","11:16:15",1363300
16000,-200,1400,"sd","11:14:36",1363100
16000,-200,100,"sd","11:14:30",1361700
16000,-200,1300,"bu","11:13:57",1361600
16000,-200,500,"bu","11:13:57",1360300
16000,-200,1500,"bu","11:13:44",1359800
16000,-200,500,"bu","11:13:44",1358300
16000,-200,500,"bu","11:13:44",1357800
16000,-200,1000,"bu","11:13:44",1357300
16000,-200,1000,"bu","11:12:29",1356300
16000,-200,100,"bu","11:12:29",1355300
16000,-200,300,"bu","11:12:29",1355200
16000,-200,400,"bu","11:12:29",1354900
16000,-200,400,"bu","11:12:29",1354500
16000,-200,200,"bu","11:12:29",1354100
16000,-200,100,"bu","11:12:29",1353900
16000,-200,500,"bu","11:12:29",1353800
16000,-200,5000,"bu","11:12:29",1353300
16000,-200,1000,"bu","11:12:29",1348300
16000,-200,6000,"bu","11:12:29",1347300
16000,-200,100,"bu","11:12:29",1341300
16000,-200,100,"bu","11:12:29",1341200
16000,-200,100,"bu","11:12:29",1341100
16000,-200,100,"bu","11:12:29",1341000
16000,-200,100,"bu","11:12:29",1340900
16000,-200,200,"bu","11:12:29",1340800
15950,-250,700,"bu","11:12:29",1340600
15950,-250,100,"bu","11:12:29",1339900
15950,-250,400,"bu","11:12:29",1339800
15950,-250,100,"bu","11:12:29",1339400
15950,-250,300,"bu","11:12:29",1339300
15950,-250,1000,"bu","11:11:57",1339000
15950,-250,200,"bu","11:11:21",1338000
15950,-250,100,"bu","11:11:09",1337800
15900,-300,2600,"sd","11:10:38",1337700
15900,-300,500,"sd","11:10:38",1335100
15900,-300,400,"sd","11:10:38",1334600
15900,-300,300,"sd","11:10:38",1334200
15900,-300,200,"sd","11:10:38",1333900
15900,-300,1600,"sd","11:10:38",1333700
15900,-300,4800,"sd","11:10:06",1332100
15900,-300,1000,"sd","11:10:00",1327300
15900,-300,1000,"bu","11:05:41",1326300
15900,-300,1000,"bu","11:05:41",1325300
15900,-300,600,"bu","11:05:41",1324300
15900,-300,100,"bu","11:05:31",1323700
15900,-300,300,"bu","11:05:26",1323600
15900,-300,600,"bu","11:05:26",1323300
15900,-300,300,"bu","11:04:18",1322700
15900,-300,600,"sd","11:03:07",1322400
15900,-300,3500,"sd","11:02:49",1321800
15900,-300,500,"bu","11:02:05",1318300
15900,-300,400,"bu","11:02:05",1317800
15900,-300,200,"bu","11:01:57",1317400
15900,-300,400,"bu","11:01:47",1317200
15900,-300,100,"bu","11:01:47",1316800
15900,-300,500,"bu","11:01:30",1316700
15900,-300,1400,"bu","11:01:10",1316200
15900,-300,3000,"bu","11:01:10",1314800
15900,-300,1400,"bu","11:01:10",1311800
15900,-300,4200,"bu","11:01:10",1310400
15850,-350,200,"sd","10:59:52",1306200
15850,-350,7500,"bu","10:59:50",1306000
15850,-350,9700,"bu","10:59:50",1298500
15850,-350,100,"bu","10:59:46",1288800
15850,-350,1000,"bu","10:59:10",1288700
15850,-350,100,"bu","10:58:43",1287700
15850,-350,200,"bu","10:58:07",1287600
15850,-350,200,"bu","10:57:03",1287400
15850,-350,3700,"bu","10:56:41",1287200
15850,-350,1000,"bu","10:56:41",1283500
15850,-350,100,"bu","10:56:41",1282500
15850,-350,200,"bu","10:56:41",1282400
15850,-350,1000,"bu","10:56:38",1282200
15800,-400,300,"bu","10:55:57",1281200
15800,-400,100,"bu","10:55:48",1280900
15800,-400,1000,"bu","10:55:31",1280800
15800,-400,4000,"bu","10:55:31",1279800
15800,-400,200,"bu","10:55:22",1275800
15800,-400,200,"bu","10:55:08",1275600
15800,-400,500,"bu","10:55:01",1275400
15800,-400,200,"sd","10:54:49",1274900
15800,-400,5000,"sd","10:54:49",1274700
15800,-400,200,"sd","10:54:49",1269700
15800,-400,300,"sd","10:54:49",1269500
15800,-400,500,"sd","10:54:49",1269200
15800,-400,1000,"sd","10:54:49",1268700
15800,-400,200,"sd","10:54:49",1267700
15800,-400,1000,"sd","10:54:49",1267500
15800,-400,1300,"sd","10:54:49",1266500
15800,-400,200,"sd","10:54:49",1265200
15800,-400,1000,"sd","10:54:49",1265000
15800,-400,100,"sd","10:54:49",1264000
15800,-400,100,"sd","10:54:49",1263900
15800,-400,500,"sd","10:54:32",1263800
15800,-400,1500,"sd","10:54:28",1263300
15800,-400,500,"sd","10:54:28",1261800
15800,-400,500,"sd","10:53:10",1261300
15850,-350,200,"bu","10:53:03",1260800
15850,-350,500,"bu","10:53:03",1260600
15850,-350,200,"bu","10:52:53",1260100
15850,-350,5000,"bu","10:52:45",1259900
15800,-400,300,"bu","10:49:55",1254900
15800,-400,400,"bu","10:49:54",1254600
15800,-400,9600,"bu","10:49:54",1254200
15800,-400,400,"bu","10:49:48",1244600
15800,-400,100,"bu","10:49:48",1244200
15800,-400,1000,"bu","10:49:27",1244100
15800,-400,500,"bu","10:49:13",1243100
15800,-400,200,"bu","10:48:57",1242600
15800,-400,500,"bu","10:48:51",1242400
15800,-400,500,"bu","10:48:41",1241900
15800,-400,300,"bu","10:48:39",1241400
15800,-400,2000,"bu","10:48:25",1241100
15800,-400,100,"bu","10:48:18",1239100
15800,-400,500,"bu","10:48:11",1239000
15800,-400,4000,"bu","10:48:11",1238500
15800,-400,1000,"bu","10:48:08",1234500
15800,-400,3000,"bu","10:48:03",1233500
15800,-400,5000,"bu","10:47:58",1230500
15800,-400,1000,"bu","10:47:53",1225500
15800,-400,300,"bu","10:47:51",1224500
15800,-400,1700,"bu","10:47:51",1224200
15800,-400,1000,"bu","10:47:22",1222500
15700,-500,100,"sd","10:47:19",1221500
15700,-500,500,"sd","10:47:19",1221400
15700,-500,2000,"sd","10:47:19",1220900
15700,-500,400,"sd","10:47:19",1218900
15700,-500,300,"sd","10:47:19",1218500
15700,-500,1000,"sd","10:47:19",1218200
15700,-500,500,"sd","10:47:19",1217200
15700,-500,500,"sd","10:47:19",1216700
15700,-500,300,"sd","10:47:19",1216200
15700,-500,500,"sd","10:47:19",1215900
15700,-500,2700,"sd","10:47:19",1215400
15700,-500,1000,"sd","10:46:50",1212700
15700,-500,200,"sd","10:46:40",1211700
15750,-450,100,"sd","10:46:40",1211500
15750,-450,700,"sd","10:46:40",1211400
15750,-450,1400,"sd","10:46:40",1210700
15750,-450,3000,"sd","10:46:36",1209300
15750,-450,2000,"sd","10:46:27",1206300
15750,-450,100,"sd","10:46:23",1204300
15750,-450,3500,"sd","10:45:59",1204200
15750,-450,100,"sd","10:45:59",1200700
15750,-450,1000,"sd","10:45:59",1200600
15750,-450,900,"sd","10:45:59",1199600
15800,-400,300,"bu","10:45:59",1198700
15800,-400,500,"bu","10:45:59",1198400
15750,-450,100,"sd","10:45:55",1197900
15700,-500,6100,"sd","10:45:20",1197800
15700,-500,1000,"sd","10:45:20",1191700
15700,-500,100,"sd","10:45:20",1190700
15700,-500,700,"sd","10:45:20",1190600
15700,-500,1000,"sd","10:45:20",1189900
15700,-500,100,"sd","10:45:20",1188900
15700,-500,1500,"sd","10:45:20",1188800
15700,-500,100,"sd","10:45:20",1187300
15700,-500,1000,"sd","10:45:20",1187200
15700,-500,800,"sd","10:45:20",1186200
15700,-500,700,"sd","10:45:20",1185400
15700,-500,300,"sd","10:45:20",1184700
15700,-500,200,"sd","10:45:20",1184400
15700,-500,500,"sd","10:45:20",1184200
15700,-500,7000,"sd","10:45:20",1183700
15700,-500,7000,"sd","10:45:20",1176700
15700,-500,100,"sd","10:45:20",1169700
15700,-500,1000,"sd","10:45:20",1169600
15750,-450,800,"sd","10:45:20",1168600
15750,-450,4200,"bu","10:45:19",1167800
15750,-450,200,"bu","10:45:00",1163600
15750,-450,2000,"sd","10:44:52",1163400
15750,-450,500,"sd","10:44:52",1161400
15750,-450,100,"sd","10:44:52",1160900
15750,-450,10000,"sd","10:44:52",1160800
15750,-450,4000,"sd","10:44:52",1150800
15750,-450,100,"sd","10:44:52",1146800
15750,-450,500,"sd","10:44:52",1146700
15750,-450,500,"sd","10:44:52",1146200
15750,-450,2000,"sd","10:44:52",1145700
15750,-450,3000,"sd","10:44:52",1143700
15750,-450,100,"sd","10:44:52",1140700
15750,-450,1000,"sd","10:44:52",1140600
15750,-450,100,"sd","10:44:52",1139600
15750,-450,500,"sd","10:44:52",1139500
15800,-400,2400,"sd","10:44:52",1139000
15750,-450,100,"sd","10:44:52",1136600
15800,-400,500,"sd","10:44:52",1136500
15750,-450,500,"sd","10:44:52",1136000
15800,-400,200,"sd","10:44:52",1135500
15750,-450,2000,"sd","10:44:52",1135300
15800,-400,1000,"sd","10:44:52",1133300
15750,-450,10000,"sd","10:44:52",1132300
15800,-400,600,"sd","10:44:52",1122300
15750,-450,1000,"sd","10:44:52",1121700
15800,-400,2200,"sd","10:44:52",1120700
15750,-450,100,"sd","10:44:52",1118500
15800,-400,100,"sd","10:44:52",1118400
15800,-400,500,"sd","10:44:52",1118300
15800,-400,7800,"sd","10:44:51",1117800
15800,-400,500,"sd","10:44:51",1110000
15800,-400,300,"sd","10:44:51",1109500
15800,-400,2000,"sd","10:44:51",1109200
15800,-400,1000,"sd","10:44:15",1107200
15800,-400,1500,"sd","10:44:11",1106200
15800,-400,500,"sd","10:44:10",1104700
15800,-400,100,"sd","10:44:10",1104200
15800,-400,100,"sd","10:44:10",1104100
15800,-400,5000,"sd","10:44:10",1104000
15800,-400,3200,"sd","10:44:10",1099000
15800,-400,300,"sd","10:44:10",1095800
15800,-400,100,"sd","10:44:10",1095500
15800,-400,200,"sd","10:44:10",1095400
15800,-400,1000,"sd","10:44:10",1095200
15800,-400,200,"sd","10:44:10",1094200
15800,-400,5000,"sd","10:44:10",1094000
15800,-400,500,"sd","10:44:10",1089000
15800,-400,100,"sd","10:44:10",1088500
15800,-400,200,"sd","10:44:10",1088400
15800,-400,1000,"sd","10:44:10",1088200
15800,-400,100,"sd","10:44:01",1087200
15800,-400,500,"sd","10:44:01",1087100
15800,-400,1000,"sd","10:44:01",1086600
15800,-400,500,"sd","10:44:01",1085600
15800,-400,200,"sd","10:44:01",1085100
15800,-400,300,"sd","10:44:01",1084900
15800,-400,1500,"sd","10:44:01",1084600
15800,-400,1000,"sd","10:44:01",1083100
15800,-400,5000,"sd","10:44:01",1082100
15800,-400,100,"sd","10:44:01",1077100
15800,-400,1000,"sd","10:44:01",1077000
15800,-400,100,"sd","10:44:01",1076000
15800,-400,100,"sd","10:44:01",1075900
15800,-400,100,"sd","10:44:01",1075800
15800,-400,400,"sd","10:44:01",1075700
15800,-400,200,"sd","10:44:01",1075300
15800,-400,1200,"sd","10:44:01",1075100
15800,-400,100,"sd","10:44:00",1073900
15800,-400,900,"sd","10:43:42",1073800
15800,-400,2100,"sd","10:43:42",1072900
15800,-400,900,"sd","10:43:18",1070800
15800,-400,100,"sd","10:43:18",1069900
15800,-400,2000,"sd","10:43:18",1069800
15800,-400,300,"sd","10:43:18",1067800
15800,-400,100,"sd","10:43:18",1067500
15800,-400,300,"sd","10:43:18",1067400
15800,-400,1000,"sd","10:43:18",1067100
15800,-400,300,"sd","10:43:18",1066100
15800,-400,200,"sd","10:43:18",1065800
15800,-400,300,"sd","10:43:18",1065600
15800,-400,100,"sd","10:43:18",1065300
15800,-400,500,"sd","10:43:18",1065200
15800,-400,200,"sd","10:43:18",1064700
15800,-400,500,"sd","10:43:18",1064500
15800,-400,200,"sd","10:43:18",1064000
15800,-400,300,"sd","10:43:12",1063800
15800,-400,200,"sd","10:43:12",1063500
15800,-400,2000,"sd","10:43:12",1063300
15800,-400,100,"sd","10:43:02",1061300
15800,-400,7700,"sd","10:42:56",1061200
15800,-400,1000,"sd","10:42:55",1053500
15800,-400,1300,"sd","10:42:55",1052500
15800,-400,700,"sd","10:42:45",1051200
15800,-400,300,"sd","10:42:45",1050500
15800,-400,5000,"sd","10:42:08",1050200
15850,-350,1000,"bu","10:41:48",1045200
15800,-400,500,"sd","10:41:47",1044200
15850,-350,100,"bu","10:41:14",1043700
15800,-400,1000,"sd","10:41:10",1043600
15850,-350,5000,"bu","10:41:02",1042600
15800,-400,200,"sd","10:40:59",1037600
15850,-350,2500,"bu","10:40:58",1037400
15800,-400,2000,"sd","10:40:21",1034900
15850,-350,1000,"bu","10:40:14",1032900
15800,-400,300,"sd","10:40:06",1031900
15850,-350,300,"bu","10:40:06",1031600
15850,-350,100,"bu","10:39:42",1031300
15850,-350,1000,"bu","10:39:35",1031200
15800,-400,300,"sd","10:39:08",1030200
15800,-400,100,"sd","10:38:03",1029900
15850,-350,100,"bu","10:37:34",1029800
15850,-350,5000,"bu","10:37:21",1029700
15850,-350,1000,"bu","10:37:02",1024700
15850,-350,2000,"sd","10:36:49",1023700
15850,-350,100,"sd","10:36:49",1021700
15850,-350,12500,"sd","10:36:49",1021600
15850,-350,600,"sd","10:36:49",1009100
15850,-350,300,"sd","10:36:49",1008500
15850,-350,200,"sd","10:36:49",1008200
15850,-350,500,"sd","10:36:49",1008000
15850,-350,300,"sd","10:36:49",1007500
15850,-350,1000,"sd","10:36:49",1007200
15850,-350,1400,"sd","10:36:49",1006200
15850,-350,600,"sd","10:36:49",1004800
15850,-350,400,"sd","10:36:49",1004200
15850,-350,100,"sd","10:36:49",1003800
15850,-350,1000,"sd","10:36:49",1003700
15850,-350,100,"sd","10:36:49",1002700
15850,-350,200,"sd","10:36:49",1002600
15850,-350,300,"sd","10:36:49",1002400
15850,-350,900,"sd","10:36:49",1002100
15850,-350,1000,"sd","10:36:49",1001200
15850,-350,200,"sd","10:36:49",1000200
15850,-350,5000,"sd","10:36:49",1000000
15850,-350,8500,"sd","10:36:49",995000
15850,-350,1500,"sd","10:36:42",986500
15850,-350,1500,"sd","10:36:42",985000
15850,-350,5000,"sd","10:36:42",983500
15850,-350,29500,"sd","10:36:42",978500
15900,-300,200,"bu","10:36:41",949000
15850,-350,200,"sd","10:36:32",948800
15900,-300,4000,"bu","10:35:31",948600
15900,-300,1000,"bu","10:35:11",944600
15900,-300,100,"sd","10:33:30",943600
15900,-300,1500,"sd","10:33:13",943500
15900,-300,3000,"bu","10:33:04",942000
15900,-300,500,"bu","10:33:04",939000
15900,-300,500,"bu","10:32:40",938500
15900,-300,1100,"bu","10:32:32",938000
15900,-300,100,"bu","10:31:59",936900
15900,-300,100,"bu","10:31:33",936800
15900,-300,14700,"bu","10:31:30",936700
15900,-300,1000,"bu","10:31:30",922000
15900,-300,2000,"bu","10:31:30",921000
15900,-300,2300,"bu","10:31:30",919000
15900,-300,2000,"bu","10:31:16",916700
15900,-300,100,"bu","10:31:00",914700
15850,-350,3000,"sd","10:30:50",914600
15900,-300,400,"bu","10:30:48",911600
15900,-300,1600,"bu","10:30:48",911200
15900,-300,1400,"bu","10:30:42",909600
15900,-300,600,"bu","10:30:42",908200
15850,-350,1000,"sd","10:30:42",907600
15850,-350,5000,"sd","10:30:38",906600
15850,-350,100,"sd","10:29:37",901600
15900,-300,100,"bu","10:29:34",901500
15900,-300,2000,"bu","10:29:20",901400
15900,-300,100,"bu","10:29:20",899400
15900,-300,200,"bu","10:28:42",899300
15900,-300,800,"bu","10:28:42",899100
15900,-300,2000,"bu","10:28:19",898300
15900,-300,1500,"bu","10:28:09",896300
15900,-300,100,"bu","10:27:46",894800
15900,-300,100,"bu","10:27:26",894700
15900,-300,400,"sd","10:25:38",894600
15900,-300,600,"sd","10:25:27",894200
15900,-300,1000,"sd","10:25:27",893600
15900,-300,400,"sd","10:25:27",892600
15900,-300,500,"bu","10:25:18",892200
15900,-300,500,"bu","10:25:10",891700
15900,-300,700,"bu","10:25:10",891200
15900,-300,9300,"sd","10:24:50",890500
15900,-300,700,"sd","10:24:41",881200
15900,-300,3000,"bu","10:24:39",880500
15900,-300,100,"bu","10:24:01",877500
15900,-300,700,"bu","10:23:49",877400
15900,-300,4400,"bu","10:23:37",876700
15900,-300,100,"bu","10:23:29",872300
15900,-300,1000,"sd","10:23:23",872200
15900,-300,1000,"sd","10:23:07",871200
15900,-300,2000,"sd","10:22:59",870200
15900,-300,5000,"bu","10:22:38",868200
15850,-350,7300,"sd","10:22:37",863200
15900,-300,100,"bu","10:22:27",855900
15850,-350,2000,"sd","10:21:34",855800
15850,-350,1700,"sd","10:21:25",853800
15900,-300,300,"sd","10:21:25",852100
15900,-300,1000,"sd","10:21:24",851800
15900,-300,3700,"bu","10:21:07",850800
15900,-300,1000,"sd","10:21:03",847100
15900,-300,100,"sd","10:21:03",846100
15900,-300,200,"sd","10:21:03",846000
15900,-300,100,"sd","10:20:36",845800
15900,-300,400,"sd","10:20:36",845700
15900,-300,1000,"sd","10:20:36",845300
15900,-300,1000,"sd","10:20:36",844300
15900,-300,100,"sd","10:20:36",843300
15900,-300,200,"sd","10:20:36",843200
15900,-300,200,"sd","10:20:36",843000
15900,-300,100,"sd","10:20:36",842800
15900,-300,900,"sd","10:20:14",842700
15900,-300,500,"sd","10:20:14",841800
15900,-300,3600,"sd","10:20:14",841300
15950,-250,1000,"bu","10:19:38",837700
15900,-300,100,"sd","10:18:54",836700
15900,-300,1300,"bu","10:18:11",836600
15900,-300,1200,"bu","10:18:05",835300
15900,-300,1300,"bu","10:18:05",834100
15900,-300,4000,"bu","10:18:05",832800
15900,-300,1000,"bu","10:18:05",828800
15900,-300,600,"bu","10:17:28",827800
15900,-300,500,"bu","10:17:18",827200
15900,-300,500,"bu","10:17:02",826700
15900,-300,200,"bu","10:16:55",826200
15900,-300,1000,"bu","10:16:51",826000
15900,-300,1000,"bu","10:16:51",825000
15900,-300,100,"bu","10:16:32",824000
15900,-300,100,"bu","10:16:21",823900
15900,-300,1500,"sd","10:15:56",823800
15900,-300,1000,"sd","10:15:56",822300
15900,-300,1000,"sd","10:15:56",821300
15900,-300,100,"sd","10:15:56",820300
15900,-300,200,"sd","10:15:56",820200
15850,-350,200,"sd","10:15:56",820000
15850,-350,100,"sd","10:15:56",819800
15850,-350,100,"sd","10:15:56",819700
15850,-350,1300,"sd","10:15:56",819600
15850,-350,1000,"sd","10:15:56",818300
15850,-350,500,"sd","10:15:56",817300
15850,-350,900,"sd","10:15:56",816800
15900,-300,1000,"sd","10:15:56",815900
15900,-300,200,"sd","10:15:56",814900
15900,-300,900,"sd","10:15:56",814700
15900,-300,300,"sd","10:15:24",813800
15900,-300,2200,"sd","10:15:24",813500
15900,-300,2800,"sd","10:15:16",811300
15900,-300,1000,"sd","10:15:16",808500
15900,-300,1000,"sd","10:15:16",807500
15900,-300,2300,"sd","10:15:16",806500
15900,-300,200,"sd","10:15:16",804200
15900,-300,800,"sd","10:15:16",804000
15900,-300,2800,"sd","10:15:16",803200
15900,-300,100,"sd","10:15:15",800400
15900,-300,2100,"sd","10:14:50",800300
15900,-300,5000,"sd","10:14:50",798200
15900,-300,500,"sd","10:14:50",793200
15900,-300,500,"sd","10:14:50",792700
15900,-300,200,"sd","10:14:50",792200
15900,-300,100,"sd","10:14:50",792000
15900,-300,100,"sd","10:14:50",791900
15900,-300,600,"sd","10:14:50",791800
15900,-300,900,"sd","10:14:50",791200
15950,-250,1000,"bu","10:14:15",790300
15950,-250,1400,"bu","10:14:09",789300
15950,-250,400,"bu","10:14:09",787900
16000,-200,100,"bu","10:13:16",787500
15900,-300,300,"sd","10:13:16",787400
15900,-300,500,"sd","10:12:25",787100
15900,-300,300,"sd","10:12:25",786600
15900,-300,200,"sd","10:12:25",786300
15900,-300,800,"sd","10:11:35",786100
15900,-300,200,"sd","10:11:35",785300
15900,-300,100,"sd","10:11:34",785100
15900,-300,2700,"sd","10:11:10",785000
15950,-250,300,"sd","10:11:10",782300
15950,-250,200,"sd","10:11:06",782000
15950,-250,100,"sd","10:11:06",781800
15950,-250,500,"sd","10:11:06",781700
15950,-250,100,"sd","10:10:10",781200
15950,-250,400,"bu","10:09:10",781100
15950,-250,1100,"sd","10:08:57",780700
15950,-250,300,"sd","10:08:57",779600
15950,-250,200,"sd","10:08:57",779300
15950,-250,1000,"sd","10:08:30",779100
15950,-250,1000,"sd","10:08:11",778100
15950,-250,500,"sd","10:07:50",777100
15950,-250,2400,"bu","10:07:43",776600
15950,-250,100,"bu","10:07:38",774200
15950,-250,900,"bu","10:07:38",774100
15950,-250,500,"bu","10:07:28",773200
15950,-250,500,"bu","10:07:28",772700
15950,-250,100,"bu","10:07:10",772200
15900,-300,500,"sd","10:06:47",772100
15900,-300,2500,"bu","10:06:46",771600
15900,-300,400,"bu","10:06:33",769100
15900,-300,300,"bu","10:06:33",768700
15900,-300,300,"bu","10:06:33",768400
15900,-300,700,"bu","10:06:31",768100
15900,-300,300,"bu","10:06:31",767400
15900,-300,1000,"bu","10:06:10",767100
15900,-300,100,"bu","10:05:43",766100
15900,-300,300,"bu","10:05:41",766000
15900,-300,100,"bu","10:05:26",765700
15850,-350,2900,"bu","10:05:26",765600
15850,-350,200,"bu","10:05:22",762700
15850,-350,1000,"sd","10:05:20",762500
15850,-350,100,"sd","10:05:20",761500
15850,-350,100,"sd","10:05:20",761400
15850,-350,3000,"sd","10:05:20",761300
15850,-350,100,"sd","10:05:20",758300
15850,-350,100,"sd","10:05:20",758200
15850,-350,1500,"sd","10:05:20",758100
15850,-350,1500,"sd","10:05:09",756600
15850,-350,300,"sd","10:05:09",755100
15850,-350,300,"sd","10:05:09",754800
15850,-350,200,"sd","10:05:09",754500
15850,-350,100,"sd","10:05:09",754300
15850,-350,1000,"sd","10:05:09",754200
15850,-350,200,"sd","10:05:09",753200
15850,-350,200,"sd","10:05:09",753000
15900,-300,100,"bu","10:04:58",752800
15900,-300,900,"bu","10:04:39",752700
15900,-300,100,"bu","10:04:39",751800
15900,-300,500,"bu","10:04:16",751700
15900,-300,500,"bu","10:04:10",751200
15900,-300,100,"bu","10:03:48",750700
15900,-300,300,"bu","10:03:40",750600
15900,-300,3000,"bu","10:03:40",750300
15900,-300,1700,"bu","10:03:40",747300
15900,-300,300,"bu","10:03:38",745600
15900,-300,700,"bu","10:03:38",745300
15900,-300,100,"bu","10:03:23",744600
15900,-300,500,"bu","10:03:13",744500
15900,-300,700,"bu","10:02:48",744000
15900,-300,100,"bu","10:02:48",743300
15900,-300,200,"bu","10:02:48",743200
15850,-350,1800,"sd","10:02:43",743000
15850,-350,700,"sd","10:02:43",741200
15850,-350,700,"sd","10:02:11",740500
15900,-300,1800,"bu","10:01:58",739800
15900,-300,1200,"bu","10:01:58",738000
15900,-300,300,"bu","10:01:42",736800
15900,-300,100,"bu","10:01:15",736500
15900,-300,300,"bu","10:01:14",736400
15850,-350,500,"bu","10:01:04",736100
15850,-350,100,"bu","10:01:04",735600
15850,-350,600,"bu","10:00:53",735500
15850,-350,1300,"bu","10:00:47",734900
15850,-350,300,"bu","10:00:47",733600
15850,-350,400,"bu","10:00:47",733300
15800,-400,300,"sd","10:00:45",732900
15800,-400,200,"sd","10:00:45",732600
15800,-400,800,"sd","10:00:36",732400
15800,-400,100,"sd","10:00:36",731600
15800,-400,3700,"sd","10:00:36",731500
15800,-400,400,"sd","10:00:36",727800
15800,-400,3000,"sd","10:00:28",727400
15800,-400,1600,"sd","10:00:03",724400
15800,-400,900,"sd","10:00:03",722800
15800,-400,500,"sd","10:00:03",721900
15800,-400,100,"sd","10:00:03",721400
15850,-350,1000,"sd","10:00:03",721300
15850,-350,500,"sd","10:00:03",720300
15850,-350,400,"sd","10:00:03",719800
15850,-350,100,"bu","09:59:47",719400
15850,-350,700,"bu","09:59:40",719300
15850,-350,1000,"bu","09:59:37",718600
15850,-350,200,"bu","09:59:36",717600
15850,-350,300,"bu","09:59:36",717400
15800,-400,1900,"sd","09:59:35",717100
15850,-350,100,"bu","09:59:21",715200
15850,-350,100,"bu","09:59:10",715100
15800,-400,300,"sd","09:59:04",715000
15800,-400,200,"sd","09:58:55",714700
15800,-400,2000,"sd","09:58:38",714500
15800,-400,1000,"sd","09:58:37",712500
15800,-400,1000,"sd","09:58:22",711500
15800,-400,500,"sd","09:58:16",710500
15800,-400,3500,"sd","09:58:06",710000
15800,-400,400,"sd","09:58:02",706500
15800,-400,400,"sd","09:58:02",706100
15800,-400,100,"sd","09:58:02",705700
15800,-400,100,"sd","09:58:02",705600
15800,-400,3000,"sd","09:58:02",705500
15800,-400,3000,"sd","09:58:02",702500
15800,-400,1000,"sd","09:58:02",699500
15800,-400,500,"sd","09:58:02",698500
15800,-400,300,"sd","09:58:02",698000
15800,-400,2000,"sd","09:58:02",697700
15800,-400,200,"sd","09:58:02",695700
15800,-400,200,"sd","09:58:02",695500
15800,-400,100,"sd","09:58:02",695300
15800,-400,1000,"sd","09:58:02",695200
15800,-400,20000,"sd","09:58:02",694200
15800,-400,1000,"sd","09:58:02",674200
15800,-400,2000,"sd","09:58:02",673200
15800,-400,1000,"sd","09:58:02",671200
15800,-400,600,"sd","09:58:02",670200
15800,-400,500,"sd","09:58:02",669600
15800,-400,2600,"sd","09:58:02",669100
15850,-350,9500,"bu","09:58:01",666500
15850,-350,2000,"bu","09:58:01",657000
15850,-350,8500,"bu","09:58:01",655000
15800,-400,500,"sd","09:57:54",646500
15800,-400,1900,"sd","09:57:54",646000
15800,-400,1000,"sd","09:57:54",644100
15800,-400,100,"sd","09:57:54",643100
15800,-400,1000,"sd","09:57:54",643000
15800,-400,1000,"sd","09:57:54",642000
15800,-400,500,"sd","09:57:54",641000
15800,-400,100,"sd","09:57:54",640500
15800,-400,100,"sd","09:57:54",640400
15800,-400,5000,"sd","09:57:54",640300
15800,-400,2000,"sd","09:57:54",635300
15800,-400,500,"sd","09:57:54",633300
15800,-400,200,"sd","09:57:54",632800
15800,-400,2000,"sd","09:57:54",632600
15800,-400,300,"sd","09:57:54",630600
15800,-400,200,"sd","09:57:54",630300
15800,-400,200,"sd","09:57:54",630100
15800,-400,100,"sd","09:57:54",629900
15800,-400,100,"sd","09:57:54",629800
15800,-400,1000,"sd","09:57:54",629700
15800,-400,2000,"sd","09:57:54",628700
15800,-400,700,"sd","09:57:54",626700
15800,-400,2000,"sd","09:57:53",626000
15800,-400,900,"sd","09:57:50",624000
15800,-400,1500,"sd","09:57:45",623100
15800,-400,1900,"sd","09:57:43",621600
15800,-400,100,"sd","09:57:43",619700
15800,-400,4000,"sd","09:57:41",619600
15800,-400,1000,"sd","09:57:41",615600
15800,-400,2000,"sd","09:57:33",614600
15800,-400,500,"sd","09:57:30",612600
15850,-350,5000,"bu","09:57:29",612100
15800,-400,2000,"sd","09:57:22",607100
15800,-400,10000,"sd","09:57:21",605100
15800,-400,10000,"sd","09:57:21",595100
15800,-400,6000,"sd","09:57:21",585100
15800,-400,17400,"sd","09:57:21",579100
15800,-400,2000,"sd","09:57:14",561700
15800,-400,10000,"sd","09:57:14",559700
15800,-400,3000,"sd","09:57:07",549700
15850,-350,200,"sd","09:56:58",546700
15850,-350,5000,"sd","09:56:58",546500
15850,-350,100,"sd","09:56:58",541500
15850,-350,500,"sd","09:56:58",541400
15850,-350,300,"sd","09:56:58",540900
15850,-350,100,"sd","09:56:58",540600
15850,-350,1000,"sd","09:56:58",540500
15850,-350,2000,"sd","09:56:58",539500
15850,-350,200,"sd","09:56:58",537500
15850,-350,400,"sd","09:56:58",537300
15850,-350,2000,"sd","09:56:58",536900
15850,-350,700,"sd","09:56:58",534900
15900,-300,1000,"bu","09:56:51",534200
15900,-300,1000,"bu","09:56:50",533200
15900,-300,1800,"bu","09:56:38",532200
15900,-300,500,"bu","09:56:37",530400
15900,-300,1200,"bu","09:56:22",529900
15900,-300,300,"bu","09:56:20",528700
15900,-300,13000,"bu","09:56:20",528400
15900,-300,700,"bu","09:56:20",515400
15900,-300,100,"bu","09:56:20",514700
15900,-300,200,"bu","09:56:20",514600
15900,-300,200,"bu","09:56:20",514400
15900,-300,100,"bu","09:56:20",514200
15900,-300,6000,"bu","09:56:20",514100
15900,-300,1000,"sd","09:56:18",508100
15950,-250,200,"bu","09:56:15",507100
15950,-250,5300,"bu","09:56:07",506900
15950,-250,1600,"sd","09:56:04",501600
15950,-250,100,"sd","09:56:04",500000
15950,-250,100,"sd","09:56:04",499900
15950,-250,5000,"sd","09:56:04",499800
15950,-250,1000,"sd","09:56:04",494800
15950,-250,500,"sd","09:56:04",493800
15950,-250,100,"sd","09:55:55",493300
15950,-250,900,"sd","09:55:55",493200
15950,-250,100,"sd","09:55:47",492300
15950,-250,500,"sd","09:55:47",492200
15950,-250,400,"sd","09:55:47",491700
15950,-250,1000,"sd","09:55:40",491300
15950,-250,300,"sd","09:55:31",490300
15950,-250,300,"sd","09:55:26",490000
15950,-250,200,"sd","09:55:26",489700
15950,-250,300,"sd","09:55:10",489500
15950,-250,100,"sd","09:55:10",489200
15950,-250,500,"sd","09:55:10",489100
15950,-250,100,"sd","09:55:10",488600
16000,-200,700,"sd","09:54:50",488500
16000,-200,400,"sd","09:54:47",487800
16000,-200,500,"bu","09:54:41",487400
16000,-200,400,"bu","09:54:41",486900
16000,-200,600,"sd","09:54:38",486500
16000,-200,5000,"sd","09:54:33",485900
16000,-200,500,"sd","09:54:32",480900
16000,-200,2000,"sd","09:54:31",480400
16000,-200,1900,"bu","09:54:31",478400
16000,-200,600,"sd","09:54:29",476500
16000,-200,100,"sd","09:54:21",475900
16000,-200,2000,"bu","09:54:15",475800
16000,-200,2300,"bu","09:54:15",473800
16000,-200,100,"bu","09:54:12",471500
16000,-200,2000,"sd","09:53:30",471400
16000,-200,500,"sd","09:53:30",469400
16000,-200,400,"sd","09:53:30",468900
16000,-200,200,"sd","09:53:30",468500
16000,-200,100,"sd","09:53:30",468300
16000,-200,100,"sd","09:53:14",468200
16000,-200,400,"sd","09:53:13",468100
16000,-200,500,"sd","09:53:12",467700
16000,-200,500,"sd","09:53:10",467200
16000,-200,500,"sd","09:52:42",466700
16000,-200,2000,"sd","09:52:42",466200
16000,-200,1500,"sd","09:52:42",464200
16000,-200,500,"sd","09:52:38",462700
16100,-100,100,"sd","09:52:29",462200
16100,-100,1400,"bu","09:52:27",462100
16050,-150,8500,"bu","09:52:27",460700
16050,-150,1500,"sd","09:52:16",452200
16050,-150,6000,"sd","09:52:16",450700
16050,-150,3100,"sd","09:52:16",444700
16050,-150,700,"sd","09:52:16",441600
16050,-150,200,"sd","09:52:16",440900
16100,-100,100,"bu","09:52:02",440700
16100,-100,900,"bu","09:52:02",440600
16100,-100,1600,"bu","09:51:59",439700
16100,-100,3400,"bu","09:51:59",438100
16100,-100,400,"bu","09:51:55",434700
16100,-100,500,"sd","09:51:48",434300
16100,-100,200,"sd","09:51:48",433800
16100,-100,500,"sd","09:51:48",433600
16100,-100,100,"bu","09:51:02",433100
16100,-100,100,"bu","09:51:02",433000
16100,-100,300,"bu","09:51:02",432900
16100,-100,1700,"sd","09:50:33",432600
16100,-100,500,"bu","09:50:27",430900
16050,-150,2000,"bu","09:50:22",430400
16000,-200,700,"sd","09:49:57",428400
16000,-200,100,"bu","09:49:56",427700
16000,-200,200,"bu","09:49:56",427600
16000,-200,800,"bu","09:49:56",427400
15950,-250,1000,"sd","09:49:55",426600
16000,-200,200,"bu","09:49:51",425600
16000,-200,200,"bu","09:49:51",425400
16000,-200,600,"bu","09:49:51",425200
16000,-200,400,"bu","09:49:45",424600
16000,-200,400,"bu","09:49:45",424200
16000,-200,100,"bu","09:49:39",423800
15950,-250,1000,"sd","09:48:49",423700
16000,-200,300,"bu","09:48:47",422700
16000,-200,700,"bu","09:48:47",422400
15950,-250,900,"bu","09:48:17",421700
15950,-250,1000,"bu","09:48:12",420800
15950,-250,1000,"bu","09:48:06",419800
15950,-250,200,"bu","09:48:00",418800
15950,-250,300,"bu","09:47:59",418600
15950,-250,100,"sd","09:47:57",418300
15950,-250,200,"sd","09:47:57",418200
15950,-250,3900,"sd","09:47:57",418000
16000,-200,100,"bu","09:47:55",414100
16000,-200,500,"bu","09:47:50",414000
16000,-200,500,"bu","09:47:50",413500
16000,-200,1000,"bu","09:47:37",413000
16000,-200,100,"bu","09:47:32",412000
16000,-200,100,"bu","09:47:30",411900
16000,-200,200,"bu","09:47:30",411800
16000,-200,100,"bu","09:47:25",411600
16000,-200,200,"bu","09:47:25",411500
16000,-200,300,"bu","09:47:24",411300
16000,-200,700,"bu","09:47:24",411000
16000,-200,300,"bu","09:47:22",410300
16000,-200,100,"bu","09:47:22",410000
16000,-200,300,"bu","09:47:22",409900
16000,-200,300,"bu","09:47:22",409600
16000,-200,100,"bu","09:47:11",409300
15950,-250,500,"bu","09:47:02",409200
15950,-250,100,"bu","09:47:02",408700
15950,-250,500,"bu","09:47:02",408600
15950,-250,500,"bu","09:47:00",408100
15900,-300,3000,"sd","09:46:58",407600
15900,-300,1500,"sd","09:46:56",404600
15900,-300,2000,"sd","09:46:53",403100
15900,-300,800,"bu","09:46:50",401100
15900,-300,1400,"bu","09:46:50",400300
15900,-300,2000,"bu","09:46:50",398900
15900,-300,100,"bu","09:46:41",396900
15900,-300,1000,"bu","09:46:41",396800
15900,-300,1000,"bu","09:46:39",395800
15900,-300,300,"bu","09:46:38",394800
15900,-300,300,"bu","09:46:37",394500
15900,-300,1000,"bu","09:46:33",394200
15900,-300,900,"bu","09:46:33",393200
15900,-300,200,"bu","09:46:32",392300
15900,-300,4000,"bu","09:46:32",392100
15900,-300,300,"bu","09:46:30",388100
15900,-300,500,"bu","09:46:27",387800
15900,-300,2000,"bu","09:46:24",387300
15900,-300,100,"bu","09:46:14",385300
15900,-300,2000,"bu","09:46:09",385200
15950,-250,100,"bu","09:45:44",383200
15850,-350,1000,"sd","09:45:43",383100
15950,-250,900,"bu","09:45:33",382100
15950,-250,100,"bu","09:45:33",381200
15850,-350,300,"sd","09:45:33",381100
15850,-350,2000,"sd","09:45:33",380800
15850,-350,2000,"sd","09:45:15",378800
15850,-350,2000,"bu","09:45:08",376800
15850,-350,2000,"bu","09:45:08",374800
15850,-350,10000,"bu","09:45:07",372800
15850,-350,100,"bu","09:45:07",362800
15800,-400,10000,"sd","09:44:59",362700
15850,-350,8000,"bu","09:44:58",352700
15800,-400,4400,"sd","09:44:58",344700
15800,-400,200,"sd","09:44:55",340300
15800,-400,400,"sd","09:44:54",340100
15850,-350,1000,"bu","09:44:52",339700
15800,-400,1300,"sd","09:44:48",338700
15800,-400,300,"sd","09:44:44",337400
15800,-400,1000,"sd","09:44:38",337100
15800,-400,6200,"sd","09:44:26",336100
15800,-400,500,"sd","09:44:20",329900
15800,-400,500,"sd","09:44:18",329400
15800,-400,500,"sd","09:44:14",328900
15800,-400,1000,"sd","09:44:11",328400
15850,-350,8900,"bu","09:44:11",327400
15850,-350,900,"bu","09:44:11",318500
15850,-350,200,"bu","09:44:11",317600
15850,-350,600,"bu","09:44:05",317400
15850,-350,400,"bu","09:44:05",316800
15800,-400,5000,"sd","09:43:56",316400
15800,-400,700,"sd","09:43:56",311400
15800,-400,100,"sd","09:43:56",310700
15800,-400,500,"sd","09:43:56",310600
15800,-400,500,"sd","09:43:56",310100
15800,-400,100,"sd","09:43:56",309600
15800,-400,100,"sd","09:43:56",309500
15850,-350,400,"sd","09:43:51",309400
15850,-350,1200,"sd","09:43:51",309000
15850,-350,3000,"sd","09:43:49",307800
15850,-350,800,"bu","09:43:45",304800
15850,-350,200,"bu","09:43:45",304000
15850,-350,1800,"bu","09:43:45",303800
15850,-350,200,"bu","09:43:44",302000
15850,-350,1000,"bu","09:43:44",301800
15850,-350,400,"bu","09:43:44",300800
15850,-350,3400,"bu","09:43:44",300400
15850,-350,100,"bu","09:43:35",297000
15850,-350,1500,"sd","09:43:33",296900
15850,-350,300,"sd","09:43:32",295400
15850,-350,1200,"sd","09:43:27",295100
15850,-350,100,"sd","09:43:23",293900
15850,-350,300,"sd","09:43:23",293800
15850,-350,100,"sd","09:43:23",293500
15850,-350,1000,"sd","09:43:23",293400
15850,-350,500,"sd","09:43:23",292400
15850,-350,1000,"sd","09:43:16",291900
15900,-300,100,"sd","09:43:16",290900
15900,-300,400,"sd","09:43:16",290800
15900,-300,200,"sd","09:43:14",290400
15950,-250,100,"bu","09:43:13",290200
15900,-300,200,"sd","09:43:12",290100
15900,-300,300,"sd","09:43:12",289900
15900,-300,700,"sd","09:43:11",289600
15900,-300,600,"sd","09:43:11",288900
15900,-300,100,"sd","09:43:11",288300
15900,-300,100,"sd","09:43:11",288200
15900,-300,500,"sd","09:43:11",288100
15900,-300,500,"sd","09:43:09",287600
15900,-300,300,"sd","09:43:09",287100
15900,-300,9200,"sd","09:43:09",286800
15900,-300,10000,"sd","09:43:09",277600
15900,-300,4800,"sd","09:43:02",267600
15900,-300,200,"sd","09:43:02",262800
15950,-250,20000,"sd","09:42:51",262600
15950,-250,100,"sd","09:42:51",242600
15950,-250,8700,"sd","09:42:51",242500
15950,-250,1000,"sd","09:42:47",233800
16000,-200,4000,"bu","09:42:41",232800
15950,-250,1000,"sd","09:42:41",228800
15950,-250,3900,"sd","09:42:36",227800
15950,-250,500,"sd","09:42:32",223900
15950,-250,500,"sd","09:42:22",223400
15950,-250,1000,"sd","09:42:16",222900
15950,-250,100,"sd","09:42:10",221900
16000,-200,300,"bu","09:42:03",221800
15950,-250,1500,"sd","09:42:00",221500
15950,-250,300,"sd","09:41:58",220000
16000,-200,4900,"bu","09:41:58",219700
15950,-250,2000,"sd","09:41:54",214800
15950,-250,1500,"sd","09:41:50",212800
16000,-200,400,"bu","09:41:46",211300
16000,-200,3700,"bu","09:41:46",210900
16000,-200,200,"bu","09:41:36",207200
16000,-200,100,"sd","09:41:16",207000
16000,-200,100,"bu","09:41:06",206900
16000,-200,400,"sd","09:41:05",206800
16000,-200,1600,"sd","09:41:05",206400
16000,-200,100,"sd","09:41:05",204800
16000,-200,200,"sd","09:41:05",204700
16000,-200,100,"sd","09:41:05",204500
16000,-200,1000,"sd","09:41:05",204400
16000,-200,16000,"sd","09:41:03",203400
16000,-200,1300,"sd","09:40:54",187400
16000,-200,500,"sd","09:40:46",186100
16100,-100,1000,"bu","09:40:46",185600
16000,-200,4200,"sd","09:40:43",184600
16000,-200,7000,"sd","09:40:33",180400
16000,-200,8000,"sd","09:40:33",173400
16000,-200,2000,"sd","09:40:23",165400
16000,-200,200,"sd","09:40:23",163400
16000,-200,5000,"sd","09:40:23",163200
16000,-200,5000,"sd","09:40:23",158200
16000,-200,200,"sd","09:40:23",153200
16000,-200,500,"sd","09:40:23",153000
16000,-200,11100,"sd","09:40:23",152500
16000,-200,1900,"sd","09:40:17",141400
16100,-100,1000,"sd","09:40:07",139500
16000,-200,700,"sd","09:39:51",138500
16000,-200,200,"sd","09:39:50",137800
16050,-150,2200,"sd","09:39:50",137600
16050,-150,100,"sd","09:39:50",135400
16050,-150,100,"sd","09:39:50",135300
16050,-150,300,"sd","09:39:50",135200
16100,-100,1000,"sd","09:39:50",134900
16100,-100,200,"sd","09:39:50",133900
16100,-100,100,"sd","09:39:50",133700
16100,-100,300,"sd","09:39:50",133600
16100,-100,100,"sd","09:39:50",133300
16100,-100,500,"sd","09:39:50",133200
16100,-100,100,"sd","09:39:50",132700
16000,-200,3300,"sd","09:39:50",132600
16100,-100,100,"sd","09:39:50",129300
16000,-200,200,"sd","09:39:50",129200
16100,-100,100,"sd","09:39:50",129000
16000,-200,300,"sd","09:39:50",128900
16100,-100,1000,"sd","09:39:50",128600
16000,-200,100,"sd","09:39:50",127600
16100,-100,700,"sd","09:39:50",127500
16000,-200,200,"sd","09:39:50",126800
16100,-100,200,"sd","09:39:50",126600
16000,-200,300,"sd","09:39:50",126400
16100,-100,1000,"sd","09:39:50",126100
16100,-100,400,"sd","09:39:50",125100
16100,-100,200,"sd","09:39:50",124700
16150,-50,100,"sd","09:39:50",124500
16150,-50,500,"sd","09:39:50",124400
16150,-50,100,"sd","09:39:50",123900
16150,-50,1000,"sd","09:39:50",123800
16150,-50,1000,"sd","09:39:50",122800
16150,-50,500,"sd","09:39:50",121800
16150,-50,1400,"sd","09:39:50",121300
16150,-50,200,"sd","09:39:44",119900
16150,-50,400,"sd","09:39:29",119700
16150,-50,3000,"sd","09:39:20",119300
16150,-50,2000,"sd","09:39:20",116300
16200,0,800,"sd","09:39:09",114300
16200,0,300,"sd","09:39:05",113500
16200,0,3600,"sd","09:39:05",113200
16200,0,1300,"sd","09:39:05",109600
16200,0,500,"sd","09:39:05",108300
16200,0,1000,"sd","09:39:05",107800
16200,0,800,"sd","09:39:05",106800
16200,0,200,"sd","09:39:05",106000
16200,0,200,"sd","09:39:05",105800
16200,0,100,"sd","09:39:05",105600
16200,0,800,"sd","09:38:43",105500
16200,0,100,"sd","09:38:43",104700
16200,0,500,"sd","09:38:43",104600
16200,0,300,"sd","09:38:43",104100
16200,0,2000,"sd","09:38:43",103800
16200,0,1500,"sd","09:38:43",101800
16200,0,1000,"sd","09:38:43",100300
16200,0,300,"sd","09:38:43",99300
16200,0,200,"sd","09:38:43",99000
16200,0,3300,"sd","09:38:43",98800
16200,0,1000,"sd","09:38:41",95500
16200,0,700,"sd","09:38:34",94500
16200,0,900,"sd","09:38:34",93800
16200,0,100,"sd","09:38:34",92900
16200,0,2300,"sd","09:38:34",92800
16200,0,2700,"sd","09:38:32",90500
16200,0,7300,"sd","09:38:32",87800
16200,0,600,"sd","09:37:10",80500
16200,0,2100,"sd","09:36:57",79900
16200,0,200,"sd","09:36:57",77800
16200,0,1700,"sd","09:36:57",77600
16200,0,1000,"sd","09:36:57",75900
16200,0,100,"sd","09:36:19",74900
16250,50,200,"bu","09:35:50",74800
16200,0,800,"sd","09:35:47",74600
16200,0,1100,"sd","09:35:15",73800
16200,0,500,"sd","09:35:15",72700
16200,0,300,"sd","09:35:15",72200
16200,0,200,"sd","09:35:15",71900
16200,0,200,"sd","09:35:15",71700
16200,0,400,"sd","09:35:14",71500
16200,0,100,"sd","09:35:14",71100
16250,50,1000,"bu","09:34:15",71000
16250,50,800,"bu","09:33:53",70000
16250,50,200,"bu","09:33:53",69200
16250,50,900,"bu","09:33:05",69000
16250,50,2200,"bu","09:33:05",68100
16250,50,1900,"bu","09:33:05",65900
16200,0,100,"sd","09:32:44",64000
16200,0,100,"sd","09:32:44",63900
16200,0,300,"sd","09:32:44",63800
16200,0,1500,"sd","09:32:44",63500
16250,50,100,"sd","09:32:34",62000
16250,50,1000,"sd","09:32:34",61900
16250,50,500,"sd","09:32:34",60900
16250,50,1000,"sd","09:32:34",60400
16250,50,1000,"sd","09:32:34",59400
16250,50,4000,"sd","09:32:34",58400
16250,50,100,"sd","09:32:34",54400
16250,50,400,"sd","09:32:34",54300
16250,50,1500,"sd","09:32:24",53900
16300,100,100,"bu","09:31:34",52400
16300,100,900,"bu","09:31:34",52300
16300,100,200,"bu","09:28:58",51400
16300,100,100,"bu","09:28:47",51200
16300,100,1000,"bu","09:27:41",51100
16300,100,500,"sd","09:27:06",50100
16300,100,200,"bu","09:26:44",49600
16300,100,800,"bu","09:26:44",49400
16300,100,100,"bu","09:26:41",48600
16300,100,100,"bu","09:26:32",48500
16300,100,500,"bu","09:26:32",48400
16300,100,400,"bu","09:26:32",47900
16250,50,100,"sd","09:26:21",47500
16250,50,200,"sd","09:26:21",47400
16300,100,100,"bu","09:26:17",47200
16300,100,1000,"bu","09:26:17",47100
16300,100,100,"bu","09:26:17",46100
16300,100,1000,"bu","09:26:17",46000
16300,100,1000,"bu","09:26:17",45000
16300,100,100,"bu","09:26:17",44000
16300,100,1700,"bu","09:26:17",43900
16250,50,8400,"bu","09:24:42",42200
16250,50,1600,"bu","09:24:23",33800
16250,50,100,"bu","09:24:23",32200
16250,50,300,"bu","09:24:23",32100
16200,0,300,"sd","09:24:23",31800
16250,50,400,"bu","09:24:20",31500
16200,0,100,"sd","09:23:16",31100
16250,50,500,"bu","09:22:43",31000
16250,50,500,"bu","09:22:02",30500
16250,50,600,"bu","09:21:44",30000
16250,50,1000,"bu","09:21:43",29400
16250,50,100,"sd","09:20:49",28400
16250,50,100,"sd","09:20:49",28300
16250,50,5000,"sd","09:20:49",28200
16250,50,200,"sd","09:20:49",23200
16250,50,800,"sd","09:20:49",23000
16250,50,500,"sd","09:20:49",22200
16300,100,100,"bu","09:19:50",21700
16300,100,900,"bu","09:19:47",21600
16300,100,500,"bu","09:18:59",20700
16300,100,300,"bu","09:18:52",20200
16300,100,700,"bu","09:18:48",19900
16300,100,500,"bu","09:18:03",19200
16300,100,200,"bu","09:17:07",18700
16300,100,5100,"bu","09:16:55",18500
16300,100,900,"bu","09:16:55",13400
16300,100,500,"bu","09:16:32",12500
16300,100,1300,"bu","09:16:24",12000
16300,100,300,"bu","09:16:20",10700
16300,100,300,"bu","09:16:05",10400
16300,100,10100,"bu","09:15:00",10100
