"price","change","match_qtty","side","time","total_vol"
30000,1000,454300,"bu","14:45:01",15768700
29900,900,100,"bu","14:29:53",15314400
29850,850,100,"sd","14:29:52",15314300
29850,850,400,"sd","14:29:49",15314200
29850,850,600,"sd","14:29:49",15313800
29900,900,1200,"bu","14:29:37",15313200
29900,900,500,"bu","14:29:37",15312000
29900,900,200,"bu","14:29:37",15311500
29900,900,100,"bu","14:29:37",15311300
29900,900,200,"bu","14:29:24",15311200
29900,900,100,"bu","14:29:24",15311000
29900,900,1000,"bu","14:29:24",15310900
29900,900,600,"bu","14:29:24",15309900
29900,900,100,"bu","14:29:24",15309300
29900,900,500,"bu","14:29:24",15309200
29900,900,500,"bu","14:29:24",15308700
29900,900,100,"bu","14:29:24",15308200
29900,900,3200,"bu","14:29:24",15308100
29900,900,2000,"bu","14:29:24",15304900
29900,900,400,"bu","14:29:24",15302900
29900,900,200,"bu","14:29:24",15302500
29900,900,1500,"bu","14:29:24",15302300
29900,900,500,"bu","14:29:24",15300800
29850,850,9400,"sd","14:29:23",15300300
29850,850,2000,"bu","14:29:21",15290900
29850,850,5000,"sd","14:29:21",15288900
29850,850,500,"sd","14:29:21",15283900
29850,850,1600,"sd","14:29:21",15283400
29850,850,500,"sd","14:29:21",15281800
29850,850,1000,"sd","14:29:21",15281300
29900,900,100,"bu","14:29:18",15280300
29900,900,200,"bu","14:29:18",15280200
29900,900,700,"bu","14:29:18",15280000
29900,900,300,"bu","14:29:17",15279300
29900,900,100,"bu","14:29:17",15279000
29900,900,100,"bu","14:29:17",15278900
29850,850,5000,"sd","14:29:14",15278800
29850,850,1700,"sd","14:29:13",15273800
29900,900,100,"bu","14:29:00",15272100
29900,900,200,"bu","14:28:59",15272000
29850,850,100,"sd","14:28:47",15271800
29850,850,2500,"sd","14:28:43",15271700
29850,850,1000,"sd","14:28:43",15269200
29850,850,1000,"sd","14:28:42",15268200
29850,850,100,"sd","14:28:39",15267200
29850,850,1000,"sd","14:28:23",15267100
29850,850,400,"bu","14:28:18",15266100
29800,800,200,"sd","14:28:17",15265700
29850,850,100,"bu","14:28:15",15265500
29850,850,500,"bu","14:28:15",15265400
29850,850,1000,"bu","14:28:15",15264900
29850,850,200,"bu","14:28:15",15263900
29850,850,800,"bu","14:28:15",15263700
29850,850,2000,"bu","14:28:14",15262900
29800,800,2000,"sd","14:28:08",15260900
29850,850,3200,"bu","14:28:07",15258900
29850,850,1000,"bu","14:28:07",15255700
29850,850,800,"bu","14:28:07",15254700
29800,800,200,"sd","14:27:57",15253900
29850,850,300,"bu","14:27:54",15253700
29800,800,300,"sd","14:27:53",15253400
29850,850,10000,"bu","14:27:48",15253100
29800,800,1000,"sd","14:27:39",15243100
29850,850,100,"bu","14:27:38",15242100
29850,850,100,"bu","14:27:37",15242000
29800,800,100,"sd","14:27:33",15241900
29800,800,2000,"bu","14:27:12",15241800
29800,800,2000,"bu","14:27:12",15239800
29800,800,2000,"bu","14:27:12",15237800
29800,800,1000,"bu","14:27:12",15235800
29800,800,500,"bu","14:27:12",15234800
29800,800,500,"bu","14:27:12",15234300
29800,800,200,"bu","14:27:12",15233800
29800,800,1500,"bu","14:27:12",15233600
29800,800,200,"bu","14:27:12",15232100
29800,800,800,"bu","14:27:12",15231900
29800,800,1000,"bu","14:27:12",15231100
29800,800,500,"bu","14:27:12",15230100
29800,800,5100,"bu","14:27:12",15229600
29800,800,4300,"bu","14:27:11",15224500
29750,750,100,"sd","14:27:11",15220200
29750,750,100,"sd","14:27:11",15220100
29750,750,100,"sd","14:27:11",15220000
29800,800,100,"bu","14:27:08",15219900
29800,800,100,"bu","14:27:08",15219800
29800,800,1000,"bu","14:27:05",15219700
29800,800,6000,"bu","14:27:04",15218700
29800,800,13000,"bu","14:27:04",15212700
29800,800,100,"bu","14:27:00",15199700
29800,800,1000,"bu","14:26:53",15199600
29800,800,2000,"bu","14:26:53",15198600
29800,800,100,"bu","14:26:53",15196600
29800,800,1900,"bu","14:26:50",15196500
29800,800,1000,"bu","14:26:43",15194600
29800,800,1000,"bu","14:26:39",15193600
29800,800,2000,"bu","14:26:30",15192600
29800,800,1000,"bu","14:26:29",15190600
29800,800,100,"bu","14:26:18",15189600
29750,750,300,"sd","14:26:16",15189500
29800,800,100,"bu","14:26:15",15189200
29750,750,400,"sd","14:26:06",15189100
29800,800,100,"bu","14:26:00",15188700
29800,800,1000,"bu","14:25:54",15188600
29800,800,7000,"bu","14:25:38",15187600
29800,800,100,"bu","14:25:36",15180600
29750,750,200,"sd","14:25:35",15180500
29750,750,100,"sd","14:25:35",15180300
29750,750,100,"sd","14:25:35",15180200
29800,800,400,"bu","14:25:20",15180100
29800,800,100,"bu","14:25:10",15179700
29800,800,4600,"bu","14:25:08",15179600
29800,800,100,"sd","14:25:05",15175000
29800,800,100,"sd","14:25:05",15174900
29750,750,300,"sd","14:24:56",15174800
29750,750,500,"sd","14:24:56",15174500
29750,750,1000,"sd","14:24:56",15174000
29750,750,100,"sd","14:24:56",15173000
29800,800,100,"sd","14:24:56",15172900
29800,800,100,"bu","14:24:55",15172800
29800,800,400,"bu","14:24:55",15172700
29800,800,100,"bu","14:24:54",15172300
29800,800,100,"bu","14:24:52",15172200
29750,750,400,"sd","14:24:51",15172100
29750,750,1000,"sd","14:24:51",15171700
29750,750,100,"sd","14:24:51",15170700
29750,750,500,"sd","14:24:51",15170600
29750,750,5000,"sd","14:24:51",15170100
29800,800,400,"sd","14:24:36",15165100
29800,800,500,"bu","14:24:30",15164700
29800,800,100,"sd","14:24:17",15164200
29800,800,200,"sd","14:24:17",15164100
29800,800,1000,"sd","14:24:17",15163900
29800,800,1000,"sd","14:24:17",15162900
29800,800,1800,"sd","14:24:17",15161900
29800,800,800,"sd","14:24:17",15160100
29800,800,400,"sd","14:24:17",15159300
29800,800,100,"sd","14:24:17",15158900
29800,800,900,"sd","14:24:17",15158800
29800,800,500,"sd","14:24:17",15157900
29800,800,100,"sd","14:24:17",15157400
29800,800,200,"sd","14:24:17",15157300
29800,800,200,"sd","14:24:17",15157100
29800,800,700,"sd","14:24:17",15156900
29800,800,500,"sd","14:24:17",15156200
29800,800,1000,"sd","14:24:17",15155700
29850,850,2000,"bu","14:24:03",15154700
29850,850,900,"bu","14:23:45",15152700
29850,850,100,"bu","14:23:30",15151800
29850,850,100,"bu","14:23:28",15151700
29850,850,100,"bu","14:23:25",15151600
29800,800,100,"sd","14:23:02",15151500
29800,800,100,"sd","14:22:25",15151400
29800,800,3900,"bu","14:22:11",15151300
29800,800,200,"bu","14:22:08",15147400
29800,800,100,"bu","14:21:48",15147200
29800,800,700,"sd","14:21:48",15147100
29800,800,2600,"sd","14:21:48",15146400
29800,800,1400,"sd","14:21:46",15143800
29800,800,100,"sd","14:21:46",15142400
29800,800,500,"sd","14:21:46",15142300
29800,800,1000,"sd","14:21:39",15141800
29850,850,2200,"bu","14:21:17",15140800
29800,800,300,"bu","14:21:17",15138600
29800,800,300,"sd","14:21:16",15138300
29800,800,800,"sd","14:21:16",15138000
29800,800,500,"sd","14:21:16",15137200
29800,800,1000,"sd","14:21:05",15136700
29800,800,1000,"sd","14:20:59",15135700
29800,800,1000,"sd","14:20:57",15134700
29850,850,100,"bu","14:20:46",15133700
29800,800,1500,"sd","14:20:46",15133600
29800,800,3000,"sd","14:20:46",15132100
29800,800,100,"sd","14:20:46",15129100
29800,800,200,"sd","14:20:46",15129000
29800,800,200,"sd","14:20:46",15128800
29800,800,300,"sd","14:20:41",15128600
29800,800,300,"sd","14:20:41",15128300
29800,800,100,"sd","14:20:40",15128000
29800,800,1200,"sd","14:20:27",15127900
29800,800,400,"sd","14:20:19",15126700
29800,800,1000,"sd","14:20:19",15126300
29800,800,100,"sd","14:20:19",15125300
29800,800,2000,"sd","14:20:19",15125200
29800,800,1000,"sd","14:20:16",15123200
29800,800,2000,"sd","14:20:13",15122200
29800,800,1500,"sd","14:20:13",15120200
29800,800,100,"sd","14:20:13",15118700
29800,800,500,"sd","14:20:13",15118600
29800,800,300,"sd","14:20:13",15118100
29800,800,5000,"sd","14:20:13",15117800
29800,800,600,"sd","14:20:13",15112800
29800,800,3000,"sd","14:19:59",15112200
29800,800,2000,"sd","14:19:49",15109200
29800,800,2000,"sd","14:19:40",15107200
29850,850,100,"bu","14:19:29",15105200
29850,850,100,"bu","14:19:24",15105100
29800,800,500,"sd","14:19:23",15105000
29850,850,9000,"bu","14:19:16",15104500
29800,800,5000,"sd","14:19:11",15095500
29800,800,100,"sd","14:18:51",15090500
29850,850,100,"bu","14:18:49",15090400
29850,850,3900,"bu","14:18:40",15090300
29850,850,6600,"bu","14:18:40",15086400
29800,800,500,"sd","14:18:30",15079800
29800,800,500,"sd","14:18:30",15079300
29800,800,100,"sd","14:18:30",15078800
29800,800,500,"sd","14:18:30",15078700
29800,800,200,"sd","14:18:30",15078200
29800,800,200,"sd","14:18:30",15078000
29800,800,1000,"sd","14:18:22",15077800
29850,850,400,"bu","14:18:21",15076800
29800,800,1000,"sd","14:18:17",15076400
29800,800,1000,"sd","14:18:17",15075400
29800,800,2000,"sd","14:18:17",15074400
29800,800,3000,"sd","14:18:17",15072400
29800,800,100,"sd","14:18:17",15069400
29800,800,500,"sd","14:18:17",15069300
29800,800,700,"sd","14:18:17",15068800
29800,800,300,"sd","14:18:17",15068100
29800,800,1400,"sd","14:18:17",15067800
29800,800,500,"sd","14:18:09",15066400
29800,800,100,"sd","14:18:06",15065900
29800,800,100,"sd","14:18:06",15065800
29800,800,900,"sd","14:18:06",15065700
29800,800,100,"sd","14:18:06",15064800
29850,850,200,"bu","14:18:01",15064700
29800,800,200,"sd","14:18:01",15064500
29800,800,200,"sd","14:18:01",15064300
29800,800,200,"sd","14:18:01",15064100
29800,800,300,"sd","14:18:01",15063900
29800,800,100,"sd","14:18:01",15063600
29800,800,1000,"sd","14:18:01",15063500
29800,800,1000,"sd","14:17:54",15062500
29850,850,1600,"bu","14:17:53",15061500
29850,850,2000,"bu","14:17:53",15059900
29850,850,1300,"bu","14:17:53",15057900
29850,850,100,"bu","14:17:53",15056600
29850,850,200,"sd","14:17:53",15056500
29850,850,300,"sd","14:17:53",15056300
29850,850,500,"sd","14:17:53",15056000
29850,850,2000,"sd","14:17:53",15055500
29850,850,300,"sd","14:17:53",15053500
29850,850,1000,"sd","14:17:53",15053200
29850,850,500,"sd","14:17:53",15052200
29850,850,3000,"sd","14:17:53",15051700
29850,850,100,"sd","14:17:52",15048700
29850,850,100,"sd","14:17:48",15048600
29850,850,400,"sd","14:17:48",15048500
29850,850,600,"sd","14:17:44",15048100
29850,850,5000,"sd","14:17:44",15047500
29850,850,300,"sd","14:17:44",15042500
29850,850,2100,"sd","14:17:44",15042200
29850,850,500,"sd","14:17:43",15040100
29850,850,1000,"sd","14:17:35",15039600
29900,900,100,"bu","14:17:35",15038600
29850,850,1000,"sd","14:17:34",15038500
29850,850,400,"sd","14:17:29",15037500
29850,850,600,"sd","14:17:29",15037100
29900,900,1500,"bu","14:17:21",15036500
29900,900,100,"bu","14:17:21",15035000
29850,850,300,"sd","14:17:00",15034900
29900,900,500,"bu","14:16:57",15034600
29900,900,500,"bu","14:16:57",15034100
29900,900,100,"bu","14:16:55",15033600
29900,900,400,"bu","14:16:54",15033500
29900,900,1000,"bu","14:16:54",15033100
29900,900,400,"bu","14:16:54",15032100
29900,900,200,"bu","14:16:54",15031700
29850,850,100,"sd","14:16:53",15031500
29900,900,100,"bu","14:16:39",15031400
29850,850,2000,"sd","14:16:39",15031300
29850,850,5000,"sd","14:16:32",15029300
29850,850,1000,"sd","14:16:25",15024300
29900,900,200,"sd","14:16:22",15023300
29900,900,5300,"sd","14:16:21",15023100
29900,900,2000,"sd","14:16:20",15017800
29900,900,400,"sd","14:16:20",15015800
29900,900,2300,"sd","14:16:20",15015400
29900,900,700,"sd","14:16:18",15013100
29900,900,300,"sd","14:16:18",15012400
29900,900,600,"sd","14:16:18",15012100
29900,900,2000,"sd","14:16:18",15011500
29900,900,100,"sd","14:16:18",15009500
29900,900,100,"sd","14:16:18",15009400
29900,900,500,"sd","14:16:18",15009300
29900,900,400,"sd","14:16:18",15008800
29900,900,1000,"sd","14:16:18",15008400
29900,900,5000,"sd","14:16:18",15007400
29900,900,3000,"sd","14:16:18",15002400
29900,900,1000,"sd","14:16:18",14999400
29900,900,1500,"sd","14:16:18",14998400
29900,900,200,"sd","14:16:18",14996900
29900,900,200,"sd","14:16:18",14996700
29900,900,11700,"sd","14:16:18",14996500
29900,900,500,"sd","14:16:04",14984800
29950,950,1000,"bu","14:16:04",14984300
29900,900,1000,"sd","14:16:03",14983300
29900,900,1000,"sd","14:15:57",14982300
29950,950,1000,"bu","14:15:57",14981300
29900,900,1000,"sd","14:15:52",14980300
29950,950,100,"sd","14:15:48",14979300
29950,950,500,"sd","14:15:48",14979200
29950,950,5000,"sd","14:15:48",14978700
29950,950,700,"sd","14:15:48",14973700
29950,950,1000,"sd","14:15:46",14973000
29950,950,2000,"sd","14:15:45",14972000
29950,950,600,"sd","14:15:43",14970000
29950,950,700,"sd","14:15:41",14969400
29950,950,1300,"sd","14:15:41",14968700
29950,950,100,"sd","14:15:40",14967400
29950,950,600,"sd","14:15:39",14967300
29950,950,2400,"sd","14:15:39",14966700
29950,950,2600,"sd","14:15:28",14964300
29950,950,400,"sd","14:15:28",14961700
29950,950,600,"sd","14:15:19",14961300
29950,950,4400,"sd","14:15:19",14960700
30000,1000,200,"bu","14:15:17",14956300
29950,950,500,"sd","14:15:14",14956100
29950,950,2000,"sd","14:14:55",14955600
29950,950,3100,"sd","14:14:54",14953600
29950,950,100,"sd","14:14:54",14950500
29950,950,100,"sd","14:14:54",14950400
29950,950,700,"sd","14:14:54",14950300
30000,1000,100,"bu","14:14:49",14949600
29950,950,100,"sd","14:14:43",14949500
29950,950,200,"sd","14:14:43",14949400
29950,950,100,"bu","14:14:40",14949200
29950,950,500,"bu","14:14:40",14949100
29950,950,1400,"bu","14:14:40",14948600
29950,950,2000,"bu","14:14:40",14947200
29950,950,500,"bu","14:14:40",14945200
29950,950,1400,"bu","14:14:39",14944700
29900,900,4500,"sd","14:14:37",14943300
29950,950,3000,"bu","14:14:36",14938800
29950,950,4200,"bu","14:14:35",14935800
29950,950,500,"bu","14:14:35",14931600
29950,950,400,"bu","14:14:35",14931100
29950,950,2000,"bu","14:14:35",14930700
29950,950,100,"bu","14:14:35",14928700
29950,950,100,"bu","14:14:35",14928600
29950,950,500,"bu","14:14:35",14928500
29950,950,2200,"bu","14:14:35",14928000
29950,950,1000,"bu","14:14:33",14925800
29950,950,2000,"bu","14:14:29",14924800
29950,950,2000,"bu","14:14:28",14922800
29950,950,2800,"bu","14:14:26",14920800
29950,950,5000,"bu","14:14:26",14918000
29950,950,2200,"bu","14:14:26",14913000
29950,950,500,"bu","14:14:25",14910800
29950,950,300,"bu","14:14:18",14910300
29950,950,300,"bu","14:14:18",14910000
29950,950,1000,"bu","14:14:18",14909700
29950,950,100,"bu","14:14:18",14908700
29950,950,200,"bu","14:14:18",14908600
29950,950,500,"bu","14:14:18",14908400
29950,950,100,"bu","14:14:18",14907900
29950,950,100,"bu","14:14:18",14907800
29950,950,1000,"bu","14:14:18",14907700
29950,950,400,"bu","14:14:18",14906700
29900,900,300,"sd","14:14:15",14906300
29950,950,1000,"bu","14:14:09",14906000
29950,950,1600,"bu","14:14:05",14905000
29950,950,300,"bu","14:14:05",14903400
29950,950,1100,"bu","14:14:05",14903100
29950,950,900,"bu","14:14:02",14902000
29950,950,100,"bu","14:14:02",14901100
29950,950,100,"bu","14:13:58",14901000
29950,950,500,"bu","14:13:58",14900900
29950,950,500,"bu","14:13:58",14900400
29950,950,500,"bu","14:13:58",14899900
29950,950,100,"bu","14:13:58",14899400
29950,950,900,"bu","14:13:58",14899300
29950,950,500,"bu","14:13:58",14898400
29950,950,3200,"bu","14:13:58",14897900
29950,950,1800,"bu","14:13:57",14894700
29950,950,100,"bu","14:13:57",14892900
29950,950,100,"bu","14:13:57",14892800
29950,950,400,"bu","14:13:57",14892700
29950,950,100,"bu","14:13:57",14892300
29950,950,100,"bu","14:13:57",14892200
29950,950,100,"bu","14:13:57",14892100
29950,950,500,"bu","14:13:57",14892000
29950,950,500,"bu","14:13:57",14891500
29950,950,1300,"bu","14:13:57",14891000
29950,950,100,"bu","14:13:55",14889700
29950,950,100,"bu","14:13:55",14889600
29950,950,3000,"bu","14:13:53",14889500
29950,950,200,"bu","14:13:49",14886500
29950,950,300,"bu","14:13:49",14886300
29950,950,4700,"bu","14:13:49",14886000
29950,950,4000,"bu","14:13:49",14881300
29950,950,500,"bu","14:13:46",14877300
29950,950,800,"bu","14:13:44",14876800
29950,950,100,"bu","14:13:44",14876000
29950,950,1100,"bu","14:13:44",14875900
29950,950,900,"bu","14:13:39",14874800
29950,950,1000,"bu","14:13:39",14873900
29950,950,1000,"bu","14:13:39",14872900
29950,950,200,"bu","14:13:39",14871900
29950,950,2000,"bu","14:13:39",14871700
29950,950,1000,"bu","14:13:39",14869700
29950,950,1300,"bu","14:13:39",14868700
29950,950,100,"bu","14:13:39",14867400
29950,950,200,"bu","14:13:39",14867300
29950,950,1600,"bu","14:13:39",14867100
29950,950,100,"bu","14:13:39",14865500
29950,950,2600,"bu","14:13:39",14865400
29900,900,300,"sd","14:13:25",14862800
29900,900,200,"sd","14:13:25",14862500
29950,950,100,"bu","14:13:03",14862300
29900,900,2000,"sd","14:12:58",14862200
29950,950,500,"bu","14:12:58",14860200
29900,900,500,"sd","14:12:52",14859700
29900,900,200,"sd","14:12:44",14859200
29950,950,1500,"bu","14:12:43",14859000
29950,950,100,"bu","14:12:33",14857500
29950,950,200,"bu","14:12:32",14857400
29950,950,1000,"bu","14:12:32",14857200
29950,950,1000,"bu","14:12:32",14856200
29950,950,400,"bu","14:12:32",14855200
29950,950,400,"bu","14:12:32",14854800
29950,950,1000,"bu","14:12:14",14854400
29950,950,2000,"bu","14:12:11",14853400
29950,950,100,"bu","14:12:08",14851400
29950,950,500,"bu","14:12:05",14851300
29950,950,1100,"bu","14:12:03",14850800
29950,950,900,"bu","14:12:03",14849700
29950,950,100,"bu","14:11:56",14848800
29950,950,200,"bu","14:11:56",14848700
29950,950,2600,"bu","14:11:56",14848500
29950,950,100,"bu","14:11:56",14845900
29950,950,400,"bu","14:11:50",14845800
29950,950,2000,"bu","14:11:42",14845400
29950,950,2000,"bu","14:11:41",14843400
29950,950,30000,"bu","14:11:25",14841400
29900,900,200,"sd","14:11:24",14811400
29950,950,100,"bu","14:11:20",14811200
29950,950,100,"bu","14:11:15",14811100
29950,950,2600,"bu","14:11:14",14811000
29950,950,500,"bu","14:11:11",14808400
29950,950,200,"bu","14:11:10",14807900
29950,950,2500,"bu","14:11:04",14807700
29950,950,100,"bu","14:10:39",14805200
29950,950,100,"bu","14:10:23",14805100
29900,900,300,"bu","14:10:06",14805000
29900,900,500,"bu","14:10:02",14804700
29900,900,200,"bu","14:10:02",14804200
29900,900,300,"bu","14:10:02",14804000
29900,900,2000,"bu","14:10:01",14803700
29900,900,800,"bu","14:10:01",14801700
29900,900,100,"sd","14:09:58",14800900
29900,900,1800,"sd","14:09:58",14800800
29900,900,3200,"sd","14:09:55",14799000
29900,900,1800,"sd","14:09:55",14795800
29950,950,200,"bu","14:09:48",14794000
29900,900,1000,"sd","14:09:45",14793800
29900,900,100,"sd","14:09:41",14792800
29900,900,200,"sd","14:09:41",14792700
29900,900,500,"bu","14:09:41",14792500
29900,900,100,"bu","14:09:41",14792000
29900,900,5000,"bu","14:09:41",14791900
29900,900,100,"bu","14:09:41",14786900
29900,900,100,"bu","14:09:41",14786800
29900,900,3900,"bu","14:09:41",14786700
29900,900,7000,"bu","14:09:41",14782800
29900,900,200,"bu","14:09:41",14775800
29850,850,1000,"sd","14:09:40",14775600
29900,900,2800,"bu","14:09:38",14774600
29900,900,600,"bu","14:09:38",14771800
29900,900,1000,"bu","14:09:38",14771200
29900,900,300,"bu","14:09:38",14770200
29900,900,100,"bu","14:09:38",14769900
29900,900,200,"bu","14:09:38",14769800
29900,900,1000,"bu","14:09:35",14769600
29900,900,100,"bu","14:09:35",14768600
29900,900,100,"bu","14:09:35",14768500
29900,900,900,"bu","14:09:35",14768400
29900,900,100,"bu","14:09:35",14767500
29900,900,1000,"bu","14:09:35",14767400
29900,900,3000,"bu","14:09:35",14766400
29900,900,100,"bu","14:09:35",14763400
29900,900,100,"bu","14:09:35",14763300
29900,900,2000,"bu","14:09:35",14763200
29900,900,600,"bu","14:09:35",14761200
29900,900,800,"bu","14:09:35",14760600
29900,900,200,"bu","14:09:35",14759800
29900,900,300,"bu","14:09:33",14759600
29900,900,100,"bu","14:09:31",14759300
29900,900,4000,"bu","14:09:24",14759200
29900,900,500,"bu","14:09:24",14755200
29900,900,200,"bu","14:09:24",14754700
29900,900,500,"bu","14:09:24",14754500
29900,900,100,"bu","14:09:24",14754000
29900,900,500,"bu","14:09:24",14753900
29900,900,8200,"bu","14:09:24",14753400
29900,900,1800,"bu","14:09:21",14745200
29900,900,1000,"bu","14:09:21",14743400
29900,900,100,"bu","14:09:21",14742400
29900,900,100,"bu","14:09:21",14742300
29900,900,1000,"bu","14:09:21",14742200
29900,900,10000,"bu","14:09:21",14741200
29900,900,200,"bu","14:09:21",14731200
29900,900,1000,"bu","14:09:21",14731000
29900,900,100,"bu","14:09:21",14730000
29900,900,500,"bu","14:09:21",14729900
29900,900,100,"bu","14:09:21",14729400
29900,900,100,"bu","14:09:21",14729300
29900,900,500,"bu","14:09:21",14729200
29900,900,400,"bu","14:09:21",14728700
29900,900,3100,"bu","14:09:21",14728300
29900,900,900,"bu","14:09:19",14725200
29900,900,100,"bu","14:09:19",14724300
29900,900,100,"bu","14:09:15",14724200
29900,900,400,"bu","14:09:15",14724100
29900,900,100,"bu","14:09:05",14723700
29850,850,5800,"bu","14:08:51",14723600
29850,850,200,"bu","14:08:51",14717800
29850,850,500,"bu","14:08:51",14717600
29850,850,500,"bu","14:08:50",14717100
29850,850,2500,"bu","14:08:50",14716600
29850,850,1000,"bu","14:08:42",14714100
29850,850,100,"bu","14:08:38",14713100
29850,850,400,"bu","14:08:36",14713000
29850,850,100,"bu","14:08:36",14712600
29850,850,100,"bu","14:08:36",14712500
29850,850,200,"bu","14:08:35",14712400
29850,850,500,"bu","14:08:35",14712200
29850,850,300,"bu","14:08:35",14711700
29850,850,500,"bu","14:08:35",14711400
29850,850,900,"bu","14:08:35",14710900
29850,850,200,"bu","14:08:30",14710000
29850,850,1000,"bu","14:08:30",14709800
29850,850,100,"bu","14:08:26",14708800
29850,850,1000,"bu","14:08:25",14708700
29850,850,1800,"bu","14:08:16",14707700
29850,850,1200,"bu","14:08:16",14705900
29850,850,400,"bu","14:08:15",14704700
29850,850,400,"bu","14:08:12",14704300
29850,850,200,"bu","14:08:12",14703900
29850,850,4400,"bu","14:08:12",14703700
29850,850,6000,"bu","14:08:04",14699300
29850,850,1600,"bu","14:07:24",14693300
29850,850,1200,"bu","14:07:24",14691700
29850,850,5000,"bu","14:07:24",14690500
29850,850,500,"bu","14:07:24",14685500
29850,850,6700,"bu","14:07:24",14685000
29850,850,11000,"bu","14:07:21",14678300
29800,800,100,"sd","14:07:16",14667300
29800,800,4000,"sd","14:07:16",14667200
29800,800,100,"sd","14:07:16",14663200
29800,800,100,"sd","14:07:16",14663100
29800,800,5700,"sd","14:07:16",14663000
29800,800,200,"sd","14:07:07",14657300
29800,800,4100,"bu","14:06:53",14657100
29800,800,100,"bu","14:06:50",14653000
29800,800,500,"sd","14:06:45",14652900
29800,800,200,"sd","14:06:45",14652400
29800,800,100,"sd","14:06:45",14652200
29800,800,100,"sd","14:06:36",14652100
29800,800,1000,"sd","14:06:32",14652000
29800,800,1000,"bu","14:06:21",14651000
29800,800,200,"bu","14:06:21",14650000
29800,800,13400,"bu","14:06:21",14649800
29800,800,300,"bu","14:06:21",14636400
29800,800,600,"bu","14:06:21",14636100
29800,800,5000,"bu","14:06:21",14635500
29800,800,1000,"bu","14:06:21",14630500
29800,800,1000,"bu","14:06:21",14629500
29800,800,5000,"bu","14:06:21",14628500
29800,800,10000,"bu","14:06:21",14623500
29800,800,500,"bu","14:06:21",14613500
29800,800,10800,"bu","14:06:21",14613000
29800,800,4000,"bu","14:06:15",14602200
29800,800,100,"bu","14:06:03",14598200
29800,800,100,"bu","14:05:52",14598100
29800,800,500,"bu","14:05:41",14598000
29750,750,800,"sd","14:05:15",14597500
29800,800,100,"bu","14:05:12",14596700
29750,750,600,"sd","14:05:08",14596600
29750,750,5000,"sd","14:05:06",14596000
29750,750,10000,"sd","14:04:40",14591000
29750,750,100,"sd","14:04:23",14581000
29800,800,2000,"bu","14:04:20",14580900
29750,750,1000,"sd","14:03:45",14578900
29800,800,300,"bu","14:03:44",14577900
29800,800,100,"sd","14:03:39",14577600
29800,800,100,"sd","14:03:39",14577500
29800,800,1900,"sd","14:03:39",14577400
29850,850,100,"bu","14:03:31",14575500
29800,800,8100,"sd","14:03:29",14575400
29800,800,5200,"sd","14:03:29",14567300
29800,800,1000,"sd","14:03:29",14562100
29800,800,1000,"sd","14:03:29",14561100
29800,800,4700,"sd","14:03:29",14560100
29800,800,5000,"sd","14:03:26",14555400
29800,800,300,"sd","14:03:13",14550400
29800,800,9700,"sd","14:03:13",14550100
29800,800,2200,"sd","14:03:10",14540400
29800,800,5000,"sd","14:02:55",14538200
29800,800,100,"sd","14:02:53",14533200
29800,800,100,"bu","14:02:52",14533100
29800,800,2900,"bu","14:02:52",14533000
29800,800,100,"bu","14:02:48",14530100
29800,800,100,"bu","14:02:48",14530000
29800,800,1800,"bu","14:02:48",14529900
29800,800,2000,"bu","14:02:46",14528100
29800,800,600,"bu","14:02:46",14526100
29800,800,1000,"bu","14:02:43",14525500
29800,800,100,"bu","14:02:41",14524500
29800,800,10000,"bu","14:02:38",14524400
29800,800,200,"bu","14:02:23",14514400
29800,800,1200,"bu","14:02:19",14514200
29800,800,18800,"bu","14:02:19",14513000
29800,800,100,"bu","14:02:11",14494200
29800,800,1000,"bu","14:02:00",14494100
29800,800,100,"bu","14:01:59",14493100
29800,800,100,"bu","14:01:59",14493000
29800,800,200,"bu","14:01:59",14492900
29750,750,3900,"sd","14:01:57",14492700
29800,800,100,"bu","14:01:51",14488800
29800,800,200,"bu","14:01:23",14488700
29800,800,600,"bu","14:01:22",14488500
29800,800,100,"bu","14:01:21",14487900
29800,800,2000,"bu","14:01:21",14487800
29800,800,200,"bu","14:01:21",14485800
29800,800,300,"bu","14:01:21",14485600
29800,800,200,"bu","14:01:04",14485300
29800,800,100,"bu","14:01:00",14485100
29750,750,100,"sd","14:00:53",14485000
29800,800,1600,"bu","14:00:37",14484900
29800,800,200,"bu","14:00:23",14483300
29800,800,100,"bu","14:00:19",14483100
29800,800,3000,"bu","14:00:19",14483000
29800,800,100,"bu","14:00:12",14480000
29800,800,4400,"sd","14:00:08",14479900
29850,850,2200,"bu","14:00:06",14475500
29850,850,2000,"bu","14:00:06",14473300
29850,850,400,"bu","14:00:06",14471300
29800,800,10000,"sd","14:00:06",14470900
29800,800,1300,"sd","14:00:04",14460900
29800,800,500,"sd","14:00:04",14459600
29800,800,10000,"sd","14:00:02",14459100
29850,850,100,"bu","14:00:01",14449100
29800,800,10000,"sd","13:59:59",14449000
29800,800,10000,"sd","13:59:56",14439000
29800,800,3800,"sd","13:59:49",14429000
29800,800,6200,"sd","13:59:49",14425200
29800,800,10000,"sd","13:59:46",14419000
29800,800,500,"sd","13:59:39",14409000
29800,800,100,"sd","13:59:34",14408500
29800,800,100,"sd","13:59:33",14408400
29800,800,200,"bu","13:59:29",14408300
29800,800,700,"bu","13:59:29",14408100
29800,800,100,"bu","13:59:29",14407400
29800,800,600,"bu","13:59:29",14407300
29800,800,600,"bu","13:59:29",14406700
29800,800,2000,"bu","13:59:29",14406100
29800,800,600,"bu","13:59:29",14404100
29800,800,1100,"bu","13:59:29",14403500
29800,800,200,"bu","13:59:29",14402400
29800,800,100,"bu","13:59:25",14402200
29800,800,2900,"bu","13:59:25",14402100
29800,800,100,"bu","13:59:21",14399200
29750,750,5000,"sd","13:59:06",14399100
29750,750,400,"sd","13:59:02",14394100
29750,750,200,"sd","13:59:02",14393700
29750,750,400,"sd","13:59:02",14393500
29750,750,100,"bu","13:58:58",14393100
29750,750,100,"bu","13:58:54",14393000
29750,750,1500,"bu","13:58:54",14392900
29750,750,200,"bu","13:58:54",14391400
29750,750,200,"bu","13:58:54",14391200
29750,750,22100,"bu","13:58:54",14391000
29750,750,500,"bu","13:58:39",14368900
29750,750,100,"bu","13:58:32",14368400
29750,750,200,"bu","13:58:17",14368300
29750,750,200,"bu","13:58:08",14368100
29700,700,2000,"sd","13:58:03",14367900
29700,700,1500,"sd","13:57:58",14365900
29700,700,1000,"sd","13:57:58",14364400
29750,750,1600,"bu","13:57:49",14363400
29750,750,4000,"bu","13:57:39",14361800
29750,750,600,"bu","13:57:39",14357800
29750,750,1000,"bu","13:57:39",14357200
29750,750,100,"bu","13:57:39",14356200
29750,750,500,"bu","13:57:39",14356100
29750,750,1000,"bu","13:57:39",14355600
29750,750,200,"bu","13:57:39",14354600
29750,750,700,"bu","13:57:39",14354400
29750,750,100,"bu","13:57:39",14353700
29750,750,100,"bu","13:57:39",14353600
29750,750,300,"bu","13:57:39",14353500
29750,750,800,"bu","13:57:39",14353200
29750,750,200,"bu","13:57:39",14352400
29750,750,400,"sd","13:57:39",14352200
29750,750,3000,"sd","13:57:39",14351800
29750,750,100,"sd","13:57:39",14348800
29750,750,2000,"sd","13:57:39",14348700
29750,750,5000,"sd","13:57:39",14346700
29750,750,1500,"sd","13:57:39",14341700
29750,750,100,"sd","13:57:39",14340200
29750,750,100,"sd","13:57:39",14340100
29750,750,3500,"sd","13:57:39",14340000
29750,750,1000,"sd","13:57:37",14336500
29800,800,4000,"bu","13:57:36",14335500
29800,800,3600,"bu","13:57:36",14331500
29800,800,800,"bu","13:57:36",14327900
29800,800,100,"bu","13:57:36",14327100
29800,800,500,"bu","13:57:36",14327000
29800,800,5000,"bu","13:57:36",14326500
29800,800,5000,"bu","13:57:36",14321500
29800,800,1000,"bu","13:57:36",14316500
29800,800,100,"bu","13:57:36",14315500
29800,800,200,"bu","13:57:36",14315400
29800,800,100,"bu","13:57:36",14315200
29800,800,500,"bu","13:57:36",14315100
29800,800,5000,"bu","13:57:36",14314600
29750,750,2500,"sd","13:57:33",14309600
29750,750,2000,"sd","13:57:26",14307100
29750,750,100,"sd","13:57:26",14305100
29750,750,3000,"sd","13:57:26",14305000
29750,750,300,"sd","13:57:26",14302000
29750,750,1600,"sd","13:57:26",14301700
29750,750,5000,"sd","13:56:58",14300100
29800,800,100,"bu","13:56:54",14295100
29750,750,300,"sd","13:56:54",14295000
29750,750,200,"sd","13:56:43",14294700
29750,750,600,"sd","13:56:34",14294500
29750,750,200,"sd","13:56:32",14293900
29750,750,2000,"sd","13:56:27",14293700
29750,750,200,"sd","13:56:25",14291700
29750,750,500,"sd","13:56:17",14291500
29750,750,1000,"sd","13:56:12",14291000
29800,800,100,"bu","13:56:05",14290000
29750,750,5000,"sd","13:56:05",14289900
29750,750,4900,"sd","13:56:02",14284900
29750,750,3400,"sd","13:56:02",14280000
29750,750,1000,"sd","13:56:02",14276600
29750,750,500,"sd","13:56:02",14275600
29750,750,100,"sd","13:56:02",14275100
29750,750,100,"sd","13:56:02",14275000
29750,750,1000,"sd","13:55:58",14274900
29800,800,200,"bu","13:55:48",14273900
29800,800,200,"bu","13:55:29",14273700
29800,800,100,"bu","13:55:17",14273500
29800,800,300,"bu","13:55:17",14273400
29800,800,1200,"bu","13:55:17",14273100
29800,800,600,"bu","13:55:17",14271900
29800,800,500,"bu","13:55:17",14271300
29800,800,100,"sd","13:55:10",14270800
29800,800,400,"bu","13:54:57",14270700
29800,800,500,"bu","13:54:57",14270300
29800,800,100,"sd","13:54:49",14269800
29800,800,100,"sd","13:54:49",14269700
29800,800,600,"sd","13:54:49",14269600
29800,800,400,"sd","13:54:49",14269000
29800,800,500,"sd","13:54:46",14268600
29800,800,200,"sd","13:54:44",14268100
29800,800,500,"sd","13:54:43",14267900
29850,850,500,"bu","13:54:38",14267400
29800,800,100,"sd","13:54:33",14266900
29800,800,5000,"sd","13:54:33",14266800
29800,800,500,"sd","13:54:30",14261800
29800,800,300,"sd","13:54:28",14261300
29850,850,100,"bu","13:54:27",14261000
29800,800,2500,"sd","13:54:25",14260900
29800,800,200,"sd","13:54:25",14258400
29800,800,300,"sd","13:54:25",14258200
29800,800,200,"sd","13:54:25",14257900
29800,800,200,"sd","13:54:25",14257700
29800,800,200,"sd","13:54:25",14257500
29800,800,1000,"sd","13:54:15",14257300
29800,800,18800,"sd","13:54:11",14256300
29800,800,600,"sd","13:54:11",14237500
29800,800,600,"sd","13:54:11",14236900
29800,800,1600,"sd","13:53:56",14236300
29800,800,100,"sd","13:53:51",14234700
29800,800,100,"sd","13:53:51",14234600
29850,850,100,"bu","13:53:51",14234500
29850,850,1900,"bu","13:53:51",14234400
29800,800,400,"sd","13:53:45",14232500
29800,800,500,"sd","13:53:45",14232100
29800,800,1000,"sd","13:53:45",14231600
29800,800,1000,"sd","13:53:45",14230600
29800,800,300,"sd","13:53:45",14229600
29800,800,2000,"sd","13:53:45",14229300
29800,800,2000,"sd","13:53:45",14227300
29800,800,200,"sd","13:53:45",14225300
29800,800,3000,"sd","13:53:45",14225100
29800,800,2000,"sd","13:53:45",14222100
29800,800,100,"sd","13:53:45",14220100
29800,800,200,"sd","13:53:45",14220000
29800,800,2000,"sd","13:53:45",14219800
29800,800,100,"sd","13:53:45",14217800
29800,800,100,"sd","13:53:45",14217700
29800,800,1000,"sd","13:53:45",14217600
29800,800,200,"sd","13:53:45",14216600
29800,800,400,"sd","13:53:45",14216400
29800,800,100,"sd","13:53:45",14216000
29800,800,300,"sd","13:53:45",14215900
29800,800,300,"sd","13:53:45",14215600
29800,800,1300,"sd","13:53:45",14215300
29800,800,1500,"sd","13:53:45",14214000
29800,800,1500,"sd","13:53:42",14212500
29800,800,300,"sd","13:53:42",14211000
29800,800,200,"sd","13:53:42",14210700
29800,800,5000,"sd","13:53:42",14210500
29800,800,100,"sd","13:53:42",14205500
29800,800,1000,"sd","13:53:42",14205400
29800,800,600,"sd","13:53:42",14204400
29800,800,300,"sd","13:53:42",14203800
29800,800,1000,"sd","13:53:42",14203500
29800,800,10400,"sd","13:53:42",14202500
29800,800,4300,"sd","13:53:42",14192100
29800,800,500,"sd","13:53:40",14187800
29800,800,5000,"sd","13:53:28",14187300
29800,800,3500,"sd","13:53:26",14182300
29850,850,200,"bu","13:53:02",14178800
29850,850,100,"sd","13:52:53",14178600
29850,850,200,"sd","13:52:53",14178500
29850,850,100,"sd","13:52:53",14178300
29900,900,100,"bu","13:52:51",14178200
29850,850,400,"sd","13:52:48",14178100
29850,850,1500,"sd","13:52:48",14177700
29850,850,100,"sd","13:52:42",14176200
29850,850,4900,"sd","13:52:42",14176100
29850,850,9800,"sd","13:52:39",14171200
29850,850,3000,"sd","13:52:38",14161400
29850,850,2300,"sd","13:52:35",14158400
29850,850,100,"sd","13:52:35",14156100
29850,850,1000,"sd","13:52:35",14156000
29850,850,500,"sd","13:52:35",14155000
29850,850,1100,"sd","13:52:35",14154500
29850,850,3900,"sd","13:52:31",14153400
29850,850,600,"sd","13:52:31",14149500
29850,850,200,"sd","13:52:31",14148900
29850,850,1000,"sd","13:52:29",14148700
29850,850,200,"sd","13:52:28",14147700
29850,850,100,"sd","13:52:28",14147500
29850,850,500,"sd","13:52:28",14147400
29850,850,200,"sd","13:52:28",14146900
29850,850,500,"sd","13:52:08",14146700
29900,900,100,"bu","13:52:02",14146200
29850,850,300,"sd","13:51:52",14146100
29850,850,100,"sd","13:51:52",14145800
29850,850,2000,"sd","13:51:52",14145700
29850,850,500,"sd","13:51:52",14143700
29850,850,500,"sd","13:51:52",14143200
29850,850,100,"sd","13:51:52",14142700
29850,850,1000,"sd","13:51:52",14142600
29850,850,500,"sd","13:51:52",14141600
29850,850,100,"sd","13:51:44",14141100
29850,850,2400,"sd","13:51:39",14141000
29850,850,1000,"sd","13:51:17",14138600
29900,900,100,"bu","13:51:13",14137600
29850,850,100,"sd","13:51:08",14137500
29850,850,2000,"sd","13:50:47",14137400
29850,850,900,"sd","13:50:47",14135400
29850,850,1000,"sd","13:50:47",14134500
29850,850,100,"sd","13:50:47",14133500
29850,850,500,"sd","13:50:47",14133400
29850,850,100,"sd","13:50:41",14132900
29900,900,100,"bu","13:50:26",14132800
29850,850,1100,"sd","13:50:20",14132700
29850,850,3900,"sd","13:50:20",14131600
29850,850,5000,"sd","13:50:14",14127700
29900,900,100,"bu","13:50:07",14122700
29900,900,1000,"bu","13:50:04",14122600
29900,900,200,"bu","13:49:54",14121600
29900,900,100,"bu","13:49:37",14121400
29850,850,200,"sd","13:49:36",14121300
29900,900,3000,"bu","13:49:30",14121100
29850,850,2000,"sd","13:49:13",14118100
29900,900,1000,"bu","13:49:02",14116100
29850,850,8900,"sd","13:49:01",14115100
29850,850,300,"sd","13:49:01",14106200
29850,850,500,"sd","13:49:01",14105900
29850,850,200,"sd","13:49:01",14105400
29850,850,100,"sd","13:49:01",14105200
29900,900,1000,"sd","13:48:47",14105100
29900,900,700,"sd","13:48:47",14104100
29900,900,300,"sd","13:48:46",14103400
29900,900,1000,"sd","13:48:44",14103100
29900,900,1000,"sd","13:48:44",14102100
29900,900,100,"sd","13:48:43",14101100
29900,900,600,"sd","13:48:43",14101000
29900,900,100,"sd","13:48:43",14100400
29900,900,100,"sd","13:48:43",14100300
29900,900,100,"sd","13:48:43",14100200
29900,900,5000,"sd","13:48:43",14100100
29900,900,4000,"sd","13:48:43",14095100
29900,900,100,"sd","13:48:39",14091100
29900,900,1900,"sd","13:48:36",14091000
29900,900,8100,"sd","13:48:36",14089100
29900,900,4000,"sd","13:48:30",14081000
29900,900,5000,"sd","13:48:29",14077000
29900,900,300,"sd","13:48:23",14072000
29900,900,100,"sd","13:48:17",14071700
29950,950,2000,"bu","13:48:11",14071600
29900,900,200,"sd","13:48:05",14069600
29900,900,6000,"sd","13:47:56",14069400
29900,900,5000,"sd","13:47:38",14063400
29900,900,100,"sd","13:47:38",14058400
29900,900,10000,"sd","13:47:32",14058300
29900,900,1000,"bu","13:47:26",14048300
29900,900,5000,"bu","13:47:26",14047300
29900,900,5200,"bu","13:47:26",14042300
29900,900,100,"bu","13:47:24",14037100
29900,900,100,"sd","13:47:21",14037000
29900,900,4600,"sd","13:47:21",14036900
29900,900,29000,"sd","13:47:19",14032300
29900,900,5400,"sd","13:47:19",14003300
29900,900,100,"sd","13:47:19",13997900
29900,900,5000,"sd","13:47:19",13997800
29900,900,200,"sd","13:47:19",13992800
29900,900,1000,"sd","13:47:19",13992600
29900,900,100,"sd","13:47:19",13991600
29900,900,200,"sd","13:47:19",13991500
29900,900,3000,"sd","13:47:19",13991300
29900,900,1000,"sd","13:47:19",13988300
29900,900,400,"sd","13:47:19",13987300
29900,900,100,"sd","13:47:19",13986900
29900,900,2000,"sd","13:47:19",13986800
29900,900,2000,"sd","13:47:19",13984800
29900,900,500,"sd","13:47:19",13982800
29950,950,100,"bu","13:47:15",13982300
29900,900,2000,"sd","13:47:13",13982200
29900,900,200,"sd","13:47:12",13980200
29900,900,300,"sd","13:47:11",13980000
29900,900,2000,"sd","13:47:08",13979700
29950,950,200,"bu","13:47:07",13977700
29950,950,1000,"bu","13:47:06",13977500
29900,900,200,"sd","13:47:05",13976500
29900,900,3500,"sd","13:47:04",13976300
29900,900,6500,"sd","13:46:57",13972800
29900,900,500,"sd","13:46:57",13966300
29900,900,200,"sd","13:46:57",13965800
29900,900,100,"sd","13:46:57",13965600
29900,900,15000,"sd","13:46:57",13965500
29900,900,1500,"sd","13:46:57",13950500
29900,900,100,"sd","13:46:57",13949000
29900,900,200,"sd","13:46:57",13948900
29900,900,100,"sd","13:46:57",13948700
29900,900,6000,"sd","13:46:57",13948600
29900,900,12800,"sd","13:46:57",13942600
29900,900,2000,"sd","13:46:57",13929800
29900,900,5000,"sd","13:46:57",13927800
29950,950,1000,"bu","13:46:56",13922800
29900,900,1900,"sd","13:46:52",13921800
29950,950,1000,"bu","13:46:52",13919900
29950,950,4300,"bu","13:46:44",13918900
29950,950,1000,"bu","13:46:44",13914600
29950,950,1600,"bu","13:46:44",13913600
29950,950,5000,"bu","13:46:44",13912000
29950,950,2100,"bu","13:46:44",13907000
29950,950,100,"bu","13:46:26",13904900
29900,900,100,"sd","13:46:22",13904800
29900,900,500,"sd","13:46:11",13904700
29900,900,1100,"sd","13:45:48",13904200
29950,950,100,"bu","13:45:39",13903100
29900,900,300,"sd","13:45:34",13903000
29950,950,400,"bu","13:45:34",13902700
29900,900,400,"sd","13:45:34",13902300
29900,900,300,"sd","13:45:34",13901900
29950,950,1100,"bu","13:45:22",13901600
29950,950,6700,"bu","13:45:22",13900500
29950,950,2200,"bu","13:45:22",13893800
29900,900,2000,"sd","13:45:17",13891600
29900,900,1600,"sd","13:45:10",13889600
29950,950,200,"bu","13:45:07",13888000
29950,950,100,"bu","13:44:52",13887800
29900,900,400,"sd","13:44:52",13887700
29950,950,2000,"bu","13:44:48",13887300
29950,950,1500,"bu","13:44:45",13885300
29950,950,100,"bu","13:44:30",13883800
29900,900,200,"sd","13:44:15",13883700
29950,950,100,"bu","13:44:13",13883500
29900,900,300,"sd","13:44:07",13883400
29900,900,200,"sd","13:44:07",13883100
29900,900,1000,"sd","13:44:06",13882900
29900,900,200,"sd","13:44:06",13881900
29900,900,1800,"sd","13:44:06",13881700
29950,950,100,"bu","13:44:04",13879900
29950,950,3700,"bu","13:43:50",13879800
29950,950,1300,"bu","13:43:50",13876100
29900,900,800,"sd","13:43:50",13874800
29900,900,100,"sd","13:43:47",13874000
29950,950,2000,"bu","13:43:47",13873900
29950,950,100,"bu","13:43:33",13871900
29950,950,9000,"bu","13:43:25",13871800
29950,950,200,"bu","13:43:18",13862800
29950,950,2000,"bu","13:43:04",13862600
29950,950,1000,"bu","13:42:56",13860600
29950,950,300,"sd","13:42:54",13859600
29950,950,100,"sd","13:42:54",13859300
29950,950,1200,"sd","13:42:54",13859200
29950,950,10400,"sd","13:42:54",13858000
29950,950,800,"sd","13:42:54",13847600
29950,950,2000,"sd","13:42:54",13846800
29950,950,19600,"sd","13:42:54",13844800
29950,950,400,"sd","13:42:51",13825200
29950,950,1600,"sd","13:42:51",13824800
30000,1000,100,"bu","13:42:30",13823200
29950,950,400,"sd","13:42:30",13823100
29950,950,600,"sd","13:42:30",13822700
29950,950,1000,"sd","13:42:21",13822100
30000,1000,2700,"bu","13:42:18",13821100
30000,1000,300,"bu","13:42:18",13818400
30000,1000,5000,"bu","13:42:18",13818100
30000,1000,400,"bu","13:42:18",13813100
30000,1000,300,"bu","13:42:18",13812700
30000,1000,2300,"bu","13:42:18",13812400
30000,1000,100,"bu","13:42:18",13810100
30000,1000,100,"bu","13:42:18",13810000
30000,1000,1000,"bu","13:42:18",13809900
30000,1000,700,"bu","13:42:18",13808900
30000,1000,1000,"bu","13:42:18",13808200
30000,1000,500,"bu","13:42:18",13807200
30000,1000,3300,"bu","13:42:18",13806700
30000,1000,1000,"bu","13:42:18",13803400
30000,1000,100,"bu","13:42:18",13802400
30000,1000,1000,"bu","13:42:18",13802300
30000,1000,200,"bu","13:42:18",13801300
29950,950,400,"sd","13:42:10",13801100
29950,950,500,"sd","13:42:10",13800700
29950,950,200,"sd","13:42:10",13800200
29950,950,900,"sd","13:42:10",13800000
29950,950,5200,"sd","13:42:07",13799100
29950,950,4800,"sd","13:42:07",13793900
29950,950,26200,"sd","13:42:04",13789100
29950,950,3800,"sd","13:42:04",13762900
29950,950,600,"sd","13:41:59",13759100
29950,950,1000,"sd","13:41:58",13758500
29950,950,2000,"unknown","13:41:54",13757500
29950,950,1000,"unknown","13:41:54",13755500
29950,950,2000,"unknown","13:41:54",13754500
30000,1000,1500,"bu","13:41:52",13752500
29950,950,100,"sd","13:41:45",13751000
29950,950,5000,"sd","13:41:45",13750900
29950,950,10000,"bu","13:41:44",13745900
29950,950,100,"bu","13:41:44",13735900
29950,950,3000,"bu","13:41:44",13735800
29950,950,800,"bu","13:41:44",13732800
29950,950,1000,"bu","13:41:44",13732000
29950,950,500,"bu","13:41:44",13731000
29950,950,2000,"bu","13:41:44",13730500
29950,950,5000,"bu","13:41:44",13728500
29950,950,3000,"bu","13:41:44",13723500
29950,950,17500,"bu","13:41:44",13720500
29950,950,2000,"bu","13:41:44",13703000
29950,950,100,"bu","13:41:44",13701000
29950,950,1000,"bu","13:41:36",13700900
29950,950,5000,"bu","13:41:35",13699900
29950,950,200,"bu","13:41:32",13694900
29950,950,500,"bu","13:41:25",13694700
29950,950,1000,"bu","13:41:13",13694200
29950,950,200,"bu","13:41:07",13693200
29950,950,2000,"bu","13:41:05",13693000
29950,950,500,"bu","13:41:01",13691000
29950,950,500,"bu","13:41:01",13690500
29950,950,1000,"bu","13:40:58",13690000
29950,950,200,"bu","13:40:52",13689000
29950,950,400,"bu","13:40:35",13688800
29950,950,600,"bu","13:40:21",13688400
29950,950,1000,"bu","13:40:17",13687800
29950,950,100,"bu","13:40:10",13686800
29950,950,100,"bu","13:40:10",13686700
29950,950,1000,"sd","13:40:09",13686600
29950,950,2900,"sd","13:40:09",13685600
29950,950,300,"sd","13:40:09",13682700
29950,950,700,"sd","13:40:03",13682400
29950,950,500,"sd","13:40:00",13681700
29950,950,1000,"sd","13:39:59",13681200
29950,950,200,"bu","13:39:55",13680200
29950,950,300,"bu","13:39:55",13680000
29950,950,200,"bu","13:39:52",13679700
29950,950,5200,"bu","13:39:52",13679500
29950,950,1000,"bu","13:39:52",13674300
29950,950,100,"bu","13:39:52",13673300
29950,950,3000,"bu","13:39:52",13673200
29950,950,35500,"bu","13:39:52",13670200
29950,950,1000,"bu","13:39:42",13634700
29950,950,3500,"bu","13:39:39",13633700
29950,950,500,"bu","13:39:39",13630200
29950,950,2000,"bu","13:39:39",13629700
29950,950,300,"bu","13:39:37",13627700
29950,950,5000,"bu","13:39:36",13627400
29950,950,500,"bu","13:39:33",13622400
29950,950,1000,"bu","13:39:22",13621900
29900,900,200,"sd","13:39:14",13620900
29950,950,400,"bu","13:39:13",13620700
29900,900,100,"sd","13:39:06",13620300
29900,900,200,"sd","13:39:06",13620200
29900,900,1600,"sd","13:39:06",13620000
29900,900,100,"sd","13:39:06",13618400
29950,950,2000,"bu","13:39:06",13618300
29950,950,1000,"bu","13:39:06",13616300
29950,950,1000,"bu","13:39:02",13615300
29950,950,100,"bu","13:39:02",13614300
29950,950,100,"bu","13:38:58",13614200
29950,950,200,"bu","13:38:58",13614100
29950,950,10000,"bu","13:38:57",13613900
29900,900,2000,"sd","13:38:57",13603900
29950,950,500,"bu","13:38:57",13601900
29950,950,5000,"bu","13:38:56",13601400
29950,950,12900,"bu","13:38:53",13596400
29950,950,2000,"bu","13:38:53",13583500
29950,950,1000,"bu","13:38:53",13581500
29950,950,200,"bu","13:38:53",13580500
29950,950,400,"bu","13:38:53",13580300
29950,950,200,"bu","13:38:46",13579900
29950,950,400,"bu","13:38:46",13579700
30000,1000,100,"bu","13:38:39",13579300
30000,1000,1000,"bu","13:38:39",13579200
30000,1000,2000,"bu","13:38:39",13578200
30000,1000,200,"bu","13:38:39",13576200
30000,1000,200,"bu","13:38:39",13576000
30000,1000,500,"bu","13:38:39",13575800
29950,950,100,"sd","13:38:37",13575300
29950,950,400,"sd","13:38:37",13575200
29950,950,600,"sd","13:38:35",13574800
29950,950,100,"sd","13:38:35",13574200
29950,950,700,"sd","13:38:33",13574100
29950,950,300,"sd","13:38:33",13573400
29950,950,3500,"sd","13:38:32",13573100
29950,950,500,"sd","13:38:32",13569600
30000,1000,500,"bu","13:38:30",13569100
29950,950,100,"sd","13:38:30",13568600
29950,950,400,"sd","13:38:23",13568500
29950,950,100,"sd","13:38:23",13568100
29950,950,500,"sd","13:38:23",13568000
29950,950,700,"sd","13:38:22",13567500
29950,950,100,"sd","13:38:22",13566800
29950,950,300,"sd","13:38:22",13566700
29950,950,100,"sd","13:38:22",13566400
29950,950,3800,"sd","13:38:22",13566300
29950,950,500,"sd","13:38:08",13562500
30000,1000,1000,"bu","13:37:51",13562000
30000,1000,500,"bu","13:37:51",13561000
30000,1000,100,"bu","13:37:51",13560500
30000,1000,8000,"bu","13:37:51",13560400
30000,1000,500,"bu","13:37:51",13552400
30000,1000,1000,"bu","13:37:51",13551900
30000,1000,200,"bu","13:37:51",13550900
30000,1000,2700,"bu","13:37:51",13550700
30000,1000,100,"bu","13:37:50",13548000
29950,950,700,"sd","13:37:43",13547900
29950,950,1000,"sd","13:37:34",13547200
30000,1000,100,"bu","13:37:29",13546200
29950,950,1000,"bu","13:37:28",13546100
30000,1000,100,"bu","13:37:21",13545100
30000,1000,5800,"bu","13:37:21",13545000
29950,950,1000,"bu","13:37:21",13539200
29950,950,400,"bu","13:37:21",13538200
29950,950,2000,"bu","13:37:21",13537800
29950,950,700,"bu","13:37:21",13535800
29950,950,4300,"bu","13:37:21",13535100
29950,950,500,"bu","13:37:21",13530800
29950,950,2000,"bu","13:37:21",13530300
29950,950,500,"bu","13:37:21",13528300
29950,950,200,"bu","13:37:21",13527800
29950,950,5000,"bu","13:37:21",13527600
29950,950,2000,"bu","13:37:21",13522600
29950,950,5000,"bu","13:37:21",13520600
29950,950,900,"bu","13:37:21",13515600
29950,950,1000,"bu","13:37:21",13514700
29950,950,400,"bu","13:37:21",13513700
29950,950,1000,"bu","13:37:21",13513300
29950,950,100,"bu","13:37:21",13512300
29950,950,3000,"bu","13:37:21",13512200
29950,950,1000,"bu","13:37:21",13509200
29950,950,1000,"bu","13:37:21",13508200
29950,950,200,"bu","13:37:21",13507200
29950,950,1000,"bu","13:37:21",13507000
29950,950,1000,"bu","13:37:21",13506000
29950,950,100,"bu","13:37:21",13505000
29950,950,500,"bu","13:37:21",13504900
29950,950,1000,"bu","13:37:21",13504400
29950,950,300,"bu","13:37:21",13503400
29950,950,1000,"bu","13:37:21",13503100
29950,950,7000,"bu","13:37:21",13502100
29950,950,300,"bu","13:37:18",13495100
29950,950,1000,"bu","13:37:15",13494800
29950,950,300,"bu","13:37:11",13493800
29950,950,100,"bu","13:37:07",13493500
29950,950,100,"bu","13:37:03",13493400
29950,950,1200,"bu","13:37:00",13493300
29950,950,500,"bu","13:37:00",13492100
29950,950,200,"bu","13:37:00",13491600
29950,950,300,"bu","13:37:00",13491400
29950,950,100,"bu","13:37:00",13491100
29950,950,500,"bu","13:37:00",13491000
29950,950,1000,"bu","13:37:00",13490500
29950,950,200,"bu","13:37:00",13489500
29950,950,1000,"bu","13:37:00",13489300
29950,950,20000,"bu","13:36:57",13488300
29950,950,200,"bu","13:36:52",13468300
29950,950,100,"bu","13:36:49",13468100
29950,950,200,"bu","13:36:49",13468000
29950,950,5000,"bu","13:36:47",13467800
29950,950,7200,"bu","13:36:42",13462800
29950,950,1000,"bu","13:36:42",13455600
29950,950,1800,"bu","13:36:42",13454600
29950,950,7000,"bu","13:36:34",13452800
29950,950,1000,"bu","13:36:32",13445800
29950,950,100,"bu","13:36:27",13444800
29950,950,100,"bu","13:36:17",13444700
29900,900,4000,"sd","13:36:00",13444600
29900,900,1000,"sd","13:35:56",13440600
29900,900,1100,"sd","13:35:56",13439600
29900,900,2400,"sd","13:35:56",13438500
29900,900,500,"sd","13:35:56",13436100
29900,900,2000,"sd","13:35:56",13435600
29900,900,1000,"bu","13:35:49",13433600
29900,900,1200,"bu","13:35:49",13432600
29900,900,2000,"bu","13:35:49",13431400
29900,900,1000,"bu","13:35:49",13429400
29900,900,300,"bu","13:35:49",13428400
29900,900,400,"bu","13:35:49",13428100
29900,900,1000,"bu","13:35:49",13427700
29900,900,100,"bu","13:35:49",13426700
29900,900,900,"bu","13:35:47",13426600
29900,900,600,"bu","13:35:47",13425700
29900,900,2600,"bu","13:35:47",13425100
29900,900,2400,"bu","13:35:46",13422500
29900,900,100,"bu","13:35:46",13420100
29900,900,500,"bu","13:35:46",13420000
29900,900,300,"bu","13:35:45",13419500
29900,900,700,"bu","13:35:44",13419200
29900,900,5000,"bu","13:35:44",13418500
29900,900,200,"bu","13:35:44",13413500
29900,900,1000,"bu","13:35:44",13413300
29900,900,500,"bu","13:35:44",13412300
29900,900,500,"bu","13:35:44",13411800
29900,900,2100,"bu","13:35:44",13411300
29900,900,400,"bu","13:35:44",13409200
29900,900,1500,"bu","13:35:34",13408800
29900,900,200,"bu","13:35:32",13407300
29900,900,5800,"bu","13:35:31",13407100
29900,900,500,"bu","13:35:31",13401300
29900,900,100,"bu","13:35:31",13400800
29900,900,5000,"bu","13:35:31",13400700
29900,900,3000,"bu","13:35:31",13395700
29900,900,500,"bu","13:35:31",13392700
29900,900,5100,"bu","13:35:31",13392200
29900,900,100,"bu","13:35:31",13387100
29900,900,400,"bu","13:35:31",13387000
29900,900,3200,"bu","13:35:29",13386600
29900,900,1200,"bu","13:35:25",13383400
29900,900,200,"bu","13:35:25",13382200
29900,900,500,"bu","13:35:25",13382000
29900,900,1000,"bu","13:35:25",13381500
29900,900,1000,"bu","13:35:25",13380500
29900,900,200,"bu","13:35:25",13379500
29900,900,2000,"bu","13:35:25",13379300
29900,900,100,"bu","13:35:25",13377300
29900,900,500,"bu","13:35:25",13377200
29900,900,500,"bu","13:35:25",13376700
29900,900,100,"bu","13:35:25",13376200
29900,900,500,"bu","13:35:25",13376100
29900,900,12200,"bu","13:35:25",13375600
29900,900,1000,"bu","13:35:21",13363400
29900,900,16800,"bu","13:35:14",13362400
29900,900,400,"bu","13:35:14",13345600
29900,900,500,"bu","13:35:14",13345200
29900,900,1200,"bu","13:35:14",13344700
29900,900,200,"bu","13:35:14",13343500
29900,900,900,"bu","13:35:14",13343300
29900,900,100,"bu","13:35:13",13342400
29900,900,100,"bu","13:35:13",13342300
29900,900,20000,"bu","13:35:13",13342200
29900,900,1000,"bu","13:35:13",13322200
29900,900,400,"bu","13:35:13",13321200
29900,900,8000,"bu","13:35:13",13320800
29900,900,400,"bu","13:35:13",13312800
29900,900,1000,"bu","13:35:11",13312400
29900,900,3100,"bu","13:35:10",13311400
29900,900,20000,"bu","13:35:03",13308300
29900,900,900,"bu","13:35:01",13288300
29900,900,5000,"bu","13:34:47",13287400
29900,900,100,"bu","13:34:45",13282400
29900,900,700,"bu","13:34:41",13282300
29900,900,200,"bu","13:34:11",13281600
29850,850,3000,"sd","13:34:11",13281400
29850,850,200,"sd","13:34:11",13278400
29850,850,2000,"sd","13:34:11",13278200
29900,900,100,"bu","13:33:59",13276200
29900,900,2000,"bu","13:33:53",13276100
29900,900,2000,"bu","13:33:38",13274100
29900,900,1400,"bu","13:33:35",13272100
29850,850,1000,"sd","13:33:35",13270700
29850,850,2000,"sd","13:33:34",13269700
29900,900,3000,"bu","13:33:21",13267700
29850,850,100,"sd","13:33:20",13264700
29850,850,500,"sd","13:33:17",13264600
29900,900,100,"bu","13:33:13",13264100
29850,850,300,"sd","13:33:10",13264000
29850,850,200,"sd","13:33:09",13263700
29850,850,200,"sd","13:33:06",13263500
29850,850,3700,"sd","13:33:05",13263300
29850,850,500,"sd","13:32:52",13259600
29850,850,1500,"sd","13:32:47",13259100
29850,850,100,"sd","13:32:42",13257600
29850,850,500,"sd","13:32:41",13257500
29850,850,900,"sd","13:32:38",13257000
29850,850,1500,"sd","13:32:37",13256100
29850,850,400,"sd","13:32:35",13254600
29850,850,3200,"sd","13:32:30",13254200
29850,850,1400,"sd","13:32:26",13251000
29850,850,1000,"sd","13:32:26",13249600
29850,850,100,"sd","13:32:26",13248600
29850,850,7500,"sd","13:32:26",13248500
29850,850,1000,"sd","13:32:22",13241000
29850,850,100,"bu","13:32:15",13240000
29850,850,1400,"bu","13:32:15",13239900
29850,850,100,"sd","13:32:03",13238500
29850,850,100,"sd","13:32:03",13238400
29850,850,1400,"sd","13:32:03",13238300
29850,850,3100,"sd","13:32:02",13236900
29850,850,100,"sd","13:32:02",13233800
29850,850,500,"sd","13:32:02",13233700
29850,850,6300,"sd","13:32:02",13233200
29850,850,100,"sd","13:32:00",13226900
29850,850,1000,"sd","13:31:59",13226800
29850,850,2000,"sd","13:31:58",13225800
29850,850,2000,"sd","13:31:57",13223800
29850,850,400,"sd","13:31:55",13221800
29850,850,2000,"sd","13:31:55",13221400
29850,850,100,"sd","13:31:55",13219400
29850,850,1000,"sd","13:31:52",13219300
29850,850,4000,"sd","13:31:42",13218300
29900,900,100,"bu","13:31:40",13214300
29850,850,1000,"sd","13:31:23",13214200
29850,850,8800,"sd","13:31:15",13213200
29850,850,3300,"sd","13:31:14",13204400
29850,850,10000,"sd","13:31:14",13201100
29850,850,300,"sd","13:31:14",13191100
29850,850,1000,"sd","13:31:14",13190800
29850,850,300,"sd","13:31:14",13189800
29850,850,100,"sd","13:31:14",13189500
29850,850,100,"sd","13:31:13",13189400
29850,850,100,"sd","13:31:13",13189300
29850,850,500,"sd","13:31:13",13189200
29850,850,500,"sd","13:31:13",13188700
29850,850,500,"sd","13:31:13",13188200
29850,850,300,"sd","13:31:13",13187700
29850,850,1700,"sd","13:31:01",13187400
29850,850,200,"sd","13:31:01",13185700
29850,850,100,"sd","13:31:01",13185500
29900,900,100,"bu","13:30:55",13185400
29900,900,200,"bu","13:30:47",13185300
29900,900,2500,"bu","13:30:41",13185100
29900,900,900,"bu","13:30:35",13182600
29850,850,100,"sd","13:30:34",13181700
29900,900,1600,"bu","13:30:30",13181600
29900,900,3600,"bu","13:30:29",13180000
29900,900,200,"bu","13:30:22",13176400
29900,900,800,"bu","13:30:17",13176200
29900,900,10500,"bu","13:30:17",13175400
29900,900,5000,"bu","13:30:17",13164900
29900,900,1000,"bu","13:30:17",13159900
29900,900,100,"bu","13:30:17",13158900
29900,900,2600,"bu","13:30:17",13158800
29850,850,300,"sd","13:30:17",13156200
29900,900,1300,"bu","13:30:14",13155900
29900,900,2000,"bu","13:30:10",13154600
29900,900,3000,"bu","13:30:08",13152600
29900,900,600,"bu","13:30:06",13149600
29900,900,200,"bu","13:30:06",13149000
29900,900,300,"bu","13:30:02",13148800
29900,900,700,"sd","13:30:01",13148500
29900,900,2000,"sd","13:30:01",13147800
29900,900,1000,"sd","13:30:01",13145800
29900,900,5000,"sd","13:30:01",13144800
29900,900,100,"sd","13:30:01",13139800
29900,900,300,"sd","13:30:01",13139700
29900,900,500,"sd","13:30:01",13139400
29900,900,400,"sd","13:30:01",13138900
29900,900,100,"sd","13:29:59",13138500
29900,900,1000,"sd","13:29:59",13138400
29900,900,300,"sd","13:29:59",13137400
29900,900,300,"sd","13:29:59",13137100
29900,900,400,"sd","13:29:58",13136800
29900,900,300,"sd","13:29:58",13136400
29900,900,1100,"sd","13:29:58",13136100
29900,900,8600,"sd","13:29:58",13135000
29900,900,1000,"sd","13:29:57",13126400
29900,900,400,"sd","13:29:55",13125400
29900,900,500,"sd","13:29:55",13125000
29900,900,49100,"sd","13:29:55",13124500
29900,900,500,"sd","13:29:46",13075400
29950,950,1200,"bu","13:29:45",13074900
29950,950,100,"bu","13:29:45",13073700
29900,900,1100,"sd","13:29:45",13073600
29900,900,3300,"sd","13:29:42",13072500
29900,900,600,"sd","13:29:42",13069200
29900,900,600,"sd","13:29:41",13068600
29900,900,900,"sd","13:29:41",13068000
29950,950,100,"bu","13:29:34",13067100
29900,900,500,"sd","13:29:34",13067000
29900,900,500,"sd","13:29:28",13066500
29900,900,100,"sd","13:29:28",13066000
29950,950,100,"bu","13:29:23",13065900
29900,900,500,"sd","13:29:21",13065800
29900,900,1100,"sd","13:29:20",13065300
29900,900,800,"sd","13:29:11",13064200
29900,900,400,"sd","13:29:09",13063400
29900,900,600,"sd","13:29:09",13063000
29900,900,2400,"sd","13:29:07",13062400
29900,900,100,"sd","13:29:07",13060000
29900,900,1600,"sd","13:29:07",13059900
29900,900,900,"sd","13:29:07",13058300
29950,950,200,"bu","13:29:05",13057400
29950,950,2000,"bu","13:29:05",13057200
29950,950,100,"bu","13:29:05",13055200
29950,950,100,"bu","13:29:05",13055100
29950,950,1100,"bu","13:29:05",13055000
29950,950,100,"bu","13:28:59",13053900
29950,950,300,"bu","13:28:55",13053800
29950,950,300,"bu","13:28:54",13053500
29950,950,1800,"bu","13:28:52",13053200
29950,950,1000,"bu","13:28:47",13051400
29950,950,5000,"bu","13:28:47",13050400
29950,950,400,"sd","13:28:46",13045400
29950,950,400,"bu","13:28:45",13045000
29950,950,2700,"bu","13:28:45",13044600
29950,950,1000,"bu","13:28:45",13041900
29950,950,500,"bu","13:28:45",13040900
29950,950,1000,"bu","13:28:44",13040400
29950,950,1000,"bu","13:28:43",13039400
29900,900,2100,"sd","13:28:43",13038400
29900,900,200,"sd","13:28:42",13036300
29900,900,200,"sd","13:28:42",13036100
29900,900,7300,"sd","13:28:42",13035900
29900,900,200,"sd","13:28:42",13028600
29950,950,16000,"bu","13:28:42",13028400
29950,950,1000,"bu","13:28:41",13012400
29950,950,5000,"bu","13:28:41",13011400
29950,950,3000,"bu","13:28:41",13006400
29950,950,2600,"bu","13:28:39",13003400
29950,950,400,"bu","13:28:39",13000800
29950,950,100,"bu","13:28:38",13000400
29950,950,1000,"bu","13:28:32",13000300
29900,900,500,"sd","13:28:30",12999300
29950,950,1500,"bu","13:28:29",12998800
29950,950,6300,"bu","13:28:29",12997300
29950,950,10000,"bu","13:28:29",12991000
29950,950,1000,"bu","13:28:29",12981000
29950,950,1800,"bu","13:28:29",12980000
29950,950,1400,"bu","13:28:29",12978200
29950,950,100,"bu","13:28:29",12976800
29950,950,10000,"bu","13:28:29",12976700
29950,950,2000,"bu","13:28:29",12966700
29950,950,500,"bu","13:28:29",12964700
29950,950,100,"bu","13:28:29",12964200
29950,950,1000,"bu","13:28:29",12964100
29950,950,100,"bu","13:28:28",12963100
29950,950,1000,"bu","13:28:28",12963000
29950,950,100,"bu","13:28:28",12962000
29950,950,300,"bu","13:28:28",12961900
29950,950,2000,"bu","13:28:28",12961600
29950,950,100,"bu","13:28:28",12959600
29950,950,5000,"bu","13:28:28",12959500
29950,950,200,"bu","13:28:28",12954500
29950,950,3000,"bu","13:28:28",12954300
29950,950,2100,"bu","13:28:28",12951300
29950,950,400,"bu","13:28:28",12949200
29950,950,800,"bu","13:28:28",12948800
29950,950,1000,"bu","13:28:28",12948000
29950,950,1000,"bu","13:28:28",12947000
29950,950,6100,"bu","13:28:28",12946000
29950,950,1600,"bu","13:28:28",12939900
29950,950,100,"bu","13:28:28",12938300
29950,950,4000,"bu","13:28:28",12938200
29950,950,2000,"bu","13:28:28",12934200
29950,950,1000,"bu","13:28:28",12932200
29950,950,300,"bu","13:28:28",12931200
29950,950,1000,"bu","13:28:28",12930900
29950,950,200,"bu","13:28:28",12929900
29950,950,5000,"bu","13:28:28",12929700
29950,950,1000,"bu","13:28:28",12924700
29950,950,3000,"bu","13:28:28",12923700
29950,950,9900,"bu","13:28:28",12920700
29900,900,1000,"sd","13:28:27",12910800
29900,900,300,"sd","13:28:25",12909800
29950,950,100,"bu","13:28:22",12909500
29950,950,8500,"bu","13:28:22",12909400
29950,950,1400,"bu","13:28:22",12900900
29900,900,2000,"sd","13:28:18",12899500
29950,950,2000,"bu","13:28:17",12897500
29950,950,500,"bu","13:28:16",12895500
29900,900,1000,"sd","13:28:15",12895000
29900,900,1000,"sd","13:28:15",12894000
29900,900,900,"sd","13:28:04",12893000
29900,900,3300,"sd","13:28:03",12892100
29900,900,1000,"sd","13:28:03",12888800
29900,900,5000,"sd","13:28:03",12887800
29900,900,700,"sd","13:28:03",12882800
29950,950,100,"bu","13:27:52",12882100
29950,950,2000,"bu","13:27:49",12882000
29950,950,4000,"bu","13:27:40",12880000
29950,950,100,"bu","13:27:40",12876000
29950,950,1000,"bu","13:27:40",12875900
29950,950,3000,"bu","13:27:40",12874900
29950,950,100,"bu","13:27:40",12871900
29950,950,1800,"bu","13:27:40",12871800
29950,950,3200,"bu","13:27:38",12870000
29950,950,100,"bu","13:27:38",12866800
29950,950,100,"bu","13:27:38",12866700
29950,950,100,"bu","13:27:38",12866600
29950,950,1500,"bu","13:27:38",12866500
29950,950,200,"bu","13:27:35",12865000
29950,950,3000,"bu","13:27:35",12864800
29950,950,300,"bu","13:27:32",12861800
29900,900,7300,"sd","13:27:32",12861500
29900,900,2700,"sd","13:27:32",12854200
29950,950,100,"bu","13:27:32",12851500
29950,950,900,"bu","13:27:32",12851400
29900,900,100,"sd","13:27:31",12850500
29950,950,500,"bu","13:27:27",12850400
29950,950,1600,"bu","13:27:15",12849900
29950,950,100,"bu","13:27:15",12848300
29950,950,5300,"bu","13:27:15",12848200
29950,950,1000,"bu","13:27:13",12842900
29950,950,100,"bu","13:27:06",12841900
29900,900,3800,"sd","13:27:06",12841800
29900,900,600,"sd","13:27:03",12838000
29950,950,500,"bu","13:26:54",12837400
29950,950,3100,"bu","13:26:44",12836900
29950,950,100,"bu","13:26:44",12833800
29950,950,800,"bu","13:26:44",12833700
29950,950,300,"bu","13:26:38",12832900
29950,950,1100,"bu","13:26:37",12832600
29950,950,5000,"bu","13:26:36",12831500
29950,950,800,"bu","13:26:26",12826500
29950,950,1000,"bu","13:26:22",12825700
29950,950,100,"bu","13:26:21",12824700
29900,900,1000,"sd","13:26:19",12824600
29900,900,1800,"sd","13:26:12",12823600
29900,900,200,"sd","13:26:12",12821800
29900,900,400,"sd","13:26:09",12821600
29950,950,900,"bu","13:26:02",12821200
29950,950,100,"bu","13:26:02",12820300
29900,900,1000,"sd","13:25:58",12820200
29950,950,300,"bu","13:25:57",12819200
29900,900,1000,"sd","13:25:51",12818900
29950,950,100,"bu","13:25:44",12817900
29950,950,2700,"bu","13:25:44",12817800
29950,950,2000,"bu","13:25:41",12815100
29950,950,100,"bu","13:25:35",12813100
29900,900,100,"sd","13:25:34",12813000
29950,950,2400,"bu","13:25:31",12812900
29900,900,500,"sd","13:25:30",12810500
29900,900,200,"sd","13:25:26",12810000
29900,900,100,"bu","13:25:24",12809800
29900,900,1000,"bu","13:25:24",12809700
29900,900,200,"bu","13:25:24",12808700
29900,900,500,"bu","13:25:24",12808500
29900,900,400,"bu","13:25:24",12808000
29900,900,1000,"bu","13:25:24",12807600
29900,900,2800,"bu","13:25:24",12806600
29900,900,600,"bu","13:25:24",12803800
29850,850,6000,"sd","13:25:22",12803200
29900,900,400,"bu","13:25:20",12797200
29900,900,400,"bu","13:25:20",12796800
29900,900,2000,"bu","13:25:19",12796400
29900,900,100,"bu","13:25:19",12794400
29900,900,300,"bu","13:25:19",12794300
29900,900,10000,"bu","13:25:19",12794000
29900,900,100,"bu","13:25:19",12784000
29900,900,2500,"bu","13:25:19",12783900
29900,900,500,"bu","13:25:19",12781400
29900,900,300,"bu","13:25:19",12780900
29900,900,1000,"bu","13:25:19",12780600
29900,900,300,"bu","13:25:19",12779600
29900,900,500,"bu","13:25:19",12779300
29900,900,1000,"bu","13:25:19",12778800
29900,900,5000,"bu","13:25:16",12777800
29900,900,1600,"bu","13:25:16",12772800
29900,900,1900,"bu","13:25:16",12771200
29900,900,500,"bu","13:25:16",12769300
29900,900,100,"bu","13:25:16",12768800
29900,900,2000,"bu","13:25:16",12768700
29900,900,200,"bu","13:25:16",12766700
29900,900,100,"bu","13:25:16",12766500
29900,900,1500,"bu","13:25:14",12766400
29850,850,3000,"sd","13:25:12",12764900
29900,900,3100,"bu","13:24:56",12761900
29900,900,2800,"bu","13:24:54",12758800
29900,900,100,"bu","13:24:54",12756000
29900,900,300,"bu","13:24:54",12755900
29900,900,100,"bu","13:24:50",12755600
29900,900,200,"bu","13:24:48",12755500
29900,900,1300,"bu","13:24:46",12755300
29900,900,700,"bu","13:24:46",12754000
29850,850,1100,"sd","13:24:41",12753300
29850,850,1000,"sd","13:24:39",12752200
29900,900,1000,"bu","13:24:34",12751200
29900,900,300,"bu","13:24:31",12750200
29900,900,500,"bu","13:24:31",12749900
29900,900,200,"bu","13:24:31",12749400
29850,850,200,"sd","13:24:17",12749200
29900,900,100,"bu","13:24:13",12749000
29900,900,400,"bu","13:24:13",12748900
29900,900,2500,"bu","13:24:11",12748500
29850,850,100,"sd","13:24:11",12746000
29850,850,1500,"sd","13:24:08",12745900
29900,900,100,"bu","13:24:05",12744400
29850,850,4200,"bu","13:24:03",12744300
29800,800,100,"sd","13:24:01",12740100
29850,850,5800,"bu","13:24:00",12740000
29850,850,100,"bu","13:24:00",12734200
29850,850,2800,"bu","13:24:00",12734100
29850,850,100,"bu","13:24:00",12731300
29850,850,300,"bu","13:24:00",12731200
29850,850,900,"bu","13:24:00",12730900
29850,850,2100,"bu","13:23:59",12730000
29850,850,1000,"bu","13:23:59",12727900
29850,850,5000,"bu","13:23:59",12726900
29850,850,400,"bu","13:23:59",12721900
29850,850,1500,"bu","13:23:59",12721500
29850,850,500,"bu","13:23:58",12720000
29850,850,8000,"bu","13:23:55",12719500
29850,850,200,"bu","13:23:55",12711500
29850,850,300,"bu","13:23:55",12711300
29850,850,200,"bu","13:23:55",12711000
29850,850,100,"bu","13:23:55",12710800
29850,850,1000,"bu","13:23:55",12710700
29850,850,500,"bu","13:23:55",12709700
29850,850,1000,"bu","13:23:55",12709200
29850,850,500,"bu","13:23:55",12708200
29850,850,2000,"bu","13:23:55",12707700
29850,850,600,"bu","13:23:55",12705700
29850,850,5000,"bu","13:23:55",12705100
29850,850,1000,"bu","13:23:55",12700100
29850,850,100,"bu","13:23:55",12699100
29850,850,2200,"bu","13:23:55",12699000
29850,850,700,"bu","13:23:55",12696800
29850,850,100,"bu","13:23:53",12696100
29850,850,100,"bu","13:23:49",12696000
29850,850,2400,"bu","13:23:49",12695900
29850,850,200,"bu","13:23:48",12693500
29850,850,200,"bu","13:23:45",12693300
29850,850,2400,"bu","13:23:45",12693100
29850,850,2000,"bu","13:23:45",12690700
29850,850,1000,"bu","13:23:45",12688700
29850,850,4600,"bu","13:23:45",12687700
29850,850,200,"bu","13:23:45",12683100
29850,850,600,"bu","13:23:45",12682900
29850,850,200,"bu","13:23:45",12682300
29850,850,700,"bu","13:23:36",12682100
29850,850,800,"bu","13:23:36",12681400
29850,850,900,"bu","13:23:31",12680600
29850,850,500,"bu","13:23:31",12679700
29850,850,100,"bu","13:23:31",12679200
29850,850,1000,"bu","13:23:31",12679100
29850,850,100,"bu","13:23:31",12678100
29850,850,100,"bu","13:23:31",12678000
29850,850,5000,"bu","13:23:31",12677900
29850,850,2300,"bu","13:23:31",12672900
29850,850,100,"bu","13:23:19",12670600
29800,800,200,"sd","13:23:17",12670500
29800,800,600,"sd","13:23:17",12670300
29800,800,200,"sd","13:23:17",12669700
29850,850,1800,"bu","13:23:13",12669500
29800,800,200,"sd","13:23:10",12667700
29800,800,800,"sd","13:23:10",12667500
29800,800,3000,"sd","13:23:10",12666700
29800,800,600,"sd","13:23:10",12663700
29800,800,2400,"sd","13:23:10",12663100
29800,800,200,"sd","13:23:09",12660700
29800,800,1500,"sd","13:23:08",12660500
29800,800,500,"sd","13:22:47",12659000
29800,800,3000,"sd","13:22:47",12658500
29850,850,800,"bu","13:22:46",12655500
29850,850,200,"bu","13:22:46",12654700
29800,800,2000,"sd","13:22:36",12654500
29800,800,400,"sd","13:22:36",12652500
29800,800,200,"sd","13:22:36",12652100
29800,800,100,"sd","13:22:36",12651900
29800,800,300,"sd","13:22:36",12651800
29800,800,100,"sd","13:22:34",12651500
29800,800,1000,"sd","13:22:29",12651400
29800,800,200,"sd","13:22:28",12650400
29800,800,1400,"sd","13:22:21",12650200
29800,800,200,"sd","13:22:21",12648800
29800,800,100,"sd","13:22:21",12648600
29800,800,300,"sd","13:22:21",12648500
29800,800,100,"sd","13:22:20",12648200
29800,800,2000,"sd","13:22:19",12648100
29850,850,200,"bu","13:22:16",12646100
29800,800,2500,"sd","13:22:15",12645900
29800,800,15100,"bu","13:22:13",12643400
29800,800,1600,"bu","13:22:10",12628300
29800,800,3000,"bu","13:22:09",12626700
29800,800,2500,"bu","13:22:06",12623700
29800,800,100,"sd","13:22:00",12621200
29800,800,500,"sd","13:22:00",12621100
29800,800,1000,"sd","13:22:00",12620600
29800,800,200,"sd","13:22:00",12619600
29800,800,100,"sd","13:22:00",12619400
29800,800,8000,"sd","13:22:00",12619300
29800,800,2900,"sd","13:22:00",12611300
29850,850,200,"bu","13:22:00",12608400
29850,850,100,"bu","13:21:49",12608200
29850,850,100,"bu","13:21:39",12608100
29850,850,200,"bu","13:21:39",12608000
29850,850,2000,"bu","13:21:39",12607800
29850,850,200,"bu","13:21:39",12605800
29850,850,1000,"bu","13:21:39",12605600
29850,850,4000,"bu","13:21:39",12604600
29850,850,2000,"bu","13:21:39",12600600
29850,850,500,"bu","13:21:39",12598600
29800,800,100,"sd","13:21:38",12598100
29800,800,200,"sd","13:21:37",12598000
29800,800,100,"sd","13:21:37",12597800
29800,800,1000,"sd","13:21:37",12597700
29800,800,1000,"sd","13:21:37",12596700
29800,800,200,"sd","13:21:37",12595700
29800,800,2500,"sd","13:21:36",12595500
29800,800,3700,"sd","13:21:32",12593000
29800,800,5000,"sd","13:21:28",12589300
29800,800,1000,"sd","13:21:25",12584300
29800,800,2000,"sd","13:21:18",12583300
29800,800,5000,"sd","13:21:16",12581300
29800,800,800,"sd","13:21:13",12576300
29800,800,1000,"sd","13:21:13",12575500
29800,800,1000,"sd","13:21:13",12574500
29800,800,200,"sd","13:21:13",12573500
29800,800,200,"sd","13:21:07",12573300
29800,800,200,"sd","13:21:07",12573100
29800,800,200,"sd","13:21:07",12572900
29800,800,2000,"sd","13:21:07",12572700
29800,800,900,"sd","13:21:07",12570700
29850,850,100,"bu","13:21:04",12569800
29850,850,1000,"bu","13:21:02",12569700
29850,850,1000,"bu","13:20:55",12568700
29800,800,100,"sd","13:20:40",12567700
29800,800,600,"sd","13:20:33",12567600
29850,850,100,"bu","13:20:28",12567000
29850,850,5000,"bu","13:20:18",12566900
29850,850,2300,"bu","13:20:15",12561900
29850,850,600,"bu","13:20:15",12559600
29850,850,100,"bu","13:20:15",12559000
29850,850,100,"bu","13:20:15",12558900
29850,850,900,"bu","13:20:15",12558800
29850,850,100,"bu","13:20:09",12557900
29850,850,1000,"bu","13:20:00",12557800
29850,850,1000,"bu","13:20:00",12556800
29850,850,3000,"bu","13:20:00",12555800
29800,800,4400,"sd","13:19:57",12552800
29800,800,600,"sd","13:19:57",12548400
29800,800,400,"sd","13:19:47",12547800
29850,850,100,"sd","13:19:38",12547400
29850,850,500,"sd","13:19:38",12547300
29850,850,700,"sd","13:19:35",12546800
29850,850,800,"sd","13:19:35",12546100
29850,850,1700,"sd","13:19:35",12545300
29850,850,500,"sd","13:19:34",12543600
29850,850,100,"sd","13:19:31",12543100
29900,900,100,"bu","13:19:30",12543000
29850,850,1000,"sd","13:19:25",12542900
29850,850,400,"sd","13:19:23",12541900
29850,850,100,"sd","13:19:23",12541500
29850,850,1600,"sd","13:19:19",12541400
29850,850,600,"sd","13:19:19",12539800
29850,850,200,"sd","13:19:19",12539200
29850,850,2200,"sd","13:19:19",12539000
29850,850,10000,"sd","13:19:17",12536800
29850,850,100,"sd","13:19:11",12526800
29850,850,2700,"sd","13:19:10",12526700
29850,850,300,"sd","13:19:10",12524000
29850,850,100,"sd","13:19:10",12523700
29850,850,7600,"sd","13:19:09",12523600
29850,850,100,"sd","13:19:09",12516000
29850,850,7300,"sd","13:19:09",12515900
29850,850,500,"sd","13:19:06",12508600
29850,850,100,"sd","13:19:06",12508100
29850,850,100,"sd","13:19:04",12508000
29850,850,100,"sd","13:19:03",12507900
29850,850,100,"sd","13:19:00",12507800
29850,850,1200,"sd","13:18:58",12507700
29850,850,3000,"sd","13:18:56",12506500
29900,900,100,"bu","13:18:49",12503500
29850,850,5000,"sd","13:18:46",12503400
29850,850,2000,"bu","13:18:45",12498400
29800,800,200,"bu","13:18:45",12496400
29800,800,400,"bu","13:18:45",12496200
29800,800,100,"bu","13:18:37",12495800
29800,800,400,"bu","13:18:37",12495700
29800,800,100,"bu","13:18:37",12495300
29850,850,1300,"bu","13:18:37",12495200
29850,850,10000,"bu","13:18:36",12493900
29850,850,200,"bu","13:18:36",12483900
29850,850,2000,"bu","13:18:36",12483700
29850,850,100,"bu","13:18:36",12481700
29850,850,500,"bu","13:18:36",12481600
29850,850,2000,"bu","13:18:36",12481100
29850,850,900,"bu","13:18:36",12479100
29850,850,3000,"bu","13:18:36",12478200
29800,800,100,"sd","13:18:35",12475200
29800,800,300,"bu","13:18:28",12475100
29800,800,2000,"bu","13:18:28",12474800
29800,800,2500,"bu","13:18:28",12472800
29800,800,100,"bu","13:18:28",12470300
29800,800,100,"bu","13:18:28",12470200
29750,750,100,"sd","13:18:26",12470100
29750,750,2000,"sd","13:18:24",12470000
29800,800,600,"bu","13:18:22",12468000
29800,800,1800,"bu","13:18:22",12467400
29800,800,2600,"bu","13:18:22",12465600
29800,800,100,"bu","13:18:21",12463000
29800,800,100,"bu","13:18:20",12462900
29800,800,1000,"bu","13:18:19",12462800
29800,800,1200,"bu","13:18:17",12461800
29800,800,1000,"bu","13:18:17",12460600
29800,800,7800,"bu","13:18:17",12459600
29800,800,200,"bu","13:18:14",12451800
29800,800,200,"bu","13:18:14",12451600
29800,800,1800,"bu","13:18:13",12451400
29800,800,7000,"bu","13:18:13",12449600
29800,800,13200,"bu","13:18:13",12442600
29800,800,200,"bu","13:18:11",12429400
29800,800,1000,"bu","13:18:06",12429200
29800,800,300,"sd","13:18:02",12428200
29800,800,300,"sd","13:18:02",12427900
29800,800,300,"sd","13:18:02",12427600
29800,800,100,"sd","13:18:02",12427300
29800,800,100,"sd","13:18:02",12427200
29800,800,4800,"sd","13:18:02",12427100
29800,800,500,"sd","13:18:02",12422300
29800,800,1000,"sd","13:18:02",12421800
29800,800,2000,"sd","13:18:02",12420800
29800,800,3000,"sd","13:18:02",12418800
29800,800,200,"sd","13:18:02",12415800
29800,800,1000,"sd","13:18:02",12415600
29850,850,100,"bu","13:17:58",12414600
29850,850,400,"sd","13:17:57",12414500
29850,850,200,"sd","13:17:56",12414100
29850,850,400,"sd","13:17:56",12413900
29850,850,500,"sd","13:17:56",12413500
29850,850,3000,"sd","13:17:56",12413000
29850,850,500,"sd","13:17:56",12410000
29850,850,300,"sd","13:17:56",12409500
29850,850,100,"sd","13:17:56",12409200
29900,900,500,"bu","13:17:50",12409100
29900,900,5000,"bu","13:17:48",12408600
29900,900,3000,"bu","13:17:47",12403600
29900,900,200,"sd","13:17:46",12400600
29900,900,600,"sd","13:17:46",12400400
29900,900,400,"sd","13:17:46",12399800
29900,900,300,"sd","13:17:46",12399400
29900,900,300,"sd","13:17:46",12399100
29900,900,2300,"sd","13:17:46",12398800
29900,900,2400,"sd","13:17:42",12396500
29900,900,1000,"sd","13:17:42",12394100
29900,900,500,"sd","13:17:42",12393100
29900,900,1100,"sd","13:17:42",12392600
29950,950,1500,"bu","13:17:40",12391500
29900,900,100,"sd","13:17:40",12390000
29900,900,900,"sd","13:17:40",12389900
29900,900,800,"sd","13:17:39",12389000
29950,950,1300,"bu","13:17:39",12388200
29950,950,100,"bu","13:17:39",12386900
29950,950,200,"bu","13:17:39",12386800
29950,950,1400,"bu","13:17:39",12386600
29900,900,600,"sd","13:17:37",12385200
29900,900,500,"sd","13:17:37",12384600
29900,900,100,"sd","13:17:37",12384100
29900,900,100,"sd","13:17:37",12384000
29900,900,500,"sd","13:17:37",12383900
29900,900,2000,"sd","13:17:37",12383400
29900,900,100,"sd","13:17:37",12381400
29900,900,1000,"sd","13:17:37",12381300
29900,900,300,"sd","13:17:37",12380300
29900,900,2300,"sd","13:17:37",12380000
29900,900,300,"sd","13:17:36",12377700
29900,900,2400,"sd","13:17:34",12377400
29900,900,300,"sd","13:17:34",12375000
29900,900,300,"sd","13:17:34",12374700
29950,950,500,"bu","13:17:29",12374400
29950,950,2000,"bu","13:17:24",12373900
29950,950,2000,"bu","13:17:24",12371900
29950,950,100,"bu","13:17:23",12369900
29900,900,10000,"sd","13:17:22",12369800
29900,900,2000,"sd","13:17:21",12359800
29950,950,1500,"bu","13:17:19",12357800
29900,900,30000,"sd","13:17:19",12356300
29950,950,2500,"sd","13:17:19",12326300
30000,1000,3300,"bu","13:17:19",12323800
29950,950,1000,"bu","13:17:18",12320500
29950,950,1000,"bu","13:17:18",12319500
29950,950,100,"bu","13:17:18",12318500
29950,950,300,"bu","13:17:18",12318400
29950,950,100,"bu","13:17:18",12318100
29950,950,4900,"bu","13:17:18",12318000
29950,950,100,"bu","13:17:18",12313100
29950,950,300,"bu","13:17:16",12313000
29950,950,200,"bu","13:17:16",12312700
29950,950,4000,"bu","13:17:16",12312500
29950,950,500,"bu","13:17:16",12308500
29950,950,4700,"bu","13:17:15",12308000
29950,950,300,"bu","13:17:15",12303300
29950,950,4700,"bu","13:17:14",12303000
29950,950,400,"bu","13:17:14",12298300
29950,950,500,"bu","13:17:14",12297900
29950,950,10000,"bu","13:17:14",12297400
29950,950,10000,"bu","13:17:14",12287400
29950,950,400,"bu","13:17:14",12277400
29950,950,100,"bu","13:17:08",12277000
29950,950,900,"bu","13:17:08",12276900
29900,900,2900,"sd","13:17:07",12276000
29950,950,100,"bu","13:17:06",12273100
29950,950,500,"bu","13:17:06",12273000
29950,950,400,"bu","13:17:06",12272500
29950,950,500,"bu","13:17:06",12272100
29900,900,10000,"sd","13:17:05",12271600
29950,950,1100,"bu","13:17:05",12261600
29950,950,400,"bu","13:17:05",12260500
29950,950,100,"bu","13:17:05",12260100
29950,950,100,"bu","13:17:05",12260000
29950,950,1000,"bu","13:17:05",12259900
29950,950,200,"bu","13:17:05",12258900
29950,950,1000,"bu","13:17:05",12258700
29950,950,500,"bu","13:17:05",12257700
29950,950,600,"bu","13:17:05",12257200
29900,900,1000,"sd","13:17:04",12256600
29950,950,100,"bu","13:17:01",12255600
29950,950,100,"bu","13:16:57",12255500
29900,900,2000,"sd","13:16:57",12255400
29900,900,200,"sd","13:16:57",12253400
29900,900,9500,"sd","13:16:50",12253200
29950,950,100,"bu","13:16:45",12243700
29950,950,1000,"bu","13:16:44",12243600
29900,900,7000,"sd","13:16:43",12242600
29900,900,100,"sd","13:16:43",12235600
29900,900,200,"sd","13:16:43",12235500
29900,900,1000,"sd","13:16:43",12235300
29900,900,1700,"sd","13:16:43",12234300
29950,950,100,"bu","13:16:40",12232600
29950,950,100,"bu","13:16:40",12232500
29900,900,300,"sd","13:16:40",12232400
29900,900,500,"sd","13:16:40",12232100
29900,900,200,"sd","13:16:40",12231600
29900,900,2000,"sd","13:16:40",12231400
29950,950,400,"bu","13:16:40",12229400
30000,1000,1100,"bu","13:16:36",12229000
29950,950,5000,"bu","13:16:36",12227900
29950,950,1200,"bu","13:16:36",12222900
29950,950,300,"bu","13:16:36",12221700
29950,950,400,"bu","13:16:36",12221400
29950,950,500,"bu","13:16:35",12221000
29950,950,100,"bu","13:16:35",12220500
29950,950,300,"sd","13:16:35",12220400
29950,950,3700,"sd","13:16:35",12220100
29950,950,500,"sd","13:16:34",12216400
29950,950,800,"sd","13:16:31",12215900
29950,950,200,"sd","13:16:31",12215100
30000,1000,600,"bu","13:16:29",12214900
29950,950,2000,"sd","13:16:28",12214300
30000,1000,2800,"bu","13:16:27",12212300
29950,950,100,"sd","13:16:26",12209500
30000,1000,2000,"bu","13:16:26",12209400
30000,1000,200,"bu","13:16:25",12207400
30000,1000,600,"bu","13:16:24",12207200
29950,950,2700,"sd","13:16:23",12206600
29950,950,200,"sd","13:16:23",12203900
29950,950,100,"sd","13:16:23",12203700
30000,1000,5000,"bu","13:16:23",12203600
30000,1000,300,"bu","13:16:20",12198600
30000,1000,100,"bu","13:16:20",12198300
30000,1000,100,"bu","13:16:20",12198200
30000,1000,400,"bu","13:16:20",12198100
30000,1000,2000,"bu","13:16:20",12197700
30000,1000,300,"bu","13:16:20",12195700
30000,1000,4900,"bu","13:16:20",12195400
30000,1000,5000,"sd","13:16:20",12190500
30000,1000,20000,"sd","13:16:20",12185500
30000,1000,10000,"sd","13:16:20",12165500
30000,1000,500,"sd","13:16:19",12155500
30000,1000,300,"sd","13:16:19",12155000
30000,1000,14300,"sd","13:16:18",12154700
30000,1000,2000,"sd","13:16:18",12140400
30000,1000,2000,"sd","13:16:18",12138400
30000,1000,1300,"sd","13:16:18",12136400
30000,1000,200,"sd","13:16:18",12135100
30000,1000,400,"sd","13:16:18",12134900
30000,1000,5000,"sd","13:16:18",12134500
30000,1000,1000,"sd","13:16:18",12129500
30000,1000,18800,"sd","13:16:18",12128500
30050,1050,1000,"bu","13:16:15",12109700
30000,1000,100,"sd","13:16:15",12108700
30000,1000,1100,"sd","13:16:12",12108600
30000,1000,100,"sd","13:16:12",12107500
30000,1000,12100,"sd","13:16:12",12107400
30050,1050,8000,"bu","13:16:12",12095300
30000,1000,900,"sd","13:16:12",12087300
30000,1000,1000,"sd","13:16:12",12086400
30000,1000,100,"sd","13:16:12",12085400
30050,1050,3500,"bu","13:16:11",12085300
30050,1050,100,"bu","13:16:10",12081800
30050,1050,7100,"bu","13:16:09",12081700
30050,1050,2200,"bu","13:16:08",12074600
30050,1050,2900,"bu","13:16:08",12072400
30050,1050,1000,"bu","13:16:08",12069500
30050,1050,500,"sd","13:16:06",12068500
30050,1050,100,"sd","13:16:06",12068000
30050,1050,100,"sd","13:16:06",12067900
30050,1050,100,"sd","13:16:06",12067800
30050,1050,500,"sd","13:16:06",12067700
30050,1050,200,"sd","13:16:06",12067200
30050,1050,4600,"sd","13:16:06",12067000
30050,1050,200,"sd","13:16:06",12062400
30050,1050,5000,"sd","13:16:06",12062200
30050,1050,200,"sd","13:16:03",12057200
30050,1050,500,"sd","13:16:03",12057000
30050,1050,100,"sd","13:16:03",12056500
30050,1050,200,"sd","13:16:01",12056400
30050,1050,300,"sd","13:16:01",12056200
30050,1050,4100,"sd","13:16:01",12055900
30050,1050,400,"sd","13:16:01",12051800
30100,1100,100,"bu","13:16:00",12051400
30050,1050,500,"sd","13:16:00",12051300
30050,1050,400,"sd","13:15:58",12050800
30100,1100,3200,"bu","13:15:58",12050400
30100,1100,400,"bu","13:15:58",12047200
30100,1100,1500,"bu","13:15:58",12046800
30100,1100,500,"bu","13:15:58",12045300
30100,1100,1000,"bu","13:15:58",12044800
30100,1100,3000,"bu","13:15:58",12043800
30100,1100,6900,"bu","13:15:58",12040800
30100,1100,700,"bu","13:15:58",12033900
30100,1100,1000,"bu","13:15:58",12033200
30100,1100,3300,"bu","13:15:58",12032200
30100,1100,1000,"bu","13:15:58",12028900
30100,1100,6500,"bu","13:15:58",12027900
30100,1100,3500,"bu","13:15:51",12021400
30100,1100,500,"bu","13:15:51",12017900
30100,1100,500,"bu","13:15:47",12017400
30100,1100,500,"bu","13:15:47",12016900
30100,1100,1500,"bu","13:15:45",12016400
30100,1100,3500,"bu","13:15:45",12014900
30100,1100,1500,"bu","13:15:39",12011400
30100,1100,500,"bu","13:15:39",12009900
30100,1100,500,"bu","13:15:38",12009400
30150,1150,4800,"bu","13:15:36",12008900
30100,1100,1200,"unknown","13:15:36",12004100
30100,1100,1000,"unknown","13:15:36",12002900
30100,1100,2500,"unknown","13:15:36",12001900
30100,1100,100,"bu","13:15:36",11999400
30100,1100,2400,"bu","13:15:34",11999300
30100,1100,100,"bu","13:15:34",11996900
30100,1100,2500,"bu","13:15:34",11996800
30100,1100,500,"bu","13:15:34",11994300
30100,1100,3500,"bu","13:15:32",11993800
30100,1100,3400,"bu","13:15:31",11990300
30100,1100,100,"sd","13:15:26",11986900
30100,1100,100,"sd","13:15:25",11986800
30100,1100,2000,"sd","13:15:24",11986700
30100,1100,5000,"sd","13:15:23",11984700
30100,1100,500,"bu","13:15:23",11979700
30100,1100,600,"bu","13:15:23",11979200
30100,1100,1700,"bu","13:15:23",11978600
30100,1100,2300,"bu","13:15:21",11976900
30100,1100,5000,"bu","13:15:21",11974600
30100,1100,1000,"bu","13:15:20",11969600
30100,1100,1000,"bu","13:15:20",11968600
30150,1150,100,"bu","13:15:18",11967600
30150,1150,3300,"bu","13:15:18",11967500
30150,1150,5000,"bu","13:15:18",11964200
30150,1150,400,"bu","13:15:18",11959200
30100,1100,1100,"bu","13:15:18",11958800
30100,1100,8900,"bu","13:15:16",11957700
30100,1100,500,"bu","13:15:16",11948800
30100,1100,500,"bu","13:15:15",11948300
30150,1150,100,"bu","13:15:13",11947800
30150,1150,900,"bu","13:15:13",11947700
30100,1100,200,"bu","13:15:12",11946800
30150,1150,1100,"bu","13:15:11",11946600
30150,1150,900,"bu","13:15:11",11945500
30150,1150,1500,"bu","13:15:11",11944600
30100,1100,1000,"bu","13:15:11",11943100
30100,1100,200,"bu","13:15:11",11942100
30100,1100,500,"bu","13:15:11",11941900
30100,1100,200,"bu","13:15:11",11941400
30150,1150,500,"bu","13:15:11",11941200
30150,1150,300,"bu","13:15:11",11940700
30150,1150,2000,"bu","13:15:11",11940400
30150,1150,200,"bu","13:15:11",11938400
30100,1100,1000,"sd","13:15:11",11938200
30100,1100,100,"sd","13:15:11",11937200
30100,1100,100,"sd","13:15:10",11937100
30150,1150,200,"bu","13:15:07",11937000
30150,1150,100,"bu","13:15:07",11936800
30150,1150,100,"bu","13:15:07",11936700
30100,1100,600,"bu","13:15:07",11936600
30100,1100,100,"sd","13:15:06",11936000
30100,1100,1100,"sd","13:15:06",11935900
30100,1100,200,"sd","13:15:06",11934800
30100,1100,3000,"sd","13:15:06",11934600
30150,1150,100,"bu","13:15:05",11931600
30150,1150,200,"bu","13:15:04",11931500
30150,1150,200,"bu","13:15:04",11931300
30150,1150,100,"bu","13:15:04",11931100
30100,1100,500,"sd","13:14:59",11931000
30150,1150,400,"bu","13:14:59",11930500
30100,1100,10000,"sd","13:14:59",11930100
30100,1100,300,"sd","13:14:56",11920100
30100,1100,100,"sd","13:14:56",11919800
30100,1100,300,"sd","13:14:56",11919700
30100,1100,100,"sd","13:14:56",11919400
30100,1100,1900,"sd","13:14:56",11919300
30100,1100,100,"sd","13:14:56",11917400
30100,1100,1000,"sd","13:14:56",11917300
30100,1100,1000,"sd","13:14:56",11916300
30100,1100,100,"bu","13:14:56",11915300
30100,1100,1000,"bu","13:14:56",11915200
30100,1100,200,"bu","13:14:56",11914200
30100,1100,200,"bu","13:14:56",11914000
30100,1100,200,"bu","13:14:56",11913800
30100,1100,5000,"bu","13:14:56",11913600
30100,1100,1000,"bu","13:14:56",11908600
30100,1100,100,"bu","13:14:56",11907600
30100,1100,500,"bu","13:14:56",11907500
30100,1100,1000,"bu","13:14:56",11907000
30100,1100,3000,"bu","13:14:56",11906000
30100,1100,100,"bu","13:14:56",11903000
30100,1100,1000,"bu","13:14:56",11902900
30100,1100,5000,"bu","13:14:56",11901900
30100,1100,1000,"bu","13:14:56",11896900
30100,1100,100,"bu","13:14:56",11895900
30100,1100,2000,"bu","13:14:56",11895800
30050,1050,10000,"bu","13:14:56",11893800
30100,1100,3000,"bu","13:14:56",11883800
30050,1050,100,"bu","13:14:56",11880800
30100,1100,2000,"bu","13:14:56",11880700
30050,1050,10000,"bu","13:14:56",11878700
30100,1100,800,"bu","13:14:56",11868700
30050,1050,2900,"bu","13:14:56",11867900
30100,1100,400,"bu","13:14:56",11865000
30100,1100,2000,"bu","13:14:56",11864600
30050,1050,2100,"bu","13:14:56",11862600
30050,1050,900,"bu","13:14:56",11860500
30050,1050,100,"bu","13:14:55",11859600
30050,1050,1400,"bu","13:14:55",11859500
30050,1050,1600,"bu","13:14:55",11858100
30050,1050,100,"bu","13:14:55",11856500
30050,1050,100,"bu","13:14:55",11856400
30050,1050,800,"bu","13:14:55",11856300
30050,1050,200,"bu","13:14:55",11855500
30000,1000,3300,"sd","13:14:54",11855300
30000,1000,400,"sd","13:14:54",11852000
30000,1000,1300,"sd","13:14:54",11851600
30050,1050,100,"bu","13:14:53",11850300
30000,1000,100,"sd","13:14:51",11850200
30000,1000,7600,"sd","13:14:51",11850100
30000,1000,100,"sd","13:14:51",11842500
30000,1000,300,"sd","13:14:51",11842400
30000,1000,1000,"sd","13:14:50",11842100
30000,1000,1600,"sd","13:14:50",11841100
30000,1000,1000,"sd","13:14:49",11839500
30000,1000,1100,"sd","13:14:48",11838500
30000,1000,3900,"sd","13:14:48",11837400
30000,1000,3400,"sd","13:14:48",11833500
30000,1000,1600,"sd","13:14:48",11830100
30000,1000,3400,"sd","13:14:47",11828500
30000,1000,1600,"sd","13:14:47",11825100
30000,1000,400,"sd","13:14:47",11823500
30000,1000,600,"sd","13:14:47",11823100
30000,1000,100,"sd","13:14:47",11822500
30000,1000,200,"sd","13:14:47",11822400
30000,1000,100,"sd","13:14:47",11822200
30000,1000,100,"sd","13:14:47",11822100
30000,1000,200,"sd","13:14:47",11822000
30000,1000,500,"sd","13:14:47",11821800
30000,1000,300,"sd","13:14:47",11821300
30000,1000,500,"sd","13:14:47",11821000
30000,1000,200,"sd","13:14:47",11820500
30000,1000,100,"sd","13:14:47",11820300
30000,1000,100,"sd","13:14:47",11820200
30000,1000,600,"sd","13:14:46",11820100
30000,1000,100,"bu","13:14:44",11819500
30000,1000,1000,"bu","13:14:44",11819400
30000,1000,300,"bu","13:14:44",11818400
30000,1000,700,"bu","13:14:43",11818100
30000,1000,100,"bu","13:14:43",11817400
30000,1000,100,"bu","13:14:43",11817300
30000,1000,100,"bu","13:14:43",11817200
30000,1000,500,"bu","13:14:43",11817100
30000,1000,3500,"bu","13:14:43",11816600
30000,1000,1500,"bu","13:14:43",11813100
30000,1000,100,"bu","13:14:43",11811600
30000,1000,200,"bu","13:14:43",11811500
30000,1000,500,"bu","13:14:43",11811300
30000,1000,2000,"bu","13:14:43",11810800
30000,1000,2700,"bu","13:14:43",11808800
29950,950,1000,"sd","13:14:43",11806100
30000,1000,500,"bu","13:14:42",11805100
30000,1000,1700,"bu","13:14:42",11804600
30000,1000,1100,"bu","13:14:41",11802900
30000,1000,400,"bu","13:14:41",11801800
30000,1000,2600,"bu","13:14:40",11801400
30000,1000,1000,"bu","13:14:40",11798800
30000,1000,1000,"bu","13:14:40",11797800
30000,1000,100,"bu","13:14:40",11796800
30000,1000,200,"bu","13:14:40",11796700
30000,1000,100,"bu","13:14:40",11796500
30000,1000,100,"bu","13:14:40",11796400
30000,1000,100,"bu","13:14:40",11796300
30000,1000,4800,"bu","13:14:40",11796200
30000,1000,200,"bu","13:14:40",11791400
30000,1000,800,"bu","13:14:40",11791200
30000,1000,500,"bu","13:14:40",11790400
30000,1000,700,"bu","13:14:40",11789900
30000,1000,1000,"bu","13:14:40",11789200
30000,1000,300,"bu","13:14:40",11788200
30000,1000,1000,"bu","13:14:40",11787900
30000,1000,200,"bu","13:14:40",11786900
30000,1000,1000,"bu","13:14:40",11786700
30000,1000,100,"bu","13:14:40",11785700
30000,1000,3000,"bu","13:14:40",11785600
30000,1000,1000,"bu","13:14:40",11782600
30000,1000,100,"bu","13:14:40",11781600
30000,1000,1000,"bu","13:14:40",11781500
30000,1000,200,"bu","13:14:40",11780500
30000,1000,2000,"bu","13:14:40",11780300
30000,1000,100,"bu","13:14:40",11778300
30000,1000,1000,"bu","13:14:40",11778200
30000,1000,3000,"bu","13:14:40",11777200
30000,1000,100,"bu","13:14:40",11774200
30000,1000,1000,"bu","13:14:40",11774100
30000,1000,2000,"bu","13:14:40",11773100
30000,1000,500,"bu","13:14:40",11771100
30000,1000,2500,"bu","13:14:40",11770600
30000,1000,200,"bu","13:14:40",11768100
30000,1000,2000,"bu","13:14:40",11767900
30000,1000,200,"bu","13:14:40",11765900
30000,1000,1600,"bu","13:14:40",11765700
30000,1000,1000,"bu","13:14:40",11764100
30000,1000,100,"bu","13:14:40",11763100
30000,1000,1200,"bu","13:14:40",11763000
30000,1000,200,"bu","13:14:40",11761800
30000,1000,2400,"bu","13:14:40",11761600
30000,1000,100,"bu","13:14:39",11759200
29950,950,1400,"sd","13:14:39",11759100
29950,950,100,"sd","13:14:39",11757700
29950,950,100,"sd","13:14:39",11757600
29950,950,100,"sd","13:14:39",11757500
29950,950,300,"sd","13:14:39",11757400
30000,1000,10000,"bu","13:14:38",11757100
30000,1000,1500,"bu","13:14:37",11747100
30000,1000,1000,"bu","13:14:37",11745600
30000,1000,5400,"bu","13:14:36",11744600
30000,1000,500,"bu","13:14:36",11739200
30000,1000,300,"bu","13:14:36",11738700
30000,1000,500,"bu","13:14:36",11738400
30000,1000,3300,"bu","13:14:36",11737900
30000,1000,700,"bu","13:14:36",11734600
30000,1000,2300,"bu","13:14:36",11733900
30000,1000,200,"bu","13:14:35",11731600
30000,1000,3000,"bu","13:14:35",11731400
30000,1000,200,"bu","13:14:35",11728400
30000,1000,1000,"bu","13:14:35",11728200
30000,1000,100,"bu","13:14:35",11727200
30000,1000,6300,"bu","13:14:35",11727100
30000,1000,1500,"bu","13:14:35",11720800
30000,1000,100,"bu","13:14:35",11719300
30000,1000,100,"bu","13:14:35",11719200
30000,1000,200,"bu","13:14:35",11719100
30000,1000,500,"bu","13:14:35",11718900
30000,1000,100,"bu","13:14:35",11718400
30000,1000,500,"bu","13:14:35",11718300
30000,1000,200,"bu","13:14:35",11717800
30000,1000,6000,"bu","13:14:35",11717600
30000,1000,10000,"bu","13:14:34",11711600
30000,1000,2500,"bu","13:14:34",11701600
30000,1000,100,"bu","13:14:32",11699100
30000,1000,1400,"bu","13:14:32",11699000
30000,1000,2000,"bu","13:14:32",11697600
30000,1000,700,"bu","13:14:32",11695600
30000,1000,100,"bu","13:14:32",11694900
30000,1000,700,"bu","13:14:32",11694800
30000,1000,300,"bu","13:14:31",11694100
30000,1000,500,"bu","13:14:31",11693800
30000,1000,200,"bu","13:14:31",11693300
30000,1000,700,"bu","13:14:31",11693100
30000,1000,200,"bu","13:14:31",11692400
30000,1000,1000,"bu","13:14:31",11692200
30000,1000,200,"bu","13:14:31",11691200
30000,1000,500,"bu","13:14:31",11691000
30000,1000,200,"bu","13:14:31",11690500
30000,1000,1000,"bu","13:14:31",11690300
30000,1000,200,"bu","13:14:31",11689300
30000,1000,1000,"bu","13:14:29",11689100
30000,1000,500,"bu","13:14:27",11688100
29950,950,5000,"sd","13:14:27",11687600
30000,1000,1800,"bu","13:14:27",11682600
30000,1000,600,"bu","13:14:27",11680800
30000,1000,100,"bu","13:14:27",11680200
30000,1000,1000,"bu","13:14:27",11680100
30000,1000,500,"bu","13:14:27",11679100
30000,1000,1000,"bu","13:14:27",11678600
30000,1000,1000,"bu","13:14:27",11677600
30000,1000,500,"bu","13:14:27",11676600
30000,1000,1000,"bu","13:14:27",11676100
30000,1000,300,"bu","13:14:27",11675100
30000,1000,1000,"bu","13:14:27",11674800
30000,1000,1200,"bu","13:14:27",11673800
29950,950,100,"sd","13:14:27",11672600
29950,950,900,"sd","13:14:27",11672500
30000,1000,2000,"bu","13:14:25",11671600
30000,1000,1000,"bu","13:14:24",11669600
30000,1000,5000,"bu","13:14:23",11668600
30000,1000,1000,"bu","13:14:22",11663600
30000,1000,400,"bu","13:14:22",11662600
30000,1000,700,"bu","13:14:20",11662200
30000,1000,100,"bu","13:14:20",11661500
30000,1000,200,"bu","13:14:20",11661400
30000,1000,4800,"bu","13:14:20",11661200
30000,1000,200,"bu","13:14:20",11656400
30000,1000,200,"bu","13:14:20",11656200
30000,1000,2200,"bu","13:14:20",11656000
30000,1000,8300,"bu","13:14:19",11653800
30000,1000,200,"bu","13:14:19",11645500
30000,1000,300,"bu","13:14:18",11645300
30000,1000,200,"bu","13:14:18",11645000
30000,1000,100,"bu","13:14:18",11644800
30000,1000,3000,"bu","13:14:18",11644700
30000,1000,400,"bu","13:14:18",11641700
30000,1000,10000,"bu","13:14:18",11641300
29950,950,100,"sd","13:14:17",11631300
30000,1000,600,"bu","13:14:16",11631200
30000,1000,4100,"bu","13:14:16",11630600
29950,950,300,"bu","13:14:16",11626500
29950,950,100,"sd","13:14:15",11626200
29950,950,500,"sd","13:14:15",11626100
29950,950,100,"sd","13:14:15",11625600
30000,1000,1000,"bu","13:14:15",11625500
30000,1000,900,"bu","13:14:15",11624500
30000,1000,400,"bu","13:14:15",11623600
30000,1000,5000,"bu","13:14:15",11623200
30000,1000,100,"bu","13:14:15",11618200
30000,1000,400,"bu","13:14:15",11618100
30000,1000,3200,"bu","13:14:15",11617700
30000,1000,6800,"bu","13:14:15",11614500
30000,1000,100,"bu","13:14:15",11607700
30000,1000,1300,"bu","13:14:15",11607600
30000,1000,200,"bu","13:14:15",11606300
30000,1000,200,"bu","13:14:15",11606100
30000,1000,1300,"bu","13:14:15",11605900
30000,1000,1000,"bu","13:14:15",11604600
30000,1000,3000,"bu","13:14:15",11603600
30000,1000,2300,"bu","13:14:15",11600600
30000,1000,500,"bu","13:14:15",11598300
30000,1000,100,"bu","13:14:15",11597800
30000,1000,100,"bu","13:14:15",11597700
30000,1000,200,"bu","13:14:15",11597600
30000,1000,1000,"bu","13:14:15",11597400
30000,1000,2000,"bu","13:14:15",11596400
30000,1000,900,"bu","13:14:15",11594400
30000,1000,500,"bu","13:14:15",11593500
30000,1000,1000,"bu","13:14:15",11593000
30000,1000,1000,"bu","13:14:15",11592000
30000,1000,2500,"bu","13:14:15",11591000
30000,1000,5100,"bu","13:14:15",11588500
30000,1000,200,"bu","13:14:15",11583400
30000,1000,200,"bu","13:14:15",11583200
30000,1000,300,"bu","13:14:15",11583000
30000,1000,200,"bu","13:14:15",11582700
30000,1000,8400,"bu","13:14:15",11582500
30000,1000,1500,"bu","13:14:15",11574100
30000,1000,300,"bu","13:14:15",11572600
30000,1000,300,"bu","13:14:15",11572300
30000,1000,1100,"bu","13:14:15",11572000
30000,1000,1000,"bu","13:14:15",11570900
30000,1000,1000,"bu","13:14:15",11569900
30000,1000,1000,"bu","13:14:15",11568900
30000,1000,200,"bu","13:14:15",11567900
30000,1000,100,"bu","13:14:15",11567700
30000,1000,4300,"bu","13:14:15",11567600
30000,1000,100,"bu","13:14:15",11563300
30000,1000,6000,"bu","13:14:15",11563200
30000,1000,300,"bu","13:14:15",11557200
30000,1000,300,"bu","13:14:15",11556900
30000,1000,200,"bu","13:14:15",11556600
30000,1000,100,"bu","13:14:15",11556400
30000,1000,1500,"bu","13:14:15",11556300
30000,1000,200,"bu","13:14:15",11554800
30000,1000,500,"bu","13:14:15",11554600
30000,1000,2000,"bu","13:14:15",11554100
30000,1000,400,"bu","13:14:15",11552100
30000,1000,3000,"bu","13:14:15",11551700
30000,1000,1000,"bu","13:14:15",11548700
30000,1000,200,"bu","13:14:15",11547700
30000,1000,5400,"bu","13:14:15",11547500
30000,1000,5200,"bu","13:14:15",11542100
29950,950,200,"sd","13:14:14",11536900
29950,950,800,"sd","13:14:14",11536700
30000,1000,100,"bu","13:14:13",11535900
30000,1000,200,"bu","13:14:13",11535800
30000,1000,6400,"bu","13:14:13",11535600
30000,1000,500,"bu","13:14:13",11529200
30000,1000,1000,"bu","13:14:13",11528700
30000,1000,300,"bu","13:14:13",11527700
30000,1000,500,"bu","13:14:13",11527400
30000,1000,100,"bu","13:14:13",11526900
30000,1000,900,"bu","13:14:13",11526800
29950,950,2000,"sd","13:14:12",11525900
29950,950,100,"sd","13:14:10",11523900
29950,950,100,"sd","13:14:10",11523800
30000,1000,1000,"bu","13:14:09",11523700
29950,950,10000,"sd","13:14:08",11522700
29950,950,2000,"sd","13:14:08",11512700
30000,1000,500,"bu","13:14:08",11510700
30000,1000,100,"bu","13:14:08",11510200
30000,1000,100,"bu","13:14:06",11510100
30000,1000,100,"bu","13:14:05",11510000
29900,900,400,"sd","13:14:05",11509900
30000,1000,1800,"bu","13:14:04",11509500
30000,1000,1000,"bu","13:14:04",11507700
30000,1000,200,"bu","13:14:04",11506700
30000,1000,5500,"bu","13:14:04",11506500
30000,1000,500,"bu","13:14:04",11501000
30000,1000,500,"bu","13:14:04",11500500
30000,1000,500,"bu","13:14:04",11500000
30000,1000,1000,"bu","13:14:04",11499500
30000,1000,3000,"bu","13:14:04",11498500
30000,1000,200,"bu","13:14:04",11495500
30000,1000,500,"bu","13:14:04",11495300
30000,1000,400,"bu","13:14:04",11494800
30000,1000,1200,"bu","13:14:04",11494400
30000,1000,1500,"bu","13:14:04",11493200
30000,1000,20100,"bu","13:14:04",11491700
30000,1000,1000,"bu","13:14:04",11471600
30000,1000,500,"bu","13:14:04",11470600
29950,950,600,"bu","13:14:04",11470100
29950,950,10000,"bu","13:14:04",11469500
30000,1000,100,"bu","13:14:02",11459500
30000,1000,2000,"bu","13:14:02",11459400
30000,1000,2000,"bu","13:14:02",11457400
30000,1000,100,"bu","13:14:02",11455400
30000,1000,200,"bu","13:14:02",11455300
29950,950,100,"bu","13:14:02",11455100
30000,1000,500,"bu","13:14:02",11455000
29950,950,900,"sd","13:14:02",11454500
29950,950,3000,"bu","13:14:00",11453600
29950,950,1100,"bu","13:14:00",11450600
29950,950,3200,"bu","13:14:00",11449500
29950,950,400,"sd","13:13:59",11446300
29950,950,100,"sd","13:13:59",11445900
29950,950,200,"sd","13:13:59",11445800
29950,950,1000,"bu","13:13:58",11445600
30000,1000,200,"bu","13:13:57",11444600
30000,1000,1000,"bu","13:13:57",11444400
30000,1000,1000,"bu","13:13:57",11443400
30000,1000,200,"bu","13:13:57",11442400
30000,1000,100,"bu","13:13:57",11442200
29950,950,100,"bu","13:13:57",11442100
29950,950,100,"bu","13:13:57",11442000
29950,950,600,"bu","13:13:57",11441900
29950,950,100,"bu","13:13:57",11441300
29950,950,200,"bu","13:13:57",11441200
29950,950,1000,"bu","13:13:57",11441000
29950,950,300,"bu","13:13:57",11440000
29950,950,1200,"bu","13:13:57",11439700
29950,950,100,"bu","13:13:57",11438500
29950,950,100,"bu","13:13:57",11438400
29950,950,100,"bu","13:13:57",11438300
29950,950,300,"bu","13:13:57",11438200
29950,950,200,"bu","13:13:57",11437900
29950,950,10000,"bu","13:13:57",11437700
29950,950,100,"bu","13:13:57",11427700
29950,950,10000,"bu","13:13:57",11427600
30000,1000,100,"bu","13:13:57",11417600
30000,1000,8700,"bu","13:13:57",11403200
30000,1000,14300,"bu","13:13:57",11417500
29900,900,10000,"sd","13:13:57",11394500
29950,950,6000,"bu","13:13:56",11384500
29950,950,700,"bu","13:13:55",11378500
29950,950,500,"bu","13:13:55",11377800
29950,950,2000,"bu","13:13:55",11377300
29950,950,100,"bu","13:13:55",11375300
29950,950,300,"bu","13:13:55",11375200
29950,950,500,"bu","13:13:55",11374900
29950,950,300,"bu","13:13:55",11374400
29950,950,5600,"bu","13:13:55",11374100
29950,950,1000,"bu","13:13:55",11368500
29950,950,100,"bu","13:13:53",11367500
29900,900,400,"sd","13:13:53",11367400
29900,900,300,"sd","13:13:51",11367000
29900,900,200,"bu","13:13:50",11366700
29900,900,1000,"bu","13:13:50",11366500
29900,900,500,"bu","13:13:50",11365500
29950,950,100,"bu","13:13:50",11365000
29900,900,100,"bu","13:13:50",11364900
29950,950,100,"bu","13:13:50",11364800
29900,900,300,"bu","13:13:50",11364700
29900,900,10000,"bu","13:13:50",11364400
29900,900,1000,"bu","13:13:50",11354400
29900,900,100,"bu","13:13:50",11353400
29900,900,2100,"bu","13:13:50",11353300
29900,900,500,"bu","13:13:50",11351200
29900,900,100,"bu","13:13:50",11350700
29900,900,100,"bu","13:13:50",11350600
29900,900,1000,"bu","13:13:50",11350500
29900,900,2000,"bu","13:13:50",11349500
29900,900,100,"bu","13:13:50",11347500
29900,900,100,"bu","13:13:50",11347400
29900,900,100,"bu","13:13:50",11347300
29900,900,100,"bu","13:13:50",11347200
29900,900,100,"bu","13:13:50",11347100
29900,900,3000,"bu","13:13:50",11347000
29900,900,1000,"bu","13:13:50",11344000
29900,900,400,"bu","13:13:50",11343000
29900,900,3000,"bu","13:13:50",11342600
29900,900,100,"bu","13:13:50",11339600
29900,900,2000,"bu","13:13:50",11339500
29900,900,100,"bu","13:13:50",11337500
29900,900,100,"bu","13:13:50",11337400
