"price","change","match_qtty","side","time","total_vol"
17100,-600,100,"bu","14:59:54",4272400
17100,-600,200,"bu","14:59:52",4272300
17000,-700,500,"sd","14:59:42",4272100
17100,-600,2400,"sd","14:57:39",4271600
17100,-600,8400,"sd","14:57:32",4269200
17100,-600,100,"bu","14:55:27",4260800
17000,-700,500,"sd","14:55:02",4260700
17100,-600,100,"bu","14:53:45",4260200
17000,-700,8800,"bu","14:51:10",4260100
17000,-700,400,"bu","14:50:59",4251300
17000,-700,10000,"bu","14:50:29",4250900
16900,-800,3500,"sd","14:47:33",4240900
17000,-700,100,"bu","14:47:24",4237400
17000,-700,1000,"bu","14:47:06",4237300
16900,-800,5000,"sd","14:45:43",4236300
17000,-700,600,"bu","14:45:13",4231300
17000,-700,100,"bu","14:45:02",4230700
17000,-700,2000,"bu","14:44:58",4230600
17000,-700,100,"bu","14:44:48",4228600
17000,-700,100,"bu","14:44:20",4228500
17000,-700,100,"bu","14:44:14",4228400
17000,-700,200,"bu","14:42:48",4228300
17000,-700,1200,"bu","14:42:16",4228100
17000,-700,2000,"bu","14:41:53",4226900
17000,-700,1000,"bu","14:41:24",4224900
17000,-700,1000,"bu","14:41:00",4223900
17000,-700,100,"bu","14:40:28",4222900
17000,-700,500,"bu","14:38:02",4222800
17000,-700,100,"bu","14:37:37",4222300
16900,-800,100,"bu","14:31:31",4222200
16900,-800,800,"bu","14:30:55",4222100
16900,-800,100,"unknown","14:28:24",4221300
16900,-800,200,"bu","14:28:14",4221200
16900,-800,200,"bu","14:27:54",4221000
16900,-800,100,"bu","14:27:18",4220800
16900,-800,3700,"bu","14:27:10",4220700
16900,-800,100,"bu","14:27:01",4217000
16800,-900,200,"sd","14:25:51",4216900
16900,-800,100,"bu","14:25:46",4216700
16900,-800,100,"bu","14:25:39",4216600
16900,-800,200,"bu","14:25:32",4216500
16900,-800,200,"bu","14:25:27",4216300
16900,-800,1500,"sd","14:24:56",4216100
17000,-700,4800,"bu","14:23:42",4214600
17000,-700,2000,"bu","14:23:19",4209800
16700,-1000,163600,"sd","14:23:12",4207800
16800,-900,3000,"sd","14:21:26",4044200
16900,-800,200,"sd","14:21:11",4041200
16800,-900,28000,"sd","14:20:56",4041000
16900,-800,800,"unknown","14:20:22",4013000
16900,-800,200,"bu","14:19:39",4012200
16800,-900,27000,"sd","14:18:06",4012000
16800,-900,23000,"sd","14:17:44",3985000
16800,-900,32000,"sd","14:17:22",3962000
16800,-900,6500,"sd","14:16:56",3930000
16800,-900,2800,"sd","14:16:23",3923500
17000,-700,10000,"bu","14:16:19",3920700
16800,-900,31000,"sd","14:15:49",3910700
17000,-700,12000,"bu","14:15:37",3879700
16900,-800,5000,"bu","14:15:34",3867700
16900,-800,1000,"bu","14:15:24",3862700
16800,-900,4000,"sd","14:15:17",3861700
16900,-800,500,"bu","14:15:15",3857700
16900,-800,1100,"bu","14:15:04",3857200
16900,-800,200,"bu","14:15:00",3856100
16900,-800,100,"bu","14:13:51",3855900
16800,-900,500,"sd","14:13:45",3855800
16800,-900,15000,"sd","14:13:00",3855300
16800,-900,5600,"bu","14:12:35",3840300
16800,-900,100,"bu","14:12:30",3834700
16800,-900,2000,"bu","14:12:28",3834600
16800,-900,10000,"bu","14:12:25",3832600
16800,-900,100,"bu","14:12:03",3822600
16800,-900,100,"bu","14:11:47",3822500
16800,-900,100,"bu","14:11:42",3822400
16800,-900,1000,"bu","14:11:28",3822300
16800,-900,24000,"sd","14:11:26",3821300
16900,-800,3000,"bu","14:10:48",3797300
16900,-800,500,"bu","14:10:46",3794300
16800,-900,300,"sd","14:09:57",3793800
16800,-900,1000,"sd","14:09:52",3793500
16800,-900,500,"sd","14:09:29",3792500
16800,-900,500,"sd","14:09:12",3792000
16800,-900,20000,"sd","14:08:37",3791500
16800,-900,60000,"sd","14:07:04",3771500
16800,-900,100,"sd","14:05:09",3711500
16800,-900,200,"sd","14:04:59",3711400
16800,-900,800,"bu","14:04:31",3711200
16800,-900,300,"sd","14:04:30",3710400
16800,-900,2000,"sd","14:03:15",3710100
16800,-900,3000,"sd","14:02:46",3708100
16800,-900,5000,"sd","14:01:30",3705100
16800,-900,11000,"sd","14:01:07",3700100
16800,-900,3000,"sd","14:00:42",3689100
16800,-900,800,"sd","13:59:11",3686100
16800,-900,800,"bu","13:58:10",3685300
16800,-900,2400,"bu","13:57:05",3684500
16800,-900,2000,"sd","13:56:59",3682100
16900,-800,100,"bu","13:56:52",3680100
16900,-800,100,"bu","13:54:59",3680000
16800,-900,200,"sd","13:53:55",3679900
16800,-900,34000,"sd","13:52:41",3679700
16900,-800,300,"sd","13:52:30",3645700
16900,-800,9000,"sd","13:52:28",3645400
16800,-900,10000,"sd","13:52:05",3636400
16800,-900,100,"sd","13:51:43",3626400
16800,-900,24000,"sd","13:50:10",3626300
16800,-900,26000,"sd","13:49:15",3602300
16800,-900,1100,"sd","13:48:57",3576300
16800,-900,2600,"sd","13:48:30",3575200
16800,-900,33000,"sd","13:47:53",3572600
16900,-800,1000,"bu","13:47:37",3539600
16900,-800,300,"bu","13:47:31",3538600
16900,-800,500,"bu","13:47:25",3538300
16800,-900,7000,"sd","13:46:15",3537800
16800,-900,500,"bu","13:45:50",3530800
16800,-900,500,"bu","13:45:48",3530300
16800,-900,22000,"bu","13:45:35",3529800
16800,-900,3800,"sd","13:45:34",3507800
16800,-900,30000,"sd","13:44:43",3504000
16800,-900,20000,"sd","13:44:19",3474000
16900,-800,1000,"bu","13:43:57",3454000
16800,-900,8000,"sd","13:43:56",3453000
16800,-900,43000,"sd","13:42:28",3445000
16900,-800,100,"bu","13:41:47",3402000
16900,-800,500,"bu","13:41:12",3401900
16800,-900,30000,"sd","13:41:08",3401400
16900,-800,100,"bu","13:40:49",3371400
16800,-900,3000,"sd","13:40:47",3371300
16900,-800,500,"bu","13:40:31",3368300
16800,-900,5000,"sd","13:40:22",3367800
16800,-900,5000,"sd","13:39:25",3362800
16900,-800,4100,"bu","13:39:15",3357800
16900,-800,1000,"bu","13:39:09",3353700
16900,-800,1000,"bu","13:38:34",3352700
16900,-800,1000,"bu","13:38:12",3351700
16800,-900,5000,"sd","13:38:10",3350700
16900,-800,3000,"bu","13:37:44",3345700
16800,-900,1300,"bu","13:37:41",3342700
16800,-900,1000,"bu","13:37:35",3341400
16800,-900,1700,"sd","13:37:24",3340400
16800,-900,1500,"sd","13:37:20",3338700
16800,-900,26000,"sd","13:37:01",3337200
16800,-900,400,"sd","13:36:58",3311200
16800,-900,24000,"sd","13:35:32",3310800
16800,-900,20000,"sd","13:34:21",3286800
16800,-900,10000,"sd","13:34:01",3266800
16900,-800,300,"bu","13:33:46",3256800
16900,-800,100,"bu","13:33:26",3256500
16800,-900,10000,"sd","13:32:35",3256400
16800,-900,33000,"sd","13:32:12",3246400
16800,-900,10000,"sd","13:31:48",3213400
16900,-800,3000,"bu","13:30:49",3203400
16900,-800,300,"unknown","13:29:41",3200400
16800,-900,21000,"sd","13:29:37",3200100
16900,-800,200,"sd","13:29:32",3179100
16800,-900,41000,"sd","13:28:00",3178900
16900,-800,4900,"sd","13:25:38",3137900
16800,-900,70000,"sd","13:25:18",3133000
16800,-900,12000,"sd","13:25:00",3063000
16800,-900,20000,"sd","13:24:33",3051000
17000,-700,100,"bu","13:24:27",3031000
16800,-900,29000,"sd","13:24:11",3030900
17000,-700,200,"bu","13:23:48",3001900
16800,-900,5000,"sd","13:20:39",3001700
16800,-900,10000,"sd","13:19:04",2996700
16900,-800,2000,"sd","13:17:06",2986700
16900,-800,7100,"bu","13:16:45",2984700
16900,-800,100,"bu","13:16:41",2977600
16800,-900,20000,"sd","13:16:27",2977500
16800,-900,20000,"sd","13:16:06",2957500
16800,-900,200,"bu","13:15:51",2937500
16800,-900,300,"sd","13:15:42",2937300
16800,-900,20000,"sd","13:15:41",2937000
16900,-800,500,"bu","13:15:24",2917000
16800,-900,7000,"sd","13:15:17",2916500
16800,-900,20000,"sd","13:14:57",2909500
16800,-900,20000,"sd","13:14:28",2889500
16800,-900,1500,"sd","13:14:07",2869500
16800,-900,100,"sd","13:14:01",2868000
16800,-900,15000,"sd","13:13:48",2867900
16800,-900,100,"sd","13:13:26",2852900
16800,-900,100,"sd","13:13:23",2852800
16800,-900,500,"sd","13:13:04",2852700
16800,-900,9500,"sd","13:12:54",2852200
16800,-900,500,"bu","13:12:52",2842700
16800,-900,1000,"sd","13:12:09",2842200
16900,-800,500,"bu","13:10:32",2841200
16800,-900,11000,"unknown","13:10:27",2840700
16900,-800,100,"bu","13:09:10",2829700
16800,-900,4500,"sd","13:08:46",2829600
16800,-900,5800,"sd","13:08:24",2825100
16900,-800,500,"bu","13:08:15",2819300
16900,-800,100,"bu","13:07:58",2818800
16900,-800,1000,"bu","13:07:27",2818700
16900,-800,2000,"bu","13:07:20",2817700
16900,-800,300,"bu","13:05:03",2815700
16900,-800,500,"bu","13:03:27",2815400
16800,-900,11000,"sd","13:03:18",2814900
16800,-900,200,"sd","13:02:38",2803900
16800,-900,200,"sd","13:02:37",2803700
16800,-900,500,"unknown","13:02:09",2803500
16800,-900,17500,"sd","13:01:18",2803000
16900,-800,300,"bu","13:00:09",2785500
16900,-800,2800,"sd","13:00:05",2785200
16800,-900,12300,"sd","13:00:04",2782400
16900,-800,500,"bu","13:00:03",2770100
16900,-800,1000,"bu","11:29:56",2769600
16800,-900,4500,"sd","11:27:56",2768600
16900,-800,1200,"bu","11:26:24",2764100
16800,-900,17000,"sd","11:26:04",2762900
16800,-900,14000,"sd","11:25:12",2745900
16800,-900,18000,"sd","11:22:30",2731900
16800,-900,1600,"sd","11:22:16",2713900
16800,-900,25000,"sd","11:20:47",2712300
16900,-800,500,"bu","11:20:24",2687300
16900,-800,200,"bu","11:20:00",2686800
16900,-800,200,"bu","11:19:29",2686600
16800,-900,18000,"sd","11:17:26",2686400
16800,-900,14000,"sd","11:16:37",2668400
16900,-800,100,"sd","11:14:56",2654400
16900,-800,200,"bu","11:14:24",2654300
16900,-800,100,"bu","11:13:38",2654100
16900,-800,700,"bu","11:12:08",2654000
16800,-900,20000,"sd","11:10:46",2653300
17000,-700,10000,"bu","11:10:09",2633300
16900,-800,200,"bu","11:09:48",2623300
16900,-800,600,"bu","11:09:44",2623100
16900,-800,100,"bu","11:09:29",2622500
16900,-800,10400,"bu","11:09:24",2622400
17000,-700,300,"bu","11:09:19",2612000
16900,-800,2500,"sd","11:09:15",2611700
16900,-800,800,"bu","11:08:17",2609200
16900,-800,700,"bu","11:07:57",2608400
16900,-800,2000,"bu","11:07:42",2607700
16800,-900,12000,"sd","11:07:22",2605700
16900,-800,1500,"sd","11:06:57",2593700
17000,-700,200,"bu","11:03:57",2592200
16800,-900,50000,"sd","11:03:25",2592000
16800,-900,95000,"sd","11:02:17",2542000
16800,-900,48000,"sd","11:00:10",2447000
16900,-800,500,"sd","10:59:44",2399000
16900,-800,2000,"sd","10:59:39",2398500
16800,-900,80000,"sd","10:59:09",2396500
16900,-800,6400,"bu","10:58:10",2316500
16900,-800,300,"bu","10:57:35",2310100
16900,-800,200,"bu","10:57:27",2309800
16800,-900,50000,"sd","10:56:21",2309600
16900,-800,9700,"sd","10:56:11",2259600
16900,-800,1000,"bu","10:56:09",2249900
16900,-800,200,"bu","10:55:56",2248900
16900,-800,300,"bu","10:55:32",2248700
16900,-800,2000,"bu","10:55:13",2248400
16900,-800,2000,"bu","10:54:47",2246400
16900,-800,1000,"bu","10:54:19",2244400
16900,-800,5000,"sd","10:54:15",2243400
16800,-900,50000,"sd","10:52:15",2238400
16900,-800,400,"sd","10:50:07",2188400
16900,-800,900,"sd","10:48:54",2188000
16800,-900,400,"sd","10:48:05",2187100
16800,-900,100,"sd","10:47:03",2186700
16800,-900,50000,"sd","10:46:56",2186600
16900,-800,1000,"unknown","10:45:05",2136600
16800,-900,4100,"sd","10:44:56",2135600
16900,-800,300,"unknown","10:44:11",2131500
16700,-1000,16400,"bu","10:43:33",2131200
16700,-1000,4000,"bu","10:43:31",2114800
16700,-1000,30000,"bu","10:43:23",2110800
16600,-1100,1200,"sd","10:43:21",2080800
16700,-1000,2000,"bu","10:43:19",2079600
16600,-1100,22000,"sd","10:42:54",2077600
16600,-1100,1000,"sd","10:42:47",2055600
16600,-1100,2000,"sd","10:42:43",2054600
16600,-1100,100,"sd","10:42:41",2052600
16600,-1100,8000,"sd","10:42:20",2052500
16600,-1100,12500,"bu","10:42:11",2044500
16500,-1200,28200,"sd","10:42:10",2032000
16600,-1100,5000,"bu","10:42:07",2003800
16600,-1100,100,"bu","10:42:02",1998800
16600,-1100,14000,"bu","10:41:56",1998700
16700,-1000,1000,"bu","10:41:53",1984700
16600,-1100,16300,"sd","10:41:51",1983700
16700,-1000,3000,"bu","10:41:47",1967400
16700,-1000,43400,"bu","10:41:44",1964400
16700,-1000,100,"sd","10:41:38",1921000
16700,-1000,30000,"sd","10:41:36",1920900
16800,-900,5000,"bu","10:41:35",1890900
16800,-900,100,"bu","10:41:33",1885900
16800,-900,400,"bu","10:40:51",1885800
16800,-900,211000,"sd","10:40:43",1885400
16900,-800,3000,"bu","10:40:41",1674400
16900,-800,100,"bu","10:40:40",1671400
16900,-800,17300,"sd","10:40:21",1671300
16900,-800,30000,"sd","10:40:06",1654000
17000,-700,500,"bu","10:39:17",1624000
16900,-800,100,"sd","10:39:13",1623500
17000,-700,200,"bu","10:38:32",1623400
16900,-800,300,"sd","10:38:30",1623200
16900,-800,1000,"sd","10:38:09",1622900
16900,-800,200,"sd","10:37:52",1621900
16900,-800,1000,"unknown","10:37:25",1621700
16900,-800,100,"bu","10:37:20",1620700
16900,-800,900,"bu","10:37:13",1620600
16900,-800,900,"sd","10:37:11",1619700
16900,-800,9100,"bu","10:37:05",1618800
16900,-800,100,"sd","10:36:47",1609700
16900,-800,100,"sd","10:36:35",1609600
16900,-800,200000,"sd","10:36:11",1609500
16900,-800,200,"sd","10:36:03",1409500
17000,-700,2000,"sd","10:35:42",1409300
17000,-700,18000,"sd","10:34:43",1407300
17000,-700,500,"bu","10:33:12",1389300
17000,-700,54500,"sd","10:33:04",1388800
17000,-700,2000,"sd","10:33:01",1334300
17100,-600,1000,"bu","10:32:54",1332300
17000,-700,4300,"sd","10:32:27",1331300
17000,-700,3000,"bu","10:32:17",1327000
17000,-700,200,"bu","10:32:15",1324000
17000,-700,200,"bu","10:32:05",1323800
17000,-700,2800,"sd","10:32:00",1323600
17000,-700,2000,"sd","10:31:35",1320800
17000,-700,1300,"sd","10:30:54",1318800
17000,-700,7000,"sd","10:30:44",1317500
17000,-700,36000,"sd","10:30:26",1310500
17000,-700,18400,"bu","10:29:56",1274500
17000,-700,1600,"bu","10:29:32",1256100
17000,-700,65000,"sd","10:29:21",1254500
17000,-700,2000,"sd","10:29:01",1189500
17000,-700,100,"sd","10:28:46",1187500
17000,-700,4800,"sd","10:28:44",1187400
17000,-700,100,"sd","10:28:43",1182600
17000,-700,500,"bu","10:28:40",1182500
17000,-700,200,"bu","10:28:39",1182000
17000,-700,3100,"bu","10:28:36",1181800
17000,-700,6000,"bu","10:28:25",1178700
17000,-700,100,"bu","10:28:10",1172700
17000,-700,1000,"bu","10:27:37",1172600
17000,-700,8000,"sd","10:27:36",1171600
17000,-700,17000,"sd","10:27:17",1163600
17000,-700,3000,"sd","10:26:47",1146600
17000,-700,7000,"sd","10:26:26",1143600
17000,-700,1000,"sd","10:25:23",1136600
17000,-700,24200,"bu","10:25:05",1135600
17000,-700,1000,"sd","10:25:03",1111400
17100,-600,200,"bu","10:25:02",1110400
17100,-600,1000,"bu","10:24:58",1110200
17100,-600,1000,"bu","10:24:50",1109200
17100,-600,500,"bu","10:24:41",1108200
17100,-600,300,"bu","10:23:01",1107700
17000,-700,3000,"sd","10:22:37",1107400
17000,-700,3000,"sd","10:21:38",1104400
17000,-700,700,"sd","10:20:50",1101400
17000,-700,10000,"sd","10:20:04",1100700
17000,-700,3500,"sd","10:19:23",1090700
17000,-700,1500,"bu","10:19:14",1087200
17000,-700,1000,"bu","10:19:00",1085700
17000,-700,100,"bu","10:18:59",1084700
17000,-700,5500,"bu","10:18:51",1084600
16900,-800,5000,"sd","10:18:47",1079100
17000,-700,1000,"bu","10:18:44",1074100
17000,-700,500,"bu","10:18:36",1073100
17000,-700,1000,"bu","10:18:30",1072600
17000,-700,300,"bu","10:18:20",1071600
17000,-700,130000,"sd","10:18:04",1071300
17000,-700,3000,"sd","10:17:41",941300
17100,-600,700,"bu","10:17:01",938300
17100,-600,45000,"sd","10:16:40",937600
17200,-500,600,"bu","10:13:40",892600
17200,-500,1000,"sd","10:13:27",892000
17200,-500,500,"sd","10:13:15",891000
17200,-500,10000,"sd","10:12:47",890500
17200,-500,100,"sd","10:12:43",880500
17300,-400,2000,"bu","10:10:08",880400
17100,-600,200,"sd","10:07:55",878400
17100,-600,2000,"sd","10:07:27",878200
17100,-600,8000,"sd","10:07:05",876200
17100,-600,7000,"sd","10:06:47",868200
17200,-500,100,"unknown","10:06:43",861200
17200,-500,200,"bu","10:06:30",861100
17100,-600,5000,"sd","10:06:23",860900
17100,-600,23000,"sd","10:05:06",855900
17200,-500,1600,"bu","10:04:34",832900
17200,-500,1500,"bu","10:04:18",831300
17200,-500,1200,"bu","10:04:17",829800
17200,-500,200,"bu","10:04:01",828600
17100,-600,100,"bu","10:03:42",828400
17100,-600,500,"bu","10:03:35",828300
17100,-600,2000,"bu","10:03:29",827800
17100,-600,400,"sd","10:03:21",825800
17100,-600,9000,"sd","10:03:18",825400
17100,-600,500,"sd","10:02:42",816400
17100,-600,500,"sd","10:02:33",815900
17100,-600,50000,"sd","10:02:24",815400
17200,-500,5000,"bu","10:02:09",765400
17100,-600,67000,"sd","10:01:47",760400
17200,-500,200,"bu","10:01:40",693400
17200,-500,3800,"sd","10:01:18",693200
17200,-500,300,"sd","10:01:17",689400
17200,-500,3000,"sd","10:00:59",689100
17200,-500,100,"sd","10:00:13",686100
17200,-500,37000,"sd","10:00:01",686000
17200,-500,300,"sd","09:59:58",649000
17200,-500,2200,"sd","09:59:20",648700
17200,-500,800,"sd","09:58:32",646500
17200,-500,2300,"sd","09:58:19",645700
17200,-500,2700,"bu","09:58:04",643400
17200,-500,5000,"bu","09:57:54",640700
17200,-500,5000,"bu","09:57:20",635700
17200,-500,6300,"sd","09:56:49",630700
17200,-500,25000,"sd","09:56:39",624400
17200,-500,500,"sd","09:54:58",599400
17200,-500,34000,"sd","09:54:37",598900
17200,-500,5000,"sd","09:54:13",564900
17200,-500,48000,"sd","09:52:49",559900
17300,-400,1300,"sd","09:52:04",511900
17300,-400,500,"sd","09:51:40",510600
17300,-400,2200,"sd","09:51:23",510100
17300,-400,4000,"sd","09:51:19",507900
17300,-400,2000,"bu","09:50:56",503900
17200,-500,49000,"sd","09:49:47",501900
17300,-400,1000,"bu","09:49:34",452900
17300,-400,500,"bu","09:48:38",451900
17300,-400,100,"bu","09:48:31",451400
17300,-400,1000,"bu","09:48:30",451300
17200,-500,4000,"sd","09:47:37",450300
17200,-500,25000,"sd","09:47:33",446300
17200,-500,2800,"sd","09:47:18",421300
17200,-500,16400,"sd","09:47:02",418500
17200,-500,10000,"sd","09:46:48",402100
17200,-500,35000,"sd","09:46:13",392100
17200,-500,1000,"sd","09:45:52",357100
17200,-500,20000,"sd","09:45:46",356100
17200,-500,6700,"sd","09:45:35",336100
17200,-500,200,"sd","09:45:22",329400
17200,-500,20000,"sd","09:45:18",329200
17200,-500,2000,"sd","09:44:45",309200
17200,-500,200,"sd","09:44:18",307200
17200,-500,300,"sd","09:44:12",307000
17200,-500,2000,"sd","09:43:56",306700
17200,-500,200,"sd","09:43:43",304700
17200,-500,500,"sd","09:43:27",304500
17200,-500,1000,"sd","09:43:13",304000
17300,-400,1000,"bu","09:42:52",303000
17300,-400,100,"bu","09:42:38",302000
17300,-400,8700,"sd","09:42:23",301900
17300,-400,1000,"sd","09:42:20",293200
17300,-400,15300,"bu","09:42:11",292200
17200,-500,3000,"sd","09:42:03",276900
17300,-400,300,"bu","09:41:45",273900
17300,-400,6500,"sd","09:41:43",273600
17300,-400,500,"sd","09:41:34",267100
17300,-400,15000,"sd","09:41:25",266600
17300,-400,100,"sd","09:41:24",251600
17300,-400,2700,"sd","09:41:18",251500
17200,-500,500,"sd","09:41:03",248800
17200,-500,3000,"sd","09:40:59",248300
17200,-500,200,"sd","09:40:29",245300
17200,-500,500,"sd","09:40:28",245100
17200,-500,14100,"sd","09:40:27",244600
17300,-400,900,"bu","09:40:12",230500
17300,-400,500,"sd","09:40:11",229600
17300,-400,21000,"sd","09:40:00",229100
17300,-400,1000,"sd","09:39:44",208100
17300,-400,22000,"sd","09:38:47",207100
17300,-400,100,"sd","09:38:02",185100
17300,-400,7000,"sd","09:37:43",185000
17300,-400,1000,"sd","09:37:09",178000
17300,-400,2000,"sd","09:36:00",177000
17300,-400,15000,"sd","09:35:39",175000
17300,-400,14000,"sd","09:35:02",160000
17300,-400,2000,"sd","09:34:46",146000
17300,-400,10000,"sd","09:34:04",144000
17300,-400,1500,"sd","09:33:53",134000
17300,-400,1200,"bu","09:33:48",132500
17300,-400,2000,"sd","09:33:40",131300
17300,-400,1700,"unknown","09:32:56",129300
17300,-400,300,"sd","09:32:50",127600
17300,-400,200,"sd","09:32:32",127300
17400,-300,300,"bu","09:32:12",127100
17300,-400,200,"sd","09:32:06",126800
17300,-400,9000,"sd","09:31:57",126600
17300,-400,5000,"sd","09:31:36",117600
17300,-400,100,"sd","09:31:18",112600
17300,-400,3000,"sd","09:30:51",112500
17300,-400,5000,"sd","09:30:29",109500
17300,-400,200,"sd","09:30:03",104500
17300,-400,200,"sd","09:29:45",104300
17300,-400,5000,"sd","09:29:25",104100
17300,-400,500,"sd","09:29:00",99100
17300,-400,200,"sd","09:28:57",98600
17300,-400,5000,"sd","09:28:45",98400
17400,-300,100,"bu","09:28:43",93400
17300,-400,1200,"sd","09:28:02",93300
17300,-400,1000,"bu","09:27:40",92100
17300,-400,800,"bu","09:27:30",91100
17300,-400,3000,"sd","09:27:25",90300
17300,-400,500,"sd","09:27:18",87300
17300,-400,37000,"sd","09:27:02",86800
17400,-300,900,"bu","09:26:56",49800
17300,-400,100,"sd","09:26:55",48900
17300,-400,600,"sd","09:25:58",48800
17400,-300,100,"bu","09:25:31",48200
17400,-300,900,"bu","09:25:17",48100
17400,-300,11000,"sd","09:25:09",47200
17500,-200,100,"bu","09:24:02",36200
17500,-200,1000,"bu","09:24:00",36100
17500,-200,3000,"bu","09:23:35",35100
17500,-200,500,"bu","09:23:26",32100
17500,-200,100,"bu","09:21:19",31600
17400,-300,300,"sd","09:13:17",31500
17400,-300,10000,"sd","09:13:16",31200
17500,-200,1300,"bu","09:12:59",21200
17500,-200,100,"bu","09:12:51",19900
17500,-200,3400,"sd","09:12:26",19800
17500,-200,700,"unknown","09:11:15",16400
17500,-200,500,"bu","09:10:06",15700
17500,-200,500,"bu","09:09:34",15200
17500,-200,1000,"bu","09:08:44",14700
17500,-200,400,"bu","09:08:21",13700
17500,-200,500,"bu","09:08:00",13300
17500,-200,1000,"sd","09:07:36",12800
17500,-200,1000,"sd","09:06:01",11800
17500,-200,1000,"sd","09:05:10",10800
17600,-100,8600,"bu","09:02:33",9800
17600,-100,1000,"bu","09:02:20",1200
17700,0,200,"bu","09:00:27",200
