"price","change","match_qtty","side","time","total_vol"
14700,300,64500,"bu","14:45:01",469900
14700,300,6000,"sd","14:29:52",405400
14800,400,5000,"bu","14:29:47",399400
14800,400,3000,"bu","14:29:46",394400
14700,300,100,"sd","14:29:40",391400
14700,300,13400,"bu","14:29:31",391300
14600,200,22100,"bu","14:29:20",377900
14500,100,4000,"sd","14:29:18",355800
14500,100,20200,"sd","14:28:58",351800
14500,100,5000,"bu","14:28:49",331600
14500,100,10000,"bu","14:28:40",326600
14500,100,100,"bu","14:28:37",316600
14400,0,9600,"bu","14:28:09",316500
14400,0,9000,"bu","14:27:58",306900
14400,0,5000,"bu","14:27:42",297900
14400,0,8000,"bu","14:27:31",292900
14400,0,15000,"bu","14:27:21",284900
14400,0,5000,"bu","14:27:12",269900
14400,0,10000,"bu","14:26:52",264900
14400,0,500,"bu","14:25:50",254900
14300,-100,3900,"sd","14:25:37",254400
14300,-100,300,"bu","14:25:01",250500
14300,-100,1000,"bu","14:24:55",250200
14300,-100,5000,"bu","14:24:45",249200
14300,-100,100,"bu","14:24:25",244200
14300,-100,3000,"bu","14:24:11",244100
14300,-100,7000,"bu","14:23:53",241100
14300,-100,6000,"bu","14:23:45",234100
14200,-200,200,"sd","14:23:43",228100
14300,-100,3500,"bu","14:23:05",227900
14300,-100,5000,"bu","14:22:39",224400
14300,-100,2000,"bu","14:22:20",219400
14300,-100,1000,"bu","14:18:45",217400
14200,-200,7800,"sd","14:17:51",216400
14300,-100,1500,"bu","14:17:00",208600
14300,-100,100,"bu","14:15:34",207100
14200,-200,300,"sd","14:15:13",207000
14200,-200,200,"sd","14:10:39",206700
14300,-100,500,"bu","13:53:52",206500
14200,-200,4000,"sd","13:51:14",206000
14200,-200,200,"sd","13:50:54",202000
14200,-200,200,"sd","13:49:25",201800
14300,-100,100,"bu","13:43:31",201600
14200,-200,100,"sd","13:25:29",201500
14300,-100,1000,"bu","13:20:41",201400
14200,-200,400,"sd","13:09:46",200400
14300,-100,500,"bu","13:08:11",200000
14200,-200,2900,"sd","13:07:44",199500
14200,-200,2000,"sd","13:00:05",196600
14300,-100,1000,"bu","11:28:14",194600
14200,-200,200,"sd","11:26:10",193600
14300,-100,300,"bu","11:24:03",193400
14300,-100,100,"bu","11:21:05",193100
14300,-100,100,"bu","11:13:27",193000
14300,-100,100,"bu","11:05:47",192900
14300,-100,100,"bu","11:05:37",192800
14300,-100,2400,"bu","10:49:01",192700
14300,-100,1000,"bu","10:47:22",190300
14300,-100,3500,"bu","10:46:16",189300
14300,-100,100,"bu","10:45:51",185800
14300,-100,4000,"bu","10:42:10",185700
14300,-100,700,"bu","10:41:33",181700
14300,-100,5000,"bu","10:39:53",181000
14200,-200,2000,"sd","10:39:05",176000
14200,-200,600,"sd","10:33:11",174000
14300,-100,1000,"bu","10:31:02",173400
14200,-200,1400,"sd","10:29:02",172400
14200,-200,1000,"sd","10:27:22",171000
14400,0,3000,"bu","10:25:56",170000
14200,-200,1000,"sd","10:25:19",167000
14300,-100,1200,"bu","10:21:00",166000
14300,-100,5000,"bu","10:17:06",164800
14300,-100,5000,"bu","10:16:06",159800
14300,-100,1000,"bu","10:15:15",154800
14200,-200,2000,"sd","10:14:07",153800
14200,-200,2000,"sd","10:13:11",151800
14200,-200,3000,"sd","10:12:46",149800
14300,-100,600,"bu","10:10:03",146800
14200,-200,100,"sd","10:04:55",146200
14200,-200,500,"sd","10:04:29",146100
14300,-100,800,"bu","10:01:29",145600
14300,-100,11000,"bu","09:58:09",144800
14200,-200,6000,"bu","09:55:26",133800
14100,-300,200,"bu","09:53:08",127800
14100,-300,500,"bu","09:52:42",127600
14100,-300,15800,"sd","09:49:59",127100
14100,-300,3000,"sd","09:49:42",111300
14100,-300,5000,"sd","09:49:34",108300
14100,-300,12000,"sd","09:49:24",103300
14100,-300,8000,"sd","09:49:12",91300
14100,-300,5000,"sd","09:48:58",83300
14100,-300,1400,"sd","09:46:03",78300
14100,-300,100,"bu","09:45:59",76900
14100,-300,1000,"bu","09:45:52",76800
14100,-300,1000,"bu","09:45:46",75800
14100,-300,100,"bu","09:45:24",74800
14100,-300,3000,"bu","09:44:34",74700
14100,-300,29100,"bu","09:43:59",71700
14100,-300,4500,"sd","09:43:48",42600
14100,-300,10000,"sd","09:43:38",38100
14200,-200,100,"bu","09:43:00",28100
14200,-200,13000,"bu","09:42:47",28000
14200,-200,1500,"sd","09:38:16",15000
14200,-200,5000,"sd","09:37:19",13500
14200,-200,500,"sd","09:37:12",8500
14300,-100,100,"bu","09:33:23",8000
14200,-200,2100,"sd","09:19:40",7900
14300,-100,500,"sd","09:12:23",5800
14300,-100,2000,"sd","09:02:32",5300
14300,-100,3000,"sd","09:02:17",3300
14400,0,100,"bu","09:00:18",300
14300,-100,200,"sd","09:00:05",200
