"price","change","match_qtty","side","time","total_vol"
15600,0,135700,"sd","14:45:02",1411400
15650,50,100,"bu","14:29:58",1275700
15650,50,2200,"bu","14:29:45",1275600
15650,50,2000,"bu","14:29:45",1273400
15650,50,800,"bu","14:29:45",1271400
15650,50,1000,"bu","14:29:27",1270600
15650,50,2000,"bu","14:29:04",1269600
15650,50,1000,"bu","14:28:32",1267600
15650,50,200,"bu","14:27:34",1266600
15650,50,100,"bu","14:27:34",1266400
15600,0,100,"sd","14:26:47",1266300
15600,0,100,"sd","14:26:33",1266200
15600,0,5000,"sd","14:26:07",1266100
15600,0,2800,"bu","14:25:53",1261100
15600,0,200,"bu","14:25:45",1258300
15600,0,500,"bu","14:25:45",1258100
15600,0,300,"bu","14:25:45",1257600
15600,0,1000,"bu","14:25:45",1257300
15600,0,1000,"bu","14:25:45",1256300
15600,0,1000,"bu","14:25:45",1255300
15600,0,100,"bu","14:25:40",1254300
15600,0,700,"bu","14:25:39",1254200
15600,0,500,"bu","14:25:31",1253500
15600,0,500,"bu","14:25:26",1253000
15600,0,100,"bu","14:24:58",1252500
15600,0,100,"bu","14:24:58",1252400
15600,0,800,"bu","14:24:58",1252300
15600,0,4200,"bu","14:24:53",1251500
15600,0,800,"bu","14:24:53",1247300
15600,0,200,"bu","14:24:37",1246500
15600,0,600,"bu","14:24:37",1246300
15600,0,9200,"bu","14:24:37",1245700
15600,0,300,"bu","14:24:07",1236500
15600,0,500,"bu","14:23:24",1236200
15550,-50,100,"sd","14:22:45",1235700
15550,-50,3400,"sd","14:22:36",1235600
15550,-50,1500,"sd","14:22:36",1232200
15550,-50,800,"sd","14:22:36",1230700
15550,-50,2000,"sd","14:22:36",1229900
15550,-50,2300,"sd","14:22:36",1227900
15600,0,200,"bu","14:22:25",1225600
15600,0,500,"bu","14:21:13",1225400
15600,0,1200,"bu","14:21:13",1224900
15600,0,300,"bu","14:21:13",1223700
15600,0,4700,"bu","14:18:52",1223400
15600,0,100,"bu","14:18:52",1218700
15600,0,600,"bu","14:18:52",1218600
15600,0,800,"bu","14:18:52",1218000
15600,0,3800,"bu","14:18:52",1217200
15600,0,1200,"bu","14:18:12",1213400
15600,0,4800,"bu","14:18:12",1212200
15600,0,100,"bu","14:18:04",1207400
15600,0,1000,"bu","14:17:47",1207300
15600,0,5000,"bu","14:17:24",1206300
15550,-50,200,"sd","14:17:20",1201300
15550,-50,3400,"sd","14:16:30",1201100
15550,-50,200,"sd","14:16:25",1197700
15550,-50,1000,"sd","14:15:55",1197500
15600,0,7900,"bu","14:15:53",1196500
15600,0,1500,"bu","14:15:53",1188600
15600,0,600,"bu","14:15:53",1187100
15600,0,100,"bu","14:15:41",1186500
15550,-50,1000,"sd","14:15:29",1186400
15600,0,300,"bu","14:15:28",1185400
15600,0,4700,"bu","14:15:28",1185100
15550,-50,1000,"sd","14:14:40",1180400
15550,-50,5000,"sd","14:13:43",1179400
15550,-50,5000,"sd","14:12:54",1174400
15550,-50,1000,"sd","14:11:52",1169400
15550,-50,1000,"sd","14:11:41",1168400
15550,-50,200,"bu","14:11:21",1167400
15550,-50,1000,"sd","14:11:13",1167200
15550,-50,1000,"sd","14:11:13",1166200
15550,-50,1000,"sd","14:11:12",1165200
15550,-50,400,"sd","14:11:12",1164200
15550,-50,100,"sd","14:11:12",1163800
15550,-50,3000,"sd","14:11:12",1163700
15550,-50,400,"sd","14:11:12",1160700
15550,-50,500,"sd","14:11:12",1160300
15550,-50,1000,"sd","14:11:12",1159800
15550,-50,100,"sd","14:11:12",1158800
15550,-50,600,"sd","14:11:12",1158700
15550,-50,1000,"sd","14:11:12",1158100
15550,-50,1000,"sd","14:11:12",1157100
15550,-50,700,"sd","14:11:12",1156100
15550,-50,4800,"sd","14:08:18",1155400
15550,-50,10000,"sd","14:07:12",1150600
15550,-50,4500,"sd","14:06:57",1140600
15550,-50,900,"sd","14:06:57",1136100
15550,-50,600,"sd","14:06:57",1135200
15550,-50,600,"sd","14:06:46",1134600
15550,-50,500,"sd","14:06:46",1134000
15550,-50,900,"sd","14:06:46",1133500
15550,-50,300,"sd","14:06:39",1132600
15550,-50,100,"sd","14:06:39",1132300
15550,-50,600,"sd","14:06:39",1132200
15550,-50,100,"sd","14:05:15",1131600
15550,-50,100,"sd","14:05:12",1131500
15550,-50,500,"sd","14:05:12",1131400
15550,-50,4500,"sd","14:04:44",1130900
15550,-50,5400,"sd","14:04:43",1126400
15550,-50,100,"sd","14:04:05",1121000
15550,-50,100,"sd","14:03:20",1120900
15600,0,100,"bu","14:03:12",1120800
15600,0,200,"bu","14:02:15",1120700
15600,0,500,"bu","14:02:03",1120500
15600,0,4500,"bu","14:02:03",1120000
15600,0,2500,"bu","14:02:03",1115500
15600,0,100,"bu","14:02:03",1113000
15600,0,2200,"bu","14:02:03",1112900
15600,0,500,"bu","14:01:29",1110700
15600,0,1300,"bu","14:00:51",1110200
15600,0,1200,"bu","14:00:51",1108900
15600,0,1400,"bu","14:00:43",1107700
15550,-50,1000,"sd","14:00:30",1106300
15550,-50,100,"sd","13:58:57",1105300
15600,0,500,"bu","13:58:52",1105200
15600,0,4000,"bu","13:58:13",1104700
15600,0,2900,"bu","13:57:40",1100700
15600,0,2100,"bu","13:57:40",1097800
15600,0,1000,"bu","13:57:21",1095700
15600,0,1900,"bu","13:57:12",1094700
15600,0,1700,"bu","13:57:12",1092800
15600,0,900,"bu","13:57:01",1091100
15600,0,100,"bu","13:57:01",1090200
15550,-50,100,"sd","13:56:49",1090100
15600,0,4900,"bu","13:56:25",1090000
15600,0,300,"bu","13:56:25",1085100
15600,0,400,"bu","13:56:25",1084800
15600,0,1400,"bu","13:56:25",1084400
15600,0,600,"bu","13:55:59",1083000
15600,0,800,"bu","13:55:59",1082400
15550,-50,1000,"sd","13:55:56",1081600
15600,0,1000,"bu","13:55:26",1080600
15600,0,200,"bu","13:55:09",1079600
15600,0,500,"bu","13:55:09",1079400
15600,0,300,"bu","13:55:09",1078900
15600,0,1000,"bu","13:54:50",1078600
15600,0,2000,"bu","13:54:10",1077600
15550,-50,400,"sd","13:53:42",1075600
15550,-50,2100,"sd","13:53:19",1075200
15550,-50,3300,"sd","13:53:19",1073100
15550,-50,300,"sd","13:53:19",1069800
15550,-50,100,"sd","13:53:19",1069500
15550,-50,4200,"sd","13:53:19",1069400
15600,0,1000,"bu","13:52:50",1065200
15600,0,10000,"bu","13:52:24",1064200
15600,0,1000,"bu","13:52:17",1054200
15600,0,4700,"bu","13:52:15",1053200
15600,0,300,"bu","13:52:15",1048500
15600,0,1000,"bu","13:52:15",1048200
15600,0,3000,"bu","13:52:02",1047200
15550,-50,2000,"sd","13:52:01",1044200
15600,0,1000,"bu","13:51:43",1042200
15600,0,1000,"sd","13:49:56",1041200
15600,0,1000,"sd","13:49:26",1040200
15600,0,800,"sd","13:49:11",1039200
15600,0,200,"sd","13:49:11",1038400
15600,0,3000,"bu","13:48:43",1038200
15600,0,500,"bu","13:48:43",1035200
15600,0,1500,"bu","13:48:43",1034700
15600,0,500,"bu","13:48:43",1033200
15600,0,2100,"bu","13:48:43",1032700
15600,0,600,"bu","13:48:41",1030600
15600,0,500,"bu","13:48:41",1030000
15600,0,100,"bu","13:48:41",1029500
15600,0,800,"bu","13:48:41",1029400
15600,0,1000,"bu","13:48:41",1028600
15600,0,1100,"bu","13:48:41",1027600
15600,0,5900,"bu","13:48:41",1026500
15600,0,2000,"bu","13:47:38",1020600
15550,-50,11800,"sd","13:47:26",1018600
15550,-50,500,"sd","13:47:26",1006800
15550,-50,10000,"sd","13:47:26",1006300
15550,-50,1000,"sd","13:47:26",996300
15550,-50,500,"sd","13:47:26",995300
15550,-50,10000,"sd","13:47:26",994800
15550,-50,2000,"sd","13:47:26",984800
15550,-50,4200,"sd","13:47:26",982800
15600,0,2100,"bu","13:47:03",978600
15600,0,1000,"bu","13:47:03",976500
15600,0,4500,"bu","13:47:03",975500
15600,0,1300,"bu","13:46:25",971000
15600,0,2000,"bu","13:44:59",969700
15550,-50,700,"sd","13:44:51",967700
15550,-50,100,"sd","13:42:59",967000
15550,-50,3600,"bu","13:42:07",966900
15550,-50,200,"bu","13:42:05",963300
15550,-50,1000,"bu","13:42:00",963100
15550,-50,500,"bu","13:41:53",962100
15550,-50,10000,"bu","13:41:51",961600
15550,-50,100,"bu","13:41:36",951600
15550,-50,10000,"bu","13:41:10",951500
15550,-50,3000,"bu","13:41:09",941500
15550,-50,1000,"bu","13:40:38",938500
15550,-50,500,"bu","13:40:34",937500
15550,-50,100,"sd","13:39:55",937000
15550,-50,3000,"sd","13:39:47",936900
15550,-50,700,"sd","13:39:46",933900
15550,-50,6000,"sd","13:39:44",933200
15550,-50,3900,"sd","13:39:31",927200
15550,-50,100,"sd","13:39:31",923300
15550,-50,1000,"sd","13:39:31",923200
15550,-50,1000,"sd","13:39:29",922200
15550,-50,100,"sd","13:38:13",921200
15550,-50,3300,"sd","13:38:13",921100
15550,-50,600,"sd","13:38:13",917800
15550,-50,500,"sd","13:38:13",917200
15550,-50,100,"sd","13:38:13",916700
15550,-50,100,"sd","13:38:13",916600
15550,-50,1000,"sd","13:38:13",916500
15550,-50,700,"sd","13:38:13",915500
15550,-50,500,"sd","13:38:13",914800
15550,-50,100,"sd","13:38:13",914300
15550,-50,3000,"sd","13:38:13",914200
15600,0,2000,"bu","13:38:02",911200
15600,0,100,"bu","13:37:54",909200
15600,0,100,"sd","13:35:53",909100
15600,0,2000,"bu","13:35:32",909000
15600,0,900,"bu","13:35:32",907000
15600,0,300,"bu","13:35:32",906100
15600,0,2000,"bu","13:35:10",905800
15600,0,500,"bu","13:34:25",903800
15600,0,1300,"bu","13:34:24",903300
15600,0,2900,"bu","13:34:24",902000
15600,0,300,"bu","13:34:03",899100
15600,0,1000,"bu","13:34:03",898800
15600,0,200,"bu","13:34:03",897800
15600,0,500,"bu","13:34:03",897600
15600,0,200,"bu","13:33:47",897100
15600,0,300,"bu","13:33:47",896900
15600,0,1400,"bu","13:33:47",896600
15600,0,8600,"bu","13:33:36",895200
15600,0,100,"bu","13:33:36",886600
15600,0,1300,"bu","13:33:36",886500
15600,0,1000,"bu","13:33:32",885200
15600,0,1000,"bu","13:33:16",884200
15600,0,400,"bu","13:33:03",883200
15600,0,100,"bu","13:32:50",882800
15550,-50,200,"sd","13:32:30",882700
15550,-50,500,"sd","13:29:30",882500
15600,0,1000,"bu","13:28:30",882000
15600,0,500,"bu","13:27:41",881000
15550,-50,100,"sd","13:26:45",880500
15550,-50,2000,"bu","13:25:41",880400
15550,-50,1700,"bu","13:25:39",878400
15550,-50,2100,"bu","13:25:39",876700
15550,-50,100,"bu","13:25:24",874600
15550,-50,2000,"bu","13:24:58",874500
15550,-50,1000,"bu","13:24:36",872500
15550,-50,500,"bu","13:24:29",871500
15550,-50,500,"sd","13:24:28",871000
15550,-50,1900,"sd","13:24:28",870500
15550,-50,100,"sd","13:24:28",868600
15550,-50,1800,"sd","13:24:28",868500
15550,-50,100,"sd","13:24:08",866700
15550,-50,1000,"sd","13:24:04",866600
15550,-50,1000,"sd","13:23:49",865600
15600,0,100,"bu","13:23:40",864600
15600,0,2000,"bu","13:23:30",864500
15600,0,500,"bu","13:23:22",862500
15600,0,600,"bu","13:22:54",862000
15550,-50,1200,"bu","13:22:46",861400
15550,-50,8800,"bu","13:22:39",860200
15550,-50,1200,"bu","13:22:39",851400
15550,-50,8800,"bu","13:22:37",850200
15550,-50,1500,"bu","13:22:37",841400
15550,-50,500,"bu","13:22:34",839900
15550,-50,1000,"bu","13:22:22",839400
15550,-50,300,"bu","13:22:22",838400
15550,-50,3700,"bu","13:22:22",838100
15550,-50,200,"bu","13:22:18",834400
15550,-50,100,"bu","13:21:25",834200
15550,-50,100,"bu","13:20:49",834100
15550,-50,100,"bu","13:20:29",834000
15550,-50,300,"bu","13:20:00",833900
15550,-50,500,"bu","13:19:55",833600
15550,-50,3500,"bu","13:19:55",833100
15550,-50,100,"bu","13:18:33",829600
15550,-50,500,"bu","13:17:48",829500
15550,-50,500,"sd","13:16:55",829000
15550,-50,400,"sd","13:16:55",828500
15550,-50,100,"sd","13:16:54",828100
15550,-50,4500,"bu","13:16:29",828000
15550,-50,500,"sd","13:15:21",823500
15550,-50,500,"bu","13:15:00",823000
15550,-50,10000,"bu","13:14:56",822500
15500,-100,1000,"sd","13:13:51",812500
15500,-100,1000,"sd","13:13:51",811500
15550,-50,300,"bu","13:13:29",810500
15550,-50,10000,"bu","13:13:25",810200
15550,-50,1000,"bu","13:12:58",800200
15500,-100,1600,"sd","13:12:56",799200
15500,-100,300,"sd","13:12:56",797600
15500,-100,100,"sd","13:12:56",797300
15500,-100,300,"sd","13:12:56",797200
15500,-100,200,"sd","13:12:56",796900
15500,-100,500,"sd","13:12:56",796700
15500,-100,1000,"sd","13:12:51",796200
15500,-100,100,"sd","13:12:20",795200
15500,-100,400,"sd","13:12:18",795100
15500,-100,500,"sd","13:12:18",794700
15500,-100,200,"sd","13:12:18",794200
15500,-100,400,"sd","13:12:18",794000
15500,-100,900,"sd","13:11:57",793600
15500,-100,1800,"sd","13:11:57",792700
15500,-100,1200,"sd","13:11:50",790900
15500,-100,100,"sd","13:11:03",789700
15550,-50,200,"sd","13:11:03",789600
15550,-50,800,"bu","13:10:52",789400
15550,-50,1000,"bu","13:10:51",788600
15550,-50,1000,"bu","13:10:39",787600
15550,-50,1000,"bu","13:10:29",786600
15550,-50,200,"bu","13:10:16",785600
15550,-50,1000,"sd","13:10:09",785400
15550,-50,200,"bu","13:10:06",784400
15550,-50,200,"bu","13:09:52",784200
15550,-50,3800,"bu","13:09:52",784000
15550,-50,100,"bu","13:09:35",780200
15550,-50,1000,"bu","13:09:01",780100
15550,-50,100,"bu","13:08:49",779100
15500,-100,1100,"sd","13:08:17",779000
15500,-100,400,"sd","13:08:17",777900
15500,-100,100,"sd","13:07:32",777500
15500,-100,1700,"bu","13:07:30",777400
15500,-100,5000,"bu","13:07:26",775700
15500,-100,1000,"bu","13:07:13",770700
15500,-100,10000,"sd","13:06:49",769700
15500,-100,1000,"sd","13:06:49",759700
15500,-100,300,"sd","13:06:49",758700
15500,-100,3800,"sd","13:06:49",758400
15500,-100,200,"sd","13:06:49",754600
15500,-100,100,"sd","13:06:49",754400
15500,-100,2000,"sd","13:06:49",754300
15500,-100,1000,"sd","13:06:49",752300
15500,-100,1000,"sd","13:06:49",751300
15500,-100,3200,"sd","13:06:49",750300
15500,-100,200,"sd","13:06:49",747100
15500,-100,2000,"sd","13:06:49",746900
15500,-100,1000,"sd","13:06:49",744900
15500,-100,100,"sd","13:06:49",743900
15500,-100,100,"sd","13:06:49",743800
15500,-100,500,"sd","13:06:49",743700
15500,-100,200,"sd","13:06:49",743200
15500,-100,900,"sd","13:06:49",743000
15500,-100,3000,"sd","13:06:49",742100
15500,-100,500,"sd","13:06:49",739100
15500,-100,1000,"sd","13:06:49",738600
15500,-100,300,"sd","13:06:49",737600
15500,-100,3000,"sd","13:06:49",737300
15500,-100,100,"sd","13:06:49",734300
15500,-100,800,"sd","13:06:49",734200
15500,-100,200,"sd","13:04:33",733400
15500,-100,200,"sd","13:04:33",733200
15550,-50,100,"sd","13:04:33",733000
15550,-50,200,"sd","13:04:33",732900
15550,-50,200,"sd","13:04:33",732700
15550,-50,100,"sd","13:04:33",732500
15550,-50,400,"sd","13:03:44",732400
15550,-50,2000,"sd","13:03:44",732000
15550,-50,1000,"sd","13:03:44",730000
15550,-50,1000,"sd","13:03:44",729000
15550,-50,1000,"sd","13:03:44",728000
15550,-50,100,"sd","13:03:44",727000
15600,0,100,"bu","13:03:02",726900
15600,0,200,"bu","13:02:48",726800
15600,0,900,"bu","13:02:29",726600
15600,0,300,"sd","13:02:25",725700
15600,0,10000,"sd","13:02:16",725400
15600,0,1700,"sd","13:01:26",715400
15600,0,300,"sd","13:01:26",713700
15600,0,900,"sd","13:00:58",713400
15600,0,1000,"sd","13:00:49",712500
15600,0,9600,"sd","13:00:49",711500
15600,0,600,"sd","13:00:49",701900
15600,0,2000,"sd","13:00:49",701300
15600,0,3000,"sd","13:00:49",699300
15600,0,300,"sd","13:00:49",696300
15600,0,500,"sd","13:00:49",696000
15600,0,10000,"sd","13:00:49",695500
15600,0,5000,"sd","13:00:49",685500
15650,50,500,"bu","13:00:10",680500
15650,50,200,"bu","13:00:07",680000
15650,50,200,"bu","13:00:06",679800
15650,50,400,"bu","13:00:05",679600
15650,50,500,"sd","13:00:03",679200
15650,50,800,"sd","13:00:03",678700
15700,100,100,"sd","13:00:03",677900
15700,100,900,"bu","13:00:03",677800
15700,100,100,"bu","13:00:03",676900
15700,100,500,"bu","13:00:03",676800
15700,100,100,"bu","13:00:03",676300
15700,100,300,"bu","13:00:03",676200
15650,50,700,"sd","13:00:03",675900
15650,50,900,"sd","13:00:02",675200
15650,50,2000,"sd","13:00:01",674300
15700,100,3000,"bu","13:00:01",672300
15700,100,2000,"bu","13:00:01",669300
15700,100,1000,"bu","13:00:01",667300
15700,100,500,"bu","13:00:01",666300
15700,100,100,"bu","13:00:01",665800
15700,100,800,"bu","13:00:01",665700
15700,100,500,"bu","13:00:01",664900
15700,100,600,"bu","13:00:01",664400
15700,100,2200,"sd","13:00:00",663800
15700,100,3000,"sd","13:00:00",661600
15700,100,100,"sd","13:00:00",658600
15700,100,900,"sd","13:00:00",658500
15700,100,300,"sd","13:00:00",657600
15700,100,200,"sd","13:00:00",657300
15700,100,100,"sd","13:00:00",657100
15700,100,500,"bu","13:00:00",657000
15700,100,400,"bu","11:29:16",656500
15700,100,400,"bu","11:29:15",656100
15700,100,1600,"bu","11:29:15",655700
15700,100,200,"bu","11:28:44",654100
15700,100,300,"sd","11:27:59",653900
15700,100,100,"sd","11:27:58",653600
15700,100,3000,"sd","11:27:52",653500
15700,100,100,"sd","11:27:39",650500
15700,100,1500,"sd","11:27:20",650400
15700,100,500,"sd","11:27:20",648900
15700,100,100,"sd","11:27:01",648400
15700,100,200,"sd","11:26:53",648300
15700,100,500,"sd","11:26:38",648100
15700,100,100,"bu","11:26:30",647600
15700,100,2000,"bu","11:26:30",647500
15700,100,1600,"bu","11:26:30",645500
15700,100,400,"bu","11:26:27",643900
15700,100,300,"bu","11:26:27",643500
15700,100,100,"bu","11:26:27",643200
15700,100,1500,"bu","11:26:27",643100
15700,100,400,"bu","11:26:27",641600
15700,100,300,"bu","11:26:27",641200
15700,100,2000,"bu","11:26:27",640900
15700,100,300,"bu","11:26:23",638900
15700,100,4000,"bu","11:26:16",638600
15650,50,200,"sd","11:26:10",634600
15700,100,6600,"bu","11:26:04",634400
15700,100,2000,"bu","11:26:04",627800
15700,100,1000,"bu","11:26:04",625800
15700,100,200,"bu","11:26:04",624800
15700,100,2000,"bu","11:26:04",624600
15700,100,2000,"bu","11:26:04",622600
15650,50,1000,"bu","11:25:20",620600
15650,50,700,"bu","11:25:20",619600
15650,50,1800,"bu","11:25:20",618900
15650,50,500,"bu","11:25:20",617100
15650,50,400,"bu","11:25:20",616600
15650,50,100,"bu","11:25:10",616200
15650,50,300,"bu","11:24:38",616100
15650,50,300,"bu","11:24:38",615800
15650,50,500,"bu","11:24:38",615500
15650,50,100,"bu","11:24:38",615000
15650,50,300,"bu","11:24:38",614900
15650,50,2000,"bu","11:24:38",614600
15650,50,300,"bu","11:24:38",612600
15650,50,5000,"bu","11:24:38",612300
15650,50,1000,"bu","11:24:38",607100
15650,50,200,"bu","11:24:38",607300
15600,0,400,"bu","11:23:40",606100
15600,0,1000,"sd","11:23:35",605700
15600,0,200,"sd","11:23:35",604700
15600,0,1000,"sd","11:23:35",604500
15600,0,2400,"sd","11:23:35",603500
15600,0,2000,"sd","11:23:25",601100
15600,0,5600,"bu","11:22:50",599100
15600,0,4400,"sd","11:22:47",593500
15600,0,5000,"sd","11:22:41",589100
15600,0,600,"bu","11:22:35",584100
15600,0,4400,"sd","11:22:30",583500
15600,0,600,"bu","11:22:14",579100
15600,0,2000,"bu","11:22:04",578500
15600,0,7400,"sd","11:22:02",576500
15600,0,20000,"sd","11:21:51",569100
15600,0,600,"bu","11:21:30",549100
15600,0,2000,"bu","11:21:30",548500
15600,0,200,"bu","11:21:24",546500
15600,0,2800,"sd","11:19:35",546300
15600,0,1000,"bu","11:19:24",543500
15600,0,1200,"bu","11:19:24",542500
15600,0,800,"bu","11:19:06",541300
15600,0,200,"bu","11:19:06",540500
15600,0,200,"bu","11:19:06",540300
15600,0,500,"bu","11:19:06",540100
15600,0,200,"bu","11:19:06",539600
15600,0,100,"bu","11:19:06",539400
15600,0,400,"bu","11:18:13",539300
15600,0,100,"bu","11:18:13",538900
15600,0,400,"bu","11:17:36",538800
15600,0,100,"bu","11:17:36",538400
15600,0,500,"bu","11:15:22",538300
15600,0,300,"bu","11:14:38",537800
15550,-50,100,"bu","11:13:03",537500
15550,-50,900,"bu","11:13:00",537400
15550,-50,1000,"bu","11:12:46",536500
15550,-50,100,"sd","11:12:21",535500
15550,-50,600,"sd","11:12:21",535400
15550,-50,300,"sd","11:12:21",534800
15550,-50,2000,"sd","11:12:21",534500
15550,-50,1000,"sd","11:11:22",532500
15600,0,1300,"bu","11:08:50",531500
15600,0,200,"sd","11:08:12",530200
15600,0,2000,"sd","11:08:12",530000
15600,0,600,"sd","11:08:12",528000
15600,0,1400,"bu","11:07:19",527400
15600,0,900,"bu","11:07:16",526000
15600,0,4100,"bu","11:07:16",525100
15600,0,900,"bu","11:06:31",521000
15600,0,100,"bu","11:06:31",520100
15500,-100,800,"sd","11:05:36",520000
15500,-100,200,"sd","11:05:36",519200
15550,-50,200,"sd","11:05:07",519000
15600,0,2300,"bu","11:04:55",518800
15600,0,2000,"bu","11:04:54",516500
15600,0,400,"bu","11:04:54",514500
15600,0,1000,"bu","11:04:54",514100
15600,0,1000,"bu","11:04:54",513100
15600,0,1000,"bu","11:04:54",512100
15600,0,200,"bu","11:04:54",511100
15600,0,1700,"bu","11:04:54",510900
15600,0,2000,"bu","11:04:54",509200
15600,0,100,"bu","11:04:54",507200
15600,0,2000,"bu","11:04:54",507100
15600,0,1400,"bu","11:04:54",505100
15600,0,1000,"bu","11:04:54",503700
15600,0,500,"bu","11:04:54",502700
15600,0,3000,"bu","11:04:54",502200
15600,0,100,"bu","11:04:54",499200
15600,0,100,"bu","11:04:54",499100
15600,0,300,"bu","11:04:54",499000
15600,0,100,"bu","11:04:54",498700
15600,0,500,"bu","11:04:54",498600
15600,0,900,"bu","11:04:54",498100
15550,-50,5000,"bu","11:04:54",497200
15550,-50,1400,"bu","11:04:54",492200
15550,-50,600,"bu","11:04:33",490800
15550,-50,200,"bu","11:04:33",490200
15550,-50,1000,"bu","11:04:33",490000
15550,-50,1200,"bu","11:04:33",489000
15500,-100,100,"sd","11:03:53",487800
15500,-100,200,"sd","11:02:30",487700
15500,-100,200,"sd","11:02:30",487500
15500,-100,500,"sd","11:01:42",487300
15500,-100,300,"bu","10:59:45",486800
15500,-100,2000,"bu","10:59:12",486500
15500,-100,5000,"bu","10:59:09",484500
15500,-100,22700,"bu","10:58:47",479500
15500,-100,200,"bu","10:58:47",456800
15500,-100,1000,"bu","10:58:47",456600
15500,-100,100,"bu","10:58:47",455600
15500,-100,300,"bu","10:58:47",455500
15500,-100,300,"bu","10:58:47",455200
15500,-100,800,"bu","10:58:47",454900
15500,-100,2000,"bu","10:58:47",454100
15500,-100,200,"bu","10:58:47",452100
15500,-100,1000,"bu","10:58:47",451900
15500,-100,1000,"bu","10:58:47",450900
15500,-100,500,"bu","10:58:47",449900
15500,-100,8900,"bu","10:58:47",449400
15450,-150,2000,"bu","10:56:43",440500
15450,-150,400,"bu","10:56:43",438500
15450,-150,300,"sd","10:56:01",438100
15450,-150,300,"sd","10:54:07",437800
15450,-150,5000,"bu","10:53:51",437500
15450,-150,1000,"bu","10:53:51",432500
15450,-150,2000,"bu","10:53:51",431500
15450,-150,1700,"bu","10:53:51",429500
15400,-200,1000,"sd","10:52:39",427800
15450,-150,200,"bu","10:52:27",426800
15450,-150,500,"sd","10:52:17",426600
15450,-150,500,"sd","10:52:17",426100
15450,-150,500,"sd","10:52:17",425600
15450,-150,100,"sd","10:50:11",425100
15500,-100,100,"bu","10:49:04",425000
15450,-150,100,"bu","10:48:45",424900
15450,-150,5000,"bu","10:48:45",424800
15450,-150,4400,"bu","10:48:45",419800
15450,-150,2100,"sd","10:47:28",415400
15450,-150,2000,"sd","10:45:25",413300
15450,-150,100,"sd","10:44:27",411300
15450,-150,100,"bu","10:44:02",411200
15450,-150,8700,"bu","10:44:02",411100
15450,-150,200,"bu","10:44:00",402400
15450,-150,200,"bu","10:43:56",402200
15450,-150,1300,"bu","10:43:46",402000
15450,-150,20000,"bu","10:43:33",400700
15450,-150,100,"bu","10:42:11",380700
15450,-150,8000,"bu","10:41:57",380600
15450,-150,1000,"bu","10:41:57",372600
15450,-150,1000,"bu","10:41:57",371600
15450,-150,100,"bu","10:41:16",370600
15450,-150,500,"bu","10:40:45",370500
15450,-150,200,"bu","10:40:43",370000
15450,-150,1000,"bu","10:40:13",369800
15450,-150,100,"sd","10:39:50",368800
15450,-150,100,"sd","10:39:50",368700
15450,-150,1000,"sd","10:38:46",368600
15450,-150,200,"bu","10:38:25",367600
15450,-150,100,"bu","10:38:18",367400
15450,-150,100,"bu","10:38:06",367300
15450,-150,100,"bu","10:38:05",367200
15450,-150,1400,"bu","10:38:05",367100
15450,-150,2000,"bu","10:37:22",365700
15450,-150,1000,"sd","10:36:58",363700
15450,-150,5600,"sd","10:36:58",362700
15450,-150,1400,"sd","10:36:55",357100
15450,-150,3000,"bu","10:36:15",355700
15450,-150,500,"bu","10:36:05",352700
15450,-150,1000,"bu","10:35:34",352200
15450,-150,500,"bu","10:35:03",351200
15450,-150,500,"bu","10:35:03",350700
15400,-200,800,"sd","10:34:40",350200
15450,-150,100,"sd","10:34:40",349400
15450,-150,100,"sd","10:34:40",349300
15450,-150,400,"bu","10:33:52",349200
15450,-150,4500,"sd","10:32:01",348800
15450,-150,100,"sd","10:32:01",344300
15450,-150,5500,"bu","10:29:38",344200
15450,-150,200,"bu","10:26:54",338700
15450,-150,500,"bu","10:26:48",338500
15450,-150,100,"bu","10:26:04",338000
15450,-150,1000,"sd","10:26:03",337900
15450,-150,1000,"sd","10:26:03",336900
15450,-150,500,"sd","10:26:03",335900
15450,-150,1200,"sd","10:26:03",335400
15450,-150,8800,"sd","10:25:52",334200
15450,-150,500,"sd","10:25:52",325400
15450,-150,300,"sd","10:25:52",324900
15450,-150,400,"sd","10:25:52",324600
15450,-150,4600,"sd","10:23:46",324200
15450,-150,400,"sd","10:23:46",319600
15450,-150,1100,"sd","10:23:39",319200
15450,-150,500,"sd","10:23:39",318100
15450,-150,100,"sd","10:23:39",317600
15450,-150,2900,"sd","10:23:39",317500
15450,-150,400,"sd","10:23:39",314600
15450,-150,100,"sd","10:23:08",314200
15450,-150,9200,"bu","10:22:47",314100
15450,-150,800,"bu","10:21:19",304900
15450,-150,200,"bu","10:21:16",304100
15450,-150,1000,"bu","10:21:16",303900
15450,-150,100,"bu","10:20:20",302900
15450,-150,200,"bu","10:19:25",302800
15450,-150,200,"bu","10:18:34",302600
15400,-200,900,"sd","10:18:31",302400
15400,-200,1000,"sd","10:18:17",301500
15450,-150,1000,"sd","10:18:16",300500
15450,-150,500,"sd","10:18:16",299500
15450,-150,1800,"sd","10:18:16",299000
15450,-150,1000,"bu","10:17:36",297200
15450,-150,1200,"bu","10:17:36",296200
15450,-150,800,"sd","10:17:15",295000
15450,-150,200,"bu","10:17:06",294200
15450,-150,2000,"bu","10:16:59",294000
15450,-150,1000,"bu","10:16:38",292000
15450,-150,300,"sd","10:16:29",291000
15450,-150,1500,"sd","10:16:29",290700
15450,-150,5000,"sd","10:15:55",289200
15500,-100,1000,"bu","10:15:28",284200
15500,-100,1000,"bu","10:15:14",283200
15450,-150,1000,"bu","10:15:06",282200
15450,-150,2500,"bu","10:15:06",281200
15450,-150,2000,"bu","10:14:51",278700
15450,-150,500,"bu","10:14:05",276700
15450,-150,500,"bu","10:14:05",276200
15450,-150,200,"bu","10:14:05",275700
15450,-150,100,"bu","10:13:54",275500
15450,-150,200,"bu","10:13:42",275400
15450,-150,200,"bu","10:13:40",275200
15450,-150,200,"bu","10:13:27",275000
15450,-150,300,"sd","10:13:16",274800
15450,-150,1800,"sd","10:13:16",274500
15450,-150,200,"bu","10:12:54",272700
15450,-150,3000,"bu","10:12:54",272500
15450,-150,3000,"bu","10:12:50",269500
15450,-150,200,"bu","10:12:49",266500
15400,-200,500,"sd","10:12:36",266300
15400,-200,500,"sd","10:12:36",265800
15400,-200,100,"sd","10:11:58",265300
15450,-150,100,"bu","10:11:12",265200
15450,-150,100,"bu","10:09:12",265100
15450,-150,700,"sd","10:09:00",265000
15450,-150,100,"sd","10:09:00",264300
15450,-150,1900,"sd","10:07:54",264200
15450,-150,100,"sd","10:07:54",262300
15450,-150,600,"sd","10:05:16",262200
15450,-150,400,"sd","10:05:16",261600
15450,-150,500,"sd","10:05:16",261200
15450,-150,3500,"sd","10:05:16",260700
15450,-150,1500,"sd","10:04:55",257200
15450,-150,5000,"bu","10:04:18",255700
15400,-200,400,"sd","10:03:02",250700
15400,-200,600,"sd","10:03:02",250300
15400,-200,400,"sd","10:02:59",249700
15400,-200,600,"sd","10:02:59",249300
15400,-200,200,"sd","10:02:56",248700
15400,-200,200,"sd","10:01:47",248500
15400,-200,200,"sd","10:01:47",248300
15400,-200,1200,"sd","10:01:47",248100
15400,-200,2000,"sd","10:01:47",246900
15400,-200,500,"sd","10:01:47",244900
15400,-200,900,"sd","10:01:47",244400
15400,-200,600,"sd","10:01:41",243500
15400,-200,100,"sd","10:01:41",242900
15400,-200,1000,"sd","10:01:41",242800
15400,-200,600,"sd","10:01:41",241800
15400,-200,7700,"sd","10:01:41",241200
15400,-200,500,"sd","10:01:27",233500
15400,-200,1800,"sd","10:00:54",233000
15400,-200,400,"sd","10:00:54",231200
15400,-200,100,"sd","09:58:42",230800
15400,-200,1000,"sd","09:57:28",230700
15400,-200,1000,"sd","09:57:28",229700
15400,-200,100,"sd","09:57:28",228700
15400,-200,1000,"sd","09:57:28",228600
15400,-200,200,"sd","09:57:28",227600
15400,-200,3000,"sd","09:57:28",227400
15400,-200,2000,"sd","09:57:28",224400
15400,-200,2000,"sd","09:57:28",222400
15400,-200,10000,"sd","09:57:28",220400
15400,-200,100,"sd","09:57:28",210400
15400,-200,100,"sd","09:57:28",210300
15400,-200,7500,"sd","09:57:28",210200
15400,-200,200,"sd","09:57:01",202700
15400,-200,1700,"sd","09:56:40",202500
15450,-150,1200,"sd","09:56:40",200800
15450,-150,1000,"sd","09:56:40",199600
15450,-150,200,"sd","09:56:40",198600
15450,-150,100,"sd","09:56:40",198400
15450,-150,800,"sd","09:56:40",198300
15450,-150,400,"sd","09:55:33",197500
15450,-150,300,"sd","09:55:33",197100
15450,-150,200,"sd","09:54:09",196800
15450,-150,1600,"sd","09:54:09",196600
15450,-150,500,"sd","09:52:39",195000
15450,-150,400,"bu","09:52:32",194500
15400,-200,600,"sd","09:52:20",194100
15400,-200,400,"sd","09:52:20",193500
15450,-150,500,"sd","09:52:05",193100
15450,-150,2000,"bu","09:51:49",192600
15400,-200,2600,"bu","09:51:42",190600
15400,-200,2400,"bu","09:51:02",188000
15400,-200,5600,"bu","09:51:02",185600
15400,-200,2000,"bu","09:50:50",180000
15400,-200,300,"bu","09:50:06",178000
15400,-200,200,"bu","09:49:46",177700
15400,-200,3300,"bu","09:49:37",177500
15400,-200,1100,"sd","09:49:33",174200
15400,-200,4000,"sd","09:49:33",173100
15400,-200,500,"sd","09:49:33",169100
15400,-200,200,"sd","09:49:33",168600
15400,-200,100,"sd","09:49:33",168400
15400,-200,100,"sd","09:49:33",168300
15400,-200,1000,"sd","09:49:33",168200
15400,-200,2000,"sd","09:49:33",167200
15400,-200,100,"sd","09:49:33",165200
15400,-200,500,"sd","09:49:33",165100
15400,-200,400,"sd","09:49:33",164600
15400,-200,1500,"sd","09:49:33",164200
15400,-200,5000,"sd","09:49:33",162700
15400,-200,500,"sd","09:49:33",157700
15400,-200,200,"sd","09:49:33",157200
15400,-200,1000,"sd","09:49:33",157000
15450,-150,900,"sd","09:49:33",156000
15450,-150,100,"sd","09:49:25",155100
15400,-200,300,"sd","09:48:53",155000
15400,-200,4300,"sd","09:48:53",154700
15400,-200,2000,"sd","09:48:53",150400
15400,-200,5000,"sd","09:48:53",148400
15400,-200,300,"sd","09:48:53",143400
15400,-200,1000,"sd","09:48:53",143100
15400,-200,2000,"sd","09:48:53",142100
15400,-200,2000,"sd","09:48:53",140100
15400,-200,100,"sd","09:48:53",138100
15450,-150,1000,"sd","09:48:53",138000
15450,-150,100,"sd","09:48:52",137000
15450,-150,2000,"sd","09:48:52",136900
15450,-150,5000,"sd","09:48:52",134900
15450,-150,6400,"sd","09:48:52",129900
15500,-100,3700,"sd","09:48:18",123500
15500,-100,3000,"bu","09:48:14",119800
15500,-100,500,"bu","09:48:14",116800
15500,-100,5000,"bu","09:48:14",116300
15500,-100,100,"bu","09:48:14",111300
15500,-100,200,"bu","09:48:14",111200
15500,-100,2500,"bu","09:48:14",111000
15450,-150,200,"sd","09:47:44",108500
15450,-150,100,"sd","09:47:28",108300
15450,-150,3300,"sd","09:46:41",108200
15450,-150,1000,"sd","09:46:41",104900
15450,-150,500,"sd","09:46:41",103900
15450,-150,300,"sd","09:46:41",103400
15450,-150,200,"sd","09:46:41",103100
15450,-150,2000,"sd","09:46:41",102900
15450,-150,200,"sd","09:46:41",100900
15450,-150,500,"sd","09:46:41",100700
15450,-150,1000,"sd","09:46:41",100200
15450,-150,100,"sd","09:46:41",99200
15450,-150,200,"sd","09:46:41",99100
15450,-150,500,"sd","09:46:41",98900
15450,-150,300,"sd","09:46:41",98400
15450,-150,700,"sd","09:46:40",98100
15450,-150,300,"sd","09:46:40",97400
15500,-100,300,"bu","09:46:13",97100
15500,-100,300,"bu","09:45:23",96800
15500,-100,800,"bu","09:45:12",96500
15500,-100,3300,"bu","09:45:04",95700
15500,-100,1700,"bu","09:45:04",92400
15450,-150,700,"sd","09:44:48",90700
15450,-150,800,"sd","09:44:48",90000
15450,-150,200,"sd","09:44:28",89200
15500,-100,100,"bu","09:43:52",89000
15500,-100,100,"bu","09:43:50",88900
15500,-100,100,"bu","09:43:08",88800
15500,-100,900,"bu","09:42:29",88700
15450,-150,1000,"sd","09:41:49",87800
15500,-100,7100,"sd","09:41:34",86800
15500,-100,7900,"sd","09:41:29",79700
15500,-100,5000,"sd","09:41:29",71800
15500,-100,7100,"sd","09:41:29",66800
15500,-100,1600,"sd","09:39:59",59700
15500,-100,100,"bu","09:39:59",58100
15500,-100,200,"bu","09:39:59",58000
15500,-100,500,"bu","09:39:59",57800
15500,-100,500,"bu","09:39:59",57300
15500,-100,500,"bu","09:39:54",56800
15500,-100,1000,"bu","09:39:54",56300
15500,-100,700,"bu","09:39:54",55300
15500,-100,2800,"bu","09:39:54",54600
15500,-100,5000,"bu","09:39:31",51800
15500,-100,200,"bu","09:37:38",46800
15500,-100,100,"bu","09:36:28",46600
15500,-100,100,"bu","09:35:31",46500
15500,-100,3000,"bu","09:35:23",46400
15500,-100,900,"sd","09:35:17",43400
15500,-100,500,"bu","09:35:03",42500
15500,-100,1000,"bu","09:35:03",42000
15500,-100,500,"bu","09:35:03",41000
15500,-100,200,"bu","09:35:03",40500
15500,-100,100,"bu","09:33:10",40300
15500,-100,100,"sd","09:33:01",40200
15450,-150,1000,"sd","09:32:11",40100
15500,-100,400,"bu","09:31:47",39100
15500,-100,100,"sd","09:29:41",38700
15500,-100,2000,"sd","09:29:41",38600
15500,-100,100,"sd","09:29:41",36600
15500,-100,1000,"sd","09:29:41",36500
15500,-100,1100,"sd","09:29:41",35500
15500,-100,300,"sd","09:29:41",34400
15500,-100,100,"sd","09:29:41",34100
15500,-100,100,"sd","09:29:41",34000
15500,-100,4800,"sd","09:29:41",33900
15500,-100,200,"sd","09:26:51",29100
15500,-100,200,"sd","09:26:51",28900
15500,-100,100,"sd","09:26:41",28700
15500,-100,200,"sd","09:26:39",28600
15500,-100,300,"sd","09:26:26",28400
15500,-100,100,"sd","09:25:38",28100
15500,-100,100,"sd","09:25:30",28000
15500,-100,900,"sd","09:25:30",27900
15500,-100,100,"sd","09:24:50",27000
15500,-100,100,"sd","09:24:50",26900
15500,-100,100,"sd","09:24:50",26800
15500,-100,1900,"bu","09:22:56",26700
15500,-100,300,"bu","09:22:53",24800
15500,-100,200,"bu","09:22:40",24500
15500,-100,100,"bu","09:22:34",24300
15500,-100,100,"bu","09:22:28",24200
15500,-100,1000,"sd","09:22:14",24100
15500,-100,1000,"sd","09:22:14",23100
15500,-100,100,"sd","09:22:14",22100
15500,-100,1000,"sd","09:22:14",22000
15500,-100,2500,"sd","09:22:14",21000
15550,-50,10000,"bu","09:22:12",18500
15500,-100,500,"sd","09:20:36",8500
15500,-100,600,"sd","09:20:36",8000
15500,-100,700,"sd","09:20:36",7400
15500,-100,400,"sd","09:20:15",6700
15500,-100,600,"sd","09:20:06",6300
15500,-100,300,"sd","09:20:06",5700
15550,-50,2000,"bu","09:19:33",5400
15600,0,3400,"bu","09:15:01",3400
