"price","change","match_qtty","side","time","total_vol"
11900,200,900,"bu","14:48:11",176300
11900,200,4500,"bu","14:47:51",175400
11900,200,100,"bu","14:46:54",170900
11900,200,1000,"bu","14:45:35",170800
11900,200,100,"bu","14:44:47",169800
11900,200,100,"bu","14:39:36",169700
11900,200,100,"bu","14:16:43",169600
11800,100,4000,"sd","14:16:18",169500
11800,100,10200,"sd","14:09:34",165500
11800,100,100,"sd","14:07:48",155300
11800,100,1700,"sd","14:07:39",155200
11800,100,1200,"sd","14:07:10",153500
11800,100,2000,"sd","14:03:13",152300
11800,100,2000,"sd","13:53:03",150300
11900,200,100,"bu","13:49:54",148300
11900,200,100,"bu","13:40:51",148200
11800,100,4000,"sd","13:37:51",148100
11800,100,100,"sd","13:36:01",144100
11800,100,100,"bu","13:34:03",144000
11700,0,6800,"sd","13:30:05",143900
11800,100,1000,"unknown","13:12:53",137100
11700,0,2000,"sd","13:02:49",136100
11800,100,9800,"sd","11:23:41",134100
11800,100,5000,"sd","11:22:17",124300
11800,100,2500,"sd","11:20:56",119300
11800,100,2200,"sd","11:19:46",116800
11800,100,500,"sd","11:19:15",114600
11800,100,5000,"sd","11:17:10",114100
11800,100,1300,"sd","11:05:29",109100
11800,100,200,"sd","11:01:58",107800
11800,100,1900,"sd","10:55:34",107600
11800,100,2500,"sd","10:47:49",105700
11800,100,6800,"sd","10:47:09",103200
11900,200,200,"bu","10:28:57",96400
11900,200,500,"bu","10:25:17",96200
11900,200,200,"bu","10:20:31",95700
11900,200,100,"bu","10:18:06",95500
11900,200,100,"bu","10:18:01",95400
11900,200,200,"bu","10:17:19",95300
11900,200,100,"bu","10:16:18",95100
11900,200,500,"bu","10:14:57",95000
11900,200,500,"bu","10:14:27",94500
11900,200,400,"bu","10:13:16",94000
11900,200,200,"bu","10:10:51",93600
11900,200,200,"bu","10:08:43",93400
11900,200,5100,"bu","10:07:50",93200
11900,200,200,"sd","10:07:40",88100
11900,200,800,"unknown","10:07:22",87900
11900,200,5500,"bu","10:06:56",87100
11900,200,200,"bu","10:04:46",81600
11900,200,3000,"bu","10:04:39",81400
11900,200,2000,"bu","10:03:50",78400
11800,100,100,"sd","10:03:21",76400
11900,200,6000,"bu","10:03:04",76300
11900,200,400,"bu","10:02:10",70300
11900,200,1400,"bu","10:02:06",69900
11900,200,20000,"bu","10:01:54",68500
11800,100,2500,"sd","09:58:31",48500
11800,100,400,"sd","09:57:44",46000
11800,100,100,"sd","09:52:30",45600
11900,200,100,"bu","09:52:26",45500
11800,100,200,"sd","09:49:36",45400
11800,100,10000,"sd","09:46:58",45200
11800,100,10300,"sd","09:46:07",35200
11800,100,400,"sd","09:45:05",24900
11800,100,4000,"sd","09:37:39",24500
11800,100,3000,"sd","09:35:56",20500
11800,100,2900,"sd","09:34:47",17500
11800,100,100,"bu","09:34:43",14600
11800,100,2000,"bu","09:34:38",14500
11800,100,100,"bu","09:33:25",12500
11800,100,100,"bu","09:33:09",12400
11700,0,1100,"sd","09:30:00",12300
11700,0,400,"sd","09:24:17",11200
11700,0,700,"unknown","09:24:02",10800
11700,0,10000,"sd","09:21:11",10100
11900,200,100,"bu","09:01:50",100
