"price","change","match_qtty","side","time","total_vol"
17600,300,500,"bu","15:00:00",10599600
17600,300,1300,"bu","14:59:54",10599100
17600,300,5000,"bu","14:59:53",10597800
17600,300,20500,"bu","14:59:52",10592800
17600,300,9000,"bu","14:59:51",10572300
17600,300,1000,"bu","14:59:49",10563300
17600,300,10000,"bu","14:59:48",10562300
17600,300,200,"bu","14:59:46",10552300
17600,300,500,"bu","14:59:44",10552100
17600,300,4000,"bu","14:59:42",10551600
17600,300,10000,"bu","14:59:41",10547600
17600,300,1300,"bu","14:59:40",10537600
17600,300,100000,"bu","14:59:39",10536300
17600,300,100,"bu","14:59:36",10436300
17600,300,1000,"bu","14:59:35",10436200
17600,300,1000,"bu","14:59:34",10435200
17600,300,300,"bu","14:59:33",10434200
17600,300,18000,"bu","14:59:30",10433900
17600,300,50000,"bu","14:59:28",10415900
17600,300,2000,"bu","14:59:27",10365900
17600,300,3000,"bu","14:59:26",10363900
17600,300,2500,"bu","14:59:24",10360900
17600,300,500,"bu","14:59:21",10358400
17600,300,100,"bu","14:59:20",10357900
17600,300,300,"bu","14:59:19",10357800
17600,300,100,"bu","14:59:18",10357500
17600,300,200,"bu","14:59:13",10357400
17600,300,200,"bu","14:59:11",10357200
17600,300,500,"bu","14:59:07",10357000
17600,300,5000,"bu","14:59:05",10356500
17500,200,1000,"sd","14:59:04",10351500
17500,200,800,"sd","14:59:03",10350500
17600,300,3000,"bu","14:58:50",10349700
17600,300,200,"bu","14:58:45",10346700
17600,300,5000,"bu","14:58:42",10346500
17600,300,2000,"bu","14:58:40",10341500
17600,300,700,"bu","14:58:29",10339500
17600,300,2000,"bu","14:58:26",10338800
17600,300,6000,"bu","14:58:25",10336800
17600,300,1500,"bu","14:58:13",10330800
17600,300,33000,"bu","14:58:03",10329300
17500,200,500,"sd","14:57:57",10296300
17600,300,1300,"bu","14:57:53",10295800
17500,200,3300,"sd","14:57:49",10294500
17600,300,2900,"bu","14:57:43",10291200
17600,300,100,"bu","14:57:41",10288300
17600,300,100,"bu","14:57:31",10288200
17600,300,3500,"bu","14:57:19",10288100
17600,300,23000,"bu","14:57:18",10284600
17600,300,300,"bu","14:57:15",10261600
17600,300,500,"bu","14:57:11",10261300
17600,300,900,"bu","14:57:10",10260800
17600,300,1700,"bu","14:57:06",10259900
17500,200,100,"sd","14:57:04",10258200
17600,300,100,"bu","14:56:58",10258100
17600,300,2300,"bu","14:56:56",10258000
17500,200,600,"sd","14:56:47",10255700
17500,200,100,"sd","14:56:45",10255100
17500,200,100,"sd","14:56:37",10255000
17500,200,10200,"sd","14:56:29",10254900
17500,200,10500,"bu","14:56:28",10244700
17500,200,3500,"bu","14:56:27",10234200
17500,200,20000,"bu","14:56:26",10230700
17500,200,7900,"bu","14:56:25",10210700
17500,200,39700,"bu","14:56:24",10202800
17500,200,21500,"bu","14:56:23",10163100
17500,200,4100,"bu","14:56:22",10141600
17500,200,2100,"bu","14:56:21",10137500
17500,200,51700,"bu","14:56:20",10135400
17500,200,5800,"bu","14:56:19",10083700
17500,200,20000,"bu","14:56:18",10077900
17500,200,3000,"bu","14:56:17",10057900
17500,200,1000,"bu","14:56:16",10054900
17500,200,10500,"bu","14:56:15",10053900
17500,200,10600,"bu","14:56:14",10043400
17500,200,56400,"bu","14:56:13",10032800
17500,200,11500,"bu","14:56:12",9976400
17500,200,5100,"bu","14:56:11",9964900
17500,200,100,"bu","14:56:10",9959800
17500,200,30100,"bu","14:56:09",9959700
17500,200,10000,"bu","14:56:08",9929600
17500,200,100,"bu","14:56:07",9919600
17500,200,500,"bu","14:56:06",9919500
17500,200,1100,"bu","14:56:05",9919000
17500,200,11400,"bu","14:56:04",9917900
17500,200,11000,"bu","14:56:03",9906500
17500,200,6500,"bu","14:56:02",9895500
17500,200,51500,"bu","14:56:01",9889000
17500,200,100,"bu","14:56:00",9837500
17500,200,18500,"bu","14:55:59",9837400
17500,200,23100,"bu","14:55:58",9818900
17500,200,6500,"bu","14:55:57",9795800
17500,200,4100,"bu","14:55:56",9789300
17500,200,13500,"bu","14:55:55",9785200
17500,200,128000,"bu","14:55:54",9771700
17500,200,4000,"bu","14:55:53",9643700
17500,200,84000,"bu","14:55:52",9639700
17500,200,25000,"bu","14:55:50",9555700
17500,200,30000,"bu","14:55:49",9530700
17500,200,32000,"bu","14:55:46",9500700
17500,200,2000,"bu","14:55:45",9468700
17500,200,102000,"bu","14:55:43",9466700
17500,200,11600,"bu","14:55:42",9364700
17500,200,42300,"bu","14:55:40",9353100
17500,200,600,"bu","14:55:38",9310800
17500,200,10000,"bu","14:55:37",9310200
17500,200,7000,"bu","14:55:36",9300200
17500,200,4000,"bu","14:55:33",9293200
17500,200,17000,"bu","14:55:28",9289200
17500,200,31100,"bu","14:55:27",9272200
17500,200,100,"bu","14:55:26",9241100
17500,200,5100,"bu","14:55:24",9241000
17500,200,27200,"bu","14:55:23",9235900
17500,200,12100,"bu","14:55:18",9208700
17500,200,5400,"bu","14:55:16",9196600
17500,200,1200,"bu","14:55:15",9191200
17500,200,200,"bu","14:55:10",9190000
17500,200,6400,"bu","14:55:05",9189800
17500,200,30000,"bu","14:55:04",9183400
17500,200,2000,"bu","14:54:59",9153400
17500,200,5100,"bu","14:54:57",9151400
17500,200,20000,"bu","14:54:56",9146300
17500,200,3000,"bu","14:54:53",9126300
17500,200,2000,"bu","14:54:38",9123300
17500,200,1000,"bu","14:54:36",9121300
17500,200,2000,"bu","14:54:35",9120300
17500,200,400,"bu","14:54:34",9118300
17500,200,1000,"bu","14:54:29",9117900
17500,200,2000,"bu","14:54:26",9116900
17500,200,200,"bu","14:54:21",9114900
17500,200,4000,"bu","14:54:19",9114700
17500,200,2000,"bu","14:54:18",9110700
17500,200,15000,"bu","14:54:15",9108700
17500,200,100,"bu","14:54:09",9093700
17400,100,200,"sd","14:54:08",9093600
17500,200,5000,"bu","14:54:07",9093400
17500,200,14800,"bu","14:54:06",9088400
17500,200,200,"bu","14:54:05",9073600
17500,200,8000,"bu","14:53:53",9073400
17500,200,200,"bu","14:53:48",9065400
17500,200,5000,"bu","14:53:44",9065200
17500,200,39000,"bu","14:53:43",9060200
17500,200,5000,"bu","14:53:40",9021200
17500,200,10000,"bu","14:53:39",9016200
17500,200,200,"bu","14:53:36",9006200
17500,200,3400,"bu","14:53:29",9006000
17500,200,8000,"bu","14:53:28",9002600
17500,200,400,"bu","14:53:22",8994600
17500,200,5000,"bu","14:53:21",8994200
17500,200,500,"bu","14:53:19",8989200
17500,200,1200,"bu","14:53:13",8988700
17500,200,1000,"bu","14:53:03",8987500
17500,200,3500,"bu","14:52:59",8986500
17500,200,20000,"bu","14:52:57",8983000
17500,200,1000,"bu","14:52:54",8963000
17500,200,10000,"bu","14:52:51",8962000
17500,200,6000,"bu","14:52:50",8952000
17500,200,40000,"bu","14:52:44",8946000
17500,200,2000,"bu","14:52:41",8906000
17500,200,700,"bu","14:52:34",8904000
17500,200,500,"bu","14:52:28",8903300
17500,200,5000,"bu","14:52:23",8902800
17500,200,1000,"bu","14:52:21",8897800
17500,200,800,"bu","14:52:18",8896800
17500,200,8000,"bu","14:52:17",8896000
17500,200,4000,"bu","14:52:14",8888000
17500,200,1000,"bu","14:52:09",8884000
17400,100,1700,"sd","14:52:08",8883000
17500,200,700,"bu","14:52:00",8881300
17500,200,10000,"bu","14:51:59",8880600
17500,200,100,"bu","14:51:47",8870600
17500,200,400,"bu","14:51:39",8870500
17500,200,100,"bu","14:51:31",8870100
17500,200,20000,"bu","14:51:30",8870000
17500,200,5600,"bu","14:51:17",8850000
17500,200,3500,"bu","14:51:13",8844400
17500,200,500,"bu","14:51:05",8840900
17500,200,700,"bu","14:50:53",8840400
17500,200,2000,"bu","14:50:47",8839700
17500,200,1000,"bu","14:50:40",8837700
17500,200,500,"bu","14:50:37",8836700
17500,200,300,"bu","14:50:35",8836200
17500,200,200,"bu","14:50:34",8835900
17500,200,20000,"bu","14:50:27",8835700
17500,200,100,"bu","14:50:20",8815700
17400,100,100,"sd","14:50:19",8815600
17500,200,10000,"bu","14:50:12",8815500
17400,100,1000,"sd","14:50:11",8805500
17500,200,600,"bu","14:50:09",8804500
17400,100,38000,"sd","14:49:58",8803900
17500,200,2000,"bu","14:49:52",8765900
17500,200,1000,"bu","14:49:38",8763900
17500,200,300,"bu","14:49:37",8762900
17500,200,31000,"bu","14:49:30",8762600
17500,200,5000,"bu","14:49:23",8731600
17500,200,100,"bu","14:49:22",8726600
17400,100,10000,"sd","14:49:21",8726500
17400,100,500,"sd","14:49:20",8716500
17500,200,5000,"bu","14:49:07",8716000
17500,200,10000,"bu","14:49:02",8711000
17500,200,11000,"bu","14:48:40",8701000
17500,200,20000,"bu","14:48:36",8690000
17500,200,10100,"bu","14:48:26",8670000
17500,200,2500,"bu","14:48:22",8659900
17500,200,200,"bu","14:48:20",8657400
17500,200,3000,"bu","14:48:18",8657200
17500,200,300,"bu","14:48:02",8654200
17500,200,5000,"bu","14:47:56",8653900
17500,200,500,"bu","14:47:44",8648900
17400,100,300,"sd","14:47:36",8648400
17500,200,100,"bu","14:47:32",8648100
17500,200,2000,"bu","14:47:31",8648000
17500,200,1000,"bu","14:47:06",8646000
17500,200,400,"bu","14:47:02",8645000
17500,200,100,"bu","14:46:53",8644600
17500,200,700,"bu","14:46:45",8644500
17500,200,2000,"bu","14:46:44",8643800
17500,200,2000,"bu","14:46:43",8641800
17500,200,200,"bu","14:46:42",8639800
17500,200,100,"bu","14:46:40",8639600
17500,200,1400,"bu","14:46:39",8639500
17500,200,600,"bu","14:46:38",8638100
17500,200,2000,"bu","14:46:30",8637500
17500,200,600,"bu","14:46:21",8635500
17500,200,100,"bu","14:46:10",8634900
17500,200,29000,"bu","14:45:48",8634800
17500,200,1800,"bu","14:45:34",8605800
17500,200,2000,"bu","14:45:31",8604000
17500,200,100,"bu","14:45:30",8602000
17500,200,100,"bu","14:45:27",8601900
17500,200,1000,"bu","14:45:21",8601800
17500,200,300,"bu","14:45:20",8600800
17500,200,3100,"bu","14:45:17",8600500
17500,200,7000,"bu","14:45:15",8597400
17500,200,6100,"bu","14:45:08",8590400
17500,200,1200,"bu","14:44:54",8584300
17500,200,1000,"bu","14:44:52",8583100
17500,200,5000,"bu","14:44:48",8582100
17500,200,500,"bu","14:44:38",8577100
17400,100,300,"sd","14:44:29",8576600
17500,200,1300,"bu","14:44:27",8576300
17500,200,21500,"bu","14:44:23",8575000
17500,200,3000,"bu","14:44:15",8553500
17500,200,5000,"bu","14:44:07",8550500
17500,200,3000,"bu","14:43:58",8545500
17500,200,5000,"bu","14:43:49",8542500
17500,200,1000,"bu","14:43:48",8537500
17500,200,1000,"bu","14:43:45",8536500
17500,200,5900,"bu","14:43:44",8535500
17400,100,35000,"sd","14:43:36",8529600
17500,200,100,"bu","14:43:34",8494600
17500,200,26600,"bu","14:43:26",8494500
17400,100,49500,"sd","14:43:25",8467900
17500,200,11000,"bu","14:43:21",8418400
17500,200,2000,"bu","14:43:20",8407400
17500,200,100,"bu","14:43:02",8405400
17500,200,500,"bu","14:42:58",8405300
17500,200,600,"bu","14:42:49",8404800
17500,200,75100,"bu","14:42:36",8404200
17500,200,100,"bu","14:42:33",8329100
17400,100,5200,"sd","14:42:31",8329000
17500,200,3000,"bu","14:42:22",8323800
17500,200,2500,"bu","14:42:18",8320800
17500,200,20000,"bu","14:42:17",8318300
17500,200,1000,"bu","14:42:14",8298300
17500,200,300,"bu","14:42:12",8297300
17500,200,200,"bu","14:42:10",8297000
17500,200,200,"bu","14:41:59",8296800
17500,200,18000,"bu","14:41:52",8296600
17500,200,5000,"bu","14:41:51",8278600
17500,200,4000,"bu","14:41:40",8273600
17500,200,1500,"bu","14:41:38",8269600
17500,200,60000,"bu","14:41:35",8268100
17500,200,5700,"bu","14:41:05",8208100
17500,200,13600,"bu","14:41:00",8202400
17500,200,9000,"bu","14:40:59",8188800
17500,200,1000,"bu","14:40:58",8179800
17500,200,5000,"bu","14:40:50",8178800
17500,200,400,"bu","14:40:34",8173800
17500,200,500,"bu","14:40:31",8173400
17400,100,28000,"sd","14:40:25",8172900
17500,200,200,"bu","14:40:23",8144900
17500,200,50000,"bu","14:40:19",8144700
17500,200,100,"bu","14:40:09",8094700
17400,100,300,"sd","14:40:01",8094600
17500,200,400,"bu","14:39:59",8094300
17500,200,200,"bu","14:39:51",8093900
17500,200,200,"bu","14:39:49",8093700
17500,200,1000,"bu","14:39:41",8093500
17400,100,12000,"sd","14:39:13",8092500
17500,200,100,"bu","14:39:07",8080500
17500,200,17600,"bu","14:39:00",8080400
17500,200,500,"bu","14:38:55",8062800
17500,200,60000,"bu","14:38:51",8062300
17500,200,3500,"bu","14:38:35",8002300
17500,200,500,"bu","14:38:17",7998800
17500,200,2400,"bu","14:37:51",7998300
17500,200,1000,"bu","14:37:48",7995900
17500,200,100,"bu","14:37:27",7994900
17500,200,100,"bu","14:37:13",7994800
17500,200,1500,"bu","14:36:59",7994700
17400,100,100,"sd","14:36:34",7993200
17400,100,20000,"sd","14:36:14",7993100
17500,200,2500,"bu","14:36:06",7973100
17500,200,1100,"bu","14:36:01",7970600
17400,100,800,"sd","14:35:56",7969500
17500,200,3300,"bu","14:35:42",7968700
17500,200,2000,"bu","14:34:54",7965400
17500,200,1500,"bu","14:34:26",7963400
17500,200,2000,"bu","14:34:16",7961900
17500,200,100,"bu","14:33:56",7959900
17500,200,100,"bu","14:33:55",7959800
17400,100,100,"sd","14:33:52",7959700
17500,200,1000,"bu","14:33:43",7959600
17400,100,40000,"sd","14:33:39",7958600
17500,200,200,"bu","14:32:55",7918600
17500,200,200,"bu","14:32:24",7918400
17500,200,500,"bu","14:32:06",7918200
17400,100,100,"sd","14:31:59",7917700
17400,100,5000,"sd","14:31:50",7917600
17400,100,500,"sd","14:31:47",7912600
17400,100,100,"sd","14:31:16",7912100
17500,200,100,"bu","14:31:09",7912000
17500,200,1000,"bu","14:30:59",7911900
17500,200,1000,"bu","14:30:35",7910900
17500,200,1000,"bu","14:30:34",7909900
17500,200,1000,"bu","14:30:31",7908900
17500,200,1100,"bu","14:30:11",7907900
17500,200,3000,"bu","14:30:09",7906800
17500,200,100,"bu","14:30:08",7903800
17500,200,5000,"bu","14:30:03",7903700
17400,100,3100,"sd","14:30:00",7898700
17500,200,32800,"bu","14:29:59",7895600
17500,200,2800,"bu","14:29:51",7862800
17400,100,5000,"sd","14:29:40",7860000
17500,200,100,"bu","14:29:36",7855000
17400,100,500,"sd","14:29:28",7854900
17400,100,75000,"sd","14:29:21",7854400
17500,200,200,"bu","14:29:19",7779400
17500,200,5000,"bu","14:29:05",7779200
17400,100,4000,"sd","14:29:00",7774200
17500,200,33800,"bu","14:28:42",7770200
17400,100,8100,"sd","14:28:40",7736400
17500,200,5000,"bu","14:28:38",7728300
17400,100,3100,"sd","14:28:33",7723300
17400,100,7900,"sd","14:27:59",7720200
17500,200,1300,"bu","14:27:38",7712300
17400,100,600,"sd","14:27:35",7711000
17400,100,1000,"sd","14:27:28",7710400
17500,200,500,"bu","14:27:24",7709400
17400,100,3000,"sd","14:27:21",7708900
17400,100,8000,"sd","14:27:18",7705900
17400,100,200,"sd","14:26:46",7697900
17400,100,2000,"sd","14:26:42",7697700
17400,100,100,"sd","14:26:38",7695700
17400,100,9100,"sd","14:26:37",7695600
17500,200,2600,"bu","14:26:22",7686500
17400,100,500,"sd","14:26:16",7683900
17500,200,100,"bu","14:26:12",7683400
17500,200,100,"bu","14:26:04",7683300
17500,200,5000,"bu","14:25:58",7683200
17400,100,8500,"sd","14:25:55",7678200
17500,200,500,"bu","14:25:35",7669700
17500,200,900,"bu","14:25:27",7669200
17400,100,200,"sd","14:25:24",7668300
17500,200,500,"bu","14:25:17",7668100
17400,100,7900,"sd","14:25:10",7667600
17500,200,5000,"bu","14:25:00",7659700
17400,100,5000,"sd","14:24:53",7654700
17500,200,300,"bu","14:24:43",7649700
17400,100,8900,"sd","14:24:30",7649400
17500,200,100,"bu","14:24:14",7640500
17500,200,1200,"bu","14:24:09",7640400
17400,100,8100,"sd","14:23:48",7639200
17400,100,200,"sd","14:23:46",7631100
17400,100,100,"sd","14:23:24",7630900
17400,100,3000,"sd","14:23:15",7630800
17400,100,8200,"sd","14:23:06",7627800
17500,200,1000,"bu","14:23:02",7619600
17500,200,700,"bu","14:23:00",7618600
17500,200,900,"bu","14:22:56",7617900
17500,200,600,"bu","14:22:47",7617000
17500,200,1000,"bu","14:22:43",7616400
17500,200,10000,"bu","14:22:41",7615400
17500,200,1000,"bu","14:22:35",7605400
17500,200,1000,"bu","14:22:27",7604400
17400,100,8200,"sd","14:22:25",7603400
17500,200,2000,"bu","14:22:02",7595200
17500,200,1000,"bu","14:21:56",7593200
17500,200,20300,"bu","14:21:50",7592200
17500,200,5000,"bu","14:21:44",7571900
17400,100,8200,"sd","14:21:42",7566900
17500,200,2200,"bu","14:21:36",7558700
17400,100,200,"sd","14:21:32",7556500
17500,200,200,"bu","14:21:16",7556300
17400,100,8300,"sd","14:21:01",7556100
17500,200,100,"bu","14:20:59",7547800
17400,100,800,"sd","14:20:57",7547700
17400,100,3500,"sd","14:20:56",7546900
17400,100,1000,"sd","14:20:55",7543400
17400,100,2000,"sd","14:20:48",7542400
17500,200,15000,"bu","14:20:44",7540400
17400,100,500,"sd","14:20:29",7525400
17400,100,8000,"sd","14:20:18",7524900
17500,200,1000,"bu","14:20:17",7516900
17500,200,100,"bu","14:20:15",7515900
17500,200,200,"bu","14:19:57",7515800
17500,200,100,"bu","14:19:44",7515600
17500,200,2100,"bu","14:19:41",7515500
17400,100,8300,"sd","14:19:37",7513400
17400,100,500,"sd","14:19:33",7505100
17400,100,200,"sd","14:19:23",7504600
17500,200,800,"bu","14:19:18",7504400
17500,200,300,"bu","14:19:16",7503600
17400,100,4000,"sd","14:19:02",7503300
17400,100,8100,"sd","14:18:55",7499300
17500,200,1000,"bu","14:18:54",7491200
17400,100,15000,"sd","14:18:52",7490200
17500,200,400,"bu","14:18:50",7475200
17400,100,1000,"sd","14:18:39",7474800
17400,100,9800,"sd","14:18:26",7473800
17400,100,8000,"sd","14:18:14",7464000
17500,200,300,"bu","14:18:02",7456000
17500,200,600,"bu","14:18:00",7455700
17400,100,2000,"sd","14:17:51",7455100
17400,100,100,"sd","14:17:44",7453100
17400,100,8100,"sd","14:17:32",7453000
17400,100,3000,"sd","14:17:27",7444900
17400,100,1300,"sd","14:17:25",7441900
17400,100,8900,"sd","14:16:51",7440600
17500,200,1000,"bu","14:16:47",7431700
17500,200,5000,"bu","14:16:43",7430700
17500,200,500,"bu","14:16:35",7425700
17500,200,600,"bu","14:16:20",7425200
17400,100,8100,"sd","14:16:05",7424600
17500,200,100,"bu","14:15:41",7416500
17400,100,300,"sd","14:15:24",7416400
17400,100,8100,"sd","14:15:23",7416100
17500,200,5800,"bu","14:15:13",7408000
17400,100,5000,"sd","14:14:55",7402200
17400,100,100,"sd","14:14:53",7397200
17400,100,8300,"sd","14:14:42",7397100
17500,200,5700,"bu","14:14:32",7388800
17500,200,1500,"bu","14:14:26",7383100
17400,100,1500,"sd","14:14:24",7381600
17400,100,100,"sd","14:14:20",7380100
17400,100,100,"sd","14:14:08",7380000
17400,100,8700,"sd","14:14:00",7379900
17400,100,25000,"sd","14:13:59",7371200
17500,200,4000,"bu","14:13:57",7346200
17400,100,200,"sd","14:13:51",7342200
17400,100,1000,"sd","14:13:46",7342000
17500,200,200,"bu","14:13:41",7341000
17400,100,3000,"sd","14:13:40",7340800
17400,100,8400,"sd","14:13:15",7337800
17400,100,2000,"sd","14:12:45",7329400
17400,100,1000,"sd","14:12:39",7327400
17400,100,100,"sd","14:12:33",7326400
17400,100,8200,"sd","14:12:32",7326300
17400,100,16300,"sd","14:12:25",7318100
17400,100,8300,"sd","14:11:50",7301800
17500,200,1800,"bu","14:11:30",7293500
17500,200,500,"bu","14:11:26",7291700
17400,100,9200,"sd","14:11:07",7291200
17400,100,1000,"sd","14:11:00",7282000
17500,200,1300,"bu","14:10:46",7281000
17400,100,600,"sd","14:10:42",7279700
17400,100,8100,"sd","14:10:26",7279100
17500,200,1000,"bu","14:10:24",7271000
17500,200,500,"bu","14:09:50",7270000
17400,100,8200,"sd","14:09:45",7269500
17400,100,6000,"sd","14:09:12",7261300
17400,100,8400,"sd","14:09:03",7255300
17400,100,2000,"sd","14:09:00",7246900
17400,100,5000,"sd","14:08:36",7244900
17400,100,8000,"sd","14:08:20",7239900
17500,200,100,"bu","14:08:19",7231900
17500,200,200,"bu","14:08:06",7231800
17500,200,700,"bu","14:08:05",7231600
17500,200,100,"bu","14:07:44",7230900
17400,100,8000,"sd","14:07:39",7230800
17400,100,100,"sd","14:07:25",7222800
17400,100,5000,"sd","14:07:17",7222700
17400,100,8100,"sd","14:06:58",7217700
17400,100,2000,"sd","14:06:52",7209600
17400,100,8200,"sd","14:06:16",7207600
17400,100,200,"sd","14:05:46",7199400
17400,100,8200,"sd","14:05:34",7199200
17400,100,20000,"sd","14:05:31",7191000
17500,200,2000,"bu","14:05:21",7171000
17500,200,1000,"bu","14:04:58",7169000
17400,100,7900,"sd","14:04:52",7168000
17400,100,500,"sd","14:04:41",7160100
17500,200,100,"bu","14:04:33",7159600
17400,100,7900,"sd","14:04:12",7159500
17400,100,2300,"sd","14:04:00",7151600
17400,100,1000,"sd","14:03:52",7149300
17400,100,7900,"sd","14:03:31",7148300
17500,200,9900,"bu","14:02:51",7140400
17500,200,100,"bu","14:02:41",7130500
17400,100,3000,"sd","14:02:36",7130400
17400,100,8200,"sd","14:02:10",7127400
17400,100,8000,"sd","14:01:28",7119200
17400,100,8000,"sd","14:00:46",7111200
17500,200,1000,"bu","14:00:43",7103200
17500,200,500,"bu","14:00:12",7102200
17400,100,8200,"sd","14:00:05",7101700
17400,100,2000,"sd","13:59:34",7093500
17400,100,2500,"sd","13:59:31",7091500
17400,100,8400,"sd","13:59:24",7089000
17400,100,700,"sd","13:59:17",7080600
17400,100,1000,"sd","13:58:58",7079900
17400,100,8000,"sd","13:58:41",7078900
17400,100,2000,"sd","13:58:30",7070900
17500,200,3000,"bu","13:58:10",7068900
17400,100,9100,"sd","13:58:00",7065900
17400,100,300,"sd","13:57:47",7056800
17400,100,900,"sd","13:57:26",7056500
17400,100,500,"sd","13:57:25",7055600
17400,100,8200,"sd","13:57:18",7055100
17400,100,100,"sd","13:56:51",7046900
17400,100,200,"sd","13:56:38",7046800
17400,100,8200,"sd","13:56:35",7046600
17400,100,200,"sd","13:56:03",7038400
17400,100,100,"sd","13:56:02",7038200
17400,100,1000,"sd","13:55:58",7038100
17400,100,900,"sd","13:55:57",7037100
17400,100,8500,"sd","13:55:54",7036200
17400,100,2000,"sd","13:55:45",7027700
17400,100,100,"sd","13:55:42",7025700
17400,100,5000,"sd","13:55:15",7025600
17400,100,8300,"sd","13:55:10",7020600
17400,100,1000,"sd","13:55:02",7012300
17400,100,400,"sd","13:55:01",7011300
17400,100,5000,"bu","13:54:56",7010900
17400,100,100,"bu","13:54:54",7005900
17400,100,22700,"sd","13:54:40",7005800
17400,100,100,"sd","13:54:29",6983100
17400,100,8200,"sd","13:54:28",6983000
17400,100,900,"bu","13:54:14",6974800
17400,100,500,"bu","13:54:09",6973900
17400,100,1000,"bu","13:54:07",6973400
17400,100,200,"bu","13:54:04",6972400
17400,100,600,"bu","13:54:01",6972200
17400,100,2000,"bu","13:53:59",6971600
17400,100,62000,"bu","13:53:57",6969600
17400,100,400,"bu","13:53:51",6907600
17400,100,10700,"bu","13:53:46",6907200
17400,100,100,"bu","13:53:45",6896500
17400,100,200,"bu","13:53:40",6896400
17400,100,100,"bu","13:53:38",6896200
17400,100,41800,"sd","13:53:25",6896100
17400,100,1000,"sd","13:53:10",6854300
17400,100,100,"sd","13:53:03",6853300
17400,100,11900,"sd","13:53:02",6853200
17400,100,100,"sd","13:52:58",6841300
17400,100,1000,"sd","13:52:57",6841200
17400,100,200000,"sd","13:52:34",6840200
17400,100,9600,"sd","13:52:21",6640200
17400,100,10000,"sd","13:52:18",6630600
17400,100,8200,"sd","13:52:17",6620600
17400,100,300,"sd","13:52:10",6612400
17400,100,300,"sd","13:52:03",6612100
17400,100,1000,"sd","13:51:42",6611800
17400,100,8000,"sd","13:51:34",6610800
17400,100,10000,"sd","13:51:13",6602800
17400,100,8000,"sd","13:50:54",6592800
17400,100,1100,"sd","13:50:47",6584800
17500,200,3000,"bu","13:50:44",6583700
17400,100,5000,"sd","13:50:25",6580700
17400,100,9100,"sd","13:50:13",6575700
17400,100,100,"sd","13:49:48",6566600
17400,100,100,"sd","13:49:43",6566500
17400,100,1200,"sd","13:49:35",6566400
17500,200,300,"bu","13:49:34",6565200
17400,100,8000,"sd","13:49:26",6564900
17400,100,1200,"sd","13:49:16",6556900
17400,100,8500,"sd","13:48:45",6555700
17400,100,1000,"sd","13:48:36",6547200
17500,200,300,"bu","13:48:33",6546200
17400,100,200,"sd","13:48:25",6545900
17400,100,8900,"sd","13:48:01",6545700
17500,200,500,"bu","13:47:57",6536800
17400,100,100,"sd","13:47:51",6536300
17500,200,500,"bu","13:47:38",6536200
17500,200,1800,"bu","13:47:35",6535700
17400,100,100,"sd","13:47:27",6533900
17500,200,2100,"bu","13:47:24",6533800
17500,200,8100,"bu","13:47:16",6531700
17500,200,1000,"bu","13:47:15",6523600
17500,200,100,"bu","13:46:54",6522600
17500,200,500,"bu","13:46:51",6522500
17400,100,8000,"sd","13:46:35",6522000
17400,100,1000,"sd","13:46:30",6514000
17400,100,50000,"sd","13:46:08",6513000
17400,100,8000,"sd","13:45:54",6463000
17400,100,50000,"sd","13:45:53",6455000
17400,100,500,"sd","13:45:38",6405000
17400,100,500,"sd","13:45:37",6404500
17400,100,500,"sd","13:45:22",6404000
17400,100,8300,"sd","13:45:13",6403500
17400,100,600,"sd","13:45:09",6395200
17400,100,5000,"sd","13:44:35",6394600
17400,100,7900,"sd","13:44:30",6389600
17400,100,2000,"sd","13:44:15",6381700
17400,100,200,"sd","13:44:13",6379700
17400,100,6000,"sd","13:44:12",6379500
17400,100,8000,"sd","13:43:50",6373500
17400,100,3000,"sd","13:43:19",6365500
17400,100,8000,"sd","13:43:09",6362500
17400,100,3300,"sd","13:42:58",6354500
17400,100,12500,"sd","13:42:38",6351200
17400,100,8200,"sd","13:42:28",6338700
17400,100,2000,"sd","13:41:55",6330500
17400,100,7900,"sd","13:41:46",6328500
17400,100,100,"sd","13:41:43",6320600
17400,100,10000,"sd","13:41:22",6320500
17400,100,8300,"sd","13:41:06",6310500
17500,200,200,"bu","13:40:55",6302200
17400,100,300,"sd","13:40:49",6302000
17400,100,10000,"sd","13:40:44",6301700
17400,100,5000,"sd","13:40:37",6291700
17400,100,3500,"sd","13:40:24",6286700
17400,100,9200,"sd","13:40:23",6283200
17400,100,6000,"sd","13:40:22",6274000
17400,100,10000,"sd","13:40:08",6268000
17400,100,1000,"sd","13:39:46",6258000
17400,100,8200,"sd","13:39:36",6257000
17400,100,1000,"sd","13:39:33",6248800
17400,100,200,"sd","13:39:22",6247800
17400,100,1000,"sd","13:39:10",6247600
17400,100,200,"sd","13:39:04",6246600
17400,100,8100,"sd","13:38:54",6246400
17400,100,1000,"sd","13:38:41",6238300
17400,100,8000,"sd","13:38:12",6237300
17400,100,1000,"sd","13:38:05",6229300
17400,100,8000,"sd","13:37:32",6228300
17500,200,2800,"bu","13:37:21",6220300
17400,100,2000,"sd","13:37:07",6217500
17400,100,2000,"sd","13:36:34",6215500
17500,200,15400,"bu","13:36:21",6213500
17500,200,57200,"bu","13:36:20",6198100
17400,100,5000,"sd","13:36:19",6140900
17400,100,7900,"sd","13:36:08",6135900
17400,100,1000,"sd","13:36:03",6128000
17400,100,500,"sd","13:35:56",6127000
17400,100,7900,"sd","13:35:28",6126500
17400,100,100,"sd","13:35:25",6118600
17400,100,200,"sd","13:35:17",6118500
17400,100,1100,"sd","13:35:15",6118300
17400,100,9000,"sd","13:34:47",6117200
17400,100,500,"sd","13:34:42",6108200
17400,100,8000,"sd","13:34:01",6107700
17400,100,2500,"sd","13:33:49",6099700
17400,100,5000,"sd","13:33:36",6097200
17400,100,7900,"sd","13:33:20",6092200
17400,100,1000,"sd","13:33:09",6084300
17400,100,6000,"sd","13:32:54",6083300
17400,100,7900,"sd","13:32:39",6077300
17400,100,200,"sd","13:32:31",6069400
17400,100,200,"sd","13:32:15",6069200
17400,100,31000,"sd","13:32:13",6069000
17400,100,200,"sd","13:32:02",6038000
17400,100,10300,"sd","13:31:58",6037800
17400,100,200,"sd","13:31:40",6027500
17400,100,7900,"sd","13:31:17",6027300
17400,100,3900,"sd","13:30:42",6019400
17400,100,9000,"sd","13:30:37",6015500
17400,100,1000,"sd","13:30:23",6006500
17400,100,1400,"sd","13:29:55",6005500
17400,100,7900,"sd","13:29:51",6004100
17500,200,2000,"bu","13:29:30",5996200
17400,100,8200,"sd","13:29:10",5994200
17400,100,8300,"sd","13:28:28",5986000
17400,100,400,"sd","13:28:19",5977700
17500,200,1000,"bu","13:28:13",5977300
17400,100,8000,"sd","13:27:46",5976300
17400,100,3000,"sd","13:27:37",5968300
17400,100,8500,"sd","13:27:05",5965300
17400,100,3300,"sd","13:26:53",5956800
17400,100,900,"sd","13:26:49",5953500
17400,100,500,"sd","13:26:36",5952600
17400,100,600,"sd","13:26:22",5952100
17400,100,10100,"sd","13:26:21",5951500
17400,100,1000,"bu","13:25:55",5941400
17400,100,10800,"bu","13:25:51",5940400
17400,100,1600,"bu","13:25:42",5929600
17400,100,200,"bu","13:25:41",5928000
17400,100,1000,"bu","13:25:34",5927800
17400,100,2500,"bu","13:25:25",5926800
17400,100,4000,"bu","13:25:22",5924300
17400,100,2000,"bu","13:25:19",5920300
17400,100,200,"sd","13:25:18",5918300
17400,100,200,"sd","13:25:15",5918100
17400,100,100,"sd","13:25:14",5917900
17400,100,500,"sd","13:25:03",5917800
17400,100,500,"sd","13:25:00",5917300
17400,100,400,"sd","13:24:52",5916800
17400,100,600,"sd","13:24:51",5916400
17400,100,136000,"bu","13:24:29",5915800
17400,100,400,"bu","13:24:22",5779800
17300,0,8600,"sd","13:24:16",5779400
17400,100,2000,"bu","13:24:03",5770800
17400,100,200,"bu","13:24:02",5768800
17400,100,100,"bu","13:23:41",5768600
17400,100,1000,"bu","13:23:38",5768500
17400,100,100,"bu","13:23:30",5767500
17400,100,26400,"unknown","13:23:28",5767400
17400,100,1000,"sd","13:23:26",5741000
17400,100,200,"sd","13:23:22",5740000
17400,100,600,"sd","13:23:21",5739800
17400,100,300,"sd","13:23:20",5739200
17400,100,17500,"sd","13:23:15",5738900
17400,100,5000,"sd","13:23:11",5721400
17400,100,100,"sd","13:23:10",5716400
17400,100,43000,"sd","13:23:06",5716300
17400,100,1700,"sd","13:23:02",5673300
17400,100,3000,"sd","13:23:01",5671600
17400,100,7900,"sd","13:22:51",5668600
17400,100,200,"sd","13:22:50",5660700
17400,100,30000,"sd","13:22:48",5660500
17400,100,15900,"sd","13:22:40",5630500
17400,100,500,"sd","13:22:24",5614600
17400,100,8400,"sd","13:22:11",5614100
17400,100,200,"sd","13:21:55",5605700
17400,100,2000,"sd","13:21:36",5605500
17400,100,2500,"sd","13:21:31",5603500
17400,100,8900,"sd","13:21:30",5601000
17400,100,1000,"sd","13:21:21",5592100
17400,100,3000,"sd","13:21:01",5591100
17400,100,20000,"sd","13:21:00",5588100
17400,100,500,"sd","13:20:59",5568100
17400,100,50000,"sd","13:20:50",5567600
17400,100,7900,"sd","13:20:44",5517600
17400,100,6000,"sd","13:20:36",5509700
17400,100,1000,"sd","13:20:31",5503700
17400,100,100,"sd","13:20:29",5502700
17400,100,5000,"sd","13:20:16",5502600
17400,100,8000,"sd","13:20:04",5497600
17400,100,2000,"sd","13:19:33",5489600
17400,100,7900,"sd","13:19:23",5487600
17400,100,6000,"sd","13:19:17",5479700
17500,200,2000,"bu","13:19:16",5473700
17400,100,500,"sd","13:19:07",5471700
17400,100,2000,"sd","13:19:02",5471200
17400,100,9100,"sd","13:18:42",5469200
17400,100,300,"sd","13:18:29",5460100
17400,100,100,"sd","13:18:24",5459800
17400,100,2200,"sd","13:18:23",5459700
17400,100,7900,"sd","13:17:56",5457500
17400,100,1200,"sd","13:17:54",5449600
17400,100,1500,"sd","13:17:52",5448400
17400,100,1000,"sd","13:17:32",5446900
17400,100,2000,"sd","13:17:31",5445900
17400,100,8000,"sd","13:17:15",5443900
17400,100,8100,"sd","13:16:34",5435900
17400,100,8500,"sd","13:15:53",5427800
17400,100,3000,"sd","13:15:41",5419300
17500,200,500,"bu","13:15:26",5416300
17400,100,500,"sd","13:15:22",5415800
17400,100,2000,"sd","13:15:18",5415300
17400,100,100,"sd","13:15:12",5413300
17400,100,7900,"sd","13:15:09",5413200
17400,100,5000,"sd","13:14:58",5405300
17400,100,16700,"sd","13:14:54",5400300
17400,100,500,"sd","13:14:46",5383600
17400,100,1000,"sd","13:14:37",5383100
17400,100,10000,"sd","13:14:36",5382100
17400,100,8000,"sd","13:14:29",5372100
17400,100,100,"sd","13:14:24",5364100
17400,100,5000,"sd","13:14:18",5364000
17400,100,300,"sd","13:13:52",5359000
17400,100,400,"sd","13:13:51",5358700
17400,100,8900,"sd","13:13:48",5358300
17400,100,7200,"sd","13:13:41",5349400
17400,100,500,"sd","13:13:36",5342200
17400,100,70000,"sd","13:13:24",5341700
17400,100,17300,"sd","13:13:13",5271700
17400,100,3500,"sd","13:13:06",5254400
17400,100,8100,"sd","13:13:02",5250900
17400,100,1000,"sd","13:12:36",5242800
17400,100,200,"sd","13:12:27",5241800
17400,100,8300,"sd","13:12:21",5241600
17400,100,300,"sd","13:12:20",5233300
17400,100,500,"sd","13:12:11",5233000
17400,100,69000,"sd","13:11:40",5232500
17400,100,8000,"sd","13:11:39",5163500
17400,100,900,"sd","13:10:59",5155500
17400,100,8300,"sd","13:10:58",5154600
17500,200,1200,"bu","13:10:52",5146300
17400,100,400,"sd","13:10:37",5145100
17400,100,7900,"sd","13:10:15",5144700
17400,100,3000,"sd","13:09:52",5136800
17400,100,200,"sd","13:09:49",5133800
17400,100,8300,"sd","13:09:34",5133600
17400,100,3000,"sd","13:09:29",5125300
17400,100,2000,"sd","13:09:14",5122300
17400,100,100,"sd","13:09:02",5120300
17400,100,8400,"sd","13:08:52",5120200
17400,100,8300,"sd","13:08:09",5111800
17400,100,2000,"sd","13:08:02",5103500
17400,100,10100,"sd","13:07:26",5101500
17400,100,8500,"sd","13:06:35",5091400
17400,100,2000,"sd","13:06:01",5082900
17400,100,8000,"sd","13:05:51",5080900
17400,100,8900,"sd","13:05:10",5072900
17400,100,5000,"sd","13:04:44",5064000
17400,100,500,"sd","13:04:41",5059000
17400,100,8700,"sd","13:04:25",5058500
17400,100,4500,"sd","13:04:14",5049800
17500,200,5000,"bu","13:04:13",5045300
17400,100,1000,"sd","13:03:47",5040300
17400,100,200,"sd","13:03:46",5039300
17400,100,8500,"sd","13:03:40",5039100
17400,100,2000,"sd","13:03:37",5030600
17400,100,8300,"sd","13:02:56",5028600
17400,100,100,"sd","13:02:36",5020300
17400,100,8400,"sd","13:02:14",5020200
17400,100,200,"sd","13:02:00",5011800
17400,100,1000,"sd","13:01:37",5011600
17400,100,11600,"sd","13:01:31",5010600
17400,100,10100,"sd","13:00:32",4999000
17500,200,300,"bu","13:00:28",4988900
17500,200,100,"bu","13:00:06",4988600
17500,200,4200,"bu","13:00:05",4988500
17400,100,2100,"sd","13:00:04",4984300
17400,100,100,"sd","13:00:03",4982200
17400,100,5700,"sd","13:00:02",4982100
17500,200,3000,"bu","13:00:01",4976400
17500,200,1000,"bu","11:29:41",4973400
17400,100,8300,"sd","11:29:40",4972400
17500,200,2000,"bu","11:29:25",4964100
17400,100,500,"sd","11:29:19",4962100
17400,100,400,"sd","11:29:14",4961600
17400,100,8300,"sd","11:28:57",4961200
17500,200,30000,"bu","11:28:48",4952900
17400,100,300,"sd","11:28:19",4922900
17400,100,8000,"sd","11:28:14",4922600
17400,100,800,"sd","11:27:57",4914600
17400,100,100,"sd","11:27:48",4913800
17400,100,8100,"sd","11:27:33",4913700
17400,100,8000,"sd","11:26:52",4905600
17400,100,800,"sd","11:26:36",4897600
17400,100,8300,"sd","11:26:11",4896800
17400,100,8200,"sd","11:25:28",4888500
17400,100,5100,"sd","11:25:13",4880300
17400,100,100,"sd","11:24:48",4875200
17400,100,8800,"sd","11:24:46",4875100
17500,200,2000,"bu","11:24:39",4866300
17500,200,2000,"bu","11:24:17",4864300
17400,100,7800,"sd","11:24:02",4862300
17500,200,50000,"bu","11:23:14",4854500
17500,200,200,"bu","11:22:57",4804500
17400,100,200,"sd","11:22:56",4804300
17400,100,8600,"sd","11:22:40",4804100
17500,200,400,"bu","11:22:35",4795500
17400,100,500,"sd","11:22:32",4795100
17400,100,2800,"sd","11:22:03",4794600
17400,100,9400,"sd","11:21:56",4791800
17400,100,5000,"sd","11:21:28",4782400
17400,100,8100,"sd","11:21:08",4777400
17400,100,10000,"sd","11:21:05",4769300
17400,100,1000,"sd","11:20:56",4759300
17400,100,4500,"sd","11:20:55",4758300
17400,100,8000,"sd","11:20:35",4753800
17400,100,1000,"sd","11:20:27",4745800
17400,100,10000,"sd","11:20:04",4744800
17500,200,50000,"bu","11:19:45",4734800
17400,100,8100,"sd","11:19:43",4684800
17400,100,8600,"sd","11:19:01",4676700
17400,100,8200,"sd","11:18:17",4668100
17500,200,300,"bu","11:18:15",4659900
17500,200,1000,"bu","11:18:11",4659600
17500,200,2000,"bu","11:17:55",4658600
17400,100,500,"sd","11:17:47",4656600
17400,100,100,"sd","11:17:37",4656100
17400,100,7900,"sd","11:17:36",4656000
17500,200,2000,"bu","11:17:30",4648100
17400,100,20700,"sd","11:17:10",4646100
17400,100,8400,"sd","11:16:54",4625400
17400,100,9100,"sd","11:16:11",4617000
17400,100,1000,"sd","11:15:36",4607900
17400,100,8100,"sd","11:15:24",4606900
17500,200,1000,"bu","11:15:01",4598800
17400,100,1000,"sd","11:14:56",4597800
17400,100,200,"sd","11:14:46",4596800
17400,100,7900,"sd","11:14:43",4596600
17400,100,8100,"sd","11:14:02",4588700
17400,100,8000,"sd","11:13:21",4580600
17400,100,100,"sd","11:13:13",4572600
17400,100,8400,"sd","11:12:40",4572500
17400,100,3000,"sd","11:12:36",4564100
17400,100,8000,"sd","11:11:57",4561100
17400,100,100,"sd","11:11:55",4553100
17400,100,100,"sd","11:11:17",4553000
17400,100,8400,"sd","11:11:16",4552900
17400,100,1000,"sd","11:11:12",4544500
17400,100,2900,"sd","11:10:57",4543500
17400,100,8400,"sd","11:10:33",4540600
17400,100,500,"sd","11:10:27",4532200
17400,100,3600,"sd","11:10:15",4531700
17400,100,8600,"sd","11:09:50",4528100
17500,200,100,"bu","11:09:39",4519500
17400,100,8000,"sd","11:09:06",4519400
17500,200,200,"bu","11:08:51",4511400
17500,200,5700,"bu","11:08:41",4511200
17400,100,8600,"sd","11:08:25",4505500
17400,100,8000,"sd","11:07:41",4496900
17400,100,100,"sd","11:07:28",4488900
17400,100,8800,"sd","11:07:00",4488800
17400,100,100,"sd","11:06:56",4480000
17400,100,8000,"sd","11:06:15",4479900
17400,100,7900,"sd","11:05:34",4471900
17500,200,100,"bu","11:05:32",4464000
17500,200,600,"bu","11:05:21",4463900
17500,200,3200,"bu","11:04:56",4463300
17400,100,7900,"sd","11:04:54",4460100
17500,200,2000,"bu","11:04:29",4452200
17500,200,600,"bu","11:04:21",4450200
17400,100,7900,"sd","11:04:13",4449600
17400,100,9000,"sd","11:04:08",4441700
17400,100,8300,"sd","11:03:33",4432700
17400,100,3500,"sd","11:03:22",4424400
17400,100,2000,"sd","11:03:19",4420900
17500,200,1000,"bu","11:03:01",4418900
17400,100,5800,"sd","11:03:00",4417900
17400,100,8100,"sd","11:02:50",4412100
17500,200,2500,"bu","11:02:37",4404000
17500,200,500,"bu","11:02:26",4401500
17500,200,500,"bu","11:02:19",4401000
17400,100,3700,"sd","11:02:13",4400500
17400,100,8600,"sd","11:02:08",4396800
17500,200,2200,"bu","11:01:41",4388200
17400,100,8300,"sd","11:01:25",4386000
17500,200,100,"bu","11:00:43",4377700
17400,100,8500,"sd","11:00:42",4377600
17500,200,5000,"bu","11:00:26",4369100
17400,100,7900,"sd","10:59:59",4364100
17500,200,200,"bu","10:59:41",4356200
17500,200,100,"bu","10:59:40",4356000
17500,200,1900,"bu","10:59:27",4355900
17400,100,8100,"sd","10:59:18",4354000
17500,200,1000,"bu","10:59:08",4345900
17400,100,7900,"sd","10:58:37",4344900
17500,200,500,"bu","10:58:12",4337000
17400,100,1000,"sd","10:58:04",4336500
17400,100,8100,"sd","10:57:56",4335500
17400,100,7000,"sd","10:57:40",4327400
17400,100,8700,"sd","10:57:15",4320400
17400,100,8000,"sd","10:56:30",4311700
17400,100,300,"sd","10:56:08",4303700
17400,100,8200,"sd","10:55:49",4303400
17400,100,7900,"sd","10:55:07",4295200
17400,100,9000,"sd","10:54:27",4287300
17400,100,500,"sd","10:53:52",4278300
17400,100,7800,"sd","10:53:46",4277800
17400,100,8300,"sd","10:53:05",4270000
17400,100,100,"sd","10:52:38",4261700
17400,100,8700,"sd","10:52:23",4261600
17400,100,200,"sd","10:52:10",4252900
17400,100,2000,"sd","10:51:47",4252700
17400,100,8000,"sd","10:51:39",4250700
17400,100,1600,"sd","10:51:00",4242700
17400,100,8100,"sd","10:50:58",4241100
17400,100,10000,"sd","10:50:48",4233000
17500,200,200,"bu","10:50:46",4223000
17500,200,200,"bu","10:50:37",4222800
17500,200,1000,"bu","10:50:30",4222600
17400,100,500,"sd","10:50:21",4221600
17400,100,8000,"sd","10:50:16",4221100
17500,200,600,"bu","10:49:59",4213100
17500,200,100,"bu","10:49:57",4212500
17500,200,100,"bu","10:49:46",4212400
17500,200,5000,"bu","10:49:38",4212300
17400,100,8000,"sd","10:49:36",4207300
17500,200,800,"bu","10:49:20",4199300
17400,100,500,"sd","10:49:16",4198500
17500,200,2000,"bu","10:49:06",4198000
17400,100,8000,"sd","10:48:54",4196000
17500,200,900,"bu","10:48:42",4188000
17500,200,1000,"bu","10:48:40",4187100
17500,200,10000,"bu","10:48:23",4186100
17400,100,8100,"sd","10:48:13",4176100
17500,200,10000,"bu","10:48:08",4168000
17500,200,1000,"bu","10:47:53",4158000
17500,200,100,"bu","10:47:33",4157000
17400,100,8900,"sd","10:47:32",4156900
17400,100,25500,"sd","10:47:15",4148000
17400,100,4000,"sd","10:47:12",4122500
17500,200,400,"bu","10:47:08",4118500
17400,100,8000,"sd","10:46:46",4118100
17500,200,5000,"bu","10:46:18",4110100
17400,100,1200,"sd","10:46:05",4105100
17500,200,200,"bu","10:45:29",4103900
17500,200,10000,"bu","10:45:17",4103700
17500,200,50000,"bu","10:45:16",4093700
17500,200,10000,"bu","10:45:12",4043700
17500,200,10000,"bu","10:45:06",4033700
17500,200,500,"bu","10:44:54",4023700
17500,200,100,"bu","10:44:43",4023200
17400,100,8000,"sd","10:44:41",4023100
17500,200,100,"bu","10:44:31",4015100
17500,200,1500,"bu","10:44:20",4015000
17500,200,100,"bu","10:44:14",4013500
17400,100,8500,"sd","10:44:01",4013400
17500,200,100,"bu","10:43:46",4004900
17500,200,100,"bu","10:43:27",4004800
17400,100,8300,"sd","10:43:17",4004700
17400,100,1100,"sd","10:42:52",3996400
17500,200,100,"bu","10:42:42",3995300
17400,100,8900,"sd","10:42:34",3995200
17500,200,300,"bu","10:42:25",3986300
17500,200,200,"bu","10:42:22",3986000
17500,200,500,"bu","10:41:54",3985800
17400,100,8100,"sd","10:41:48",3985300
17500,200,1000,"bu","10:41:46",3977200
17500,200,800,"bu","10:41:45",3976200
17500,200,100,"bu","10:41:41",3975400
17500,200,100,"bu","10:41:37",3975300
17500,200,300,"bu","10:41:33",3975200
17500,200,100,"bu","10:41:18",3974900
17400,100,8400,"sd","10:41:06",3974800
17500,200,200,"bu","10:41:05",3966400
17400,100,200,"sd","10:41:04",3966200
17500,200,5000,"bu","10:41:02",3966000
17500,200,5000,"bu","10:40:59",3961000
17500,200,100,"bu","10:40:58",3956000
17500,200,4500,"bu","10:40:57",3955900
17500,200,600,"bu","10:40:51",3951400
17500,200,300,"bu","10:40:40",3950800
17500,200,200,"bu","10:40:26",3950500
17400,100,8800,"sd","10:40:24",3950300
17500,200,500,"bu","10:40:20",3941500
17500,200,3000,"bu","10:40:12",3941000
17500,200,10000,"bu","10:39:44",3938000
17400,100,8400,"sd","10:39:38",3928000
17500,200,1000,"bu","10:39:25",3919600
17500,200,2000,"bu","10:39:17",3918600
17500,200,1200,"bu","10:39:16",3916600
17500,200,6000,"bu","10:39:12",3915400
17500,200,1000,"bu","10:39:10",3909400
17500,200,7000,"bu","10:38:57",3908400
17400,100,8600,"sd","10:38:55",3901400
17500,200,2000,"bu","10:38:49",3892800
17500,200,1000,"bu","10:38:46",3890800
17500,200,1300,"bu","10:38:45",3889800
17400,100,8000,"sd","10:38:11",3888500
17500,200,1000,"bu","10:38:05",3880500
17500,200,300,"bu","10:37:58",3879500
17500,200,2000,"bu","10:37:45",3879200
17500,200,500,"bu","10:37:42",3877200
17500,200,200,"bu","10:37:35",3876700
17400,100,7900,"sd","10:37:30",3876500
17500,200,500,"bu","10:37:27",3868600
17500,200,3000,"bu","10:37:22",3868100
17500,200,300,"bu","10:37:18",3865100
17500,200,1000,"bu","10:37:16",3864800
17500,200,2200,"bu","10:37:09",3863800
17500,200,1000,"bu","10:36:57",3861600
17500,200,500,"bu","10:36:52",3860600
17400,100,8100,"sd","10:36:50",3860100
17500,200,800,"bu","10:36:47",3852000
17500,200,500,"bu","10:36:41",3851200
17500,200,1500,"bu","10:36:19",3850700
17500,200,100,"bu","10:36:15",3849200
17400,100,8800,"sd","10:36:08",3849100
17500,200,500,"bu","10:36:06",3840300
17500,200,1200,"bu","10:35:52",3839800
17500,200,5000,"bu","10:35:50",3838600
17500,200,39100,"sd","10:35:48",3833600
17500,200,1000,"sd","10:35:46",3794500
17500,200,9000,"sd","10:35:43",3793500
17500,200,1000,"sd","10:35:40",3784500
17600,300,700,"bu","10:35:39",3783500
17500,200,7500,"sd","10:35:38",3782800
17500,200,5300,"sd","10:35:34",3775300
17500,200,5000,"sd","10:35:31",3770000
17500,200,36400,"sd","10:35:27",3765000
17500,200,7900,"sd","10:35:23",3728600
17500,200,1000,"sd","10:35:22",3720700
17500,200,5500,"sd","10:35:21",3719700
17500,200,400,"sd","10:35:20",3714200
17500,200,27000,"sd","10:35:18",3713800
17500,200,2700,"sd","10:35:16",3686800
17500,200,500,"sd","10:35:15",3684100
17500,200,3100,"sd","10:35:13",3683600
17500,200,1700,"sd","10:35:11",3680500
17500,200,2200,"sd","10:35:10",3678800
17500,200,10000,"sd","10:35:09",3676600
17500,200,15000,"sd","10:35:07",3666600
17500,200,10000,"sd","10:35:05",3651600
17500,200,10000,"sd","10:35:04",3641600
17500,200,50000,"sd","10:35:02",3631600
17500,200,99900,"sd","10:35:01",3581600
17500,200,2400,"sd","10:34:54",3481700
17500,200,8000,"sd","10:34:50",3479300
17500,200,800,"sd","10:34:46",3471300
17500,200,8000,"sd","10:34:43",3470500
17500,200,1000,"sd","10:34:41",3462500
17500,200,5000,"sd","10:34:31",3461500
17500,200,3000,"sd","10:34:30",3456500
17500,200,1500,"sd","10:34:23",3453500
17500,200,5100,"sd","10:34:17",3452000
17500,200,79000,"sd","10:34:14",3446900
17500,200,8700,"sd","10:34:02",3367900
17500,200,700,"sd","10:33:51",3359200
17500,200,2000,"sd","10:33:41",3358500
17500,200,500,"sd","10:33:28",3356500
17600,300,300,"bu","10:33:23",3356000
17500,200,8300,"sd","10:33:20",3355700
17500,200,200,"sd","10:33:11",3347400
17500,200,5000,"sd","10:33:08",3347200
17500,200,50000,"sd","10:32:48",3342200
17500,200,8100,"sd","10:32:38",3292200
17500,200,20000,"sd","10:32:29",3284100
17500,200,900,"sd","10:32:26",3264100
17500,200,500,"sd","10:32:22",3263200
17500,200,8300,"sd","10:31:56",3262700
17600,300,1000,"bu","10:31:53",3254400
17600,300,100,"bu","10:31:52",3253400
17600,300,200,"bu","10:31:18",3253300
17500,200,8000,"sd","10:31:14",3253100
17500,200,5600,"sd","10:31:08",3245100
17500,200,200,"sd","10:31:00",3239500
17600,300,1000,"bu","10:30:36",3239300
17500,200,8600,"sd","10:30:33",3238300
17600,300,300,"bu","10:30:19",3229700
17500,200,8000,"sd","10:29:49",3229400
17500,200,8000,"sd","10:29:08",3221400
17500,200,100,"sd","10:28:58",3213400
17600,300,200,"bu","10:28:39",3213300
17500,200,8300,"sd","10:28:27",3213100
17500,200,3000,"sd","10:28:15",3204800
17500,200,100,"sd","10:28:04",3201800
17500,200,1000,"sd","10:28:03",3201700
17500,200,2000,"sd","10:27:54",3200700
17500,200,900,"sd","10:27:46",3198700
17600,300,1000,"bu","10:27:45",3197800
17500,200,7900,"sd","10:27:44",3196800
17600,300,2000,"bu","10:27:37",3188900
17600,300,9000,"bu","10:27:06",3186900
17500,200,8200,"sd","10:27:04",3177900
17500,200,3000,"sd","10:26:55",3169700
17600,300,200,"bu","10:26:45",3166700
17600,300,10000,"bu","10:26:28",3166500
17500,200,8000,"sd","10:26:22",3156500
17600,300,12500,"bu","10:26:02",3148500
17600,300,15000,"bu","10:25:59",3136000
17500,200,2000,"sd","10:25:55",3121000
17500,200,8000,"sd","10:25:41",3119000
17500,200,1000,"sd","10:25:37",3111000
17500,200,17500,"sd","10:25:27",3110000
17500,200,300,"sd","10:25:25",3092500
17500,200,9100,"sd","10:25:00",3092200
17600,300,400,"bu","10:24:59",3083100
17600,300,1000,"bu","10:24:53",3082700
17600,300,1700,"bu","10:24:52",3081700
17600,300,2800,"bu","10:24:34",3080000
17600,300,3000,"bu","10:24:22",3077200
17600,300,7100,"bu","10:24:21",3074200
17500,200,9600,"sd","10:24:18",3067100
17600,300,5400,"bu","10:24:10",3057500
17600,300,100,"bu","10:24:00",3052100
17600,300,10000,"bu","10:23:45",3052000
17600,300,600,"bu","10:23:30",3042000
17500,200,8000,"sd","10:23:29",3041400
17600,300,2000,"bu","10:23:16",3033400
17600,300,100,"bu","10:23:12",3031400
17600,300,1500,"bu","10:22:58",3031300
17500,200,7900,"sd","10:22:48",3029800
17600,300,10000,"bu","10:22:34",3021900
17600,300,100,"bu","10:22:29",3011900
17500,200,8000,"sd","10:22:08",3011800
17600,300,500,"bu","10:21:38",3003800
17600,300,1000,"bu","10:21:34",3003300
17600,300,100,"bu","10:21:09",3002300
17600,300,26000,"bu","10:21:05",3002200
17600,300,3000,"bu","10:21:01",2976200
17600,300,300,"bu","10:20:59",2973200
17600,300,5800,"bu","10:20:57",2972900
17600,300,200,"bu","10:20:38",2967100
17600,300,100,"bu","10:20:35",2966900
17600,300,60000,"bu","10:20:32",2966800
17600,300,5000,"bu","10:20:23",2906800
17600,300,1900,"bu","10:20:17",2901800
17600,300,500,"bu","10:20:15",2899900
17600,300,100,"bu","10:20:14",2899400
17500,200,8800,"sd","10:20:05",2899300
17600,300,2000,"bu","10:19:58",2890500
17500,200,800,"sd","10:19:51",2888500
17600,300,100,"bu","10:19:49",2887700
17500,200,600,"sd","10:19:41",2887600
17500,200,8300,"sd","10:19:21",2887000
17600,300,1000,"bu","10:19:18",2878700
17600,300,100,"bu","10:18:55",2877700
17600,300,2000,"bu","10:18:47",2877600
17500,200,500,"sd","10:18:40",2875600
17500,200,8300,"sd","10:18:38",2875100
17500,200,100,"sd","10:18:30",2866800
17500,200,500,"sd","10:18:19",2866700
17500,200,400,"sd","10:18:16",2866200
17500,200,8000,"sd","10:17:55",2865800
17600,300,5500,"bu","10:17:37",2857800
17500,200,200,"sd","10:17:36",2852300
17500,200,8600,"sd","10:17:14",2852100
17600,300,100,"bu","10:17:05",2843500
17600,300,700,"bu","10:16:49",2843400
17500,200,100,"sd","10:16:48",2842700
17600,300,1000,"bu","10:16:44",2842600
17600,300,200,"bu","10:16:34",2841600
17500,200,8400,"sd","10:16:31",2841400
17600,300,5000,"bu","10:15:55",2833000
17600,300,100,"bu","10:15:54",2828000
17600,300,10000,"bu","10:15:49",2827900
17500,200,8500,"sd","10:15:47",2817900
17600,300,2900,"bu","10:15:39",2809400
17600,300,1200,"bu","10:15:20",2806500
17600,300,1000,"bu","10:15:08",2805300
17500,200,8400,"sd","10:15:04",2804300
17600,300,2400,"bu","10:14:51",2795900
17500,200,1500,"sd","10:14:31",2793500
17500,200,100,"sd","10:14:29",2792000
17500,200,1000,"sd","10:14:23",2791900
17500,200,8200,"sd","10:14:20",2790900
17600,300,100,"bu","10:14:15",2782700
17600,300,4000,"bu","10:14:12",2782600
17500,200,1000,"sd","10:14:11",2778600
17600,300,200,"bu","10:14:06",2777600
17500,200,700,"sd","10:13:59",2777400
17500,200,3000,"sd","10:13:56",2776700
17500,200,300,"sd","10:13:53",2773700
17600,300,800,"bu","10:13:40",2773400
17500,200,8600,"sd","10:13:38",2772600
17500,200,2000,"sd","10:13:37",2764000
17500,200,2000,"sd","10:13:34",2762000
17500,200,1500,"sd","10:13:31",2760000
17500,200,5600,"sd","10:13:12",2758500
17600,300,1000,"bu","10:13:07",2752900
17500,200,8000,"sd","10:12:54",2751900
17500,200,200,"sd","10:12:53",2743900
17600,300,500,"bu","10:12:50",2743700
17500,200,100,"sd","10:12:36",2743200
17500,200,1000,"sd","10:12:27",2743100
17500,200,100,"sd","10:12:26",2742100
17500,200,8000,"sd","10:12:13",2742000
17500,200,9000,"sd","10:12:11",2734000
17500,200,3000,"sd","10:12:04",2725000
17500,200,400,"sd","10:12:03",2722000
17500,200,600,"sd","10:11:54",2721600
17500,200,200,"sd","10:11:45",2721000
17500,200,8400,"sd","10:11:32",2720800
17500,200,10000,"sd","10:11:25",2712400
17500,200,100,"sd","10:10:54",2702400
17500,200,9300,"sd","10:10:50",2702300
17500,200,1000,"sd","10:10:48",2693000
17500,200,5000,"sd","10:10:29",2692000
17500,200,50000,"sd","10:10:25",2687000
17500,200,7800,"sd","10:10:02",2637000
17600,300,1000,"bu","10:10:00",2629200
17600,300,200,"bu","10:09:47",2628200
17600,300,1000,"bu","10:09:40",2628000
17500,200,8600,"sd","10:09:22",2627000
17600,300,100,"bu","10:09:01",2618400
17600,300,700,"bu","10:08:57",2618300
17600,300,1800,"bu","10:08:56",2617600
17600,300,900,"bu","10:08:52",2615800
17500,200,8200,"sd","10:08:39",2614900
17600,300,1500,"bu","10:08:35",2606700
17600,300,800,"bu","03:08:33",2605200
17600,300,500,"bu","10:08:29",2604400
17600,300,500,"bu","10:08:25",2603900
17600,300,6500,"bu","10:08:20",2603400
17600,300,2000,"bu","10:08:06",2596900
17500,200,8200,"sd","10:07:57",2594900
17500,200,10000,"sd","10:07:43",2586700
17600,300,100,"bu","10:07:42",2576700
17600,300,20000,"bu","10:07:38",2576600
17600,300,500,"bu","10:07:23",2556600
17600,300,100,"bu","10:07:22",2556100
17600,300,900,"bu","10:07:17",2556000
17500,200,8100,"sd","10:07:14",2555100
17600,300,10000,"bu","10:06:55",2547000
17600,300,5000,"bu","10:06:53",2537000
17600,300,5000,"bu","10:06:48",2532000
17500,200,8900,"sd","10:06:33",2527000
17600,300,200,"bu","10:06:28",2518100
17600,300,300,"bu","10:06:00",2517900
17600,300,400,"bu","10:05:54",2517600
17500,200,8000,"sd","10:05:52",2517200
17600,300,100,"bu","10:05:51",2509200
17500,200,200,"sd","10:05:50",2509100
17600,300,2000,"bu","10:05:46",2508900
17600,300,4000,"bu","10:05:44",2506900
17600,300,20400,"bu","10:05:38",2502900
17600,300,20000,"bu","10:05:34",2482500
17600,300,10000,"bu","10:05:19",2462500
17500,200,8700,"sd","10:05:11",2452500
17600,300,8900,"bu","10:05:06",2443800
17500,200,100,"sd","10:05:04",2434900
17600,300,1000,"bu","10:05:03",2434800
17500,200,1000,"sd","10:04:47",2433800
17500,200,3000,"sd","10:04:37",2432800
17600,300,800,"bu","10:04:34",2429800
17500,200,200,"sd","10:04:32",2429000
17500,200,500,"sd","10:04:15",2428800
17600,300,500,"bu","10:04:12",2428300
17500,200,3000,"sd","10:04:05",2427800
17600,300,1000,"bu","10:04:04",2424800
17600,300,5000,"bu","10:03:51",2423800
17500,200,100,"sd","10:03:50",2418800
17500,200,500,"sd","10:03:49",2418700
17500,200,20000,"sd","10:03:47",2418200
17500,200,10000,"sd","10:03:40",2398200
17500,200,40700,"bu","10:03:35",2388200
17500,200,10700,"bu","10:03:34",2347500
17500,200,12800,"bu","10:03:33",2336800
17500,200,4500,"bu","10:03:32",2324000
17500,200,3500,"bu","10:03:31",2319500
17500,200,4800,"bu","10:03:30",2316000
17500,200,8200,"bu","10:03:29",2311200
17500,200,3800,"bu","10:03:28",2303000
17500,200,73400,"bu","10:03:27",2299200
17500,200,5000,"bu","10:03:25",2225800
17500,200,10000,"bu","10:03:23",2220800
17500,200,1200,"bu","10:03:20",2210800
17500,200,3000,"bu","10:03:19",2209600
17500,200,10500,"bu","10:03:18",2206600
17500,200,1100,"bu","10:03:17",2196100
17500,200,22500,"bu","10:03:15",2195000
17500,200,500,"bu","10:03:14",2172500
17500,200,5000,"bu","10:03:11",2172000
17500,200,500,"bu","10:03:10",2167000
17500,200,3000,"bu","10:03:06",2166500
17500,200,900,"bu","10:03:04",2163500
17500,200,10000,"bu","10:03:02",2162600
17500,200,200,"bu","10:03:01",2152600
17500,200,2000,"bu","10:03:00",2152400
17500,200,4800,"bu","10:02:59",2150400
17500,200,10100,"bu","10:02:58",2145600
17500,200,3500,"bu","10:02:56",2135500
17500,200,13600,"bu","10:02:54",2132000
17500,200,100,"bu","10:02:52",2118400
17500,200,3000,"bu","10:02:49",2118300
17500,200,300,"bu","10:02:46",2115300
17500,200,900,"bu","10:02:42",2115000
17500,200,23600,"bu","10:02:36",2114100
17500,200,3000,"bu","10:02:26",2090500
17500,200,10900,"bu","10:02:25",2087500
17500,200,7300,"bu","10:02:21",2076600
17500,200,900,"bu","10:02:18",2069300
17500,200,400,"bu","10:02:17",2068400
17500,200,15000,"bu","10:02:14",2068000
17500,200,400,"bu","10:02:10",2053000
17500,200,20000,"bu","10:02:01",2052600
17500,200,10000,"bu","10:01:57",2032600
17500,200,5000,"bu","10:01:56",2022600
17500,200,3000,"bu","10:01:44",2017600
17400,100,17400,"sd","10:01:38",2014600
17500,200,200,"bu","10:01:35",1997200
17500,200,300,"bu","10:01:33",1997000
17500,200,1000,"bu","10:01:13",1996700
17400,100,8900,"sd","10:00:55",1995700
17500,200,1000,"bu","10:00:54",1986800
17500,200,3000,"bu","10:00:49",1985800
17500,200,5000,"bu","10:00:25",1982800
17400,100,8000,"sd","10:00:10",1977800
17400,100,100,"sd","09:59:58",1969800
17400,100,8000,"sd","09:59:29",1969700
17400,100,2000,"sd","09:59:18",1961700
17400,100,8200,"sd","09:58:48",1959700
17400,100,300,"sd","09:58:22",1951500
17500,200,100,"bu","09:58:18",1951200
17500,200,1000,"bu","09:58:09",1951100
17400,100,8300,"sd","09:58:06",1950100
17500,200,5700,"bu","09:58:00",1941800
17400,100,200,"sd","09:57:39",1936100
17400,100,8500,"sd","09:57:23",1935900
17400,100,200,"sd","09:57:07",1927400
17400,100,8100,"sd","09:56:40",1927200
17500,200,1000,"bu","09:56:35",1919100
17500,200,100,"bu","09:56:21",1918100
17500,200,3400,"bu","09:56:15",1918000
17500,200,100,"bu","09:56:08",1914600
17500,200,100,"bu","09:56:05",1914500
17500,200,1000,"bu","09:55:59",1914400
17400,100,8500,"sd","09:55:58",1913400
17500,200,200,"bu","09:55:49",1904900
17500,200,800,"bu","09:55:44",1904700
17400,100,1300,"sd","09:55:32",1903900
17400,100,8100,"sd","09:55:15",1902600
17400,100,1500,"sd","09:55:11",1894500
17400,100,300,"sd","09:55:10",1893000
17400,100,1000,"sd","09:54:41",1892700
17400,100,8100,"sd","09:54:34",1891700
17400,100,1000,"sd","09:54:08",1883600
17400,100,1100,"sd","09:54:00",1882600
17400,100,8000,"sd","09:53:52",1881500
17400,100,2000,"sd","09:53:49",1873500
17400,100,400,"sd","09:53:38",1871500
17400,100,4000,"sd","09:53:26",1871100
17400,100,8600,"sd","09:53:11",1867100
17400,100,1500,"sd","09:53:05",1858500
17400,100,300,"sd","09:52:40",1857000
17400,100,9100,"sd","09:52:27",1856700
17400,100,8300,"sd","09:51:40",1847600
17500,200,10000,"bu","09:51:29",1839300
17500,200,1000,"bu","09:51:20",1829300
17500,200,1000,"bu","09:51:07",1828300
17400,100,8000,"sd","09:50:58",1827300
17500,200,1000,"bu","09:50:51",1819300
17500,200,10000,"bu","09:50:39",1818300
17500,200,1000,"bu","09:50:36",1808300
17500,200,100,"bu","09:50:28",1807300
17400,100,8500,"sd","09:50:17",1807200
17500,200,1000,"bu","09:50:10",1798700
17500,200,10000,"bu","09:50:03",1797700
17500,200,1000,"bu","09:49:47",1787700
17400,100,8100,"sd","09:49:33",1786700
17500,200,500,"bu","09:49:11",1778600
17400,100,8300,"sd","09:48:52",1778100
17400,100,100,"sd","09:48:40",1769800
17500,200,1000,"bu","09:48:25",1769700
17400,100,8100,"sd","09:48:10",1768700
17400,100,7900,"sd","09:47:28",1760600
17400,100,8100,"sd","09:46:46",1752700
17500,200,200,"bu","09:46:38",1744600
17500,200,100,"bu","09:46:32",1744400
17500,200,500,"bu","09:46:21",1744300
17500,200,6600,"bu","09:46:19",1743800
17400,100,7900,"sd","09:46:05",1737200
17500,200,300,"bu","09:46:04",1729300
17500,200,100,"bu","09:45:59",1729000
17500,200,2000,"bu","09:45:33",1728900
17400,100,8000,"sd","09:45:25",1726900
17500,200,500,"bu","09:45:06",1718900
17500,200,5000,"bu","09:44:50",1718400
17500,200,1600,"bu","09:44:41",1713400
17500,200,1000,"bu","09:44:36",1711800
17500,200,5800,"bu","09:44:20",1710800
17500,200,10000,"sd","09:44:13",1705000
17500,200,10000,"sd","09:44:11",1695000
17500,200,5000,"sd","09:44:00",1685000
17500,200,8100,"sd","09:43:59",1680000
17500,200,30000,"sd","09:43:57",1671900
17500,200,100,"sd","09:43:54",1641900
17500,200,500,"sd","09:43:47",1641800
17500,200,3000,"sd","09:43:41",1641300
17500,200,100,"sd","09:43:40",1638300
17500,200,400,"sd","09:43:24",1638200
17500,200,30000,"sd","09:43:23",1637800
17500,200,2000,"sd","09:43:21",1607800
17500,200,8200,"sd","09:43:18",1605800
17500,200,100,"sd","09:43:10",1597600
17500,200,1000,"sd","09:42:42",1597500
17500,200,900,"sd","09:42:39",1596500
17500,200,3800,"sd","09:42:34",1595600
17500,200,3000,"sd","09:42:17",1591800
17500,200,500,"sd","09:42:15",1588800
17500,200,30000,"sd","09:42:14",1588300
17500,200,200,"sd","09:42:13",1558300
17500,200,500,"sd","09:42:04",1558100
17500,200,1000,"sd","09:41:59",1557600
17500,200,25000,"sd","09:41:56",1556600
17500,200,25000,"sd","09:41:31",1531600
17600,300,500,"bu","09:41:20",1506600
17500,200,1700,"sd","09:41:07",1506100
17500,200,100,"sd","09:41:02",1504400
17600,300,2200,"bu","09:40:51",1504300
17500,200,500,"sd","09:40:35",1502100
17500,200,1000,"sd","09:40:31",1501600
17500,200,2000,"sd","09:40:28",1500600
17500,200,8000,"sd","09:40:19",1498600
17500,200,500,"sd","09:40:15",1490600
17500,200,300,"sd","09:40:10",1490100
17500,200,200,"sd","09:39:45",1489800
17500,200,500,"sd","09:39:38",1489600
17600,300,7900,"bu","09:39:37",1489100
17500,200,4000,"sd","09:39:36",1481200
17500,200,3000,"sd","09:39:28",1477200
17500,200,39300,"sd","09:39:19",1474200
17500,200,100,"sd","09:39:16",1434900
17500,200,200,"sd","09:39:14",1434800
17500,200,700,"sd","09:39:10",1434600
17500,200,11200,"sd","09:39:07",1433900
17500,200,93300,"sd","09:39:04",1422700
17500,200,2000,"bu","09:39:00",1329400
17500,200,2100,"bu","09:38:52",1327400
17500,200,10800,"bu","09:38:49",1325300
17500,200,113000,"bu","09:38:45",1314500
17500,200,300,"bu","09:38:44",1201500
17500,200,40000,"bu","09:38:41",1201200
17500,200,1000,"bu","09:38:37",1161200
17500,200,2300,"bu","09:38:27",1160200
17500,200,700,"bu","09:38:20",1157900
17500,200,100,"bu","09:38:16",1157200
17500,200,200,"bu","09:38:06",1157100
17500,200,300,"bu","09:37:59",1156900
17400,100,1000,"sd","09:37:54",1156600
17500,200,10000,"bu","09:37:50",1155600
17500,200,20000,"bu","09:37:48",1145600
17400,100,200,"sd","09:37:39",1125600
17500,200,100,"bu","09:37:38",1125400
17500,200,500,"bu","09:37:37",1125300
17400,100,500,"sd","09:37:31",1124800
17500,200,200,"bu","09:37:29",1124300
17500,200,500,"bu","09:37:27",1124100
17500,200,200,"bu","09:37:24",1123600
17500,200,600,"bu","09:37:09",1123400
17500,200,100,"bu","09:37:05",1122800
17500,200,10000,"bu","09:37:04",1122700
17500,200,1000,"bu","09:37:03",1112700
17500,200,16000,"bu","09:36:57",1111700
17500,200,500,"bu","09:36:56",1095700
17500,200,1300,"bu","09:36:55",1095200
17500,200,10000,"bu","09:36:53",1093900
17500,200,300,"bu","09:36:52",1083900
17500,200,5500,"bu","09:36:48",1083600
17500,200,1000,"bu","09:36:39",1078100
17500,200,500,"bu","09:36:38",1077100
17500,200,1500,"bu","09:36:37",1076600
17500,200,1000,"bu","09:36:34",1075100
17500,200,200,"bu","09:36:27",1074100
17500,200,100,"bu","09:36:24",1073900
17400,100,100,"sd","09:36:04",1073800
17400,100,400,"sd","09:35:58",1073700
17500,200,2000,"bu","09:35:57",1073300
17400,100,400,"sd","09:35:50",1071300
17400,100,1700,"sd","09:35:43",1070900
17500,200,300,"bu","09:35:39",1069200
17500,200,400,"bu","09:35:35",1068900
17500,200,200,"bu","09:35:29",1068500
17500,200,13800,"bu","09:35:15",1068300
17400,100,39500,"sd","09:35:14",1054500
17500,200,4200,"bu","09:35:13",1015000
17400,100,1500,"sd","09:35:10",1010800
17500,200,7000,"bu","09:34:54",1009300
17400,100,7000,"sd","09:34:44",1002300
17500,200,1000,"bu","09:34:33",995300
17400,100,44000,"sd","09:34:28",994300
17500,200,2400,"bu","09:34:24",950300
17400,100,3000,"sd","09:34:13",947900
17400,100,900,"sd","09:34:02",944900
17500,200,1000,"bu","09:33:58",944000
17500,200,8000,"bu","09:33:54",943000
17500,200,100,"bu","09:33:23",935000
17400,100,3000,"sd","09:33:12",934900
17500,200,100,"bu","09:33:10",931900
17500,200,2000,"bu","09:33:09",931800
17400,100,100,"sd","09:33:08",929800
17500,200,1500,"bu","09:33:00",929700
17500,200,5000,"bu","09:32:35",928200
17500,200,400,"bu","09:32:21",923200
17500,200,4000,"bu","09:32:08",922800
17400,100,300,"sd","09:31:40",918800
17400,100,2000,"sd","09:31:33",918500
17400,100,1100,"sd","09:31:05",916500
17400,100,6100,"sd","09:30:55",915400
17500,200,100,"bu","09:30:40",909300
17500,200,100,"bu","09:30:33",909200
17500,200,100,"bu","09:30:28",909100
17500,200,200,"bu","09:30:17",909000
17500,200,500,"bu","09:29:56",908800
17400,100,300,"sd","09:29:10",908300
17400,100,2000,"sd","09:28:59",908000
17500,200,500,"bu","09:28:41",906000
17500,200,5000,"bu","09:28:36",905500
17400,100,1000,"sd","09:28:32",900500
17500,200,500,"bu","09:28:24",899500
17400,100,500,"sd","09:28:16",899000
17500,200,3000,"bu","09:28:13",898500
17500,200,7000,"bu","09:27:42",895500
17500,200,200,"bu","09:27:38",888500
17500,200,900,"bu","09:27:31",888300
17500,200,200,"bu","09:27:23",887400
17500,200,2000,"bu","09:27:22",887200
17500,200,500,"bu","09:27:00",885200
17500,200,500,"bu","09:26:45",884700
17500,200,400,"bu","09:26:32",884200
17500,200,10000,"bu","09:26:22",883800
17400,100,11000,"sd","09:26:20",873800
17500,200,500,"bu","09:26:03",862800
17500,200,300,"bu","09:26:02",862300
17500,200,200,"bu","09:26:01",862000
17400,100,20500,"sd","09:25:44",861800
17500,200,100,"bu","09:25:34",841300
17500,200,4400,"bu","09:25:28",841200
17500,200,500,"bu","09:25:24",836800
17500,200,100,"bu","09:25:23",836300
17500,200,10000,"bu","09:25:18",836200
17500,200,200,"bu","09:25:13",826200
17500,200,300,"bu","09:25:04",826000
17500,200,100,"bu","09:25:03",825700
17500,200,500,"bu","09:24:58",825600
17500,200,20000,"bu","09:24:52",825100
17500,200,100,"bu","09:24:46",805100
17400,100,7000,"sd","09:24:42",805000
17500,200,500,"bu","09:24:27",798000
17500,200,8000,"bu","09:23:53",797500
17500,200,300,"bu","09:23:26",789500
17500,200,100,"bu","09:23:11",789200
17500,200,100,"bu","09:23:10",789100
17500,200,1900,"bu","09:22:49",789000
17500,200,600,"bu","09:22:24",787100
17500,200,400,"bu","09:22:11",786500
17500,200,1000,"bu","09:21:52",786100
17400,100,1000,"sd","09:21:41",785100
17500,200,200,"bu","09:21:21",784100
17500,200,3000,"bu","09:21:14",783900
17500,200,500,"bu","09:21:13",780900
17500,200,700,"bu","09:21:07",780400
17500,200,100,"bu","09:20:48",779700
17500,200,700,"bu","09:20:46",779600
17500,200,1000,"bu","09:20:44",778900
17500,200,1000,"bu","09:20:37",777900
17500,200,400,"bu","09:20:34",776900
17500,200,2000,"bu","09:20:12",776500
17500,200,500,"bu","09:20:07",774500
17500,200,200,"bu","09:20:03",774000
17500,200,20000,"bu","09:19:45",773800
17500,200,1000,"bu","09:19:34",753800
17400,100,1000,"sd","09:19:25",752800
17500,200,500,"bu","09:19:07",751800
17500,200,100,"bu","09:18:36",751300
17500,200,1000,"bu","09:18:34",751200
17400,100,2000,"sd","09:18:32",750200
17500,200,1500,"bu","09:18:29",748200
17500,200,500,"bu","09:18:28",746700
17500,200,5500,"sd","09:18:01",746200
17500,200,1000,"sd","09:17:52",740700
17500,200,200,"sd","09:17:50",739700
17500,200,500,"sd","09:17:33",739500
17500,200,100,"sd","09:17:31",739000
17500,200,5000,"sd","09:17:30",738900
17500,200,100,"sd","09:17:24",733900
17500,200,2000,"sd","09:17:14",733800
17500,200,500,"sd","09:17:13",731800
17500,200,400,"sd","09:17:10",731300
17500,200,400,"sd","09:17:08",730900
17500,200,1000,"bu","09:17:07",730500
17500,200,300,"bu","09:17:06",729500
17500,200,100,"bu","09:17:00",729200
17500,200,100,"bu","09:16:59",729100
17500,200,500,"bu","09:16:55",729000
17500,200,2000,"bu","09:16:52",728500
17500,200,2700,"bu","09:16:45",726500
17500,200,1700,"bu","09:16:43",723800
17500,200,500,"bu","09:16:35",722100
17500,200,1400,"bu","09:16:30",721600
17500,200,500,"bu","09:16:25",720200
17500,200,100,"bu","09:16:23",719700
17500,200,14000,"bu","09:16:19",719600
17500,200,6000,"bu","09:16:15",705600
17500,200,500,"bu","09:16:06",699600
17500,200,2000,"bu","09:16:05",699100
17500,200,900,"bu","09:16:01",697100
17500,200,5200,"bu","09:16:00",696200
17500,200,100,"bu","09:15:50",691000
17500,200,400,"bu","09:15:46",690900
17500,200,11000,"bu","09:15:42",690500
17500,200,500,"bu","09:15:39",679500
17500,200,300,"bu","09:15:38",679000
17500,200,10000,"bu","09:15:34",678700
17500,200,5000,"bu","09:15:32",668700
17500,200,500,"bu","09:15:29",663700
17500,200,200,"bu","09:15:20",663200
17500,200,4000,"bu","09:15:15",663000
17500,200,20000,"bu","09:15:04",659000
17500,200,1500,"bu","09:14:55",639000
17500,200,11100,"sd","09:14:52",637500
17500,200,10000,"sd","09:14:50",626400
17500,200,1000,"sd","09:14:33",616400
17500,200,1000,"sd","09:14:31",615400
17500,200,5600,"sd","09:14:20",614400
17500,200,1700,"sd","09:14:16",608800
17500,200,500,"sd","09:14:14",607100
17500,200,500,"sd","09:13:53",606600
17500,200,100,"bu","09:13:52",606100
17500,200,800,"bu","09:13:50",606000
17500,200,1000,"bu","09:13:40",605200
17500,200,6000,"bu","09:13:38",604200
17500,200,5000,"bu","09:13:36",598200
17500,200,1000,"bu","09:13:35",593200
17500,200,1000,"bu","09:13:26",592200
17500,200,2000,"bu","09:13:25",591200
17500,200,300,"bu","09:13:23",589200
17500,200,100,"bu","09:13:18",588900
17500,200,8200,"bu","09:13:17",588800
17500,200,200,"sd","09:13:11",580600
17500,200,300,"sd","09:13:01",580400
17500,200,3000,"sd","09:12:59",580100
17500,200,2100,"bu","09:12:58",577100
17500,200,300,"bu","09:12:54",575000
17500,200,2700,"unknown","09:12:26",574700
17500,200,100,"sd","09:12:21",572000
17500,200,300,"bu","09:12:02",571900
17500,200,700,"bu","09:11:54",571600
17500,200,2000,"sd","09:11:53",570900
17500,200,5000,"unknown","09:11:49",568900
17500,200,5600,"bu","09:11:47",563900
17500,200,100,"bu","09:11:34",558300
17500,200,1000,"bu","09:11:26",558200
17500,200,30000,"bu","09:11:24",557200
17500,200,100,"bu","09:11:07",527200
17500,200,200,"bu","09:10:56",527100
17500,200,4000,"bu","09:10:38",526900
17500,200,2000,"bu","09:10:35",522900
17500,200,300,"bu","09:10:28",520900
17500,200,500,"bu","09:10:05",520600
17500,200,200,"bu","09:10:02",520100
17500,200,500,"bu","09:09:57",519900
17500,200,5000,"bu","09:09:55",519400
17500,200,300,"bu","09:09:50",514400
17500,200,100,"bu","09:09:39",514100
17500,200,17400,"bu","09:09:35",514000
17500,200,3300,"sd","09:09:23",496600
17500,200,100,"bu","09:09:08",493300
17500,200,4000,"bu","09:09:07",493200
17500,200,500,"bu","09:09:06",489200
17400,100,1000,"sd","09:09:03",488700
17500,200,200,"bu","09:08:59",487700
17500,200,1000,"bu","09:08:57",487500
17500,200,800,"bu","09:08:56",486500
17500,200,11000,"bu","09:08:55",485700
17500,200,2000,"bu","09:08:53",474700
17500,200,800,"bu","09:08:52",472700
17500,200,2900,"bu","09:08:51",471900
17500,200,17200,"bu","09:08:47",469000
17500,200,1000,"bu","09:08:37",451800
17500,200,1000,"bu","09:08:35",450800
17500,200,100,"bu","09:08:28",449800
17500,200,1000,"bu","09:08:24",449700
17500,200,2100,"bu","09:08:21",448700
17500,200,1000,"bu","09:08:15",446600
17500,200,50000,"bu","09:08:04",445600
17500,200,900,"bu","09:07:34",395600
17500,200,200,"bu","09:07:30",394700
17500,200,50000,"bu","09:07:22",394500
17500,200,200,"bu","09:07:19",344500
17500,200,100,"bu","09:07:18",344300
17500,200,56300,"bu","09:07:14",344200
17500,200,500,"sd","09:07:13",287900
17500,200,4000,"sd","09:07:12",287400
17500,200,1000,"sd","09:07:09",283400
17500,200,1000,"sd","09:07:07",282400
17500,200,3000,"sd","09:07:02",281400
17500,200,11000,"sd","09:07:00",278400
17500,200,300,"sd","09:06:56",267400
17500,200,2000,"sd","09:06:53",267100
17500,200,100,"sd","09:06:52",265100
17500,200,10000,"sd","09:06:51",265000
17500,200,60000,"sd","09:06:49",255000
17500,200,2000,"sd","09:06:48",195000
17500,200,200,"sd","09:06:47",193000
17500,200,2700,"sd","09:06:29",192800
17500,200,100,"sd","09:06:22",190100
17500,200,100,"sd","09:06:19",190000
17500,200,500,"sd","09:06:08",189900
17500,200,10000,"sd","09:06:07",189400
17600,300,1000,"bu","09:05:29",179400
17500,200,5900,"sd","09:05:23",178400
17600,300,2000,"bu","09:05:12",172500
17600,300,300,"bu","09:05:01",170500
17500,200,3000,"sd","09:04:30",170200
17600,300,1000,"bu","09:04:06",167200
17600,300,100,"bu","09:03:59",166200
17600,300,500,"bu","09:03:55",166100
17600,300,300,"bu","09:03:47",165600
17600,300,500,"bu","09:03:45",165300
17600,300,2000,"bu","09:03:38",164800
17600,300,900,"bu","09:03:29",162800
17600,300,1000,"bu","09:03:07",161900
17500,200,10000,"sd","09:03:00",160900
17500,200,100,"sd","09:02:33",150900
17600,300,5000,"bu","09:02:30",150800
17600,300,500,"bu","09:02:17",145800
17500,200,200,"sd","09:02:08",145300
17500,200,100,"sd","09:01:52",145100
17500,200,10500,"sd","09:01:44",145000
17500,200,100,"sd","09:01:43",134500
17500,200,400,"sd","09:01:30",134400
17500,200,2000,"sd","09:01:29",134000
17500,200,500,"sd","09:01:27",132000
17500,200,1500,"sd","09:01:20",131500
17500,200,200,"sd","09:01:17",130000
17500,200,21200,"sd","09:01:15",129800
17500,200,4000,"bu","09:01:14",108600
17500,200,10000,"bu","09:01:13",104600
17500,200,8000,"bu","09:01:11",94600
17500,200,200,"bu","09:01:10",86600
17500,200,500,"bu","09:01:07",86400
17500,200,1000,"bu","09:01:05",85900
17500,200,1000,"bu","09:01:04",84900
17500,200,5200,"bu","09:01:02",83900
17500,200,5000,"bu","09:01:01",78700
17500,200,4900,"bu","09:00:56",73700
17500,200,10000,"bu","09:00:51",68800
17500,200,500,"bu","09:00:44",58800
17500,200,3000,"bu","09:00:40",58300
17500,200,1900,"bu","09:00:39",55300
17500,200,2000,"bu","09:00:35",53400
17500,200,500,"bu","09:00:33",51400
17500,200,3200,"bu","09:00:31",50900
17500,200,1600,"bu","09:00:29",47700
17500,200,700,"bu","09:00:28",46100
17500,200,6400,"bu","09:00:23",45400
17400,100,26900,"sd","09:00:20",39000
17500,200,2200,"bu","09:00:19",12100
17500,200,100,"bu","09:00:18",9900
17500,200,600,"bu","09:00:17",9800
17500,200,100,"bu","09:00:15",9200
17500,200,2300,"bu","09:00:14",9100
17500,200,1500,"bu","09:00:10",6800
17500,200,3400,"bu","09:00:07",5300
17500,200,500,"bu","09:00:06",1900
17500,200,1000,"sd","09:00:04",1400
17400,100,400,"sd","02:00:03",400
