"price","change","match_qtty","side","time","total_vol"
9140,260,172000,"bu","14:45:02",2776000
9130,250,400,"bu","14:29:58",2604000
9130,250,100,"bu","14:29:58",2603600
9130,250,200,"bu","14:29:58",2603500
9130,250,500,"bu","14:29:55",2603300
9130,250,500,"bu","14:29:55",2602800
9120,240,2200,"sd","14:29:41",2602300
9120,240,1700,"sd","14:29:41",2600100
9120,240,2600,"sd","14:29:41",2598400
9120,240,100,"sd","14:29:41",2595800
9120,240,400,"sd","14:29:41",2595700
9130,250,1500,"sd","14:29:37",2595300
9130,250,5000,"bu","14:29:33",2593800
9130,250,400,"bu","14:29:33",2588800
9130,250,200,"bu","14:29:33",2588400
9130,250,1000,"bu","14:29:33",2588200
9130,250,500,"bu","14:29:33",2587200
9130,250,100,"bu","14:29:33",2586700
9130,250,1300,"bu","14:29:33",2586600
9130,250,700,"bu","14:29:32",2585300
9130,250,100,"bu","14:29:32",2584600
9130,250,200,"bu","14:29:32",2584500
9130,250,2000,"bu","14:29:26",2584300
9130,250,500,"bu","14:29:20",2582300
9130,250,500,"bu","14:29:10",2581800
9130,250,1800,"bu","14:29:00",2581300
9130,250,700,"bu","14:29:00",2579500
9130,250,500,"bu","14:29:00",2578800
9130,250,5000,"bu","14:29:00",2578300
9130,250,6300,"bu","14:29:00",2573300
9130,250,200,"bu","14:29:00",2567000
9130,250,1000,"bu","14:29:00",2566800
9130,250,500,"bu","14:29:00",2565800
9130,250,18000,"bu","14:29:00",2565300
9130,250,1000,"bu","14:28:49",2547300
9130,250,1000,"bu","14:28:44",2546300
9120,240,400,"sd","14:28:41",2545300
9120,240,400,"sd","14:28:41",2544900
9120,240,200,"sd","14:28:41",2544500
9120,240,2100,"sd","14:28:41",2544300
9120,240,3500,"sd","14:28:41",2542200
9120,240,1000,"sd","14:28:38",2538700
9120,240,300,"sd","14:28:15",2537700
9120,240,5000,"sd","14:28:11",2537400
9120,240,500,"sd","14:28:07",2532400
9120,240,100,"sd","14:28:00",2531900
9120,240,9600,"sd","14:27:51",2531800
9120,240,400,"sd","14:27:51",2522200
9120,240,2000,"sd","14:27:47",2521800
9120,240,100,"sd","14:27:45",2519800
9120,240,500,"sd","14:27:38",2519700
9120,240,100,"sd","14:27:38",2519200
9120,240,1000,"sd","14:27:36",2519100
9120,240,1700,"sd","14:27:36",2518100
9120,240,3000,"sd","14:27:36",2516400
9120,240,5000,"sd","14:27:36",2513400
9120,240,100,"sd","14:27:36",2508400
9120,240,100,"sd","14:27:36",2508300
9120,240,900,"sd","14:27:36",2508200
9120,240,200,"sd","14:27:36",2507300
9120,240,2000,"sd","14:27:36",2507100
9120,240,300,"sd","14:27:36",2505100
9120,240,100,"sd","14:27:36",2504800
9120,240,100,"sd","14:27:36",2504700
9120,240,500,"sd","14:27:36",2504600
9120,240,700,"sd","14:27:18",2504100
9120,240,200,"sd","14:27:12",2503400
9120,240,200,"sd","14:27:07",2503200
9120,240,1000,"sd","14:27:00",2503000
9120,240,200,"sd","14:26:53",2502000
9120,240,1000,"sd","14:26:46",2501800
9120,240,5000,"sd","14:26:38",2500800
9120,240,1000,"sd","14:26:25",2495800
9120,240,400,"sd","14:26:18",2494800
9120,240,4000,"sd","14:26:08",2494400
9120,240,700,"sd","14:25:43",2490400
9120,240,100,"sd","14:25:32",2489700
9120,240,5200,"sd","14:25:06",2489600
9120,240,200,"sd","14:25:06",2484400
9120,240,4600,"sd","14:25:06",2484200
9120,240,100,"sd","14:25:03",2479600
9120,240,300,"sd","14:24:52",2479500
9120,240,9700,"sd","14:24:52",2479200
9120,240,500,"sd","14:24:49",2469500
9120,240,100,"sd","14:24:48",2469000
9120,240,1100,"sd","14:24:47",2468900
9120,240,2600,"sd","14:24:20",2467800
9120,240,900,"sd","14:24:20",2465200
9120,240,1500,"sd","14:24:20",2464300
9120,240,200,"sd","14:24:19",2462800
9120,240,6700,"sd","14:24:05",2462600
9120,240,3300,"sd","14:24:05",2455900
9120,240,2000,"sd","14:23:58",2452600
9120,240,1300,"sd","14:23:54",2450600
9120,240,400,"sd","14:23:54",2449300
9120,240,1000,"sd","14:23:47",2448900
9120,240,1000,"sd","14:23:06",2447900
9120,240,1600,"sd","14:23:04",2446900
9120,240,1100,"sd","14:23:04",2445300
9120,240,100,"sd","14:23:04",2444200
9120,240,500,"sd","14:23:04",2444100
9120,240,2000,"sd","14:23:04",2443600
9120,240,300,"sd","14:23:04",2441600
9120,240,5400,"sd","14:23:04",2441300
9120,240,500,"sd","14:23:04",2435900
9120,240,300,"sd","14:23:04",2435400
9120,240,3200,"sd","14:23:04",2435100
9120,240,1000,"sd","14:23:02",2431900
9120,240,100,"sd","14:23:00",2430900
9120,240,700,"sd","14:22:51",2430800
9120,240,1000,"sd","14:22:51",2430100
9120,240,2500,"sd","14:22:51",2429100
9130,250,100,"bu","14:22:47",2426600
9120,240,1000,"sd","14:22:43",2426500
9120,240,5000,"sd","14:22:33",2425500
9130,250,100,"bu","14:22:20",2420500
9130,250,700,"bu","14:22:20",2420400
9120,240,5000,"sd","14:22:16",2419700
9120,240,3000,"sd","14:22:15",2414700
9120,240,5000,"sd","14:21:56",2411700
9120,240,1000,"sd","14:21:52",2406700
9120,240,20000,"sd","14:21:40",2405700
9130,250,500,"bu","14:21:33",2385700
9120,240,100,"sd","14:21:26",2385200
9120,240,7400,"sd","14:20:58",2385100
9120,240,5000,"sd","14:20:58",2377700
9120,240,1900,"sd","14:20:58",2372700
9120,240,1000,"sd","14:20:58",2370800
9120,240,200,"sd","14:20:58",2369800
9120,240,5000,"sd","14:20:58",2369600
9120,240,2700,"sd","14:20:58",2364600
9130,250,100,"sd","14:20:54",2361900
9130,250,100,"sd","14:20:54",2361800
9130,250,1000,"sd","14:20:54",2361700
9130,250,400,"sd","14:20:54",2360700
9130,250,20000,"sd","14:20:54",2360300
9130,250,400,"sd","14:20:54",2340300
9130,250,500,"sd","14:20:46",2339900
9130,250,100,"sd","14:20:42",2339400
9130,250,1900,"sd","14:20:42",2339300
9140,260,100,"bu","14:20:32",2337400
9140,260,1000,"bu","14:20:16",2337300
9130,250,18100,"sd","14:20:15",2336300
9130,250,2000,"sd","14:20:15",2318200
9130,250,300,"sd","14:20:15",2316200
9130,250,8300,"sd","14:20:15",2315900
9140,260,1000,"bu","14:20:12",2307600
9130,250,1700,"sd","14:19:45",2306600
9130,250,5000,"sd","14:19:45",2304900
9130,250,2200,"sd","14:19:44",2299900
9130,250,1100,"sd","14:19:44",2297700
9140,260,100,"bu","14:19:41",2296600
9140,260,900,"bu","14:19:41",2296500
9140,260,100,"bu","14:19:33",2295600
9140,260,400,"bu","14:19:33",2295500
9140,260,200,"bu","14:19:33",2295100
9140,260,3200,"bu","14:19:33",2294900
9140,260,1000,"bu","14:19:09",2291700
9130,250,500,"sd","14:18:49",2290700
9130,250,1400,"sd","14:18:44",2290200
9130,250,3100,"sd","14:18:44",2288800
9140,260,500,"bu","14:18:44",2285700
9130,250,200,"sd","14:18:41",2285200
9140,260,100,"bu","14:18:41",2285000
9130,250,100,"sd","14:18:33",2284900
9130,250,1600,"bu","14:18:07",2284800
9130,250,2000,"bu","14:18:07",2283200
9130,250,2000,"sd","14:18:04",2281200
9130,250,1000,"sd","14:18:04",2279200
9130,250,300,"sd","14:18:04",2278200
9130,250,3100,"sd","14:18:04",2277900
9130,250,900,"sd","14:17:57",2274800
9130,250,100,"sd","14:17:57",2273900
9130,250,900,"bu","14:17:41",2273800
9130,250,100,"bu","14:17:38",2272900
9130,250,1300,"bu","14:17:19",2272800
9130,250,3800,"bu","14:17:19",2271500
9130,250,1800,"bu","14:17:16",2267700
9130,250,3200,"bu","14:17:16",2265900
9130,250,200,"bu","14:17:14",2262700
9130,250,100,"bu","14:17:14",2262500
9130,250,100,"bu","14:17:14",2262400
9130,250,100,"bu","14:17:05",2262300
9130,250,1000,"sd","14:16:35",2262200
9130,250,100,"sd","14:16:35",2261200
9130,250,900,"sd","14:16:30",2261100
9130,250,4100,"sd","14:16:30",2260200
9130,250,900,"sd","14:16:17",2256100
9130,250,4100,"sd","14:16:17",2255200
9130,250,3500,"sd","14:16:11",2251100
9130,250,500,"sd","14:16:11",2247600
9130,250,1900,"sd","14:16:11",2247100
9130,250,4200,"sd","14:15:41",2245200
9130,250,100,"bu","14:15:39",2241000
9130,250,100,"sd","14:15:38",2240900
9130,250,1000,"sd","14:15:38",2240800
9130,250,800,"sd","14:15:38",2239800
9130,250,200,"sd","14:15:34",2239000
9130,250,500,"sd","14:15:34",2238800
9130,250,2000,"sd","14:15:34",2238300
9130,250,1000,"sd","14:15:34",2236300
9130,250,3000,"sd","14:15:18",2235300
9130,250,1000,"bu","14:15:15",2232300
9130,250,100,"bu","14:15:11",2231300
9130,250,600,"bu","14:15:11",2231200
9130,250,1900,"bu","14:15:08",2230600
9130,250,100,"bu","14:15:08",2228700
9130,250,700,"bu","14:15:08",2228600
9130,250,1200,"bu","14:15:08",2227900
9130,250,1000,"bu","14:15:08",2226700
9130,250,1000,"bu","14:15:08",2225700
9130,250,1000,"bu","14:15:08",2224700
9130,250,900,"bu","14:15:08",2223700
9130,250,2200,"bu","14:15:08",2222800
9130,250,200,"bu","14:15:01",2220600
9130,250,100,"bu","14:15:01",2220400
9130,250,1400,"bu","14:15:01",2220300
9130,250,1000,"bu","14:15:01",2218900
9130,250,1200,"bu","14:15:01",2217900
9130,250,2800,"bu","14:15:01",2216700
9130,250,5800,"bu","14:15:01",2213900
9130,250,16700,"bu","14:15:01",2208100
9130,250,500,"bu","14:15:01",2191400
9130,250,1700,"bu","14:15:01",2190900
9130,250,100,"bu","14:15:01",2189200
9130,250,1000,"bu","14:15:01",2189100
9120,240,300,"sd","14:14:25",2188100
9120,240,700,"sd","14:14:25",2187800
9120,240,300,"sd","14:14:18",2187100
9120,240,2000,"sd","14:14:18",2186800
9120,240,500,"sd","14:14:18",2184800
9130,250,500,"bu","14:14:18",2184300
9130,250,200,"bu","14:13:56",2183800
9130,250,400,"bu","14:13:54",2183600
9120,240,600,"bu","14:13:54",2183200
9120,240,1000,"sd","14:13:51",2182600
9120,240,1000,"sd","14:13:51",2181600
9120,240,5000,"sd","14:13:51",2180600
9120,240,500,"sd","14:13:51",2175600
9120,240,4000,"sd","14:13:51",2175100
9120,240,100,"sd","14:13:51",2171100
9120,240,1000,"sd","14:13:51",2171000
9120,240,2500,"sd","14:13:51",2170000
9120,240,5000,"sd","14:13:51",2167500
9120,240,500,"sd","14:13:51",2162500
9120,240,3000,"sd","14:13:51",2162000
9120,240,500,"sd","14:13:51",2159000
9120,240,1000,"sd","14:13:51",2158500
9120,240,500,"sd","14:13:51",2157500
9120,240,5000,"sd","14:13:51",2157000
9120,240,800,"sd","14:13:51",2152000
9130,250,100,"bu","14:13:51",2151200
9130,250,100,"bu","14:13:22",2151100
9120,240,200,"sd","14:13:21",2151000
9120,240,500,"sd","14:13:21",2150800
9120,240,300,"sd","14:13:21",2150300
9120,240,2000,"sd","14:13:15",2150000
9120,240,8900,"sd","14:13:07",2148000
9120,240,4100,"sd","14:13:07",2139100
9130,250,200,"bu","14:13:00",2135000
9130,250,2000,"bu","14:12:36",2134800
9130,250,500,"bu","14:12:22",2132800
9130,250,200,"bu","14:12:14",2132300
9130,250,2800,"bu","14:12:14",2132100
9130,250,1000,"bu","14:11:56",2129300
9130,250,200,"bu","14:11:52",2128300
9130,250,1800,"bu","14:11:52",2128100
9130,250,500,"bu","14:11:51",2126300
9130,250,100,"bu","14:11:43",2125800
9120,240,100,"sd","14:11:38",2125700
9120,240,1100,"sd","14:11:18",2125600
9120,240,1000,"sd","14:11:13",2124500
9120,240,200,"sd","14:11:01",2123500
9120,240,5000,"sd","14:10:56",2123300
9130,250,5000,"bu","14:10:02",2118300
9130,250,800,"bu","14:09:41",2113300
9120,240,3000,"sd","14:09:31",2112500
9120,240,2000,"sd","14:09:26",2109500
9130,250,2000,"bu","14:09:24",2107500
9120,240,300,"sd","14:09:14",2105500
9120,240,3000,"bu","14:09:04",2105200
9120,240,200,"bu","14:09:04",2102200
9120,240,1000,"bu","14:09:03",2102000
9120,240,1800,"bu","14:08:55",2101000
9120,240,3200,"bu","14:08:55",2099200
9120,240,200,"bu","14:08:49",2096000
9120,240,100,"bu","14:08:48",2095800
9120,240,500,"bu","14:08:41",2095700
9120,240,100,"bu","14:08:38",2095200
9120,240,500,"bu","14:08:38",2095100
9120,240,800,"sd","14:08:33",2094600
9120,240,500,"sd","14:08:33",2093800
9120,240,100,"sd","14:08:33",2093300
9120,240,1600,"sd","14:08:33",2093200
9120,240,8800,"sd","14:08:33",2091600
9120,240,3200,"sd","14:08:33",2082800
9120,240,5000,"sd","14:08:33",2079600
9120,240,3000,"sd","14:08:33",2074600
9120,240,2300,"sd","14:08:33",2071600
9120,240,200,"sd","14:07:50",2069300
9120,240,2500,"sd","14:07:41",2069100
9120,240,200,"sd","14:07:41",2066600
9120,240,4500,"sd","14:07:41",2066400
9120,240,700,"sd","14:07:41",2061900
9120,240,100,"sd","14:07:41",2061200
9120,240,7000,"sd","14:07:41",2061100
9120,240,3000,"sd","14:07:41",2054100
9120,240,2000,"sd","14:07:41",2051100
9130,250,100,"bu","14:07:40",2049100
9120,240,5000,"sd","14:07:38",2049000
9120,240,10000,"sd","14:07:03",2044000
9120,240,3000,"bu","14:06:57",2034000
9120,240,8800,"bu","14:06:42",2031000
9120,240,500,"sd","14:06:35",2022200
9120,240,800,"sd","14:06:35",2021700
9120,240,2700,"sd","14:06:35",2020900
9120,240,100,"sd","14:06:35",2018200
9120,240,2000,"sd","14:06:32",2018100
9130,250,4700,"bu","14:05:26",2016100
9130,250,300,"bu","14:05:26",2011400
9120,240,5300,"bu","14:05:21",2011100
9120,240,700,"sd","14:05:15",2005800
9120,240,3500,"bu","14:05:04",2005100
9120,240,200,"bu","14:05:04",2001600
9120,240,1000,"bu","14:05:04",2001400
9120,240,1500,"bu","14:05:04",2000400
9120,240,100,"bu","14:05:04",1998900
9120,240,2000,"bu","14:05:04",1998800
9120,240,5000,"bu","14:05:04",1996800
9120,240,1600,"bu","14:05:04",1991800
9120,240,500,"bu","14:05:04",1990200
9120,240,1000,"bu","14:05:04",1989700
9120,240,100,"bu","14:05:04",1988700
9120,240,100,"bu","14:05:04",1988600
9120,240,200,"bu","14:05:01",1988500
9120,240,400,"bu","14:04:47",1988300
9110,230,1000,"sd","14:04:45",1987900
9110,230,200,"sd","14:04:39",1986900
9110,230,300,"sd","14:04:39",1986700
9110,230,100,"sd","14:04:38",1986400
9110,230,1000,"sd","14:04:37",1986300
9110,230,600,"sd","14:04:30",1985300
9110,230,100,"sd","14:04:27",1984700
9110,230,2900,"sd","14:03:59",1984600
9110,230,2000,"sd","14:03:59",1981700
9110,230,6100,"sd","14:03:59",1979700
9110,230,1900,"sd","14:03:22",1973600
9110,230,2000,"sd","14:03:22",1971700
9110,230,1100,"sd","14:03:22",1969700
9110,230,100,"sd","14:02:51",1968600
9110,230,500,"sd","14:02:25",1968500
9100,220,500,"sd","14:02:21",1968000
9100,220,3700,"sd","14:02:21",1967500
9100,220,5000,"sd","14:02:21",1963800
9100,220,500,"sd","14:02:21",1958800
9100,220,100,"sd","14:02:21",1958300
9100,220,200,"sd","14:02:21",1958200
9120,240,4400,"bu","14:02:18",1958000
9120,240,2000,"bu","14:02:18",1953600
9120,240,1900,"bu","14:02:18",1951600
9110,230,100,"bu","14:02:18",1949700
9110,230,500,"bu","14:02:18",1949600
9110,230,500,"bu","14:02:18",1949100
9110,230,600,"bu","14:02:18",1948600
9110,230,400,"bu","14:02:03",1948000
9110,230,600,"bu","14:02:03",1947600
9110,230,9400,"sd","14:01:27",1947000
9110,230,500,"bu","14:01:25",1937600
9110,230,100,"bu","14:01:25",1937100
9110,230,900,"sd","14:01:09",1937000
9110,230,100,"sd","14:01:02",1936100
9110,230,1900,"sd","14:01:02",1936000
9110,230,2100,"sd","14:00:58",1934100
9110,230,100,"sd","14:00:58",1932000
9110,230,500,"sd","14:00:58",1931900
9110,230,1700,"sd","14:00:58",1931400
9110,230,900,"sd","14:00:58",1929700
9110,230,100,"sd","14:00:58",1928800
9110,230,500,"sd","14:00:58",1928700
9110,230,200,"sd","14:00:58",1928200
9110,230,4900,"sd","14:00:58",1928000
9110,230,100,"sd","14:00:54",1923100
9110,230,100,"sd","14:00:42",1923000
9110,230,1000,"sd","14:00:36",1922900
9110,230,1500,"sd","14:00:35",1921900
9110,230,2400,"sd","14:00:27",1920400
9110,230,600,"sd","14:00:27",1918000
9110,230,100,"sd","14:00:25",1917400
9110,230,3100,"sd","14:00:18",1917300
9110,230,1700,"sd","14:00:18",1914200
9110,230,200,"sd","14:00:18",1912500
9110,230,100,"sd","14:00:17",1912300
9110,230,100,"sd","13:59:28",1912200
9110,230,300,"sd","13:59:28",1912100
9120,240,100,"bu","13:59:22",1911800
9120,240,100,"bu","13:59:22",1911700
9120,240,1000,"bu","13:59:22",1911600
9120,240,200,"bu","13:59:22",1910600
9120,240,200,"bu","13:59:22",1910400
9120,240,1000,"bu","13:59:22",1910200
9120,240,500,"bu","13:59:22",1909200
9120,240,900,"bu","13:59:22",1908700
9120,240,400,"bu","13:59:00",1907800
9120,240,200,"bu","13:58:47",1907400
9120,240,500,"bu","13:58:45",1907200
9120,240,300,"bu","13:58:41",1906700
9120,240,200,"bu","13:58:30",1906400
9120,240,100,"bu","13:57:40",1906200
9120,240,700,"bu","13:57:38",1906100
9120,240,200,"bu","13:57:28",1905400
9120,240,100,"bu","13:57:09",1905200
9110,230,500,"sd","13:57:06",1905100
9120,240,1000,"bu","13:56:17",1904600
9110,230,4200,"sd","13:56:11",1903600
9110,230,100,"sd","13:56:11",1899400
9110,230,1000,"sd","13:56:11",1899300
9110,230,3800,"sd","13:56:11",1898300
9110,230,900,"sd","13:56:11",1894500
9110,230,2400,"sd","13:56:02",1893600
9110,230,5000,"sd","13:56:02",1891200
9110,230,2600,"sd","13:56:02",1886200
9110,230,100,"sd","13:55:54",1883600
9110,230,500,"sd","13:55:51",1883500
9110,230,500,"sd","13:55:47",1883000
9110,230,500,"sd","13:55:46",1882500
9110,230,800,"sd","13:55:30",1882000
9110,230,200,"sd","13:55:30",1881200
9110,230,300,"sd","13:55:20",1881000
9110,230,100,"sd","13:55:20",1880700
9110,230,1600,"sd","13:55:20",1880600
9110,230,3400,"sd","13:55:18",1879000
9110,230,100,"sd","13:55:18",1875600
9110,230,1000,"sd","13:55:18",1875500
9110,230,500,"sd","13:55:18",1874500
9110,230,500,"sd","13:54:48",1874000
9120,240,100,"bu","13:54:22",1873500
9120,240,1200,"bu","13:54:22",1873400
9120,240,200,"bu","13:54:22",1872200
9120,240,1000,"bu","13:54:22",1872000
9120,240,1000,"bu","13:54:22",1871000
9120,240,1000,"bu","13:53:49",1870000
9120,240,1000,"bu","13:53:49",1869000
9120,240,3000,"bu","13:53:39",1868000
9120,240,100,"bu","13:53:35",1865000
9120,240,300,"sd","13:52:31",1864900
9120,240,1000,"sd","13:52:31",1864600
9120,240,1000,"sd","13:52:31",1863600
9120,240,10000,"sd","13:52:31",1862600
9120,240,5000,"sd","13:52:31",1852600
9120,240,100,"sd","13:52:31",1847600
9120,240,2700,"sd","13:52:31",1847500
9120,240,1000,"sd","13:52:28",1844800
9120,240,300,"sd","13:52:23",1843800
9120,240,300,"sd","13:52:23",1843500
9120,240,300,"sd","13:52:23",1843200
9120,240,300,"sd","13:52:22",1842900
9120,240,1000,"sd","13:52:21",1842600
9120,240,900,"sd","13:52:21",1841600
9120,240,4400,"sd","13:52:21",1840700
9120,240,400,"sd","13:52:21",1836300
9120,240,300,"sd","13:52:21",1835900
9120,240,2000,"sd","13:52:21",1835600
9120,240,1000,"sd","13:52:21",1833600
9120,240,5000,"sd","13:52:21",1832600
9120,240,600,"sd","13:52:17",1827600
9120,240,1000,"sd","13:52:17",1827000
9130,250,100,"bu","13:52:16",1826000
9120,240,12000,"sd","13:52:01",1825900
9120,240,15000,"sd","13:51:57",1813900
9130,250,500,"bu","13:51:48",1798900
9120,240,200,"sd","13:51:42",1798400
9120,240,500,"sd","13:51:23",1798200
9120,240,100,"sd","13:51:17",1797700
9120,240,5900,"sd","13:51:04",1797600
9120,240,500,"sd","13:51:04",1791700
9120,240,3100,"sd","13:51:04",1791200
9120,240,200,"sd","13:51:04",1788100
9120,240,100,"sd","13:51:04",1787900
9120,240,200,"sd","13:51:04",1787800
9120,240,18000,"sd","13:51:04",1787600
9120,240,100,"sd","13:51:03",1769600
9130,250,1500,"bu","13:50:56",1769500
9130,250,1000,"bu","13:49:44",1768000
9130,250,200,"bu","13:49:34",1767000
9130,250,500,"bu","13:49:28",1766800
9130,250,900,"bu","13:49:09",1766300
9130,250,100,"bu","13:49:09",1765400
9130,250,300,"bu","13:49:01",1765300
9130,250,4500,"sd","13:48:46",1765000
9130,250,100,"sd","13:48:46",1760500
9130,250,500,"sd","13:48:42",1760400
9130,250,1000,"sd","13:48:42",1759900
9130,250,5000,"sd","13:48:37",1758900
9130,250,1000,"sd","13:48:32",1753900
9130,250,5000,"sd","13:48:30",1752900
9130,250,800,"sd","13:48:26",1747900
9130,250,2200,"sd","13:48:23",1747100
9130,250,5000,"sd","13:48:23",1744900
9130,250,1000,"sd","13:48:23",1739900
9130,250,1000,"sd","13:48:23",1738900
9130,250,800,"sd","13:48:23",1737900
9130,250,1000,"sd","13:48:23",1737100
9130,250,200,"sd","13:48:23",1736100
9130,250,600,"sd","13:48:19",1735900
9130,250,400,"sd","13:48:19",1735300
9130,250,2600,"sd","13:48:12",1734900
9130,250,3000,"sd","13:48:12",1732300
9130,250,200,"sd","13:48:12",1729300
9130,250,4200,"sd","13:48:12",1729100
9130,250,200,"sd","13:48:04",1724900
9130,250,4400,"sd","13:47:56",1724700
9130,250,5600,"sd","13:47:56",1720300
9130,250,100,"sd","13:47:55",1714700
9130,250,3000,"sd","13:47:52",1714600
9130,250,1300,"sd","13:47:49",1711600
9130,250,14700,"sd","13:47:49",1710300
9130,250,300,"sd","13:47:33",1695600
9130,250,2400,"sd","13:47:28",1695300
9130,250,1300,"sd","13:47:28",1692900
9130,250,5000,"sd","13:47:28",1691600
9130,250,100,"sd","13:47:28",1686600
9130,250,2700,"sd","13:47:28",1686500
9130,250,1200,"sd","13:47:28",1683800
9130,250,1000,"sd","13:47:28",1682600
9130,250,6000,"sd","13:47:28",1681600
9130,250,100,"sd","13:47:28",1675600
9130,250,100,"sd","13:47:28",1675500
9130,250,100,"sd","13:47:28",1675400
9130,250,100,"sd","13:47:03",1675300
9130,250,800,"sd","13:46:48",1675200
9130,250,4200,"sd","13:46:48",1674400
9140,260,300,"bu","13:46:35",1670200
9130,250,800,"sd","13:46:30",1669900
9130,250,1000,"sd","13:46:30",1669100
9130,250,1900,"sd","13:46:30",1668100
9130,250,2800,"sd","13:46:30",1666200
9130,250,300,"sd","13:46:30",1663400
9130,250,2800,"sd","13:46:30",1663100
9130,250,100,"sd","13:46:30",1660300
9130,250,1000,"sd","13:46:30",1660200
9130,250,2900,"sd","13:46:30",1659200
9130,250,5200,"sd","13:46:30",1656300
9140,260,1700,"bu","13:46:24",1651100
9140,260,1400,"bu","13:46:14",1649400
9140,260,1800,"bu","13:45:46",1648000
9140,260,200,"bu","13:45:46",1646200
9140,260,100,"bu","13:45:08",1646000
9130,250,4000,"sd","13:45:08",1645900
9130,250,800,"sd","13:44:45",1641900
9130,250,200,"sd","13:44:45",1641100
9140,260,200,"bu","13:44:37",1640900
9140,260,100,"bu","13:44:37",1640700
9140,260,1000,"bu","13:44:37",1640600
9140,260,1000,"bu","13:44:37",1639600
9140,260,5000,"bu","13:44:37",1638600
9140,260,2700,"bu","13:44:37",1633600
9140,260,1000,"bu","13:44:33",1630900
9140,260,100,"bu","13:44:29",1629900
9140,260,1500,"sd","13:43:58",1629800
9140,260,5000,"sd","13:43:58",1628300
9140,260,200,"sd","13:43:58",1623300
9140,260,300,"sd","13:43:50",1623100
9140,260,4000,"sd","13:43:50",1622800
9140,260,2400,"sd","13:43:50",1618800
9140,260,1500,"sd","13:43:50",1616400
9140,260,1800,"sd","13:43:50",1614900
9140,260,1300,"sd","13:43:30",1613100
9140,260,3700,"sd","13:43:30",1611800
9150,270,700,"bu","13:43:21",1608100
9140,260,100,"bu","13:43:09",1607400
9140,260,6200,"bu","13:43:09",1607300
9140,260,100,"bu","13:43:04",1601100
9140,260,5000,"sd","13:42:55",1601000
9140,260,4000,"sd","13:42:55",1596000
9140,260,2000,"sd","13:42:55",1592000
9140,260,10000,"sd","13:42:55",1590000
9140,260,1000,"sd","13:42:55",1580000
9140,260,5000,"sd","13:42:55",1579000
9140,260,200,"sd","13:42:55",1574000
9140,260,100,"sd","13:42:55",1573800
9140,260,6400,"sd","13:42:55",1573700
9150,270,5000,"bu","13:42:09",1567300
9140,260,800,"sd","13:41:54",1562300
9140,260,2800,"sd","13:41:51",1561500
9140,260,200,"sd","13:41:51",1558700
9150,270,3000,"bu","13:41:42",1558500
9150,270,2000,"bu","13:41:36",1555500
9150,270,1500,"bu","13:41:36",1553500
9150,270,600,"bu","13:41:24",1552000
9150,270,5000,"bu","13:41:00",1551400
9150,270,2100,"bu","13:40:49",1546400
9140,260,900,"sd","13:40:46",1544300
9140,260,100,"sd","13:40:40",1543400
9150,270,100,"bu","13:40:38",1543300
9140,260,1000,"sd","13:40:09",1543200
9140,260,300,"bu","13:40:02",1542200
9140,260,700,"bu","13:40:02",1541900
9140,260,4000,"bu","13:40:02",1541200
9140,260,200,"bu","13:40:02",1537200
9140,260,100,"bu","13:40:02",1537000
9140,260,300,"bu","13:40:02",1536900
9140,260,200,"bu","13:40:02",1536600
9140,260,100,"bu","13:40:02",1536400
9140,260,1900,"bu","13:40:02",1536300
9140,260,3000,"bu","13:39:54",1534400
9140,260,10000,"bu","13:39:49",1531400
9140,260,500,"bu","13:39:49",1521400
9140,260,100,"bu","13:39:25",1520900
9140,260,500,"bu","13:39:13",1520800
9140,260,10000,"bu","13:39:10",1520300
9140,260,500,"bu","13:39:07",1510300
9140,260,100,"bu","13:38:59",1509800
9140,260,100,"bu","13:38:59",1509700
9140,260,600,"bu","13:38:50",1509600
9140,260,400,"bu","13:38:50",1509000
9140,260,500,"bu","13:38:39",1508600
9140,260,1000,"bu","13:38:17",1508100
9140,260,500,"bu","13:37:37",1507100
9140,260,1400,"sd","13:37:23",1506600
9140,260,500,"sd","13:37:23",1505200
9140,260,1000,"sd","13:37:23",1504700
9140,260,4700,"sd","13:37:23",1503700
9140,260,200,"sd","13:37:20",1499000
9140,260,100,"sd","13:37:19",1498800
9140,260,100,"sd","13:37:19",1498700
9140,260,200,"sd","13:37:16",1498600
9140,260,200,"sd","13:37:16",1498400
9140,260,100,"sd","13:37:16",1498200
9140,260,300,"sd","13:36:43",1498100
9140,260,700,"sd","13:36:43",1497800
9140,260,1000,"bu","13:36:22",1497100
9140,260,1000,"bu","13:36:22",1496100
9140,260,1000,"bu","13:36:22",1495100
9140,260,1300,"bu","13:36:22",1494100
9130,250,500,"sd","13:36:11",1492800
9140,260,900,"bu","13:36:07",1492300
9140,260,300,"bu","13:36:07",1491400
9140,260,100,"bu","13:35:14",1491100
9140,260,1000,"bu","13:35:09",1491000
9140,260,100,"sd","13:35:08",1490000
9140,260,100,"sd","13:35:08",1489900
9140,260,1000,"sd","13:35:08",1489800
9140,260,900,"sd","13:35:08",1488800
9150,270,200,"bu","13:35:01",1487900
9150,270,1000,"bu","13:34:26",1487700
9140,260,100,"sd","13:34:20",1486700
9140,260,1000,"sd","13:34:20",1486600
9140,260,1400,"sd","13:34:20",1485600
9140,260,1000,"sd","13:34:02",1484200
9150,270,500,"bu","13:33:58",1483200
9150,270,700,"bu","13:33:56",1482700
9150,270,100,"bu","13:33:46",1482000
9150,270,6000,"bu","13:33:36",1481900
9150,270,3000,"bu","13:33:25",1475900
9150,270,4000,"bu","13:33:25",1472900
9150,270,2200,"bu","13:33:21",1468900
9150,270,100,"bu","13:33:19",1466700
9150,270,600,"bu","13:33:15",1466600
9150,270,100,"bu","13:33:11",1466000
9150,270,2400,"bu","13:33:09",1465900
9150,270,100,"bu","13:33:09",1463500
9150,270,100,"bu","13:32:57",1463400
9150,270,1000,"bu","13:32:47",1463300
9150,270,1000,"bu","13:32:47",1462300
9150,270,500,"bu","13:32:47",1461300
9140,260,500,"sd","13:32:47",1460800
9140,260,10000,"sd","13:32:36",1460300
9160,280,1000,"bu","13:32:24",1450300
9150,270,300,"bu","13:32:18",1449300
9150,270,200,"bu","13:32:18",1449000
9150,270,2000,"sd","13:32:08",1448800
9150,270,600,"sd","13:32:08",1446800
9150,270,400,"sd","13:32:06",1446200
9150,270,100,"sd","13:32:06",1445800
9150,270,900,"sd","13:31:52",1445700
9150,270,1000,"sd","13:31:52",1444800
9150,270,100,"sd","13:31:52",1443800
9150,270,200,"sd","13:31:49",1443700
9150,270,1000,"sd","13:31:41",1443500
9150,270,1000,"sd","13:31:25",1442500
9150,270,100,"sd","13:31:17",1441500
9150,270,1000,"bu","13:31:17",1441400
9150,270,600,"bu","13:31:17",1440400
9150,270,600,"bu","13:31:17",1439800
9150,270,10000,"bu","13:31:17",1439200
9140,260,6500,"sd","13:31:09",1429200
9140,260,5000,"sd","13:31:09",1422700
9140,260,18500,"sd","13:31:09",1417700
9150,270,4800,"bu","13:31:01",1399200
9150,270,5000,"bu","13:31:01",1394400
9150,270,5000,"bu","13:31:01",1389400
9150,270,5000,"bu","13:31:01",1384400
9150,270,5000,"bu","13:31:01",1379400
9150,270,100,"bu","13:31:01",1374400
9150,270,200,"bu","13:31:01",1374300
9150,270,100,"bu","13:31:01",1374100
9150,270,12900,"bu","13:31:01",1374000
9150,270,59400,"bu","13:31:01",1361100
9150,270,500,"bu","13:31:01",1301700
9150,270,2000,"bu","13:31:01",1301200
9140,260,1000,"sd","13:30:48",1299200
9140,260,5500,"sd","13:30:33",1298200
9140,260,1700,"sd","13:30:33",1292700
9140,260,800,"sd","13:30:33",1291000
9140,260,13500,"sd","13:30:33",1290200
9140,260,3300,"bu","13:30:33",1276700
9140,260,1000,"bu","13:30:33",1273400
9140,260,2400,"bu","13:30:33",1272400
9140,260,200,"bu","13:30:33",1270000
9140,260,4000,"bu","13:30:33",1269800
9140,260,2000,"bu","13:30:33",1265800
9140,260,700,"bu","13:30:33",1263800
9130,250,300,"sd","13:30:32",1263100
9130,250,100,"sd","13:30:32",1262800
9130,250,3200,"sd","13:30:32",1262700
9130,250,1000,"sd","13:30:17",1259500
9130,250,1000,"sd","13:29:36",1258500
9130,250,5000,"sd","13:29:23",1257500
9130,250,200,"sd","13:29:23",1252500
9130,250,200,"sd","13:29:23",1252300
9130,250,10000,"sd","13:29:23",1252100
9130,250,1500,"sd","13:29:23",1242100
9130,250,2200,"sd","13:29:23",1240600
9130,250,200,"sd","13:29:23",1238400
9130,250,900,"sd","13:29:23",1238200
9130,250,1400,"sd","13:29:16",1237300
9130,250,5100,"sd","13:29:10",1235900
9130,250,2000,"sd","13:28:57",1230800
9140,260,100,"bu","13:28:50",1228800
9130,250,500,"sd","13:28:38",1228700
9130,250,100,"bu","13:28:22",1228200
9130,250,300,"bu","13:28:22",1228100
9130,250,100,"bu","13:28:22",1227800
9120,240,2000,"sd","13:28:21",1227700
9130,250,100,"sd","13:28:13",1225700
9130,250,100,"sd","13:28:03",1225600
9130,250,5000,"bu","13:27:55",1225500
9130,250,7800,"bu","13:27:55",1220500
9130,250,200,"bu","13:27:54",1212700
9120,240,1900,"sd","13:27:42",1212500
9120,240,500,"sd","13:27:42",1210600
9120,240,500,"sd","13:27:42",1210100
9120,240,500,"sd","13:27:42",1209600
9120,240,200,"sd","13:27:42",1209100
9120,240,500,"sd","13:27:42",1208900
9120,240,1900,"sd","13:27:42",1208400
9120,240,10000,"sd","13:27:40",1206500
9120,240,1100,"sd","13:27:34",1196500
9130,250,700,"bu","13:27:28",1195400
9130,250,5000,"bu","13:27:15",1194700
9120,240,2000,"sd","13:26:49",1189700
9130,250,3000,"bu","13:26:48",1187700
9130,250,1000,"bu","13:26:45",1184700
9130,250,200,"sd","13:26:43",1183700
9130,250,6400,"sd","13:26:43",1183500
9130,250,700,"sd","13:26:43",1177100
9130,250,1000,"sd","13:26:43",1176400
9140,260,1400,"bu","13:26:38",1175400
9130,250,300,"sd","13:26:37",1174000
9130,250,100,"sd","13:26:37",1173700
9130,250,400,"sd","13:26:37",1173600
9130,250,4200,"sd","13:26:25",1173200
9130,250,400,"sd","13:26:25",1169000
9130,250,200,"sd","13:26:25",1168600
9130,250,500,"sd","13:25:58",1168400
9130,250,200,"sd","13:25:52",1167900
9130,250,9100,"sd","13:25:51",1167700
9130,250,900,"sd","13:25:51",1158600
9130,250,5300,"sd","13:25:39",1157700
9140,260,2000,"bu","13:25:34",1152400
9140,260,1000,"sd","13:25:22",1150400
9140,260,1000,"sd","13:25:22",1149400
9140,260,3000,"sd","13:25:22",1148400
9140,260,200,"sd","13:25:22",1145400
9140,260,300,"sd","13:25:22",1145200
9140,260,1600,"sd","13:25:22",1144900
9140,260,2000,"sd","13:25:22",1143300
9140,260,900,"sd","13:25:22",1141300
9140,260,1500,"sd","13:25:22",1140400
9140,260,3100,"sd","13:25:13",1138900
9140,260,1500,"sd","13:25:13",1135800
9140,260,100,"sd","13:24:59",1134300
9140,260,2800,"bu","13:24:44",1134200
9140,260,500,"bu","13:24:42",1131400
9140,260,100,"sd","13:24:37",1130900
9140,260,1000,"sd","13:24:37",1130800
9140,260,5600,"sd","13:24:37",1129800
9140,260,400,"sd","13:24:32",1124200
9140,260,100,"sd","13:24:32",1123800
9140,260,200,"sd","13:24:32",1123700
9140,260,100,"sd","13:24:32",1123500
9140,260,500,"sd","13:24:32",1123400
9140,260,300,"sd","13:24:32",1122900
9160,280,1100,"bu","13:24:27",1122600
9150,270,500,"bu","13:24:27",1121500
9150,270,100,"bu","13:24:27",1121000
9150,270,300,"bu","13:24:27",1120900
9150,270,200,"bu","13:24:27",1120600
9150,270,100,"bu","13:24:27",1120400
9150,270,24700,"bu","13:24:27",1120300
9150,270,2000,"bu","13:24:22",1095600
9150,270,10000,"bu","13:24:19",1093600
9140,260,800,"sd","13:24:14",1083600
9140,260,700,"sd","13:24:14",1082800
9150,270,100,"bu","13:24:07",1082100
9150,270,13200,"bu","13:23:56",1082000
9150,270,1700,"bu","13:23:56",1068800
9140,260,1300,"sd","13:23:50",1067100
9140,260,700,"sd","13:23:50",1065800
9140,260,100,"sd","13:23:45",1065100
9150,270,300,"bu","13:23:40",1065000
9150,270,700,"bu","13:23:40",1064700
9150,270,300,"bu","13:23:33",1064000
9150,270,100,"bu","13:23:33",1063700
9150,270,100,"bu","13:22:59",1063600
9140,260,400,"sd","13:22:47",1063500
9140,260,2000,"sd","13:22:43",1063100
9140,260,100,"sd","13:22:42",1061100
9140,260,200,"sd","13:22:37",1061000
9140,260,2000,"sd","13:22:34",1060800
9140,260,500,"sd","13:22:31",1058800
9140,260,5000,"bu","13:22:03",1058300
9130,250,500,"sd","13:22:01",1053300
9130,250,500,"bu","13:21:43",1052800
9130,250,12800,"bu","13:21:43",1052300
9130,250,3400,"bu","13:21:41",1039500
9130,250,100,"sd","13:21:22",1036100
9130,250,2700,"sd","13:21:22",1036000
9140,260,1000,"sd","13:21:22",1033300
9130,250,200,"sd","13:21:19",1032300
9130,250,1100,"sd","13:21:13",1032100
9130,250,200,"sd","13:21:13",1031000
9130,250,600,"sd","13:21:13",1030800
9130,250,1500,"sd","13:21:13",1030200
9130,250,1000,"sd","13:21:13",1028700
9130,250,14000,"sd","13:21:13",1027700
9140,260,300,"sd","13:21:13",1013700
9150,270,1300,"sd","13:21:13",1013400
9150,270,1000,"bu","13:21:12",1012100
9150,270,800,"bu","13:21:11",1011100
9150,270,3700,"bu","13:21:11",1010300
9150,270,2000,"bu","13:21:11",1006600
9150,270,200,"bu","13:21:11",1004600
9140,260,1000,"bu","13:21:11",1004400
9130,250,6000,"sd","13:21:11",1003400
9130,250,8900,"sd","13:21:07",997400
9130,250,3100,"sd","13:21:05",988500
9140,260,1900,"sd","13:21:05",985400
9140,260,3100,"bu","13:21:02",983500
9130,250,5000,"sd","13:20:59",980400
9130,250,1000,"sd","13:20:59",975400
9130,250,7000,"sd","13:20:57",974400
9130,250,2600,"sd","13:20:52",967400
9130,250,2000,"sd","13:20:50",964800
9140,260,2600,"sd","13:20:49",962800
9140,260,500,"sd","13:20:48",960200
9140,260,500,"sd","13:20:48",959700
9140,260,1400,"bu","13:20:46",959200
9130,250,400,"sd","13:20:36",957800
9140,260,500,"bu","13:20:31",957400
9140,260,2000,"sd","13:20:15",956900
9140,260,100,"sd","13:20:15",954900
9140,260,1000,"sd","13:20:15",954800
9140,260,19000,"sd","13:20:14",953800
9140,260,1000,"sd","13:20:14",934800
9150,270,100,"bu","13:20:13",933800
9150,270,100,"bu","13:20:13",933700
9150,270,800,"bu","13:20:13",933600
9150,270,900,"sd","13:20:04",932800
9150,270,300,"bu","13:20:03",931900
9150,270,100,"bu","13:20:03",931600
9150,270,1000,"bu","13:20:03",931500
9150,270,1100,"bu","13:20:03",930500
9150,270,1000,"bu","13:20:03",929400
9150,270,600,"bu","13:20:03",928400
9150,270,1000,"bu","13:19:58",927800
9150,270,100,"sd","13:19:49",926800
9150,270,600,"sd","13:19:49",926700
9150,270,100,"sd","13:19:49",926100
9150,270,200,"sd","13:19:49",926000
9150,270,400,"sd","13:19:49",925800
9150,270,200,"sd","13:19:47",925400
9160,280,1200,"sd","13:19:25",925200
9160,280,100,"sd","13:19:24",924000
9160,280,100,"bu","13:19:21",923900
9160,280,200,"bu","13:19:21",923800
9160,280,400,"bu","13:19:21",923600
9160,280,500,"bu","13:19:16",923200
9150,270,100,"sd","13:19:15",922700
9150,270,300,"sd","13:19:15",922600
9160,280,2000,"sd","13:19:12",922300
9160,280,400,"sd","13:19:12",920300
9160,280,100,"sd","13:19:00",919900
9170,290,600,"bu","13:18:47",919800
9170,290,1000,"bu","13:18:46",919200
9170,290,3000,"sd","13:18:45",918200
9170,290,20000,"sd","13:18:45",915200
9180,300,10000,"sd","13:18:45",895200
9190,310,600,"bu","13:18:45",885200
9190,310,600,"bu","13:18:41",884600
9190,310,100,"bu","13:18:41",884000
9190,310,3000,"bu","13:18:41",883900
9190,310,1000,"bu","13:18:41",880900
9190,310,2000,"bu","13:18:41",879900
9190,310,2600,"bu","13:18:41",877900
9190,310,2300,"bu","13:18:26",875300
9190,310,100,"bu","13:18:25",873000
9190,310,200,"sd","13:18:17",872900
9200,320,1000,"bu","13:18:17",872700
9190,310,300,"sd","13:18:17",871700
9200,320,1200,"bu","13:18:13",871400
9200,320,5000,"bu","13:18:13",870200
9200,320,1000,"bu","13:18:05",865200
9200,320,5100,"sd","13:18:05",864200
9200,320,100,"sd","13:18:05",859100
9200,320,2000,"sd","13:18:05",859000
9200,320,400,"sd","13:18:05",857000
9200,320,300,"sd","13:18:05",856600
9210,330,1800,"bu","13:18:04",856300
9210,330,100,"bu","13:18:04",854500
9210,330,300,"bu","13:18:04",854400
9210,330,2000,"bu","13:17:59",854100
9210,330,1000,"sd","13:17:56",852100
9210,330,100,"sd","13:17:56",851100
9210,330,1900,"sd","13:17:54",851000
9210,330,1000,"sd","13:17:54",849100
9210,330,1000,"sd","13:17:54",848100
9210,330,3100,"sd","13:17:54",847100
9210,330,1000,"sd","13:17:54",844000
9210,330,100,"sd","13:17:51",843000
9210,330,5000,"sd","13:17:49",842900
9210,330,800,"sd","13:17:45",837900
9210,330,1200,"sd","13:17:45",837100
9220,340,300,"bu","13:17:40",835900
9220,340,600,"bu","13:17:38",835600
9220,340,1000,"bu","13:17:38",835000
9220,340,2000,"bu","13:17:38",834000
9220,340,1400,"bu","13:17:38",832000
9210,330,800,"sd","13:17:35",830600
9220,340,600,"bu","13:17:35",829800
9220,340,100,"bu","13:17:35",829200
9220,340,3600,"bu","13:17:35",829100
9220,340,1000,"bu","13:17:29",825500
9210,330,300,"sd","13:17:25",824500
9210,330,500,"sd","13:17:24",824200
9210,330,100,"sd","13:17:24",823700
9210,330,100,"sd","13:17:24",823600
9220,340,400,"bu","13:17:22",823500
9220,340,200,"bu","13:17:22",823100
9220,340,1000,"bu","13:17:22",822900
9210,330,7200,"sd","13:17:13",821900
9210,330,1000,"sd","13:17:12",814700
9210,330,2600,"sd","13:17:10",813700
9210,330,4200,"bu","13:17:08",811100
9210,330,2800,"bu","13:17:06",806900
9210,330,500,"bu","13:17:05",804100
9210,330,100,"bu","13:17:00",803600
9210,330,300,"bu","13:16:58",803500
9210,330,200,"sd","13:16:58",803200
9210,330,1500,"sd","13:16:58",803000
9230,350,200,"bu","13:16:57",801500
9230,350,4700,"bu","13:16:56",801300
9230,350,200,"bu","13:16:56",796600
9230,350,100,"bu","13:16:56",796400
9230,350,500,"sd","13:16:47",796300
9230,350,300,"sd","13:16:45",795800
9230,350,100,"sd","13:16:43",795500
9230,350,5000,"bu","13:16:42",795400
9220,340,2000,"bu","13:16:42",790400
9220,340,5000,"bu","13:16:42",788400
9210,330,100,"bu","13:16:42",783400
9210,330,5100,"bu","13:16:42",783300
9210,330,100,"bu","13:16:42",778200
9210,330,100,"bu","13:16:42",778100
9210,330,500,"bu","13:16:42",778000
9210,330,100,"bu","13:16:42",777500
9210,330,100,"bu","13:16:42",777400
9210,330,100,"bu","13:16:42",777300
9210,330,100,"bu","13:16:42",777200
9210,330,800,"bu","13:16:42",777100
9210,330,4000,"bu","13:16:40",776300
9210,330,300,"bu","13:16:36",772300
9200,320,200,"sd","13:16:36",772000
9200,320,5000,"sd","13:16:34",771800
9200,320,1000,"sd","13:16:31",766800
9200,320,200,"sd","13:16:31",765800
9200,320,100,"sd","13:16:27",765600
9200,320,500,"sd","13:16:26",765500
9200,320,2700,"bu","13:16:25",765000
9200,320,1300,"bu","13:16:24",762300
9200,320,100,"bu","13:16:24",761000
9200,320,500,"bu","13:16:24",760900
9200,320,1000,"bu","13:16:24",760400
9200,320,1000,"sd","13:16:19",759400
9200,320,1000,"sd","13:16:19",758400
9200,320,1500,"sd","13:16:19",757400
9200,320,500,"sd","13:16:16",755900
9210,330,1500,"bu","13:16:16",755400
9200,320,500,"bu","13:16:16",753900
9200,320,200,"bu","13:16:16",753400
9200,320,1800,"bu","13:16:16",753200
9200,320,2000,"bu","13:16:13",751400
9200,320,1000,"bu","13:16:07",749400
9210,330,200,"bu","13:16:05",748400
9190,310,200,"bu","13:16:04",748200
9200,320,300,"sd","13:16:04",748000
9210,330,200,"bu","13:16:03",747700
9200,320,100,"bu","13:16:03",747500
9200,320,500,"bu","13:16:02",747400
9200,320,300,"bu","13:16:02",746900
9200,320,100,"bu","13:16:02",746600
9200,320,100,"bu","13:16:02",746500
9200,320,600,"bu","13:16:02",746400
9200,320,400,"bu","13:16:00",745800
9200,320,100,"bu","13:16:00",745400
9200,320,100,"bu","13:16:00",745300
9200,320,400,"bu","13:16:00",745200
9200,320,100,"bu","13:15:58",744800
9200,320,1500,"bu","13:15:58",744700
9200,320,500,"bu","13:15:58",743200
9200,320,500,"bu","13:15:58",742700
9200,320,1500,"bu","13:15:58",742200
9200,320,100,"bu","13:15:58",740700
9200,320,10000,"bu","13:15:58",740600
9200,320,100,"bu","13:15:58",730600
9200,320,5000,"bu","13:15:58",730500
9200,320,900,"bu","13:15:58",725500
9200,320,4400,"bu","13:15:58",724600
9200,320,1000,"bu","13:15:58",720200
9200,320,3000,"bu","13:15:58",719200
9200,320,5000,"bu","13:15:58",716200
9200,320,2000,"bu","13:15:58",711200
9200,320,2000,"bu","13:15:58",709200
9200,320,2300,"bu","13:15:58",707200
9190,310,200,"bu","13:15:58",704900
9190,310,700,"unknown","13:15:57",704700
9190,310,300,"unknown","13:15:57",704000
9200,320,1600,"bu","13:15:56",703700
9200,320,1000,"bu","13:15:56",702100
9200,320,100,"bu","13:15:56",701100
9200,320,900,"bu","13:15:55",701000
9200,320,100,"bu","13:15:55",700100
9200,320,200,"bu","13:15:55",700000
9200,320,100,"bu","13:15:55",699800
9200,320,1700,"bu","13:15:55",699700
9200,320,10000,"bu","13:15:55",698000
9200,320,1000,"bu","13:15:55",688000
9200,320,900,"bu","13:15:52",687000
9200,320,100,"bu","13:15:47",686100
9200,320,1000,"bu","13:15:47",686000
9200,320,2000,"bu","13:15:47",685000
9200,320,500,"bu","13:15:47",683000
9200,320,800,"bu","13:15:47",682500
9190,310,600,"bu","13:15:47",681700
9190,310,400,"sd","13:15:46",681100
9200,320,100,"bu","13:15:46",680700
9190,310,500,"sd","13:15:44",680600
9190,310,2900,"sd","13:15:44",680100
9190,310,100,"sd","13:15:44",677200
9190,310,500,"sd","13:15:43",677100
9190,310,100,"sd","13:15:40",676600
9200,320,100,"bu","13:15:39",676500
9200,320,300,"bu","13:15:39",676400
9200,320,500,"bu","13:15:39",676100
9200,320,2000,"bu","13:15:39",675600
9200,320,1000,"bu","13:15:39",673600
9200,320,200,"bu","13:15:39",672600
9200,320,100,"bu","13:15:39",672400
9200,320,2200,"bu","13:15:39",672300
9200,320,600,"bu","13:15:39",670100
9200,320,100,"bu","13:15:36",669500
9200,320,1000,"bu","13:15:36",669400
9200,320,8300,"bu","13:15:35",668400
9200,320,500,"bu","13:15:35",660100
9190,310,5000,"bu","13:15:35",659600
9190,310,1000,"bu","13:15:35",654600
9190,310,100,"bu","13:15:35",653600
9190,310,1000,"bu","13:15:35",653500
9190,310,4100,"bu","13:15:35",652500
9160,280,1000,"sd","13:15:30",648400
9190,310,900,"bu","13:15:21",647400
9180,300,100,"bu","13:15:20",646500
9170,290,900,"bu","13:15:20",646400
9160,280,5000,"bu","13:15:20",645500
9160,280,100,"bu","13:15:20",640500
9150,270,2500,"bu","13:15:20",640400
9150,270,2900,"bu","13:15:19",637900
9150,270,1000,"bu","13:15:19",635000
9150,270,200,"bu","13:15:17",634000
9150,270,3400,"sd","13:15:15",633800
9150,270,800,"bu","13:15:09",630400
9150,270,300,"bu","13:15:09",629600
9150,270,100,"bu","13:15:09",629300
9150,270,2500,"bu","13:15:09",629200
9150,270,100,"bu","13:15:09",626700
9150,270,100,"bu","13:15:09",626600
9150,270,1000,"bu","13:15:09",626500
9150,270,1000,"bu","13:15:09",625500
9150,270,500,"bu","13:15:09",624500
9140,260,100,"bu","13:15:09",623900
9140,260,100,"bu","13:15:09",624000
9130,250,100,"bu","13:15:04",623800
9110,230,500,"sd","13:14:59",623700
9110,230,500,"sd","13:14:57",623200
9110,230,1100,"sd","13:14:56",622700
9110,230,100,"sd","13:14:56",621600
9130,250,400,"bu","13:14:54",621500
9130,250,100,"bu","13:14:54",621100
9110,230,100,"sd","13:14:48",621000
9110,230,400,"bu","13:14:47",620900
9110,230,400,"bu","13:14:47",620500
9100,220,2000,"bu","13:14:39",620100
9100,220,1000,"bu","13:14:39",618100
9100,220,100,"bu","13:14:39",617100
9100,220,200,"bu","13:14:39",617000
9100,220,2300,"bu","13:14:39",616800
9100,220,500,"bu","13:14:39",614500
9100,220,100,"bu","13:14:39",614000
9100,220,600,"bu","13:14:39",613900
9100,220,1000,"bu","13:14:39",613300
9100,220,500,"bu","13:14:39",612300
9100,220,500,"bu","13:14:39",611800
9100,220,100,"bu","13:14:39",611300
9100,220,800,"bu","13:14:39",611200
9100,220,1200,"bu","13:14:39",610400
9100,220,100,"bu","13:14:39",609200
9100,220,100,"bu","13:14:39",609100
9100,220,500,"bu","13:14:39",609000
9090,210,200,"sd","13:14:36",608500
9100,220,500,"bu","13:14:36",608300
9100,220,4500,"bu","13:14:36",607800
9090,210,200,"sd","13:14:32",603300
9100,220,500,"bu","13:14:31",603100
9090,210,100,"bu","13:14:22",602600
9090,210,1000,"bu","13:14:22",602500
9090,210,500,"bu","13:14:22",601500
9090,210,500,"bu","13:14:22",601000
9090,210,600,"bu","13:14:21",600500
9090,210,100,"bu","13:14:21",599900
9090,210,100,"bu","13:14:21",599800
9090,210,100,"bu","13:14:21",599700
9090,210,100,"bu","13:14:21",599600
9090,210,100,"bu","13:14:21",599500
9090,210,500,"bu","13:14:21",599400
9090,210,300,"bu","13:14:21",598900
9090,210,3000,"bu","13:14:21",598600
9090,210,100,"bu","13:14:21",595600
9090,210,900,"bu","13:14:16",595500
9090,210,100,"bu","13:14:16",594600
9080,200,100,"sd","13:14:09",594500
9080,200,100,"bu","13:14:02",594400
9080,200,100,"bu","13:14:02",594300
9080,200,500,"bu","13:14:02",594200
9080,200,400,"bu","13:14:02",593700
9080,200,100,"bu","13:14:02",593300
9080,200,100,"bu","13:14:02",593200
9080,200,1600,"bu","13:14:02",593100
9080,200,1000,"bu","13:13:58",591500
9080,200,500,"bu","13:13:51",590500
9080,200,1000,"bu","13:13:49",590000
9070,190,100,"sd","13:13:40",589000
9070,190,100,"bu","13:13:40",588900
9070,190,900,"bu","13:13:40",588800
9070,190,100,"bu","13:13:38",587900
9070,190,400,"bu","13:13:38",587800
9070,190,100,"bu","13:13:29",587400
9070,190,100,"bu","13:13:29",587300
9070,190,300,"bu","13:13:29",587200
9060,180,500,"sd","13:13:20",586900
9060,180,500,"sd","13:13:20",586400
9060,180,100,"bu","13:13:16",585900
9060,180,400,"bu","13:13:16",585800
9060,180,100,"bu","13:13:12",585400
9060,180,100,"bu","13:13:12",585300
9060,180,1000,"bu","13:13:11",585200
9060,180,400,"bu","13:13:06",584200
9060,180,100,"bu","13:13:03",583800
9060,180,300,"sd","13:13:02",583700
9070,190,200,"bu","13:13:00",583400
9070,190,1000,"bu","13:13:00",583200
9070,190,200,"bu","13:13:00",582200
9060,180,600,"bu","13:13:00",582000
9060,180,1000,"bu","13:12:51",581400
9060,180,2000,"bu","13:12:46",580400
9060,180,300,"bu","13:12:45",578400
9050,170,100,"sd","13:12:45",578100
9050,170,1100,"sd","13:12:44",578000
9050,170,4700,"sd","13:12:44",576900
9060,180,100,"bu","13:12:40",572200
9060,180,500,"bu","13:12:40",572100
9060,180,100,"bu","13:12:39",571600
9060,180,200,"bu","13:12:38",571500
9060,180,100,"bu","13:12:38",571300
9050,170,200,"sd","13:12:37",571200
9050,170,100,"sd","13:12:29",571000
9050,170,100,"bu","13:12:12",570900
9040,160,100,"sd","13:12:11",570800
9040,160,100,"sd","13:12:10",570700
9050,170,5900,"bu","13:12:07",570600
9050,170,200,"bu","13:12:07",564700
9050,170,800,"bu","13:12:07",564500
9050,170,100,"bu","13:12:07",563700
9050,170,1000,"bu","13:12:07",563600
9050,170,100,"bu","13:12:07",562600
9050,170,2500,"bu","13:12:07",562500
9050,170,300,"bu","13:12:07",560000
9050,170,2500,"bu","13:12:07",559700
9050,170,100,"bu","13:12:07",557200
9050,170,100,"bu","13:12:07",557100
9050,170,100,"bu","13:12:07",557000
9050,170,6000,"bu","13:12:07",556900
9040,160,100,"sd","13:12:04",550900
9050,170,300,"bu","13:11:56",550800
9040,160,100,"sd","13:11:49",550500
9040,160,1000,"sd","13:11:48",550400
9040,160,500,"sd","13:11:46",549400
9040,160,100,"sd","13:11:45",548900
9040,160,100,"sd","13:11:38",548800
9030,150,1200,"sd","13:11:33",548700
9030,150,100,"sd","13:11:33",547500
9030,150,1100,"sd","13:11:33",547400
9030,150,400,"sd","13:11:33",546300
9040,160,2200,"sd","13:11:33",545900
9040,160,300,"bu","13:11:31",543700
9040,160,17500,"bu","13:11:31",543400
9030,150,3000,"sd","13:11:31",525900
9030,150,900,"sd","13:11:23",522900
9030,150,300,"sd","13:11:22",522000
9030,150,2000,"bu","13:11:20",521700
9030,150,2000,"bu","13:11:20",519700
9030,150,100,"bu","13:11:20",517700
9030,150,500,"bu","13:11:20",517600
9030,150,100,"bu","13:11:20",517100
9030,150,700,"bu","13:11:20",517000
9020,140,100,"sd","13:11:20",516300
9030,150,100,"bu","13:11:19",516200
9030,150,200,"bu","13:10:59",516100
9020,140,100,"sd","13:10:57",515900
9030,150,3000,"bu","13:10:54",515800
9030,150,700,"bu","13:10:52",512800
9020,140,500,"sd","13:10:49",512100
9020,140,1000,"sd","13:10:35",511600
9030,150,100,"bu","13:10:23",510600
9030,150,5200,"bu","13:10:23",510500
9030,150,5000,"bu","13:10:23",505300
9030,150,200,"bu","13:10:23",500300
9030,150,2000,"bu","13:10:23",500100
9030,150,100,"bu","13:10:23",498100
9030,150,1000,"bu","13:10:23",498000
9030,150,1000,"bu","13:10:23",497000
9030,150,8900,"bu","13:10:23",496000
9030,150,100,"bu","13:10:00",487100
9020,140,3000,"bu","13:09:59",487000
9000,120,200,"sd","13:09:57",484000
9010,130,3000,"sd","13:09:57",483800
9010,130,500,"sd","13:09:57",480800
9010,130,100,"sd","13:09:57",480300
9010,130,100,"sd","13:09:57",480200
9010,130,500,"sd","13:09:57",480100
9010,130,1000,"sd","13:09:57",479600
9010,130,300,"sd","13:09:57",478600
9020,140,500,"sd","13:09:57",478300
9020,140,100,"sd","13:09:57",477800
9030,150,300,"bu","13:09:54",477700
9030,150,2400,"bu","13:09:49",477400
9030,150,300,"sd","13:09:45",475000
9040,160,100,"bu","13:09:44",474700
9030,150,100,"sd","13:09:41",474600
9030,150,100,"sd","13:09:41",474500
9040,160,400,"bu","13:09:37",474400
9030,150,3000,"bu","13:09:27",474000
9030,150,10000,"bu","13:09:27",471000
9030,150,1600,"bu","13:09:27",461000
9020,140,100,"bu","13:09:27",459400
9020,140,2000,"bu","13:09:27",459300
9020,140,1000,"bu","13:09:27",457300
9010,130,100,"sd","13:09:23",456300
9030,150,400,"bu","13:09:15",456200
9030,150,100,"bu","13:09:15",455800
9030,150,4500,"bu","13:09:15",455700
9030,150,1200,"bu","13:09:14",451200
9020,140,800,"bu","13:09:14",450000
9020,140,600,"bu","13:09:13",449200
9020,140,200,"sd","13:09:12",448600
9020,140,400,"sd","13:09:12",448400
9030,150,4300,"bu","13:09:01",448000
9030,150,5000,"bu","13:09:01",443700
9030,150,300,"bu","13:09:01",438700
9020,140,400,"bu","13:09:01",438400
9020,140,200,"sd","13:08:57",438000
9020,140,3000,"sd","13:08:57",437800
9020,140,1400,"sd","13:08:57",434800
9020,140,300,"sd","13:08:56",433400
9020,140,100,"sd","13:08:54",433100
9030,150,100,"bu","13:08:52",433000
9030,150,500,"bu","13:08:49",432900
9030,150,100,"sd","13:08:38",432400
9020,140,900,"sd","13:08:38",432300
9030,150,100,"sd","13:08:38",431400
9030,150,100,"bu","13:08:36",431300
9020,140,300,"sd","13:08:32",431200
9020,140,100,"sd","13:08:32",430900
9020,140,100,"sd","13:08:32",430800
9030,150,400,"sd","13:08:32",430700
9030,150,100,"sd","13:08:26",430300
9040,160,700,"bu","13:08:22",430200
9040,160,1000,"bu","13:08:19",429500
9040,160,100,"sd","13:08:12",428500
9040,160,900,"sd","13:08:11",428400
9040,160,400,"sd","13:08:11",427500
9040,160,36400,"sd","13:08:11",427100
9050,170,400,"bu","13:08:05",390700
9040,160,400,"sd","13:08:04",390300
9040,160,10000,"sd","13:08:00",389900
9050,170,300,"bu","13:07:59",379900
9050,170,2000,"bu","13:07:59",379600
9050,170,500,"sd","13:07:54",377600
9050,170,300,"sd","13:07:54",377100
9050,170,200,"sd","13:07:54",376800
9050,170,100,"sd","13:07:44",376600
9070,190,1900,"bu","13:07:33",376500
9070,190,500,"bu","13:07:31",374600
9070,190,100,"bu","13:07:29",374100
9070,190,800,"bu","13:07:26",374000
9060,180,200,"bu","13:07:26",373200
9070,190,1000,"bu","13:07:24",373000
9070,190,300,"bu","13:07:23",372000
9070,190,100,"bu","13:07:22",371700
9070,190,500,"bu","13:07:20",371600
9070,190,1000,"bu","13:07:19",371100
9070,190,700,"sd","13:07:19",370100
9070,190,1000,"sd","13:07:19",369400
9070,190,100,"sd","13:07:19",368400
9080,200,900,"bu","13:07:19",368300
9080,200,100,"bu","13:07:19",367400
9080,200,6800,"bu","13:07:15",367300
9080,200,2000,"bu","13:07:14",360500
9080,200,300,"bu","13:07:06",358500
9070,190,700,"bu","13:07:06",358200
9070,190,300,"bu","13:07:05",357500
9070,190,10000,"bu","13:07:05",357200
9070,190,500,"bu","13:07:03",347200
9070,190,3100,"sd","13:07:01",346700
9070,190,2200,"sd","13:07:01",343600
9070,190,100,"sd","13:06:59",341400
9080,200,100,"bu","13:06:59",341300
9070,190,200,"bu","13:06:47",341200
9070,190,300,"bu","13:06:47",341000
9050,170,1900,"bu","13:06:47",340700
9040,160,300,"unknown","13:06:47",338800
9050,170,3000,"sd","13:06:43",338500
9050,170,5000,"sd","13:06:43",335500
9050,170,100,"sd","13:06:43",330500
9070,190,300,"bu","13:06:42",330400
9070,190,700,"bu","13:06:35",330100
9050,170,100,"bu","13:06:35",329400
9050,170,3200,"bu","13:06:35",329300
9050,170,1800,"bu","13:06:35",326100
9040,160,100,"bu","13:06:35",324300
9040,160,100,"bu","13:06:35",324200
9020,140,100,"bu","13:06:34",324100
9010,130,700,"sd","13:06:25",324000
9020,140,300,"sd","13:06:25",323300
9010,130,100,"bu","13:06:15",323000
9000,120,2500,"sd","13:05:57",322900
9000,120,1200,"sd","13:05:55",320400
9000,120,100,"bu","13:05:54",319200
9000,120,7000,"bu","13:05:54",319100
9000,120,100,"bu","13:05:54",312100
9000,120,1000,"bu","13:05:54",312000
9000,120,100,"bu","13:05:54",311000
9000,120,100,"bu","13:05:54",310900
9000,120,100,"bu","13:05:54",310800
9000,120,700,"bu","13:05:54",310700
9000,120,200,"bu","13:05:54",310000
9000,120,200,"bu","13:05:54",309800
9000,120,200,"bu","13:05:54",309600
9000,120,2200,"bu","13:05:54",309400
9000,120,1000,"bu","13:05:53",307200
9000,120,1000,"bu","13:05:53",306200
9000,120,800,"bu","13:05:52",305200
9000,120,1200,"bu","13:05:52",304400
9000,120,800,"bu","13:05:52",303200
9000,120,1000,"bu","13:05:52",302400
9000,120,400,"bu","13:05:52",301400
9000,120,1000,"bu","13:05:52",301000
9000,120,800,"bu","13:05:52",300000
9000,120,100,"bu","13:05:52",299200
9000,120,100,"bu","13:05:52",299100
9000,120,200,"bu","13:05:52",299000
9000,120,200,"bu","13:05:52",298800
9000,120,100,"bu","13:05:52",298600
9000,120,600,"bu","13:05:52",298500
9000,120,2700,"bu","13:05:52",297900
9000,120,3200,"bu","13:05:52",295200
9000,120,2000,"bu","13:05:51",292000
9000,120,2000,"bu","13:05:50",290000
9000,120,5000,"bu","13:05:46",288000
9000,120,1000,"bu","13:05:44",283000
9000,120,1500,"bu","13:05:42",282000
8990,110,300,"sd","13:05:42",280500
9000,120,8400,"bu","13:05:39",280200
9000,120,37600,"bu","13:05:39",271800
9000,120,600,"bu","13:05:38",234200
9000,120,3400,"bu","13:05:32",233600
9000,120,2000,"bu","13:05:31",230200
9000,120,300,"bu","13:05:28",228200
9000,120,30000,"bu","13:05:28",227900
8990,110,200,"sd","13:05:19",197900
8990,110,100,"sd","13:05:06",197700
9000,120,300,"bu","13:05:02",197600
9000,120,100,"bu","13:05:02",197300
9000,120,400,"bu","13:05:02",197200
8990,110,1900,"sd","13:04:57",196800
8990,110,4000,"sd","13:04:53",194900
8990,110,1000,"sd","13:04:52",190900
9000,120,100,"bu","13:04:47",189900
8990,110,2000,"bu","13:04:47",189800
8990,110,4000,"bu","13:04:47",187800
8990,110,200,"bu","13:04:47",183800
8990,110,10000,"bu","13:04:47",183600
8990,110,1000,"bu","13:04:46",173600
8990,110,500,"bu","13:04:46",172600
8990,110,1400,"bu","13:04:46",172100
8990,110,1000,"bu","13:04:37",170700
8990,110,500,"bu","13:04:23",169700
8980,100,1000,"sd","13:04:19",169200
8980,100,300,"bu","13:04:09",168200
8980,100,200,"bu","13:04:09",167900
8980,100,800,"bu","13:04:09",167700
8980,100,400,"bu","13:04:07",166900
8980,100,300,"bu","13:04:05",166500
8980,100,500,"bu","13:03:57",166200
8980,100,4000,"bu","13:03:55",165700
8980,100,1000,"bu","13:03:55",161700
8990,110,1800,"bu","13:03:46",160700
8980,100,100,"bu","13:03:46",158900
8980,100,100,"bu","13:03:46",158800
8980,100,100,"bu","13:03:43",158700
8980,100,4800,"bu","13:03:40",158600
8980,100,200,"bu","13:03:40",153800
8980,100,2000,"bu","13:03:36",153600
8980,100,500,"bu","13:03:30",151600
8980,100,300,"bu","13:03:27",151100
8980,100,100,"bu","13:03:26",150800
8970,90,20000,"sd","13:03:25",150700
8980,100,100,"bu","13:03:23",130700
8970,90,27000,"sd","13:03:22",130600
8980,100,500,"bu","13:03:16",103600
8980,100,100,"bu","13:03:14",103100
8970,90,3600,"sd","13:03:08",103000
8970,90,5400,"sd","13:03:04",99400
8970,90,3200,"sd","13:03:03",94000
8970,90,1000,"sd","13:03:03",90800
8970,90,200,"sd","13:02:56",89800
8970,90,2000,"sd","13:02:56",89600
8980,100,1200,"bu","13:02:51",87600
8980,100,1000,"bu","13:02:51",86400
8980,100,100,"bu","13:02:51",85400
8980,100,2700,"bu","13:02:51",85300
8970,90,3700,"bu","13:02:43",82600
8970,90,1000,"bu","13:02:43",78900
8970,90,200,"bu","13:02:43",77900
8970,90,300,"bu","13:02:40",77700
8970,90,800,"bu","13:02:37",77400
8970,90,100,"bu","13:02:34",76600
8970,90,100,"sd","13:02:31",76500
8980,100,100,"sd","13:02:23",76400
8980,100,200,"sd","13:02:23",76300
8980,100,100,"sd","13:02:23",76100
8980,100,300,"sd","13:02:23",76000
8980,100,1000,"sd","13:02:23",75700
8980,100,600,"sd","13:02:23",74700
8990,110,1000,"bu","13:02:19",74100
8980,100,100,"sd","13:02:19",73100
8980,100,900,"sd","13:02:19",73000
8990,110,10000,"bu","13:02:14",72100
8990,110,4300,"bu","13:02:12",62100
8990,110,100,"bu","13:02:12",57800
8990,110,4400,"bu","13:02:12",57700
8980,100,100,"sd","13:02:11",53300
8990,110,500,"bu","13:02:10",53200
8990,110,1000,"sd","13:02:06",52700
8990,110,4100,"sd","13:02:06",51700
9000,120,300,"bu","13:02:06",47600
8990,110,100,"bu","13:02:04",47300
8990,110,900,"bu","13:02:04",47200
8980,100,600,"sd","13:02:04",46300
8990,110,100,"bu","13:01:57",45700
9000,120,1500,"bu","13:01:49",45600
9000,120,1300,"bu","13:01:48",44100
9000,120,300,"bu","13:01:44",42800
9000,120,300,"bu","13:01:44",42500
9000,120,100,"bu","13:01:44",42200
9000,120,500,"bu","13:01:44",42100
9000,120,800,"bu","13:01:44",41600
8990,110,900,"bu","13:01:37",40800
8990,110,1000,"bu","13:01:37",39900
9000,120,8100,"bu","13:01:37",38900
8990,110,1000,"bu","13:01:37",30800
8980,100,5400,"bu","13:01:35",29800
8980,100,300,"bu","13:01:32",24400
8980,100,100,"bu","13:01:32",24100
8930,50,200,"sd","13:01:31",24000
8980,100,100,"bu","13:01:22",23800
8990,110,2000,"bu","13:01:13",23700
8990,110,2300,"bu","13:01:13",21700
9000,120,100,"bu","13:01:05",19400
8920,40,200,"sd","13:00:56",19300
8920,40,100,"sd","13:00:31",19100
8920,40,300,"sd","13:00:28",19000
9000,120,3100,"bu","13:00:21",18700
9000,120,6900,"bu","13:00:21",15600
9000,120,1100,"bu","13:00:21",8700
8920,40,2000,"sd","13:00:21",7600
8920,40,200,"sd","13:00:21",5600
8920,40,100,"sd","13:00:21",5400
8920,40,200,"sd","13:00:21",5300
9000,120,100,"bu","13:00:21",5100
8920,40,4900,"sd","13:00:21",5000
8900,20,100,"unknown","13:00:03",100
