"price","change","match_qtty","side","time","total_vol"
5200,140,11000,"unknown","14:45:01",980300
5180,120,200,"sd","14:24:52",969300
5180,120,300,"sd","14:24:52",969100
5180,120,200,"sd","14:24:22",968800
5180,120,500,"sd","14:22:12",968600
5160,100,25700,"sd","14:21:00",968100
5170,110,3800,"sd","14:21:00",942400
5170,110,500,"sd","14:21:00",938600
5160,100,17000,"sd","14:19:20",938100
5200,140,3000,"sd","14:19:20",921100
5200,140,1000,"bu","14:19:04",918100
5200,140,9000,"bu","14:18:30",917100
5160,100,3600,"sd","14:17:14",908100
5160,100,2600,"sd","14:17:14",904500
5160,100,2400,"sd","14:16:36",901900
5160,100,2000,"sd","14:16:36",899500
5160,100,400,"sd","14:16:36",897500
5160,100,500,"sd","14:16:36",897100
5160,100,1900,"sd","14:16:36",896600
5170,110,15000,"unknown","14:16:36",894700
5170,110,1000,"unknown","14:16:36",879700
5180,120,100,"unknown","14:16:36",878700
5180,120,2500,"unknown","14:16:36",878600
5180,120,1000,"unknown","14:16:36",876100
5180,120,1000,"unknown","14:16:36",875100
5180,120,2000,"sd","14:16:36",874100
5180,120,700,"sd","14:16:36",872100
5180,120,9300,"sd","14:15:42",871400
5180,120,5000,"sd","14:15:42",862100
5180,120,700,"sd","14:15:42",857100
5240,180,200,"sd","14:15:19",856400
5240,180,2600,"sd","14:15:19",856200
5240,180,600,"sd","14:14:40",853600
5250,190,1000,"bu","14:13:38",853000
5240,180,1700,"sd","14:13:17",852000
5240,180,100,"bu","14:12:51",850300
5240,180,1000,"bu","14:12:06",850200
5240,180,200,"bu","14:11:23",849200
5160,100,100,"bu","14:03:55",849000
5160,100,5900,"bu","14:02:51",848900
5160,100,100,"sd","14:02:24",843000
5170,110,100,"sd","14:02:24",842900
5170,110,300,"sd","14:02:24",842800
5140,80,4400,"sd","13:54:46",842500
5140,80,700,"sd","13:54:46",838100
5140,80,10000,"sd","13:54:46",837400
5140,80,3000,"sd","13:54:46",827400
5150,90,3000,"sd","13:54:46",824400
5150,90,5000,"sd","13:54:46",821400
5150,90,100,"sd","13:54:46",816400
5150,90,1000,"sd","13:54:46",816300
5150,90,1000,"sd","13:54:46",815300
5150,90,400,"sd","13:54:46",814300
5150,90,500,"sd","13:54:46",813900
5160,100,100,"sd","13:54:46",813400
5160,100,2000,"sd","13:54:46",813300
5160,100,3800,"sd","13:54:46",811300
5160,100,6200,"sd","13:54:01",807500
5160,100,200,"sd","13:54:01",801300
5160,100,700,"sd","13:54:01",801100
5160,100,2000,"sd","13:54:01",800400
5160,100,900,"sd","13:54:01",798400
5160,100,7100,"bu","13:52:42",797500
5160,100,3000,"sd","13:52:12",790400
5160,100,700,"sd","13:52:12",787400
5160,100,4200,"sd","13:52:12",786700
5170,110,1000,"sd","13:52:00",782500
5170,110,5000,"sd","13:52:00",781500
5170,110,300,"sd","13:52:00",776500
5170,110,100,"sd","13:52:00",776200
5180,120,1000,"sd","13:51:48",776100
5180,120,100,"sd","13:51:48",775100
5180,120,400,"sd","13:51:48",775000
5200,140,2000,"sd","13:51:37",774600
5240,180,200,"bu","13:49:23",772600
5200,140,9000,"sd","13:48:35",772400
5200,140,2000,"sd","13:48:35",763400
5200,140,5000,"sd","13:48:35",761400
5240,180,14000,"unknown","13:47:46",756400
5240,180,1000,"unknown","13:47:46",742400
5250,190,19000,"bu","13:46:33",741400
5250,190,1000,"bu","13:46:33",722400
5240,180,1000,"sd","13:44:32",721400
5250,190,3000,"bu","13:42:02",719400
5250,190,1000,"bu","13:42:02",720400
5240,180,1000,"bu","13:42:02",716400
5240,180,1000,"bu","13:38:18",715400
5240,180,6400,"bu","13:37:26",714400
5160,100,5800,"sd","13:29:37",708000
5160,100,3000,"sd","13:29:37",702200
5160,100,400,"sd","13:29:37",699200
5170,110,600,"sd","13:29:37",698800
5170,110,3000,"sd","13:29:37",698200
5170,110,200,"sd","13:29:37",695200
5180,120,1000,"sd","13:29:37",695000
5180,120,600,"sd","13:29:37",694000
5200,140,400,"sd","13:29:37",693400
5200,140,600,"bu","13:29:26",693000
5200,140,400,"sd","13:29:08",692400
5200,140,1600,"sd","13:27:44",692000
5200,140,11600,"sd","13:27:44",690400
5200,140,800,"sd","13:27:44",678800
5240,180,1200,"sd","13:27:22",678000
5240,180,1100,"sd","13:25:54",676800
5240,180,1200,"bu","13:25:05",675700
5240,180,1300,"sd","13:22:58",674500
5240,180,7700,"sd","13:22:32",673200
5200,140,200,"bu","13:21:54",665500
5200,140,1600,"bu","13:20:51",665300
5180,120,400,"sd","13:20:39",663700
5180,120,300,"sd","13:20:39",663300
5200,140,200,"sd","13:20:18",663000
5200,140,1000,"sd","13:20:18",662800
5200,140,1000,"sd","13:18:35",661800
5200,140,1300,"sd","13:18:35",660800
5200,140,2000,"sd","13:18:22",659500
5200,140,1700,"bu","13:13:22",657500
5200,140,100,"bu","13:13:04",655800
5200,140,2000,"bu","13:12:52",655700
5200,140,6000,"bu","13:12:27",653700
5200,140,200,"bu","13:11:51",647700
5200,140,800,"bu","13:11:51",647500
5200,140,5000,"bu","13:09:25",646700
5200,140,4200,"bu","13:08:43",641700
5200,140,300,"bu","13:08:43",637500
5200,140,2000,"bu","13:08:43",637200
5200,140,700,"bu","13:06:58",635200
5200,140,2000,"bu","13:06:43",634500
5200,140,200,"bu","13:05:52",632500
5200,140,100,"bu","13:04:35",632300
5200,140,1000,"bu","13:03:46",632200
5200,140,12900,"sd","13:03:09",631200
5200,140,1300,"sd","13:03:09",618300
5200,140,3000,"sd","13:03:09",617000
5200,140,500,"sd","13:03:09",614000
5200,140,1300,"sd","13:03:09",613500
5210,150,100,"bu","13:02:58",612200
5210,150,100,"bu","13:00:39",612100
5210,150,2000,"bu","13:00:08",612000
5200,140,500,"sd","13:00:05",610000
5210,150,500,"bu","13:00:02",609500
5210,150,300,"bu","13:00:02",609000
5200,140,1000,"sd","13:00:01",608700
5210,150,1800,"sd","11:29:34",607700
5210,150,1200,"sd","11:28:21",605900
5210,150,2000,"sd","11:28:21",604700
5220,160,800,"sd","11:28:21",602700
5220,160,2200,"sd","11:27:58",601900
5220,160,500,"sd","11:27:58",599700
5220,160,300,"sd","11:27:58",599200
5220,160,400,"sd","11:27:37",598900
5220,160,300,"sd","11:26:32",598500
5250,190,1200,"bu","11:22:36",598200
5240,180,4800,"bu","11:22:36",597000
5240,180,1000,"sd","11:22:35",592200
5240,180,200,"sd","11:22:35",591200
5250,190,100,"bu","11:20:45",591000
5250,190,600,"sd","11:19:49",590900
5250,190,300,"sd","11:19:49",590300
5250,190,2000,"sd","11:19:49",590000
5250,190,5000,"sd","11:19:49",588000
5250,190,2000,"sd","11:19:49",583000
5250,190,100,"sd","11:19:49",581000
5250,190,100,"sd","11:19:49",580900
5250,190,200,"sd","11:19:49",580800
5250,190,200,"sd","11:19:49",580600
5250,190,1000,"sd","11:19:49",580400
5250,190,500,"sd","11:19:49",579400
5250,190,200,"sd","11:19:49",578900
5260,200,1000,"sd","11:19:40",578700
5260,200,1000,"sd","11:19:40",577700
5280,220,100,"bu","11:19:09",576700
5280,220,1000,"bu","11:19:09",576600
5280,220,2000,"bu","11:19:09",575600
5290,230,100,"bu","11:18:55",573600
5290,230,200,"bu","11:18:55",573500
5290,230,100,"bu","11:18:55",573300
5290,230,2000,"bu","11:18:55",573200
5300,240,1000,"sd","11:18:35",571200
5300,240,7900,"sd","11:18:35",570200
5300,240,2100,"bu","11:12:45",562300
5300,240,400,"bu","11:05:18",560200
5300,240,2000,"bu","11:05:18",559800
5300,240,500,"bu","11:05:18",557800
5300,240,1000,"sd","10:56:36",557300
5300,240,18000,"sd","10:55:32",556300
5300,240,500,"bu","10:55:14",538300
5300,240,1000,"bu","10:54:46",537800
5300,240,2000,"bu","10:54:46",536800
5300,240,300,"bu","10:54:46",534800
5300,240,100,"bu","10:54:46",534500
5300,240,200,"bu","10:54:46",534400
5300,240,900,"bu","10:54:46",534200
5300,240,2100,"sd","10:54:07",533300
5300,240,1000,"sd","10:54:07",531200
5300,240,1000,"sd","10:54:07",530200
5310,250,1000,"sd","10:54:07",529200
5310,250,1000,"sd","10:54:07",528200
5310,250,500,"sd","10:54:07",527200
5310,250,300,"sd","10:54:07",526700
5310,250,100,"sd","10:54:07",526400
5310,250,900,"sd","10:52:03",526300
5310,250,200,"sd","10:52:03",525400
5310,250,1000,"sd","10:52:03",525200
5310,250,2000,"sd","10:52:03",524200
5310,250,300,"sd","10:52:03",522200
5310,250,100,"sd","10:52:03",521900
5310,250,500,"sd","10:52:03",521800
5310,250,100,"sd","10:45:37",521300
5340,280,200,"bu","10:43:17",521200
5350,290,2000,"bu","10:32:22",521000
5350,290,2800,"bu","10:32:02",519000
5350,290,2200,"bu","10:32:02",516200
5350,290,800,"bu","10:22:26",514000
5350,290,1000,"bu","10:22:26",513200
5330,270,100,"bu","10:22:26",512200
5330,270,10100,"bu","10:22:26",512100
5310,250,100,"sd","10:21:28",502000
5310,250,300,"sd","10:07:16",501900
5310,250,4700,"sd","10:07:16",501600
5310,250,4000,"sd","10:06:25",496900
5310,250,31300,"sd","10:03:17",492900
5310,250,2000,"sd","10:03:17",461600
5310,250,500,"sd","10:03:17",459600
5310,250,1400,"sd","10:03:17",459100
5320,260,4800,"unknown","10:03:17",457700
5320,260,5000,"unknown","10:03:17",452900
5320,260,5000,"unknown","10:03:17",447900
5330,270,4900,"sd","10:02:47",442900
5360,300,10000,"bu","10:02:07",438000
5360,300,3000,"bu","10:02:07",428000
5360,300,3400,"bu","10:02:07",425000
5370,310,100,"bu","10:02:07",421600
5380,320,1200,"bu","10:02:03",421500
5380,320,500,"bu","10:02:03",420300
5380,320,300,"bu","10:02:03",419800
5380,320,200,"sd","10:00:07",419500
5380,320,300,"sd","09:59:40",419300
5380,320,400,"sd","09:59:40",419000
5380,320,1000,"sd","09:59:17",418600
5380,320,800,"sd","09:58:58",417600
5380,320,1700,"sd","09:58:58",416800
5380,320,300,"bu","09:56:31",415100
5380,320,700,"bu","09:56:05",414800
5390,330,2000,"bu","09:55:50",414100
5390,330,700,"bu","09:55:14",412100
5390,330,1100,"bu","09:55:14",411400
5390,330,3000,"bu","09:55:14",410300
5390,330,200,"bu","09:55:14",407300
5310,250,4600,"sd","09:54:30",407100
5250,190,100,"sd","09:43:14",402500
5250,190,600,"sd","09:43:14",402400
5250,190,1400,"bu","09:43:04",401800
5250,190,1600,"bu","09:42:41",400400
5250,190,5000,"sd","09:42:39",398800
5250,190,3600,"sd","09:42:39",393800
5300,240,2000,"sd","09:42:39",390200
5300,240,900,"sd","09:42:39",388200
5300,240,3900,"sd","09:42:39",387300
5340,280,600,"sd","09:42:39",383400
5410,350,100,"bu","09:42:04",382800
5340,280,800,"sd","09:42:02",382700
5350,290,200,"sd","09:42:02",381900
5350,290,900,"sd","09:42:02",381700
5400,340,1600,"sd","09:42:02",380800
5400,340,1000,"bu","09:41:49",379200
5400,340,2400,"bu","09:41:49",378200
5400,340,600,"sd","09:41:40",375800
5400,340,400,"sd","09:41:33",375200
5400,340,600,"sd","09:41:33",374800
5400,340,1000,"sd","09:41:24",374200
5400,340,200,"sd","09:41:17",373200
5400,340,200,"sd","09:40:52",373000
5410,350,400,"bu","09:40:41",372800
5410,350,100,"bu","09:40:41",372400
5410,350,900,"bu","09:40:40",372300
5410,350,600,"bu","09:40:40",371400
5410,350,400,"bu","09:40:38",370800
5410,350,1000,"bu","09:40:38",370400
5410,350,500,"bu","09:40:38",369400
5410,350,100,"bu","09:40:38",368900
5410,350,900,"bu","09:40:21",368800
5410,350,100,"bu","09:40:21",367900
5410,350,200,"bu","09:39:55",367800
5410,350,36700,"bu","09:39:41",367600
5410,350,900,"bu","09:39:41",330900
5410,350,200,"bu","09:39:41",330000
5410,350,1000,"bu","09:39:41",329800
5410,350,100,"bu","09:39:41",328800
5410,350,3000,"bu","09:39:41",328700
5410,350,8100,"bu","09:39:41",325700
5410,350,100,"bu","09:39:33",317600
5410,350,9800,"bu","09:39:29",317500
5400,340,200,"bu","09:39:29",307700
5410,350,12000,"bu","09:38:51",307500
5410,350,120000,"bu","09:38:51",295500
5400,340,2100,"bu","09:38:51",175500
5400,340,12000,"bu","09:38:51",173400
5400,340,5000,"bu","09:38:51",161400
5400,340,500,"bu","09:38:51",156400
5400,340,10000,"bu","09:38:51",155900
5400,340,200,"bu","09:38:51",145900
5400,340,300,"bu","09:38:51",145700
5400,340,15000,"bu","09:38:51",145400
5400,340,20000,"bu","09:38:51",130400
5390,330,2900,"bu","09:38:51",110400
5390,330,100,"bu","09:38:47",107500
5350,290,1000,"bu","09:38:36",107400
5350,290,100,"bu","09:38:36",106400
5350,290,9900,"bu","09:37:49",106300
5350,290,100,"bu","09:37:49",96400
5350,290,10000,"bu","09:37:49",96300
5300,240,1200,"bu","09:36:25",86300
5300,240,300,"bu","09:36:20",85100
5300,240,1000,"bu","09:36:20",84800
5300,240,200,"bu","09:36:20",83800
5300,240,400,"bu","09:36:20",83600
5300,240,900,"bu","09:36:15",83200
5300,240,100,"bu","09:36:12",82300
5300,240,100,"bu","09:35:52",82200
5300,240,18500,"bu","09:35:40",82100
5290,230,1500,"bu","09:35:40",63600
5250,190,2000,"sd","09:35:00",62100
5250,190,1800,"sd","09:35:00",60100
5250,190,3000,"bu","09:34:57",58300
5250,190,100,"bu","09:34:40",55300
5250,190,400,"bu","09:34:37",55200
5250,190,4700,"bu","09:34:28",54800
5250,190,100,"bu","09:34:28",50100
5250,190,200,"bu","09:34:28",50000
5240,180,2000,"bu","09:34:07",49800
5200,140,800,"bu","09:32:21",47800
5200,140,10000,"bu","09:32:21",47000
5200,140,900,"bu","09:32:21",37000
5200,140,300,"bu","09:32:21",36100
5190,130,200,"bu","09:32:21",35800
5190,130,100,"bu","09:32:14",35600
5190,130,100,"bu","09:32:14",35500
5180,120,100,"bu","09:32:14",35400
5180,120,900,"sd","09:32:12",35300
5180,120,100,"bu","09:32:01",34400
5180,120,3000,"bu","09:31:41",34300
5150,90,500,"sd","09:30:41",31300
5150,90,300,"bu","09:30:01",30800
5150,90,1700,"bu","09:30:01",30500
5150,90,2000,"bu","09:29:37",28800
5130,70,100,"sd","09:26:14",26800
5140,80,100,"sd","09:26:14",26700
5130,70,1000,"bu","09:25:38",26600
5120,60,2100,"sd","09:23:38",25600
5120,60,1000,"sd","09:23:38",23500
5150,90,500,"sd","09:20:53",22500
5150,90,500,"sd","09:20:53",22000
5150,90,5000,"sd","09:20:53",21500
5150,90,300,"sd","09:20:53",16500
5150,90,100,"sd","09:20:07",16200
5160,100,1200,"bu","09:19:29",16100
5160,100,200,"bu","09:19:18",14900
5150,90,1600,"sd","09:18:45",14700
5150,90,3000,"bu","09:18:22",13100
5100,40,100,"bu","09:17:16",10100
5100,40,900,"bu","09:17:16",10000
5100,40,500,"bu","09:17:13",9100
5100,40,2000,"bu","09:17:09",8600
5100,40,200,"bu","09:16:59",6600
5100,40,400,"bu","09:16:52",6400
5080,20,6000,"sd","09:15:01",6000
