"price","change","match_qtty","side","time","total_vol"
11,0.2,3500,"bu","14:45:02",638200
10.9,0.1,1000,"sd","14:29:57",634700
10.9,0.1,100,"bu","14:28:46",633700
10.85,0.05,400,"sd","14:28:27",633600
10.85,0.05,4600,"sd","14:27:17",633200
10.85,0.05,1500,"sd","14:27:17",628600
10.9,0.1,900,"sd","14:27:17",627100
10.9,0.1,2000,"sd","14:27:07",626200
10.9,0.1,100,"sd","14:26:59",624200
10.9,0.1,100,"sd","14:26:59",624100
10.85,0.05,500,"sd","14:25:39",624000
10.8,0,1000,"sd","14:24:58",623500
10.8,0,2000,"sd","14:24:57",622500
10.8,0,1000,"sd","14:24:57",620500
10.8,0,1000,"sd","14:24:57",619500
10.85,0.05,5000,"unknown","14:24:32",618500
10.9,0.1,500,"bu","14:24:16",613500
10.9,0.1,2000,"sd","14:24:01",613000
10.9,0.1,1000,"sd","14:23:56",611000
10.9,0.1,300,"bu","14:23:47",610000
10.8,0,200,"sd","14:23:36",609700
10.8,0,1800,"sd","14:23:35",609500
10.8,0,1200,"sd","14:23:35",607700
10.8,0,800,"sd","14:23:15",606500
10.8,0,3000,"sd","14:21:34",605700
10.8,0,500,"sd","14:21:34",602700
10.8,0,100,"sd","14:21:34",602200
10.8,0,200,"sd","14:21:34",602100
10.8,0,6200,"sd","14:21:34",601900
10.9,0.1,200,"bu","14:20:44",595700
10.8,0,1800,"sd","14:19:52",595500
10.9,0.1,1000,"sd","14:19:52",593700
10.8,0,500,"sd","14:19:52",592400
10.8,0,100,"sd","14:19:52",592700
10.8,0,200,"sd","14:19:52",592600
10.85,0.05,100,"sd","14:19:52",591900
10.85,0.05,300,"sd","14:19:52",591800
10.85,0.05,500,"sd","14:19:52",591300
10.85,0.05,200,"sd","14:19:52",591500
10.9,0.1,500,"sd","14:19:52",590800
10.9,0.1,200,"sd","14:19:52",590300
10.9,0.1,200,"sd","14:19:52",590100
10.9,0.1,1000,"sd","14:19:38",589900
10.95,0.15,1000,"unknown","14:18:34",588900
11,0.2,5000,"sd","14:17:20",587900
11,0.2,100,"sd","14:17:20",582900
11,0.2,400,"sd","14:17:20",582800
11,0.2,200,"sd","14:17:20",582400
11,0.2,900,"sd","14:17:20",582200
11,0.2,3000,"sd","14:17:18",581300
11,0.2,3000,"sd","14:13:45",578300
11,0.2,1000,"bu","14:12:07",575300
11,0.2,1000,"bu","14:12:07",574300
11,0.2,5100,"bu","14:12:07",573300
11,0.2,100,"bu","14:12:04",568200
11,0.2,5000,"bu","14:11:57",568100
11,0.2,300,"bu","14:11:52",563100
11,0.2,3000,"bu","14:10:50",562800
11,0.2,1000,"bu","14:10:44",559800
11,0.2,1000,"bu","14:10:26",558800
11,0.2,2000,"bu","14:10:17",557800
11,0.2,3700,"bu","14:10:11",555800
10.95,0.15,200,"bu","14:09:52",552100
10.9,0.1,500,"bu","14:07:25",551900
10.9,0.1,200,"sd","14:05:51",551400
10.9,0.1,500,"unknown","14:05:31",551200
10.9,0.1,400,"unknown","14:05:31",550700
10.9,0.1,500,"unknown","14:05:31",550300
10.9,0.1,200,"sd","14:05:31",549800
10.9,0.1,1000,"sd","14:05:26",549600
10.9,0.1,100,"sd","14:05:01",548600
10.9,0.1,100,"sd","14:05:01",548500
10.9,0.1,200,"sd","14:05:01",548400
10.9,0.1,100,"sd","14:05:01",548200
10.95,0.15,200,"unknown","14:04:00",548100
10.95,0.15,800,"sd","14:04:00",547900
10.95,0.15,400,"sd","14:03:49",547100
10.95,0.15,800,"sd","14:03:43",546700
11,0.2,200,"bu","14:03:14",545900
11,0.2,200,"bu","14:03:14",545700
11,0.2,1000,"sd","14:03:14",545500
11,0.2,700,"sd","14:03:14",544500
11,0.2,300,"sd","14:02:55",543800
11,0.2,400,"sd","14:02:55",543500
11,0.2,100,"sd","14:00:09",543100
11,0.2,100,"sd","14:00:09",543000
11,0.2,100,"sd","13:58:32",542900
11,0.2,700,"sd","13:57:21",542800
11,0.2,500,"sd","13:57:21",542100
11,0.2,2500,"sd","13:57:21",541600
11,0.2,300,"sd","13:57:20",539100
11,0.2,100,"sd","13:57:12",538800
11,0.2,900,"sd","13:57:07",538700
11,0.2,400,"sd","13:57:07",537800
11,0.2,500,"sd","13:57:07",537400
11,0.2,100,"sd","13:57:07",536900
11,0.2,300,"sd","13:56:45",536800
11,0.2,600,"sd","13:56:37",536500
11,0.2,1600,"sd","13:56:37",535900
11,0.2,1000,"sd","13:56:37",534300
11,0.2,200,"sd","13:56:37",533300
11,0.2,500,"sd","13:56:37",533100
11,0.2,1000,"sd","13:56:37",532600
11,0.2,1000,"sd","13:56:37",531600
11,0.2,1000,"sd","13:56:37",530600
11,0.2,200,"sd","13:56:37",529600
11,0.2,500,"sd","13:56:37",529400
11,0.2,100,"sd","13:56:37",528900
11,0.2,100,"sd","13:56:37",528800
11,0.2,2500,"sd","13:56:37",528700
11,0.2,300,"sd","13:55:54",526200
11,0.2,1200,"sd","13:55:30",525900
11.05,0.25,100,"bu","13:55:22",524700
11,0.2,100,"sd","13:54:10",524600
11,0.2,800,"sd","13:53:23",524500
11.05,0.25,100,"sd","13:52:50",523700
11.05,0.25,400,"sd","13:52:50",523600
11.05,0.25,500,"sd","13:52:50",523200
11.05,0.25,300,"sd","13:52:50",522700
11.05,0.25,200,"sd","13:52:50",522400
11.05,0.25,300,"sd","13:52:50",522200
11.05,0.25,300,"sd","13:52:50",521900
11.05,0.25,24500,"sd","13:52:50",521600
11.05,0.25,1400,"sd","13:52:01",497100
11.1,0.3,200,"sd","13:50:20",495700
11.1,0.3,1000,"sd","13:50:20",495500
11.1,0.3,200,"sd","13:50:06",494500
11.1,0.3,400,"sd","13:49:58",494300
11.1,0.3,900,"sd","13:49:40",493900
11.1,0.3,500,"sd","13:48:18",493000
11.1,0.3,200,"sd","13:48:12",492500
11.1,0.3,300,"sd","13:48:03",492300
11.1,0.3,200,"sd","13:47:56",492000
11.1,0.3,100,"sd","13:47:47",491800
11.1,0.3,1200,"sd","13:47:38",491700
11.1,0.3,200,"sd","13:46:46",490500
11.1,0.3,500,"sd","13:46:46",490300
11.1,0.3,500,"sd","13:45:14",489800
11.1,0.3,200,"sd","13:44:56",489300
11.1,0.3,100,"bu","13:44:55",489100
11.1,0.3,100,"bu","13:44:41",489000
11.05,0.25,1000,"sd","13:44:40",488900
11.05,0.25,1700,"sd","13:42:48",487900
11.05,0.25,100,"sd","13:41:42",486200
11.05,0.25,400,"sd","13:40:18",486100
11.05,0.25,100,"sd","13:40:11",485700
11.05,0.25,500,"sd","13:39:54",485600
11.05,0.25,5000,"sd","13:39:12",485100
11.05,0.25,100,"sd","13:38:48",480100
11.05,0.25,2000,"sd","13:37:46",480000
11.15,0.35,100,"bu","13:37:45",478000
11.15,0.35,200,"bu","13:37:45",477900
11.05,0.25,1000,"sd","13:36:30",477700
11.05,0.25,100,"sd","13:36:19",476700
11.05,0.25,100,"sd","13:36:14",476600
11.05,0.25,100,"sd","13:36:14",476500
11.05,0.25,300,"sd","13:34:53",476400
11.05,0.25,400,"sd","13:34:53",476100
11.05,0.25,300,"sd","13:34:53",475700
11.05,0.25,700,"sd","13:34:34",475400
11.05,0.25,400,"sd","13:34:34",474700
11.05,0.25,500,"sd","13:34:34",474300
11.1,0.3,500,"sd","13:34:34",473800
11.1,0.3,500,"sd","13:34:34",473300
11.1,0.3,500,"sd","13:34:34",472800
11.1,0.3,5000,"sd","13:34:34",472300
11.1,0.3,100,"sd","13:34:34",467300
11.1,0.3,900,"sd","13:34:34",467200
11.1,0.3,2000,"sd","13:34:34",466300
11.1,0.3,2900,"sd","13:34:34",464300
11.1,0.3,200,"sd","13:34:03",461400
11.1,0.3,500,"sd","13:33:20",461200
11.1,0.3,5000,"sd","13:32:07",460700
11.1,0.3,400,"sd","13:32:07",455700
11.1,0.3,1000,"sd","13:32:07",455300
11.1,0.3,100,"sd","13:32:07",454300
11.1,0.3,1700,"sd","13:32:07",454200
11.1,0.3,1400,"sd","13:32:07",452500
11.1,0.3,400,"sd","13:32:07",451100
11.15,0.35,500,"bu","13:31:10",450700
11.15,0.35,200,"bu","13:29:36",450200
11.1,0.3,200,"sd","13:26:27",450000
11.15,0.35,100,"bu","13:24:37",449800
11.15,0.35,800,"bu","13:22:23",449700
11.15,0.35,100,"bu","13:22:23",448900
11.15,0.35,100,"bu","13:22:23",448800
11.15,0.35,2800,"bu","13:22:16",448700
11.15,0.35,100,"bu","13:20:22",445900
11.1,0.3,500,"sd","13:20:13",445800
11.1,0.3,10000,"sd","13:18:35",445300
11.2,0.4,100,"bu","13:18:10",435300
11.2,0.4,3300,"sd","13:17:59",435200
11.2,0.4,3000,"sd","13:17:45",431900
11.15,0.35,300,"bu","13:17:12",428900
11.2,0.4,10000,"bu","13:17:12",428600
11.2,0.4,5000,"bu","13:17:12",418600
11.2,0.4,2000,"bu","13:17:12",413600
11.2,0.4,500,"bu","13:17:12",411600
11.2,0.4,1000,"bu","13:17:12",411100
11.2,0.4,100,"bu","13:17:12",410100
11.2,0.4,3000,"bu","13:17:12",410000
11.2,0.4,1100,"bu","13:17:12",407000
11.15,0.35,700,"bu","13:17:12",405900
11.1,0.3,700,"sd","13:16:49",405200
11.1,0.3,2000,"sd","13:16:41",404500
11.15,0.35,300,"bu","13:16:34",402500
11.15,0.35,9700,"bu","13:16:34",402200
11.1,0.3,200,"sd","13:16:25",392500
11.1,0.3,4000,"sd","13:15:23",392300
11.1,0.3,100,"sd","13:15:19",388300
11.1,0.3,100,"sd","13:15:18",388200
11.1,0.3,10300,"sd","13:15:01",388100
11.1,0.3,1300,"sd","13:15:01",377800
11.1,0.3,2000,"sd","13:15:01",376500
11.1,0.3,500,"sd","13:15:01",374500
11.1,0.3,800,"sd","13:15:01",374000
11.1,0.3,200,"sd","13:14:55",373200
11.15,0.35,300,"bu","13:13:42",373000
11.15,0.35,500,"sd","13:13:28",372700
11.15,0.35,600,"sd","13:13:28",372200
11.15,0.35,600,"sd","13:13:19",371600
11.15,0.35,300,"sd","13:13:09",371000
11.15,0.35,1200,"sd","13:13:03",370700
11.15,0.35,300,"sd","13:12:24",369500
11.15,0.35,100,"sd","13:12:24",369200
11.15,0.35,400,"sd","13:12:24",369100
11.15,0.35,400,"sd","13:12:16",368700
11.2,0.4,200,"bu","13:11:36",368300
11.15,0.35,500,"bu","13:07:32",368100
11.15,0.35,100,"sd","13:07:04",367600
11.15,0.35,400,"sd","13:07:04",367500
11.2,0.4,300,"bu","13:06:32",367100
11.15,0.35,4600,"sd","13:04:37",366800
11.15,0.35,1000,"sd","13:04:37",362200
11.15,0.35,200,"sd","13:04:37",361200
11.15,0.35,1800,"sd","13:04:37",361000
11.15,0.35,2400,"sd","13:04:37",359200
11.15,0.35,100,"sd","13:03:14",356800
11.15,0.35,5000,"sd","13:01:22",356700
11.15,0.35,500,"sd","13:00:15",351700
11.15,0.35,800,"sd","13:00:13",351200
11.15,0.35,100,"sd","13:00:13",350400
11.15,0.35,10000,"sd","13:00:11",350300
11.2,0.4,100,"bu","13:00:09",340300
11.15,0.35,2500,"sd","13:00:03",340200
11.15,0.35,1000,"sd","13:00:03",337700
11.15,0.35,200,"sd","13:00:02",336700
11.2,0.4,100,"bu","13:00:01",336500
11.2,0.4,100,"bu","11:28:38",336400
11.2,0.4,200,"bu","11:26:37",336300
11.2,0.4,200,"bu","11:22:34",336100
11.2,0.4,300,"sd","11:20:57",335900
11.2,0.4,1000,"sd","11:20:57",335600
11.2,0.4,500,"sd","11:20:57",334600
11.2,0.4,200,"sd","11:20:57",334100
11.2,0.4,400,"sd","11:20:57",333900
11.2,0.4,200,"sd","11:20:57",333500
11.2,0.4,100,"sd","11:20:57",333300
11.2,0.4,1000,"sd","11:20:57",333200
11.25,0.45,1000,"bu","11:20:24",332200
11.25,0.45,400,"sd","11:20:10",331200
11.25,0.45,200,"sd","11:20:10",330800
11.25,0.45,500,"sd","11:20:10",330600
11.25,0.45,100,"sd","11:20:10",330100
11.25,0.45,100,"sd","11:20:10",330000
11.25,0.45,1200,"sd","11:20:10",329900
11.25,0.45,100,"sd","11:19:58",328700
11.25,0.45,2000,"sd","11:19:49",328600
11.25,0.45,500,"sd","11:19:46",326600
11.25,0.45,10000,"sd","11:19:44",326100
11.25,0.45,200,"sd","11:19:09",316100
11.25,0.45,200,"sd","11:11:55",315900
11.25,0.45,1000,"sd","11:10:58",315700
11.25,0.45,200,"sd","11:10:43",314700
11.25,0.45,8500,"sd","11:08:22",314500
11.3,0.5,100,"bu","11:08:02",306000
11.25,0.45,1000,"sd","11:07:39",305900
11.25,0.45,3000,"sd","11:06:38",304900
11.25,0.45,600,"sd","11:02:50",301900
11.25,0.45,2000,"sd","11:02:41",301300
11.25,0.45,200,"sd","11:02:41",299300
11.25,0.45,200,"sd","11:01:43",299100
11.25,0.45,100,"sd","10:55:24",298900
11.3,0.5,2100,"bu","10:55:13",298800
11.3,0.5,100,"bu","10:55:13",296700
11.3,0.5,3000,"bu","10:55:13",296600
11.3,0.5,1000,"bu","10:55:13",293600
11.3,0.5,300,"bu","10:55:13",292600
11.3,0.5,100,"bu","10:55:13",292300
11.3,0.5,4700,"bu","10:55:13",292200
11.25,0.45,10000,"sd","10:53:18",287500
11.25,0.45,500,"bu","10:52:46",277500
11.25,0.45,100,"bu","10:52:46",277000
11.25,0.45,5000,"bu","10:52:46",276900
11.25,0.45,2000,"bu","10:52:46",271900
11.25,0.45,100,"bu","10:52:46",269900
11.25,0.45,100,"bu","10:52:46",269800
11.25,0.45,5800,"bu","10:52:46",269700
11.25,0.45,400,"bu","10:52:46",263900
11.2,0.4,100,"sd","10:45:39",263500
11.2,0.4,500,"sd","10:45:21",263400
11.2,0.4,100,"sd","10:44:58",262900
11.2,0.4,500,"bu","10:40:58",262800
11.2,0.4,200,"bu","10:40:58",262300
11.2,0.4,100,"bu","10:40:58",262100
11.2,0.4,500,"bu","10:40:58",262000
11.2,0.4,6700,"bu","10:40:58",261500
11.2,0.4,300,"bu","10:38:05",254800
11.2,0.4,1000,"bu","10:37:32",254500
11.15,0.35,100,"sd","10:36:27",253500
11.15,0.35,100,"sd","10:30:55",253400
11.15,0.35,200,"sd","10:25:44",253300
11.15,0.35,800,"sd","10:25:00",253100
11.15,0.35,100,"sd","10:25:00",252300
11.15,0.35,200,"sd","10:25:00",252200
11.15,0.35,200,"sd","10:25:00",252000
11.15,0.35,100,"sd","10:25:00",251800
11.15,0.35,2000,"sd","10:25:00",251700
11.15,0.35,100,"sd","10:25:00",249700
11.15,0.35,100,"sd","10:25:00",249600
11.15,0.35,1400,"sd","10:25:00",249500
11.15,0.35,200,"sd","10:24:32",248100
11.2,0.4,100,"bu","10:24:27",247900
11.2,0.4,1900,"sd","10:22:34",247800
11.2,0.4,100,"sd","10:22:04",245900
11.25,0.45,3000,"bu","10:21:58",245800
11.2,0.4,500,"sd","10:20:29",242800
11.2,0.4,1000,"sd","10:20:22",242300
11.2,0.4,500,"sd","10:20:17",241300
11.2,0.4,600,"bu","10:19:09",240800
11.2,0.4,100,"sd","10:18:49",240200
11.2,0.4,100,"sd","10:18:49",240100
11.2,0.4,300,"sd","10:18:49",240000
11.2,0.4,1000,"sd","10:18:49",239700
11.2,0.4,20000,"sd","10:18:49",238700
11.2,0.4,200,"sd","10:18:49",218700
11.2,0.4,200,"sd","10:18:49",218500
11.2,0.4,5000,"sd","10:18:49",218300
11.2,0.4,200,"sd","10:18:49",213300
11.2,0.4,1000,"sd","10:18:49",213100
11.2,0.4,1000,"sd","10:18:49",212100
11.2,0.4,3300,"sd","10:18:49",211100
11.2,0.4,2000,"sd","10:18:41",207800
11.25,0.45,100,"bu","10:16:27",205800
11.25,0.45,100,"sd","10:16:25",205700
11.25,0.45,1400,"sd","10:16:25",205600
11.25,0.45,7000,"sd","10:14:06",204200
11.25,0.45,200,"sd","10:14:02",197200
11.25,0.45,100,"sd","10:13:29",197000
11.25,0.45,1300,"sd","10:13:21",196900
11.25,0.45,700,"sd","10:13:21",195600
11.25,0.45,300,"sd","10:12:36",194900
11.25,0.45,700,"sd","10:12:36",194600
11.25,0.45,300,"bu","10:10:37",193900
11.25,0.45,2000,"bu","10:10:37",193600
11.25,0.45,1000,"bu","10:10:37",191600
11.25,0.45,1000,"sd","10:09:15",190600
11.25,0.45,2000,"bu","10:08:42",189600
11.25,0.45,3000,"sd","10:07:17",187600
11.25,0.45,600,"bu","10:05:48",184600
11.2,0.4,200,"sd","10:05:14",184000
11.25,0.45,1400,"sd","10:05:14",183800
11.25,0.45,100,"sd","10:03:43",182400
11.25,0.45,1500,"sd","10:02:50",182300
11.25,0.45,1500,"sd","10:02:50",180800
11.25,0.45,500,"sd","10:00:38",179300
11.25,0.45,200,"sd","10:00:17",178800
11.25,0.45,100,"sd","09:59:22",178600
11.25,0.45,1900,"bu","09:59:18",178500
11.25,0.45,1000,"bu","09:59:10",176600
11.25,0.45,100,"bu","09:57:29",175600
11.25,0.45,8900,"sd","09:57:27",175500
11.25,0.45,8100,"sd","09:57:27",166600
11.25,0.45,2000,"sd","09:56:41",158500
11.25,0.45,9900,"bu","09:56:06",156500
11.25,0.45,100,"bu","09:56:00",146600
11.25,0.45,100,"bu","09:55:34",146500
11.25,0.45,1800,"bu","09:55:34",146400
11.25,0.45,1200,"bu","09:53:50",144600
11.25,0.45,800,"bu","09:53:50",143400
11.25,0.45,300,"bu","09:52:40",142600
11.25,0.45,900,"bu","09:52:35",142300
11.25,0.45,1000,"bu","09:52:35",141400
11.25,0.45,100,"bu","09:52:35",140400
11.25,0.45,100,"bu","09:50:59",140300
11.25,0.45,300,"bu","09:50:42",140200
11.25,0.45,300,"bu","09:49:53",139900
11.25,0.45,200,"bu","09:48:45",139600
11.25,0.45,1000,"sd","09:48:44",139400
11.25,0.45,500,"sd","09:48:37",138400
11.25,0.45,1500,"bu","09:48:34",137900
11.25,0.45,200,"bu","09:48:24",136400
11.25,0.45,300,"bu","09:48:14",136200
11.25,0.45,200,"bu","09:48:14",135900
11.25,0.45,100,"bu","09:47:59",135700
11.2,0.4,4500,"sd","09:47:20",135600
11.2,0.4,100,"sd","09:47:20",131100
11.2,0.4,1000,"sd","09:47:20",131000
11.2,0.4,400,"sd","09:47:20",130000
11.2,0.4,500,"sd","09:47:03",129600
11.25,0.45,200,"bu","09:46:30",129100
11.25,0.45,100,"sd","09:46:18",128900
11.3,0.5,300,"bu","09:46:11",128800
11.3,0.5,500,"bu","09:46:11",128500
11.25,0.45,1000,"bu","09:44:58",128000
11.25,0.45,1500,"bu","09:44:58",127000
11.25,0.45,100,"bu","09:44:58",125500
11.25,0.45,300,"bu","09:44:58",125400
11.25,0.45,500,"bu","09:44:58",125100
11.25,0.45,100,"bu","09:44:58",124600
11.25,0.45,1400,"bu","09:44:58",124500
11.2,0.4,500,"sd","09:44:00",123100
11.25,0.45,200,"bu","09:42:47",122600
11.25,0.45,4400,"sd","09:41:15",122400
11.25,0.45,700,"sd","09:39:58",118000
11.2,0.4,3600,"sd","09:38:53",117300
11.25,0.45,200,"unknown","09:38:44",113700
11.25,0.45,1000,"bu","09:38:31",113500
11.25,0.45,200,"bu","09:38:31",112500
11.25,0.45,500,"sd","09:38:01",112300
11.25,0.45,1000,"bu","09:37:34",111800
11.25,0.45,300,"bu","09:37:34",110800
11.25,0.45,1100,"bu","09:37:34",110500
11.2,0.4,100,"bu","09:37:34",109400
11.25,0.45,200,"bu","09:36:58",109300
11.2,0.4,1000,"bu","09:36:58",109100
11.25,0.45,700,"bu","09:36:56",108100
11.25,0.45,300,"bu","09:36:56",107400
11.25,0.45,100,"bu","09:36:45",107100
11.25,0.45,1000,"bu","09:36:45",107000
11.25,0.45,100,"bu","09:36:45",106000
11.25,0.45,100,"bu","09:36:45",105900
11.25,0.45,700,"bu","09:36:45",105800
11.25,0.45,300,"bu","09:36:35",105100
11.25,0.45,9700,"bu","09:36:35",104800
11.25,0.45,100,"bu","09:36:11",95100
11.25,0.45,200,"bu","09:35:44",95000
11.25,0.45,1000,"bu","09:35:44",94800
11.25,0.45,1000,"bu","09:35:44",93800
11.25,0.45,100,"bu","09:35:44",92800
11.25,0.45,100,"bu","09:35:44",92700
11.25,0.45,200,"bu","09:35:26",92600
11.2,0.4,7600,"bu","09:35:11",92400
11.2,0.4,300,"bu","09:35:04",84800
11.2,0.4,2100,"bu","09:34:34",84500
11.2,0.4,3000,"bu","09:34:34",82400
11.2,0.4,500,"bu","09:34:34",79400
11.2,0.4,100,"bu","09:34:34",78900
11.2,0.4,500,"bu","09:34:34",78800
11.2,0.4,2000,"bu","09:34:34",78300
11.2,0.4,2000,"bu","09:34:34",76300
11.2,0.4,100,"bu","09:34:34",74300
11.2,0.4,300,"bu","09:34:34",74200
11.2,0.4,1000,"bu","09:34:34",73900
11.2,0.4,8900,"bu","09:34:34",72900
11.15,0.35,700,"bu","09:33:47",64000
11.15,0.35,2000,"bu","09:33:47",63300
11.15,0.35,500,"bu","09:33:47",61300
11.15,0.35,300,"bu","09:33:47",60800
11.15,0.35,200,"bu","09:33:29",60500
11.1,0.3,400,"sd","09:31:19",60300
11.1,0.3,100,"sd","09:31:19",59900
11.1,0.3,600,"bu","09:30:59",59800
11.1,0.3,200,"sd","09:30:28",59200
11.1,0.3,100,"sd","09:30:28",59000
11.1,0.3,1000,"sd","09:30:28",58900
11.1,0.3,200,"sd","09:30:28",57900
11.1,0.3,400,"sd","09:30:28",57700
11.1,0.3,5000,"sd","09:30:28",57300
11.1,0.3,400,"sd","09:30:28",52300
11.1,0.3,600,"sd","09:30:12",51900
11.15,0.35,100,"bu","09:29:12",51300
11.15,0.35,300,"bu","09:29:12",51200
11.15,0.35,1000,"bu","09:28:44",50900
11.15,0.35,200,"bu","09:28:40",49900
11.15,0.35,500,"bu","09:28:40",49700
11.15,0.35,1000,"bu","09:28:40",49200
11.15,0.35,200,"bu","09:28:40",48200
11.15,0.35,100,"bu","09:28:40",48000
11.15,0.35,100,"bu","09:27:41",47000
11.15,0.35,400,"bu","09:27:41",47900
11.15,0.35,500,"bu","09:27:41",47500
11.1,0.3,1000,"sd","09:26:08",46900
11.1,0.3,1000,"bu","09:24:19",45900
11.1,0.3,2500,"bu","09:24:17",44900
11.1,0.3,200,"bu","09:24:17",42400
11.1,0.3,100,"bu","09:24:17",42200
11.1,0.3,1300,"bu","09:24:17",42100
11.1,0.3,900,"bu","09:24:17",40800
11.05,0.25,10000,"sd","09:24:17",39900
11.05,0.25,1100,"sd","09:23:35",29900
11.05,0.25,900,"sd","09:23:35",28800
11.1,0.3,100,"bu","09:23:33",27900
11.1,0.3,100,"bu","09:23:33",27800
11.05,0.25,100,"sd","09:21:25",27700
11.05,0.25,100,"sd","09:21:25",27600
11.1,0.3,4900,"sd","09:20:22",27500
11.1,0.3,5000,"sd","09:20:16",22600
11.1,0.3,100,"bu","09:20:13",17600
11.1,0.3,200,"sd","09:19:54",17500
11.1,0.3,800,"sd","09:19:34",17300
11.1,0.3,1700,"sd","09:19:34",16500
11.1,0.3,1000,"sd","09:19:34",14800
11.1,0.3,800,"sd","09:19:34",13800
11.1,0.3,700,"sd","09:19:34",13000
11.2,0.4,1000,"bu","09:18:53",12300
11.2,0.4,100,"bu","09:18:47",11300
11.2,0.4,900,"bu","09:18:47",11200
11.2,0.4,100,"bu","09:18:04",10300
11.2,0.4,100,"bu","09:18:04",10200
11.2,0.4,100,"bu","09:18:04",10100
11.2,0.4,100,"sd","09:17:23",10000
11.2,0.4,100,"bu","09:17:19",9900
11.2,0.4,100,"sd","09:16:43",9800
11.2,0.4,500,"bu","09:16:40",9100
11.2,0.4,100,"bu","09:16:40",9700
11.2,0.4,500,"bu","09:16:40",9600
11.1,0.3,200,"sd","09:16:08",8600
11.1,0.3,100,"sd","09:16:08",8400
11.05,0.25,100,"bu","09:15:28",8300
11,0.2,100,"sd","09:15:02",8200
11,0.2,8100,"sd","09:15:01",8100
