"price","change","match_qtty","side","time","total_vol"
15.2,0.2,17100,"sd","14:59:55",174100
15.2,0.2,100,"bu","14:58:58",157000
15.2,0.2,100,"bu","14:58:55",156900
15.2,0.2,100,"bu","14:58:52",156800
15.2,0.2,100,"bu","14:58:48",156700
15.2,0.2,100,"bu","14:58:45",156600
15.2,0.2,100,"bu","14:58:42",156500
15,0,1200,"unknown","14:55:06",156400
15,0,2000,"sd","14:53:41",155200
15,0,3000,"sd","14:52:44",153200
14.9,-0.1,6900,"sd","14:49:36",150200
15,0,1700,"unknown","14:49:13",143300
15.1,0.1,600,"unknown","14:48:56",141600
15.1,0.1,100,"sd","14:46:44",141000
15.1,0.1,1500,"bu","14:44:41",140900
15,0,5000,"sd","14:40:48",139400
15,0,100,"sd","14:40:30",134400
15,0,100,"sd","14:40:24",134300
15,0,4200,"sd","14:33:46",134200
15,0,1500,"bu","14:33:14",130000
15,0,5000,"bu","14:32:30",128500
14.9,-0.1,1000,"sd","14:29:03",123500
15,0,4300,"bu","14:26:52",122500
15,0,800,"sd","14:26:36",118200
15,0,1000,"sd","14:26:17",117400
15,0,1500,"sd","14:24:13",116400
15,0,100,"sd","14:24:11",114900
15,0,1000,"sd","14:24:10",114800
15,0,4000,"sd","14:23:42",113800
15,0,500,"sd","14:23:18",109800
15,0,1400,"sd","14:23:09",109300
15,0,1000,"sd","14:22:57",107900
15,0,500,"sd","14:22:33",106900
15,0,4900,"sd","14:21:26",106400
15,0,1000,"sd","14:19:57",101500
15,0,5000,"sd","14:19:46",100500
15,0,5000,"sd","14:19:14",95500
15,0,1000,"sd","14:18:49",90500
15.1,0.1,100,"sd","14:18:18",89500
15.1,0.1,200,"sd","14:16:41",89400
15.1,0.1,700,"sd","14:14:48",89200
15.1,0.1,100,"sd","14:13:43",88500
15.1,0.1,1000,"bu","14:11:58",88400
15.1,0.1,100,"unknown","13:49:22",87400
15.1,0.1,2400,"bu","13:48:32",87300
15.1,0.1,2000,"sd","13:45:58",84900
15.2,0.2,200,"sd","13:37:59",82900
15.2,0.2,1400,"bu","13:25:00",82700
15.1,0.1,100,"bu","13:21:17",81300
15.1,0.1,1500,"bu","13:20:37",81200
15.1,0.1,500,"bu","13:19:45",79700
15.1,0.1,1000,"bu","13:19:14",79200
15.1,0.1,500,"bu","13:18:47",78200
15.1,0.1,800,"bu","13:18:35",77700
15.1,0.1,5600,"bu","13:18:05",76900
15.2,0.2,100,"bu","13:16:24",71300
15.3,0.3,500,"bu","13:15:15",71200
15.2,0.2,1000,"sd","13:15:08",70700
15.3,0.3,500,"bu","13:11:26",69700
15.3,0.3,100,"bu","13:02:22",69200
15.1,0.1,5800,"sd","13:01:48",69100
15.2,0.2,3200,"unknown","13:01:24",63300
15.2,0.2,100,"sd","13:00:03",60100
15.2,0.2,5000,"sd","13:00:01",60000
15.3,0.3,1000,"unknown","11:15:15",55000
15.4,0.4,1000,"bu","11:14:14",54000
15.3,0.3,200,"unknown","11:13:05",53000
15.3,0.3,400,"bu","11:12:47",52800
15.3,0.3,100,"sd","11:12:02",52400
15.4,0.4,100,"bu","11:09:23",52300
15.4,0.4,400,"bu","11:08:22",52200
15.4,0.4,200,"bu","11:07:09",51800
15.3,0.3,100,"unknown","11:00:38",51600
15.3,0.3,1800,"unknown","10:53:52",51500
15.3,0.3,1000,"sd","10:47:52",49700
15.4,0.4,1000,"bu","10:46:59",48700
15.4,0.4,2000,"bu","10:42:28",47700
15.4,0.4,200,"bu","10:41:23",45700
15.4,0.4,1000,"bu","10:35:52",45500
15.3,0.3,400,"sd","10:26:40",44500
15.3,0.3,300,"sd","10:26:14",44100
15.3,0.3,1200,"unknown","10:23:50",43800
15.4,0.4,1000,"bu","10:23:30",42600
15.4,0.4,1000,"bu","10:23:28",41600
15.3,0.3,100,"unknown","10:22:10",40600
15.4,0.4,1000,"bu","10:21:28",40500
15.3,0.3,100,"unknown","10:19:23",39500
15.3,0.3,400,"sd","10:14:14",39400
15.3,0.3,1000,"sd","10:13:50",39000
15.3,0.3,1000,"sd","10:13:44",38000
15.3,0.3,200,"sd","10:12:21",37000
15.4,0.4,100,"bu","10:10:05",36800
15.3,0.3,100,"sd","10:08:57",36700
15.3,0.3,7300,"sd","10:06:45",36600
15.2,0.2,100,"unknown","10:04:24",29300
15.2,0.2,500,"bu","10:02:21",29200
15.2,0.2,2000,"bu","10:00:56",28700
15.2,0.2,300,"bu","09:57:31",26700
15.1,0.1,4900,"sd","09:46:08",26400
15.2,0.2,1000,"bu","09:41:49",21500
15,0,100,"sd","09:38:40",20500
15,0,3500,"bu","09:30:54",20400
15,0,400,"sd","09:30:32",16900
14.8,-0.2,4900,"sd","09:30:04",16500
14.8,-0.2,1000,"bu","09:30:00",11600
14.8,-0.2,300,"bu","09:29:58",10600
14.8,-0.2,1000,"bu","09:29:51",10300
14.8,-0.2,4000,"bu","09:29:49",9300
15,0,2700,"bu","09:29:04",5300
15.1,0.1,300,"bu","09:10:24",2600
15.1,0.1,100,"bu","09:10:11",2300
15.1,0.1,600,"sd","09:08:14",2200
15.4,0.4,200,"bu","09:07:35",1600
15.1,0.1,100,"sd","09:03:51",1400
15.1,0.1,100,"sd","09:03:06",1300
15.1,0.1,200,"sd","09:02:04",1200
15.1,0.1,1000,"sd","09:01:50",1000
