"price","change","match_qtty","side","time","total_vol"
44,0.5,93600,"unknown","14:45:01",2048200
43.85,0.35,300,"bu","14:29:35",1954600
43.9,0.4,1000,"bu","14:26:58",1954300
43.7,0.2,300,"sd","14:26:36",1953300
43.7,0.2,1100,"sd","14:26:05",1953000
43.9,0.4,200,"bu","14:25:55",1951900
43.7,0.2,1000,"sd","14:25:49",1951700
43.7,0.2,3500,"sd","14:25:39",1950700
43.7,0.2,200,"sd","14:25:22",1947200
43.7,0.2,300,"sd","14:25:22",1947000
43.7,0.2,2500,"sd","14:25:22",1946700
43.75,0.25,100,"unknown","14:25:01",1944200
43.75,0.25,3000,"unknown","14:25:01",1944100
43.8,0.3,200,"unknown","14:25:01",1941100
43.7,0.2,4500,"sd","14:25:01",1940900
43.7,0.2,10000,"sd","14:25:01",1936400
43.7,0.2,300,"sd","14:25:01",1926400
43.7,0.2,100,"sd","14:25:01",1926100
43.7,0.2,1000,"sd","14:25:01",1926000
43.7,0.2,600,"sd","14:25:01",1925000
43.75,0.25,200,"sd","14:25:01",1924400
43.95,0.45,100,"bu","14:24:50",1924200
43.95,0.45,200,"bu","14:24:50",1924100
43.95,0.45,200,"bu","14:23:45",1923900
43.95,0.45,300,"sd","14:23:41",1923700
43.95,0.45,1000,"bu","14:23:35",1923400
43.95,0.45,1200,"bu","14:23:34",1922400
43.95,0.45,2000,"bu","14:23:34",1921200
43.95,0.45,500,"bu","14:23:34",1919200
43.95,0.45,100,"bu","14:22:48",1918700
43.95,0.45,800,"bu","14:22:48",1918600
43.9,0.4,100,"bu","14:22:48",1917800
43.9,0.4,300,"bu","14:22:43",1917700
43.95,0.45,200,"bu","14:21:41",1917400
43.65,0.15,100,"sd","14:21:33",1917200
43.65,0.15,100,"sd","14:21:33",1917100
43.65,0.15,500,"sd","14:21:33",1917000
43.65,0.15,200,"sd","14:21:33",1916500
43.65,0.15,100,"sd","14:21:33",1916300
43.7,0.2,7000,"sd","14:21:33",1916200
43.75,0.25,2000,"sd","14:21:33",1909200
43.75,0.25,100,"sd","14:21:33",1907200
43.75,0.25,4700,"sd","14:21:33",1907100
43.8,0.3,4000,"sd","14:21:33",1902400
43.8,0.3,5000,"sd","14:21:33",1898400
43.8,0.3,300,"sd","14:21:33",1893400
43.95,0.45,300,"bu","14:20:58",1893100
43.95,0.45,200,"bu","14:20:35",1892800
43.8,0.3,700,"bu","14:20:27",1892600
43.8,0.3,500,"bu","14:19:48",1891900
43.75,0.25,3600,"sd","14:19:41",1891400
43.75,0.25,300,"sd","14:19:41",1887800
43.75,0.25,200,"sd","14:19:41",1887500
43.75,0.25,300,"sd","14:19:41",1887300
43.75,0.25,300,"sd","14:19:41",1887000
43.75,0.25,300,"sd","14:19:41",1886700
43.8,0.3,1000,"bu","14:19:38",1886400
43.8,0.3,300,"bu","14:19:30",1885400
43.8,0.3,100,"sd","14:19:21",1885100
43.8,0.3,4000,"sd","14:19:21",1885000
43.8,0.3,100,"sd","14:19:21",1881000
43.8,0.3,5000,"sd","14:19:21",1880900
43.8,0.3,500,"sd","14:19:21",1875900
43.8,0.3,1000,"sd","14:19:21",1875400
43.8,0.3,500,"sd","14:19:21",1874400
43.8,0.3,200,"sd","14:19:21",1873900
43.8,0.3,500,"sd","14:19:21",1873700
43.95,0.45,1500,"bu","14:18:53",1873200
43.95,0.45,200,"bu","14:18:53",1871700
43.95,0.45,1000,"bu","14:18:53",1871500
43.95,0.45,300,"bu","14:18:53",1870500
43.95,0.45,200,"bu","14:18:24",1870200
43.95,0.45,100,"bu","14:18:24",1870000
43.95,0.45,300,"bu","14:18:14",1869900
43.95,0.45,100,"bu","14:18:14",1869600
43.95,0.45,100,"bu","14:18:14",1869500
43.95,0.45,500,"bu","14:17:56",1869400
43.95,0.45,1600,"bu","14:17:56",1868900
43.95,0.45,300,"bu","14:17:21",1867300
43.8,0.3,200,"bu","14:17:16",1867000
43.8,0.3,4300,"bu","14:17:11",1866800
43.8,0.3,100,"sd","14:17:10",1862500
43.8,0.3,600,"sd","14:17:10",1862400
43.8,0.3,4400,"bu","14:16:42",1861800
43.8,0.3,500,"unknown","14:16:38",1857400
43.9,0.4,300,"bu","14:16:27",1856900
43.9,0.4,200,"bu","14:16:20",1856600
43.95,0.45,300,"bu","14:15:16",1856400
43.95,0.45,300,"bu","14:14:11",1856100
43.6,0.1,200,"unknown","14:13:53",1855800
43.6,0.1,200,"unknown","14:13:53",1855600
43.6,0.1,100,"unknown","14:13:53",1855400
43.6,0.1,200,"unknown","14:13:53",1855300
43.6,0.1,100,"unknown","14:13:53",1855100
43.6,0.1,1000,"unknown","14:13:53",1855000
43.6,0.1,400,"unknown","14:13:53",1854000
43.65,0.15,1300,"unknown","14:13:53",1853600
43.8,0.3,200,"unknown","14:13:53",1852300
43.65,0.15,100,"unknown","14:13:53",1852100
43.8,0.3,1000,"unknown","14:13:53",1852000
43.7,0.2,2000,"sd","14:13:53",1851000
43.8,0.3,100,"sd","14:13:53",1849000
43.7,0.2,300,"sd","14:13:53",1848900
43.8,0.3,300,"sd","14:13:53",1848600
43.7,0.2,2700,"sd","14:13:53",1848300
43.8,0.3,1000,"sd","14:13:53",1845600
43.55,0.05,8200,"sd","14:13:53",1844600
43.7,0.2,400,"sd","14:13:53",1836400
43.7,0.2,300,"sd","14:13:53",1836000
43.8,0.3,2300,"sd","14:13:53",1835700
43.75,0.25,1500,"sd","14:13:53",1833400
43.8,0.3,200,"sd","14:13:53",1831900
43.6,0.1,1000,"sd","14:13:53",1831700
43.75,0.25,2000,"sd","14:13:53",1830700
43.8,0.3,2000,"sd","14:13:53",1828700
43.75,0.25,3700,"sd","14:13:53",1826700
43.6,0.1,200,"sd","14:13:53",1823000
43.8,0.3,2000,"sd","14:13:53",1822800
43.6,0.1,3900,"sd","14:13:53",1820800
43.85,0.35,5000,"sd","14:13:53",1816900
43.8,0.3,100,"sd","14:13:53",1811900
43.85,0.35,100,"sd","14:13:53",1811800
43.6,0.1,1000,"sd","14:13:53",1811700
43.8,0.3,100,"sd","14:13:53",1810700
43.85,0.35,500,"sd","14:13:53",1810600
43.8,0.3,200,"sd","14:13:53",1810100
43.85,0.35,200,"sd","14:13:53",1809900
43.85,0.35,100,"sd","14:13:53",1809700
43.85,0.35,400,"sd","14:13:53",1809600
43.85,0.35,200,"sd","14:13:53",1809200
43.85,0.35,300,"sd","14:13:53",1809000
43.85,0.35,2900,"sd","14:13:53",1808700
43.85,0.35,100,"sd","14:13:36",1805800
43.85,0.35,100,"sd","14:13:36",1805700
43.9,0.4,100,"sd","14:13:36",1805600
43.95,0.45,300,"bu","14:13:10",1805500
43.9,0.4,100,"sd","14:13:08",1805200
43.9,0.4,500,"sd","14:13:08",1805100
43.9,0.4,1000,"sd","14:13:08",1804600
43.9,0.4,200,"sd","14:13:08",1803600
43.9,0.4,1000,"sd","14:13:08",1803400
43.95,0.45,4700,"bu","14:12:24",1802400
43.95,0.45,300,"bu","14:12:24",1797700
43.9,0.4,500,"sd","14:12:18",1797400
43.9,0.4,400,"sd","14:12:18",1796900
43.9,0.4,200,"sd","14:12:18",1796500
43.9,0.4,100,"sd","14:12:18",1796300
43.9,0.4,200,"sd","14:12:18",1796200
43.9,0.4,3000,"sd","14:12:18",1796000
43.95,0.45,300,"bu","14:12:06",1793000
43.95,0.45,500,"bu","14:11:58",1792700
43.95,0.45,300,"bu","14:11:03",1792200
43.95,0.45,200,"sd","14:10:43",1791900
43.95,0.45,5000,"sd","14:10:43",1791700
43.95,0.45,3300,"sd","14:10:43",1786700
44,0.5,200,"bu","14:10:32",1783400
43.95,0.45,1700,"sd","14:10:10",1783200
43.95,0.45,1000,"sd","14:10:10",1781500
44,0.5,300,"bu","14:10:02",1780500
43.95,0.45,2000,"sd","14:09:54",1780200
44,0.5,1000,"bu","14:09:30",1778200
44,0.5,1000,"bu","14:09:22",1777200
44,0.5,300,"bu","14:09:02",1776200
44,0.5,100,"bu","14:08:36",1775900
44,0.5,400,"bu","14:08:33",1775800
44,0.5,1000,"bu","14:08:32",1775400
44,0.5,300,"bu","14:07:58",1774400
44,0.5,100,"bu","14:07:11",1774100
44,0.5,300,"bu","14:06:55",1774000
44,0.5,100,"bu","14:06:43",1773700
44,0.5,200,"bu","14:06:25",1773600
44,0.5,1000,"bu","14:06:10",1773400
44,0.5,8300,"bu","14:05:57",1772400
44,0.5,500,"sd","14:05:56",1764100
44,0.5,5000,"sd","14:05:56",1763600
44,0.5,3000,"sd","14:05:56",1758600
44,0.5,400,"sd","14:05:56",1755600
44,0.5,3900,"sd","14:05:56",1755200
44.1,0.6,3000,"bu","14:05:56",1751300
44.1,0.6,300,"bu","14:05:55",1748300
44,0.5,100,"sd","14:05:54",1748000
44.05,0.55,200,"sd","14:05:54",1747900
44.05,0.55,200,"sd","14:05:54",1747700
44.1,0.6,4300,"bu","14:05:46",1747500
44.1,0.6,1000,"bu","14:05:37",1743200
44.1,0.6,100,"bu","14:05:37",1742200
44.1,0.6,1000,"bu","14:05:37",1742100
44.05,0.55,5700,"bu","14:05:18",1741100
44.05,0.55,800,"bu","14:05:17",1735400
44.05,0.55,3500,"bu","14:05:16",1734600
44.05,0.55,1500,"bu","14:05:16",1731100
44.05,0.55,400,"bu","14:05:08",1729600
44.05,0.55,100,"bu","14:05:08",1729200
44.05,0.55,500,"bu","14:05:06",1729100
44.05,0.55,5000,"bu","14:05:05",1728600
44.05,0.55,2500,"sd","14:05:04",1723600
44.05,0.55,7500,"bu","14:05:04",1721100
44.05,0.55,5000,"bu","14:05:01",1713600
44.05,0.55,300,"bu","14:04:53",1708600
44.05,0.55,600,"bu","14:04:49",1708300
44.05,0.55,100,"bu","14:04:44",1707700
44.05,0.55,500,"bu","14:04:41",1707600
44.05,0.55,100,"sd","14:04:32",1707100
44.05,0.55,900,"sd","14:04:32",1707000
44.05,0.55,100,"bu","14:04:30",1706100
44.05,0.55,500,"bu","14:04:27",1706000
44.05,0.55,100,"sd","14:04:22",1705500
44.05,0.55,200,"sd","14:04:13",1705400
44.05,0.55,300,"bu","14:03:49",1705200
44,0.5,200,"bu","14:03:47",1704900
44,0.5,200,"bu","14:03:47",1704700
44,0.5,1000,"bu","14:03:47",1704500
44,0.5,1400,"bu","14:03:47",1703500
44,0.5,100,"bu","14:03:47",1702100
44,0.5,5000,"bu","14:03:46",1702000
44,0.5,5600,"bu","14:03:45",1697000
44,0.5,500,"bu","14:03:43",1691400
44,0.5,300,"bu","14:03:42",1690900
44,0.5,3000,"bu","14:03:37",1690600
44,0.5,2000,"bu","14:03:37",1687600
44,0.5,2000,"bu","14:03:34",1685600
44,0.5,2300,"bu","14:03:30",1683600
44,0.5,200,"bu","14:03:05",1681300
44,0.5,300,"bu","14:02:46",1681100
44,0.5,500,"bu","14:02:31",1680800
44,0.5,800,"bu","14:02:23",1680300
44,0.5,100,"bu","14:02:22",1679500
43.95,0.45,200,"unknown","14:02:22",1679400
43.95,0.45,800,"unknown","14:02:22",1679200
44,0.5,100,"bu","14:02:18",1678400
43.95,0.45,200,"sd","14:02:09",1678300
43.95,0.45,500,"sd","14:02:08",1678100
43.95,0.45,3500,"sd","14:01:47",1677600
43.95,0.45,300,"sd","14:01:47",1674100
43.95,0.45,1000,"sd","14:01:47",1673800
43.95,0.45,200,"sd","14:01:47",1672800
44,0.5,300,"bu","14:01:45",1672600
44,0.5,1000,"bu","14:01:27",1672300
44,0.5,300,"bu","14:00:43",1671300
44,0.5,200,"bu","14:00:40",1671000
44,0.5,300,"bu","14:00:28",1670800
44,0.5,300,"bu","14:00:14",1670500
44,0.5,500,"bu","14:00:01",1670200
44,0.5,400,"sd","13:59:43",1669700
44,0.5,2000,"sd","13:59:43",1669300
44,0.5,500,"sd","13:59:43",1667300
44,0.5,100,"sd","13:59:42",1666800
44.05,0.55,300,"bu","13:59:40",1666700
44,0.5,300,"sd","13:59:40",1666400
44,0.5,3000,"sd","13:59:40",1666100
44,0.5,900,"sd","13:59:40",1663100
44,0.5,200,"sd","13:59:39",1662200
44,0.5,100,"sd","13:59:39",1662000
44,0.5,500,"sd","13:59:39",1661900
44,0.5,1000,"sd","13:59:39",1661400
44,0.5,200,"sd","13:59:39",1660400
44,0.5,200,"sd","13:59:39",1660200
44,0.5,300,"sd","13:59:39",1660000
44,0.5,1000,"sd","13:59:39",1659700
44,0.5,500,"sd","13:59:39",1658700
44,0.5,3500,"sd","13:59:39",1658200
44,0.5,5000,"sd","13:59:39",1654700
44,0.5,800,"sd","13:59:39",1649700
44,0.5,2000,"sd","13:59:39",1648900
44,0.5,500,"sd","13:59:39",1646900
44.05,0.55,5000,"sd","13:59:37",1646400
44.05,0.55,200,"sd","13:59:37",1641400
44.05,0.55,100,"sd","13:59:37",1641200
44.05,0.55,200,"sd","13:59:37",1641100
44.05,0.55,4000,"sd","13:59:37",1640900
44.05,0.55,100,"sd","13:59:37",1636900
44.05,0.55,1000,"sd","13:59:37",1636800
44.05,0.55,200,"sd","13:59:37",1635800
44.05,0.55,500,"sd","13:59:37",1635600
44.1,0.6,100,"bu","13:59:36",1635100
44.05,0.55,100,"sd","13:59:27",1635000
44.1,0.6,2300,"sd","13:59:10",1634900
44.1,0.6,1700,"sd","13:59:03",1632600
44.1,0.6,100,"sd","13:59:03",1630900
44.1,0.6,300,"sd","13:59:03",1630800
44.1,0.6,100,"sd","13:59:03",1630500
44.1,0.6,100,"sd","13:59:03",1630400
44.1,0.6,100,"sd","13:59:03",1630300
44.1,0.6,1100,"sd","13:59:03",1630200
44.1,0.6,1000,"sd","13:59:03",1629100
44.1,0.6,200,"sd","13:59:03",1628100
44.1,0.6,300,"sd","13:59:03",1627900
44.1,0.6,200,"sd","13:59:03",1627600
44.1,0.6,100,"sd","13:59:03",1627400
44.1,0.6,400,"sd","13:58:52",1627300
44.15,0.65,300,"bu","13:58:36",1626900
44.15,0.65,200,"sd","13:57:40",1626600
44.15,0.65,800,"sd","13:57:40",1626400
44.15,0.65,1000,"sd","13:57:40",1625600
44.15,0.65,100,"sd","13:57:40",1624600
44.15,0.65,500,"sd","13:57:40",1624500
44.15,0.65,1200,"sd","13:57:40",1624000
44.2,0.7,300,"bu","13:57:35",1622800
44.2,0.7,300,"bu","13:56:29",1622500
44.2,0.7,100,"bu","13:56:00",1622200
44.2,0.7,300,"bu","13:55:29",1622100
44.2,0.7,600,"bu","13:55:09",1621800
44.2,0.7,400,"bu","13:55:09",1621200
44.2,0.7,300,"bu","13:54:44",1620800
44.2,0.7,200,"bu","13:54:42",1620500
44.2,0.7,100,"bu","13:54:29",1620300
44.2,0.7,300,"bu","13:54:28",1620200
44.15,0.65,400,"sd","13:54:17",1619900
44.15,0.65,1400,"sd","13:54:07",1619500
44.15,0.65,200,"sd","13:54:07",1618100
44.15,0.65,2000,"sd","13:54:07",1617900
44.15,0.65,5000,"sd","13:54:07",1615900
44.15,0.65,1400,"sd","13:54:07",1610900
44.2,0.7,400,"bu","13:53:49",1609500
44.2,0.7,300,"bu","13:53:24",1609100
44.15,0.65,100,"sd","13:52:51",1608800
44.25,0.75,100,"bu","13:52:50",1608700
44.25,0.75,200,"bu","13:52:49",1608600
44.25,0.75,200,"bu","13:52:31",1608400
44.25,0.75,300,"bu","13:52:20",1608200
44.15,0.65,500,"sd","13:51:47",1607900
44.2,0.7,2000,"sd","13:51:47",1607400
44.2,0.7,200,"sd","13:51:47",1605400
44.2,0.7,100,"sd","13:51:47",1605200
44.2,0.7,200,"sd","13:51:47",1605100
44.25,0.75,100,"sd","13:51:28",1604900
44.25,0.75,300,"sd","13:51:28",1604800
44.25,0.75,100,"sd","13:51:28",1604500
44.25,0.75,300,"sd","13:51:28",1604400
44.25,0.75,900,"sd","13:51:28",1604100
44.3,0.8,300,"bu","13:51:24",1603200
44.3,0.8,300,"bu","13:51:16",1602900
44.3,0.8,800,"bu","13:50:57",1602600
44.25,0.75,2000,"sd","13:50:39",1601800
44.3,0.8,300,"bu","13:50:12",1599800
44.3,0.8,500,"bu","13:49:53",1599500
44.3,0.8,300,"bu","13:49:08",1599000
44.3,0.8,800,"sd","13:49:01",1598700
44.3,0.8,2000,"sd","13:49:01",1597900
44.3,0.8,2000,"sd","13:49:01",1595900
44.3,0.8,100,"sd","13:49:01",1593900
44.3,0.8,200,"sd","13:49:00",1593800
44.3,0.8,2000,"sd","13:49:00",1593600
44.4,0.9,100,"bu","13:48:13",1591600
44.4,0.9,300,"bu","13:48:05",1591500
44.4,0.9,1000,"sd","13:47:17",1591200
44.4,0.9,800,"sd","13:47:08",1590200
44.4,0.9,1200,"sd","13:47:05",1589400
44.4,0.9,300,"sd","13:47:05",1588200
44.45,0.95,300,"bu","13:47:02",1587900
44.4,0.9,200,"sd","13:46:41",1587600
44.4,0.9,100,"sd","13:46:32",1587400
44.4,0.9,500,"sd","13:46:31",1587300
44.4,0.9,100,"sd","13:46:22",1586800
44.4,0.9,100,"sd","13:46:15",1586700
44.45,0.95,300,"bu","13:46:02",1586600
44.4,0.9,1000,"sd","13:45:43",1586300
44.45,0.95,200,"bu","13:45:19",1585300
44.45,0.95,300,"bu","13:44:57",1585100
44.45,0.95,200,"bu","13:44:48",1584800
44.45,0.95,600,"bu","13:44:24",1584600
44.45,0.95,300,"bu","13:43:55",1584000
44.4,0.9,200,"sd","13:43:54",1583700
44.45,0.95,100,"bu","13:43:16",1583500
44.45,0.95,7500,"bu","13:43:09",1583400
44.4,0.9,100,"sd","13:43:06",1575900
44.45,0.95,300,"bu","13:42:54",1575800
44.45,0.95,100,"bu","13:42:47",1575500
44.4,0.9,700,"sd","13:41:52",1575400
44.45,0.95,3000,"sd","13:41:52",1574700
44.45,0.95,300,"sd","13:41:52",1571700
44.55,1.05,300,"bu","13:41:52",1571400
44.45,0.95,800,"sd","13:41:50",1571100
44.45,0.95,200,"sd","13:41:50",1570300
44.55,1.05,300,"bu","13:40:52",1570100
44.55,1.05,1400,"bu","13:40:30",1569800
44.55,1.05,1500,"bu","13:40:30",1568400
44.55,1.05,1000,"bu","13:40:30",1566900
44.55,1.05,1000,"bu","13:40:30",1565900
44.55,1.05,1000,"bu","13:40:27",1564900
44.55,1.05,1000,"bu","13:40:27",1563900
44.55,1.05,100,"bu","13:39:59",1562900
44.55,1.05,300,"bu","13:39:49",1562800
44.5,1,100,"bu","13:39:32",1562500
44.5,1,100,"bu","13:39:32",1562400
44.5,1,1500,"bu","13:39:32",1562300
44.5,1,1300,"bu","13:39:32",1560800
44.4,0.9,6700,"bu","13:39:18",1559500
44.4,0.9,300,"bu","13:38:49",1552800
44.3,0.8,500,"sd","13:38:43",1552500
44.3,0.8,5000,"sd","13:38:21",1552000
44.3,0.8,5200,"sd","13:38:19",1547000
44.4,0.9,300,"bu","13:37:43",1541800
44.3,0.8,500,"sd","13:37:42",1541500
44.3,0.8,200,"sd","13:37:42",1541000
44.3,0.8,2300,"sd","13:37:42",1540800
44.3,0.8,400,"sd","13:37:37",1538500
44.3,0.8,1000,"sd","13:37:06",1538100
44.3,0.8,500,"sd","13:37:03",1537100
44.4,0.9,5000,"sd","13:36:44",1536600
44.4,0.9,1700,"sd","13:36:44",1531600
44.5,1,6500,"bu","13:36:41",1529900
44.45,0.95,1800,"bu","13:36:41",1523400
44.45,0.95,1700,"bu","13:36:41",1521600
44.45,0.95,300,"bu","13:36:39",1519900
44.4,0.9,500,"sd","13:36:34",1519600
44.45,0.95,300,"bu","13:35:35",1519100
44.45,0.95,200,"sd","13:35:29",1518800
44.45,0.95,100,"bu","13:34:33",1518600
44.4,0.9,800,"sd","13:34:28",1518500
44.4,0.9,500,"sd","13:34:28",1517700
44.4,0.9,1200,"sd","13:34:28",1517200
44.4,0.9,200,"sd","13:34:25",1516000
44.45,0.95,1000,"bu","13:34:01",1515800
44.5,1,300,"bu","13:33:31",1514800
44.45,0.95,1200,"sd","13:33:18",1514500
44.45,0.95,100,"sd","13:33:14",1513300
44.45,0.95,700,"sd","13:33:05",1513200
44.45,0.95,1400,"sd","13:33:05",1512500
44.5,1,2000,"sd","13:32:50",1511100
44.5,1,2000,"sd","13:32:50",1509100
44.5,1,2100,"sd","13:32:50",1507100
44.55,1.05,100,"sd","13:32:49",1505000
44.55,1.05,100,"sd","13:32:49",1504900
44.55,1.05,100,"sd","13:32:48",1504800
44.55,1.05,100,"bu","13:32:31",1504700
44.55,1.05,100,"sd","13:32:27",1504600
44.55,1.05,800,"sd","13:32:27",1504500
44.55,1.05,100,"sd","13:32:13",1503700
44.55,1.05,1000,"sd","13:32:11",1503600
44.55,1.05,200,"sd","13:31:43",1502600
44.6,1.1,100,"bu","13:31:27",1502400
44.6,1.1,200,"bu","13:31:27",1502300
44.55,1.05,300,"sd","13:31:03",1502100
44.6,1.1,200,"bu","13:30:41",1501800
44.55,1.05,600,"bu","13:30:39",1501600
44.55,1.05,400,"sd","13:30:38",1501000
44.55,1.05,100,"sd","13:30:04",1500600
44.55,1.05,400,"sd","13:29:37",1500500
44.55,1.05,1000,"sd","13:29:20",1500100
44.55,1.05,1100,"sd","13:29:20",1499100
44.55,1.05,900,"sd","13:29:20",1498000
44.55,1.05,3100,"sd","13:27:45",1497100
44.55,1.05,1900,"sd","13:27:45",1494000
44.55,1.05,100,"sd","13:27:45",1492100
44.55,1.05,100,"sd","13:27:45",1492000
44.55,1.05,500,"sd","13:27:27",1491900
44.55,1.05,2000,"sd","13:27:01",1491400
44.55,1.05,200,"sd","13:26:55",1489400
44.65,1.15,700,"bu","13:25:47",1489200
44.65,1.15,100,"bu","13:25:47",1488500
44.65,1.15,100,"bu","13:25:47",1488400
44.65,1.15,100,"bu","13:25:46",1488300
44.65,1.15,100,"bu","13:25:17",1488200
44.65,1.15,300,"bu","13:25:17",1488100
44.65,1.15,500,"bu","13:25:17",1487800
44.6,1.1,100,"bu","13:25:17",1487300
44.6,1.1,700,"bu","13:24:59",1487200
44.6,1.1,300,"bu","13:24:59",1486500
44.55,1.05,200,"sd","13:24:41",1486200
44.55,1.05,100,"sd","13:24:41",1486000
44.6,1.1,700,"bu","13:24:35",1485900
44.6,1.1,100,"bu","13:24:10",1485200
44.55,1.05,100,"bu","13:24:06",1485100
44.55,1.05,100,"bu","13:24:06",1485000
44.55,1.05,500,"bu","13:24:06",1484900
44.55,1.05,100,"bu","13:24:06",1484400
44.55,1.05,4100,"bu","13:24:06",1484300
44.5,1,100,"bu","13:23:43",1480200
44.5,1,500,"bu","13:23:43",1480100
44.5,1,1900,"bu","13:23:43",1479600
44.5,1,200,"bu","13:23:43",1477700
44.5,1,100,"bu","13:23:43",1477500
44.5,1,100,"bu","13:23:43",1477400
44.5,1,300,"bu","13:23:33",1477300
44.5,1,4200,"bu","13:23:33",1477000
44.5,1,800,"bu","13:23:20",1472800
44.45,0.95,1000,"bu","13:22:42",1472000
44.45,0.95,500,"bu","13:22:41",1471000
44.4,0.9,600,"sd","13:22:03",1470500
44.4,0.9,400,"sd","13:22:03",1469900
44.4,0.9,100,"sd","13:21:00",1469500
44.3,0.8,800,"sd","13:19:58",1469400
44.3,0.8,1000,"sd","13:19:58",1468600
44.35,0.85,200,"sd","13:19:58",1467600
44.35,0.85,1000,"sd","13:19:58",1467400
44.35,0.85,900,"sd","13:19:58",1466400
44.4,0.9,200,"sd","13:19:58",1465500
44.4,0.9,800,"sd","13:19:58",1465300
44.4,0.9,200,"sd","13:19:42",1464500
44.4,0.9,100,"bu","13:19:42",1464300
44.4,0.9,300,"bu","13:19:42",1464200
44.4,0.9,1500,"bu","13:19:42",1463900
44.4,0.9,1000,"bu","13:19:42",1462400
44.4,0.9,600,"bu","13:19:42",1461400
44.35,0.85,300,"sd","13:19:37",1460800
44.4,0.9,100,"bu","13:19:31",1460500
44.4,0.9,100,"bu","13:19:11",1460400
44.35,0.85,1800,"bu","13:17:45",1460300
44.35,0.85,200,"bu","13:17:45",1458500
44.35,0.85,500,"bu","13:17:45",1458300
44.35,0.85,3000,"bu","13:17:45",1457800
44.35,0.85,1300,"bu","13:17:45",1454800
44.3,0.8,200,"sd","13:17:34",1453500
44.35,0.85,200,"bu","13:17:24",1453300
44.35,0.85,500,"bu","13:17:14",1453100
44.35,0.85,500,"bu","13:17:14",1452600
44.3,0.8,500,"sd","13:16:44",1452100
44.3,0.8,100,"sd","13:16:22",1451600
44.25,0.75,100,"sd","13:16:18",1451500
44.2,0.7,500,"sd","13:15:29",1451400
44.2,0.7,2900,"sd","13:15:29",1450900
44.2,0.7,2100,"bu","13:15:15",1448000
44.2,0.7,4200,"bu","13:15:15",1445900
44.2,0.7,400,"bu","13:15:10",1441700
44.2,0.7,2000,"sd","13:15:00",1441300
44.2,0.7,2000,"sd","13:15:00",1439300
44.2,0.7,1000,"sd","13:15:00",1437300
44.2,0.7,1300,"sd","13:15:00",1436300
44.2,0.7,100,"bu","13:13:53",1435000
44.2,0.7,100,"bu","13:13:53",1434900
44.2,0.7,500,"bu","13:13:53",1434800
44.2,0.7,500,"bu","13:13:52",1434300
44.2,0.7,100,"bu","13:13:52",1433800
44.2,0.7,1000,"bu","13:13:52",1433700
44.2,0.7,300,"bu","13:13:52",1432700
44.2,0.7,200,"bu","13:13:44",1432400
44.2,0.7,100,"bu","13:13:21",1432200
44.15,0.65,2100,"sd","13:13:19",1432100
44.2,0.7,2000,"bu","13:13:07",1430000
44.2,0.7,2000,"bu","13:11:33",1428000
44.2,0.7,1500,"bu","13:10:52",1426000
44.2,0.7,500,"bu","13:10:52",1424500
44.2,0.7,200,"bu","13:10:45",1424000
44.2,0.7,500,"bu","13:10:44",1423800
44.2,0.7,800,"sd","13:10:40",1423300
44.2,0.7,300,"sd","13:10:18",1422500
44.2,0.7,100,"sd","13:10:12",1422200
44.1,0.6,1000,"sd","13:09:06",1422100
44.1,0.6,500,"sd","13:09:06",1421100
44.1,0.6,500,"sd","13:09:06",1420600
44.1,0.6,4200,"sd","13:08:46",1420100
44.1,0.6,300,"sd","13:08:25",1415900
44.1,0.6,1000,"sd","13:08:25",1415600
44.15,0.65,1000,"sd","13:08:25",1414600
44.15,0.65,100,"sd","13:08:25",1413600
44.15,0.65,500,"sd","13:08:25",1413500
44.15,0.65,1500,"sd","13:08:25",1413000
44.2,0.7,500,"sd","13:08:25",1411500
44.2,0.7,100,"sd","13:08:25",1411000
44.2,0.7,400,"sd","13:08:22",1410900
44.2,0.7,300,"sd","13:08:22",1410500
44.2,0.7,700,"sd","13:08:06",1410200
44.2,0.7,200,"sd","13:08:06",1409500
44.2,0.7,600,"sd","13:08:06",1409300
44.2,0.7,500,"sd","13:08:06",1408700
44.3,0.8,800,"sd","13:07:47",1408200
44.3,0.8,1000,"sd","13:07:42",1407400
44.3,0.8,200,"sd","13:07:41",1406400
44.3,0.8,100,"sd","13:07:38",1406200
44.35,0.85,200,"sd","13:07:17",1406100
44.35,0.85,200,"sd","13:07:17",1405900
44.35,0.85,100,"sd","13:07:17",1405700
44.35,0.85,200,"sd","13:06:57",1405600
44.4,0.9,200,"bu","13:06:52",1405400
44.35,0.85,100,"sd","13:05:49",1405200
44.35,0.85,100,"bu","13:05:42",1405100
44.2,0.7,1000,"bu","13:04:33",1405000
44.15,0.65,100,"bu","13:03:18",1404000
44.15,0.65,2000,"sd","13:03:09",1403900
44.15,0.65,100,"sd","13:03:09",1401900
44.2,0.7,300,"sd","13:03:09",1401800
44.2,0.7,100,"sd","13:03:09",1401500
44.2,0.7,200,"sd","13:03:09",1401400
44.25,0.75,1000,"sd","13:03:09",1401200
44.25,0.75,100,"sd","13:03:09",1400200
44.3,0.8,100,"sd","13:02:48",1400100
44.3,0.8,100,"sd","13:02:48",1400000
44.3,0.8,100,"sd","13:02:48",1399900
44.3,0.8,400,"sd","13:02:48",1399800
44.3,0.8,1300,"sd","13:02:48",1399400
44.35,0.85,200,"bu","13:02:41",1398100
44.3,0.8,500,"sd","13:02:17",1397900
44.35,0.85,500,"sd","13:02:17",1397400
44.35,0.85,2000,"sd","13:02:17",1396900
44.35,0.85,100,"sd","13:02:17",1394900
44.35,0.85,500,"sd","13:02:17",1394800
44.3,0.8,700,"sd","13:02:17",1394300
44.3,0.8,500,"sd","13:02:17",1393600
44.3,0.8,100,"sd","13:02:17",1393100
44.3,0.8,100,"sd","13:02:17",1393000
44.35,0.85,300,"sd","13:02:00",1392900
44.35,0.85,200,"sd","13:01:51",1392600
44.35,0.85,500,"sd","13:01:48",1392400
44.45,0.95,100,"bu","13:00:38",1391900
44.45,0.95,1000,"bu","13:00:30",1391800
44.35,0.85,500,"sd","13:00:11",1390800
44.35,0.85,100,"sd","13:00:11",1390300
44.35,0.85,500,"sd","13:00:11",1390200
44.35,0.85,100,"sd","13:00:10",1389700
44.4,0.9,300,"sd","13:00:09",1389600
44.4,0.9,100,"sd","13:00:09",1389300
44.4,0.9,100,"sd","13:00:09",1389200
44.4,0.9,2000,"sd","13:00:09",1389100
44.4,0.9,300,"sd","13:00:09",1387100
44.55,1.05,100,"bu","13:00:04",1386800
44.4,0.9,900,"sd","13:00:04",1386700
44.4,0.9,1000,"sd","13:00:03",1385800
44.5,1,100,"sd","13:00:03",1384800
44.55,1.05,100,"bu","13:00:02",1384700
44.5,1,100,"sd","13:00:02",1384600
44.5,1,1800,"sd","13:00:01",1384500
44.5,1,1000,"sd","13:00:01",1382700
44.5,1,100,"sd","13:00:01",1381700
44.5,1,1100,"sd","13:00:01",1381600
44.55,1.05,500,"bu","11:30:01",1380500
44.5,1,900,"sd","11:29:53",1380000
44.5,1,100,"sd","11:29:53",1379100
44.55,1.05,200,"sd","11:28:07",1379000
44.55,1.05,1800,"sd","11:27:50",1378800
44.55,1.05,1000,"sd","11:27:50",1377000
44.55,1.05,1200,"sd","11:27:50",1376000
44.55,1.05,500,"sd","11:26:45",1374800
44.6,1.1,2000,"sd","11:26:43",1374300
44.6,1.1,1000,"sd","11:26:40",1372300
44.6,1.1,500,"sd","11:26:40",1371300
44.6,1.1,100,"sd","11:26:31",1370800
44.6,1.1,100,"sd","11:26:21",1370700
44.6,1.1,1300,"sd","11:25:03",1370600
44.6,1.1,100,"sd","11:25:03",1369300
44.6,1.1,100,"sd","11:25:03",1369200
44.6,1.1,1000,"sd","11:25:03",1369100
44.6,1.1,8000,"sd","11:23:20",1368100
44.6,1.1,2000,"sd","11:23:20",1360100
44.65,1.15,200,"bu","11:22:49",1358100
44.65,1.15,400,"sd","11:22:49",1357900
44.65,1.15,1000,"sd","11:21:56",1357500
44.65,1.15,1000,"sd","11:21:38",1356500
44.65,1.15,600,"sd","11:21:04",1355500
44.65,1.15,400,"sd","11:21:04",1354900
44.7,1.2,700,"bu","11:20:20",1354500
44.7,1.2,100,"bu","11:20:20",1353800
44.65,1.15,2600,"sd","11:20:10",1353700
44.65,1.15,400,"sd","11:20:10",1351100
44.65,1.15,100,"unknown","11:18:53",1350700
44.65,1.15,1400,"bu","11:18:25",1350600
44.65,1.15,100,"bu","11:18:25",1349200
44.65,1.15,500,"bu","11:18:25",1349100
44.65,1.15,500,"bu","11:16:34",1348600
44.6,1.1,1000,"sd","11:16:26",1348100
44.6,1.1,100,"bu","11:15:12",1347100
44.6,1.1,400,"bu","11:15:12",1347000
44.6,1.1,100,"bu","11:15:08",1346600
44.6,1.1,300,"sd","11:14:21",1346500
44.6,1.1,200,"sd","11:14:21",1346200
44.6,1.1,900,"bu","11:14:06",1346000
44.6,1.1,2000,"bu","11:14:05",1345100
44.6,1.1,100,"bu","11:13:57",1343100
44.6,1.1,100,"bu","11:13:57",1343000
44.6,1.1,1300,"bu","11:13:57",1342900
44.55,1.05,300,"sd","11:13:56",1341600
44.55,1.05,700,"sd","11:13:56",1341300
44.6,1.1,300,"bu","11:13:38",1340600
44.6,1.1,100,"bu","11:13:04",1340300
44.6,1.1,500,"bu","11:13:00",1340200
44.6,1.1,900,"bu","11:12:44",1339700
44.6,1.1,1100,"bu","11:12:07",1338800
44.6,1.1,1500,"bu","11:11:47",1337700
44.5,1,500,"sd","11:11:39",1336200
44.5,1,300,"sd","11:11:39",1335700
44.55,1.05,100,"sd","11:11:39",1335400
44.55,1.05,100,"sd","11:11:39",1335300
44.6,1.1,1500,"bu","11:11:33",1335200
44.55,1.05,400,"bu","11:10:56",1333700
44.55,1.05,600,"bu","11:10:30",1333300
44.55,1.05,200,"bu","11:10:30",1332700
44.4,0.9,100,"sd","11:07:49",1332500
44.4,0.9,100,"sd","11:07:49",1332400
44.4,0.9,500,"sd","11:05:26",1332300
44.4,0.9,4500,"sd","11:03:54",1331800
44.4,0.9,200,"sd","11:03:54",1327300
44.4,0.9,1000,"sd","11:03:54",1327100
44.4,0.9,1000,"sd","11:03:54",1326100
44.4,0.9,500,"sd","11:03:54",1325100
44.4,0.9,1000,"sd","11:03:54",1324600
44.5,1,1000,"sd","11:03:54",1323600
44.5,1,100,"sd","11:03:54",1322600
44.5,1,2000,"sd","11:03:54",1322500
44.5,1,100,"sd","11:03:54",1320500
44.5,1,100,"sd","11:03:54",1320400
44.5,1,400,"sd","11:03:54",1320300
44.5,1,1000,"sd","11:03:49",1319900
44.6,1.1,200,"bu","11:03:21",1318900
44.5,1,600,"sd","11:02:48",1318700
44.6,1.1,1600,"bu","11:02:24",1318100
44.6,1.1,400,"bu","11:02:22",1316500
44.6,1.1,600,"bu","11:02:14",1316100
44.6,1.1,400,"bu","11:02:14",1315500
44.6,1.1,100,"bu","11:01:42",1315100
44.6,1.1,1500,"bu","11:01:25",1315000
44.6,1.1,500,"bu","11:01:25",1313500
44.6,1.1,100,"bu","11:00:55",1313000
44.5,1,500,"sd","10:59:31",1312900
44.5,1,100,"bu","10:58:43",1312400
44.5,1,100,"bu","10:58:43",1312300
44.5,1,1000,"bu","10:58:25",1312200
44.5,1,200,"bu","10:58:21",1311200
44.5,1,2000,"bu","10:58:00",1311000
44.5,1,100,"bu","10:57:46",1309000
44.5,1,100,"sd","10:57:45",1308900
44.5,1,1000,"sd","10:57:45",1308800
44.5,1,200,"sd","10:57:45",1307800
44.5,1,1000,"sd","10:57:45",1307600
44.5,1,100,"sd","10:57:45",1306600
44.5,1,3000,"sd","10:57:45",1306500
44.5,1,1000,"sd","10:57:45",1303500
44.6,1.1,200,"sd","10:57:45",1302500
44.6,1.1,300,"bu","10:57:33",1302300
44.6,1.1,200,"bu","10:57:33",1302000
44.6,1.1,1300,"bu","10:57:33",1301800
44.6,1.1,300,"bu","10:56:31",1300500
44.6,1.1,2000,"bu","10:56:00",1300200
44.6,1.1,100,"bu","10:55:58",1298200
44.6,1.1,1300,"bu","10:55:36",1298100
44.5,1,700,"bu","10:55:36",1296800
44.5,1,1000,"sd","10:55:32",1296100
44.5,1,300,"sd","10:55:32",1295100
44.5,1,500,"sd","10:55:32",1294800
44.5,1,200,"sd","10:55:29",1294300
44.5,1,100,"sd","10:55:13",1294100
44.5,1,200,"bu","10:55:06",1294000
44.5,1,500,"bu","10:54:55",1293800
44.5,1,500,"bu","10:54:55",1293300
44.4,0.9,1000,"sd","10:54:08",1292800
44.5,1,500,"bu","10:53:52",1291800
44.5,1,1000,"bu","10:53:52",1291300
44.5,1,200,"bu","10:53:52",1290300
44.5,1,300,"bu","10:53:52",1290100
44.5,1,200,"bu","10:53:50",1289800
44.5,1,800,"bu","10:53:50",1289600
44.5,1,100,"bu","10:53:48",1288800
44.5,1,1100,"bu","10:53:44",1288700
44.5,1,500,"bu","10:53:44",1287600
44.5,1,300,"bu","10:53:44",1287100
44.5,1,100,"bu","10:53:44",1286800
44.5,1,200,"bu","10:53:33",1286700
44.45,0.95,200,"bu","10:53:33",1286500
44.5,1,200,"bu","10:52:58",1286300
44.5,1,4800,"bu","10:52:58",1286100
44.4,0.9,200,"sd","10:52:40",1281300
44.5,1,200,"bu","10:52:19",1281100
44.5,1,800,"bu","10:52:19",1280900
44.5,1,800,"bu","10:52:13",1280100
44.4,0.9,100,"sd","10:52:07",1279300
44.4,0.9,200,"sd","10:52:03",1279200
44.4,0.9,300,"sd","10:52:03",1279000
44.4,0.9,2000,"sd","10:52:03",1278700
44.4,0.9,400,"sd","10:52:03",1276700
44.4,0.9,2000,"sd","10:52:03",1276300
44.4,0.9,100,"sd","10:52:03",1274300
44.4,0.9,100,"sd","10:51:40",1274200
44.4,0.9,800,"bu","10:50:35",1274100
44.35,0.85,1000,"sd","10:50:22",1273300
44.4,0.9,200,"bu","10:50:12",1272300
44.4,0.9,200,"sd","10:50:01",1272100
44.4,0.9,100,"sd","10:50:01",1271900
44.4,0.9,100,"sd","10:50:01",1271800
44.4,0.9,600,"sd","10:50:01",1271700
44.5,1,1000,"bu","10:49:57",1271100
44.4,0.9,400,"bu","10:49:47",1270100
44.4,0.9,1200,"bu","10:49:42",1269700
44.4,0.9,200,"bu","10:49:39",1268500
44.4,0.9,100,"bu","10:49:33",1268300
44.4,0.9,1000,"bu","10:49:27",1268200
44.4,0.9,500,"bu","10:49:16",1267200
44.4,0.9,600,"sd","10:49:13",1266700
44.4,0.9,400,"bu","10:49:05",1266100
44.4,0.9,100,"bu","10:48:55",1265700
44.4,0.9,100,"bu","10:48:53",1265600
44.4,0.9,600,"sd","10:48:44",1265500
44.4,0.9,800,"sd","10:48:44",1264900
44.4,0.9,200,"bu","10:48:41",1264100
44.35,0.85,500,"bu","10:48:24",1263900
44.35,0.85,800,"bu","10:48:24",1263400
44.35,0.85,100,"bu","10:48:21",1262600
44.35,0.85,100,"bu","10:48:21",1262500
44.35,0.85,200,"bu","10:48:21",1262400
44.35,0.85,700,"bu","10:48:21",1262200
44.35,0.85,300,"bu","10:48:17",1261500
44.35,0.85,200,"bu","10:48:17",1261200
44.35,0.85,100,"bu","10:48:10",1261000
44.35,0.85,700,"bu","10:47:33",1260900
44.35,0.85,500,"bu","10:47:33",1260200
44.35,0.85,900,"bu","10:47:30",1259700
44.35,0.85,100,"bu","10:47:10",1258800
44.35,0.85,100,"sd","10:46:57",1258700
44.4,0.9,900,"sd","10:46:12",1258600
44.4,0.9,100,"sd","10:46:12",1257700
44.4,0.9,2000,"sd","10:46:12",1257600
44.45,0.95,1300,"sd","10:46:05",1255600
44.45,0.95,700,"sd","10:46:01",1254300
44.45,0.95,200,"sd","10:46:01",1253600
44.45,0.95,1800,"sd","10:45:52",1253400
44.45,0.95,100,"sd","10:45:52",1251600
44.45,0.95,100,"sd","10:45:52",1251500
44.5,1,2400,"sd","10:44:59",1251400
44.5,1,200,"sd","10:44:46",1249000
44.5,1,1400,"sd","10:44:45",1248800
44.5,1,1000,"sd","10:44:45",1247400
44.5,1,2600,"sd","10:44:45",1246400
44.5,1,200,"sd","10:44:33",1243800
44.5,1,200,"sd","10:44:10",1243600
44.5,1,200,"sd","10:44:00",1243400
44.5,1,1800,"sd","10:43:22",1243200
44.5,1,100,"sd","10:43:22",1241400
44.5,1,300,"sd","10:43:22",1241300
44.5,1,300,"sd","10:43:22",1241000
44.5,1,100,"sd","10:43:22",1240700
44.5,1,300,"sd","10:43:22",1240600
44.5,1,100,"sd","10:43:22",1240300
44.5,1,100,"sd","10:42:12",1240200
44.5,1,200,"sd","10:41:28",1240100
44.5,1,600,"bu","10:41:22",1239900
44.5,1,200,"sd","10:41:21",1239300
44.5,1,500,"sd","10:41:21",1239100
44.5,1,700,"sd","10:41:21",1238600
44.5,1,1300,"sd","10:41:03",1237900
44.5,1,500,"sd","10:41:03",1236600
44.5,1,500,"sd","10:41:03",1236100
44.5,1,100,"sd","10:41:03",1235600
44.5,1,5000,"sd","10:41:03",1235500
44.55,1.05,500,"sd","10:41:03",1230500
44.55,1.05,100,"sd","10:41:03",1230000
44.6,1.1,2000,"sd","10:40:43",1229900
44.7,1.2,100,"sd","10:40:34",1227900
44.7,1.2,300,"sd","10:40:31",1227800
44.7,1.2,100,"sd","10:40:28",1227500
44.7,1.2,500,"sd","10:40:25",1227400
44.7,1.2,100,"sd","10:40:20",1226900
44.7,1.2,100,"sd","10:40:20",1226800
44.7,1.2,800,"sd","10:40:20",1226700
44.7,1.2,2000,"sd","10:40:17",1225900
44.7,1.2,200,"sd","10:40:14",1223900
44.7,1.2,2000,"sd","10:40:08",1223700
44.75,1.25,1000,"sd","10:39:57",1221700
44.75,1.25,1500,"sd","10:39:57",1220700
44.75,1.25,200,"bu","10:39:35",1219200
44.75,1.25,700,"bu","10:39:35",1219000
44.75,1.25,10000,"sd","10:39:16",1218300
44.75,1.25,2000,"sd","10:39:16",1208300
44.75,1.25,2000,"sd","10:39:16",1206300
44.8,1.3,2000,"sd","10:39:16",1204300
44.8,1.3,300,"sd","10:39:16",1202300
44.8,1.3,500,"sd","10:39:16",1202000
44.8,1.3,300,"sd","10:39:16",1201500
44.8,1.3,100,"sd","10:39:16",1201200
44.8,1.3,100,"sd","10:39:16",1201100
44.8,1.3,100,"sd","10:39:04",1201000
44.8,1.3,200,"sd","10:38:48",1200900
44.8,1.3,100,"sd","10:38:48",1200700
44.9,1.4,800,"bu","10:38:37",1200600
44.85,1.35,200,"bu","10:38:37",1199800
44.9,1.4,200,"bu","10:37:24",1199600
44.9,1.4,100,"bu","10:36:39",1199400
44.95,1.45,100,"bu","10:34:50",1199300
44.9,1.4,3000,"bu","10:34:50",1199200
44.9,1.4,100,"bu","10:34:50",1196200
44.9,1.4,500,"bu","10:34:50",1196100
44.85,1.35,100,"bu","10:34:50",1195600
44.9,1.4,500,"bu","10:34:50",1195500
44.8,1.3,1500,"bu","10:34:50",1195000
44.9,1.4,1000,"bu","10:34:50",1193500
44.8,1.3,1000,"bu","10:34:50",1192500
44.9,1.4,2000,"bu","10:34:50",1191500
44.9,1.4,100,"bu","10:34:50",1189500
44.9,1.4,100,"bu","10:34:50",1189400
44.8,1.3,100,"bu","10:34:40",1189300
44.8,1.3,1300,"bu","10:34:32",1189200
44.85,1.35,100,"bu","10:34:32",1187900
44.85,1.35,1400,"bu","10:34:32",1187800
44.85,1.35,500,"bu","10:34:32",1186400
44.8,1.3,500,"sd","10:34:17",1185900
44.8,1.3,200,"sd","10:34:15",1185400
44.8,1.3,300,"sd","10:34:15",1185200
44.8,1.3,900,"sd","10:34:01",1184900
44.8,1.3,200,"sd","10:33:48",1184000
44.8,1.3,200,"sd","10:33:40",1183800
44.85,1.35,500,"sd","10:33:31",1183600
44.85,1.35,1500,"sd","10:33:21",1183100
44.85,1.35,500,"bu","10:33:17",1181600
44.85,1.35,100,"unknown","10:33:08",1181100
44.85,1.35,100,"unknown","10:33:08",1181000
44.85,1.35,2100,"unknown","10:33:08",1180900
44.85,1.35,100,"sd","10:33:08",1178800
44.9,1.4,100,"bu","10:32:43",1178700
44.9,1.4,1200,"bu","10:32:35",1178600
44.9,1.4,200,"sd","10:32:19",1177400
44.9,1.4,300,"sd","10:32:19",1177200
44.9,1.4,300,"sd","10:32:19",1176900
44.9,1.4,2000,"sd","10:32:04",1176600
44.9,1.4,5000,"sd","10:31:25",1174600
44.95,1.45,100,"bu","10:31:14",1169600
44.9,1.4,1000,"sd","10:31:08",1169500
44.9,1.4,200,"sd","10:30:11",1168500
44.9,1.4,100,"sd","10:30:08",1168300
44.9,1.4,800,"bu","10:30:00",1168200
44.9,1.4,600,"bu","10:30:00",1167400
44.9,1.4,400,"bu","10:29:58",1166800
44.9,1.4,500,"bu","10:29:58",1166400
44.9,1.4,100,"bu","10:29:58",1165900
44.85,1.35,100,"sd","10:29:54",1165800
44.85,1.35,200,"sd","10:29:09",1165700
44.85,1.35,1600,"sd","10:29:07",1165500
44.85,1.35,400,"sd","10:29:07",1163900
44.9,1.4,700,"bu","10:28:28",1163500
44.9,1.4,200,"bu","10:28:28",1162800
44.9,1.4,100,"bu","10:28:28",1162600
44.9,1.4,400,"bu","10:28:10",1162500
44.9,1.4,500,"bu","10:28:10",1162100
44.9,1.4,1100,"bu","10:28:10",1161600
44.9,1.4,300,"bu","10:27:39",1160500
44.9,1.4,600,"sd","10:27:22",1160200
44.95,1.45,600,"bu","10:27:20",1159600
44.9,1.4,2000,"sd","10:27:18",1159000
44.9,1.4,3000,"sd","10:27:11",1157000
44.95,1.45,300,"bu","10:27:10",1154000
44.9,1.4,100,"sd","10:27:08",1153700
44.9,1.4,100,"sd","10:27:00",1153600
44.9,1.4,100,"sd","10:26:51",1153500
44.9,1.4,3000,"bu","10:26:51",1153400
44.9,1.4,12700,"bu","10:26:51",1150400
44.9,1.4,1000,"bu","10:26:51",1137700
44.9,1.4,500,"bu","10:26:51",1136700
44.9,1.4,300,"bu","10:26:51",1136200
44.9,1.4,400,"bu","10:26:51",1135900
44.9,1.4,200,"bu","10:26:51",1135500
44.9,1.4,1000,"bu","10:26:51",1135300
44.9,1.4,600,"bu","10:26:50",1134300
44.9,1.4,200,"bu","10:26:50",1133700
44.85,1.35,500,"sd","10:26:44",1133500
44.85,1.35,100,"sd","10:26:34",1133000
44.85,1.35,500,"sd","10:26:34",1132900
44.8,1.3,200,"sd","10:25:42",1132400
44.8,1.3,200,"sd","10:24:45",1132200
44.8,1.3,400,"sd","10:24:45",1132000
44.8,1.3,500,"sd","10:24:45",1131600
44.8,1.3,1000,"sd","10:24:45",1131100
44.85,1.35,2000,"sd","10:24:45",1130100
44.85,1.35,900,"sd","10:24:45",1128100
44.9,1.4,300,"bu","10:24:38",1127200
44.9,1.4,800,"bu","10:24:28",1126900
44.9,1.4,200,"bu","10:24:28",1126100
44.85,1.35,100,"sd","10:24:26",1125900
44.9,1.4,200,"sd","10:23:46",1125800
44.95,1.45,300,"bu","10:23:31",1125600
44.9,1.4,500,"bu","10:23:31",1125300
45,1.5,1300,"bu","10:22:38",1124800
44.9,1.4,200,"bu","10:22:38",1123500
44.9,1.4,8500,"bu","10:22:38",1123300
44.8,1.3,200,"sd","10:22:32",1114800
44.8,1.3,2000,"sd","10:22:32",1114600
44.8,1.3,2000,"sd","10:22:32",1112600
44.8,1.3,5000,"sd","10:22:32",1110600
44.8,1.3,800,"sd","10:22:32",1105600
44.8,1.3,200,"sd","10:22:28",1104800
44.95,1.45,1500,"sd","10:22:21",1104600
44.9,1.4,500,"bu","10:22:20",1103100
44.8,1.3,1000,"sd","10:22:06",1102600
44.85,1.35,2000,"sd","10:22:06",1101600
44.9,1.4,100,"sd","10:22:05",1099600
44.9,1.4,4400,"sd","10:22:05",1099500
44.95,1.45,1000,"sd","10:22:05",1095100
45,1.5,300,"bu","10:22:03",1094100
44.9,1.4,400,"sd","10:21:44",1093800
44.9,1.4,200,"sd","10:21:43",1093400
44.9,1.4,100,"sd","10:21:43",1093200
44.9,1.4,1000,"sd","10:21:43",1093100
44.95,1.45,200,"sd","10:21:43",1092100
44.95,1.45,1500,"sd","10:21:43",1091900
44.95,1.45,5300,"sd","10:21:27",1090400
44.95,1.45,1000,"sd","10:21:21",1085100
44.95,1.45,1700,"sd","10:21:13",1084100
44.95,1.45,500,"sd","10:21:12",1082400
44.95,1.45,2000,"sd","10:21:12",1081900
44.95,1.45,4500,"sd","10:21:12",1079900
44.95,1.45,300,"sd","10:21:10",1075400
44.95,1.45,2000,"sd","10:21:08",1075100
45,1.5,500,"bu","10:21:08",1073100
45,1.5,100,"sd","10:21:04",1072600
45,1.5,4900,"sd","10:21:04",1072500
45,1.5,100,"sd","10:21:04",1067600
45,1.5,100,"sd","10:21:04",1067500
45,1.5,100,"sd","10:20:59",1067400
45,1.5,200,"sd","10:20:58",1067300
45,1.5,800,"sd","10:20:58",1067100
45,1.5,100,"sd","10:20:57",1066300
45,1.5,3000,"sd","10:20:55",1066200
45,1.5,20000,"sd","10:20:54",1063200
45,1.5,100,"sd","10:20:51",1043200
45,1.5,200,"sd","10:20:50",1043100
45,1.5,500,"sd","10:20:50",1042900
45,1.5,1000,"sd","10:20:47",1042400
45,1.5,7000,"sd","10:20:45",1041400
45,1.5,1000,"sd","10:20:45",1034400
45,1.5,2000,"sd","10:20:44",1033400
45,1.5,800,"sd","10:20:41",1031400
45,1.5,600,"sd","10:20:39",1030600
45,1.5,10000,"sd","10:20:39",1030000
45.05,1.55,300,"bu","10:20:34",1020000
45,1.5,1000,"sd","10:20:27",1019700
45.05,1.55,1500,"bu","10:20:27",1018700
45.05,1.55,500,"bu","10:20:16",1017200
45.05,1.55,1900,"sd","10:20:05",1016700
45.05,1.55,100,"sd","10:20:01",1014800
45.05,1.55,100,"sd","10:19:53",1014700
45.05,1.55,2900,"sd","10:19:52",1014600
45.05,1.55,100,"sd","10:19:52",1011700
45.05,1.55,100,"sd","10:19:52",1011600
45.05,1.55,200,"sd","10:19:52",1011500
45.05,1.55,300,"sd","10:19:41",1011300
45.05,1.55,1000,"sd","10:19:38",1011000
45.05,1.55,200,"sd","10:19:35",1010000
45.05,1.55,200,"sd","10:19:34",1009800
45.05,1.55,3100,"sd","10:19:24",1009600
45.05,1.55,1900,"sd","10:19:24",1006500
45.1,1.6,700,"bu","10:19:18",1004600
45.1,1.6,200,"bu","10:19:18",1003900
45.1,1.6,100,"bu","10:19:18",1003700
45.05,1.55,5000,"sd","10:19:17",1003600
45.1,1.6,200,"bu","10:19:05",998600
45.1,1.6,700,"bu","10:19:04",998400
45.1,1.6,300,"bu","10:19:04",997700
45.1,1.6,200,"sd","10:18:49",997400
45.1,1.6,2500,"sd","10:18:49",997200
45.2,1.7,200,"bu","10:18:47",994700
45.1,1.6,2000,"sd","10:18:36",994500
45.1,1.6,200,"sd","10:18:35",992500
45.2,1.7,600,"bu","10:18:34",992300
45.2,1.7,500,"sd","10:18:21",991700
45.2,1.7,1000,"sd","10:18:20",991200
45.2,1.7,500,"sd","10:18:15",990200
45.2,1.7,2000,"sd","10:18:14",989700
45.2,1.7,1600,"sd","10:18:05",987700
45.2,1.7,900,"sd","10:17:58",986100
45.25,1.75,100,"sd","10:17:58",985200
45.2,1.7,500,"sd","10:17:56",985100
45.25,1.75,500,"sd","10:17:56",984600
45.3,1.8,600,"sd","10:17:55",984100
45.3,1.8,100,"sd","10:17:54",983500
45.3,1.8,100,"sd","10:17:51",983400
45.3,1.8,300,"sd","10:17:50",983300
45.3,1.8,100,"bu","10:17:48",983000
45.3,1.8,900,"bu","10:17:48",982900
45.3,1.8,500,"bu","10:17:48",982000
45.3,1.8,1300,"bu","10:17:48",981500
45.3,1.8,800,"bu","10:17:48",980200
45.25,1.75,300,"bu","10:17:48",979400
45.25,1.75,300,"bu","10:17:43",979100
45.3,1.8,200,"bu","10:17:34",978800
45.3,1.8,100,"bu","10:17:34",978600
45.3,1.8,500,"bu","10:17:34",978500
45.3,1.8,200,"bu","10:17:34",978000
45.3,1.8,100,"bu","10:17:34",977800
45.3,1.8,400,"bu","10:17:34",977700
45.2,1.7,100,"sd","10:17:33",977300
45.3,1.8,500,"bu","10:17:29",977200
45.3,1.8,900,"bu","10:17:28",976700
45.2,1.7,1000,"sd","10:17:27",975800
45.3,1.8,100,"bu","10:17:25",974800
45.3,1.8,3100,"bu","10:17:24",974700
45.3,1.8,1000,"bu","10:17:24",971600
45.3,1.8,5900,"bu","10:17:24",970600
45.3,1.8,100,"bu","10:17:20",964700
45.3,1.8,1000,"bu","10:17:20",964600
45.3,1.8,400,"bu","10:17:20",963600
45.3,1.8,1500,"bu","10:17:02",963200
45.2,1.7,100,"sd","10:16:59",961700
45.3,1.8,1100,"bu","10:16:56",961600
45.3,1.8,200,"bu","10:16:56",960500
45.3,1.8,200,"bu","10:16:55",960100
45.3,1.8,200,"bu","10:16:55",960300
45.25,1.75,500,"bu","10:16:55",959900
45.25,1.75,500,"bu","10:16:55",959400
45.25,1.75,1900,"bu","10:16:55",958900
45.2,1.7,300,"sd","10:16:45",957000
45.2,1.7,200,"sd","10:16:45",956700
45.2,1.7,1000,"sd","10:16:44",956500
45.25,1.75,200,"bu","10:16:43",955500
45.25,1.75,100,"bu","10:16:43",955300
45.2,1.7,100,"bu","10:16:39",955200
45.2,1.7,100,"bu","10:16:39",955100
45.2,1.7,100,"bu","10:16:39",955000
45.2,1.7,1500,"bu","10:16:39",954900
45.2,1.7,2000,"bu","10:16:37",953400
45.2,1.7,500,"bu","10:16:34",951400
45.2,1.7,100,"bu","10:16:34",950900
45.2,1.7,500,"bu","10:16:34",950800
45.2,1.7,200,"bu","10:16:34",950300
45.2,1.7,800,"bu","10:16:34",950100
45.2,1.7,400,"bu","10:16:34",949300
45.2,1.7,500,"bu","10:16:34",948900
45.2,1.7,2000,"bu","10:16:34",948400
45.2,1.7,1600,"bu","10:16:34",946400
45.2,1.7,100,"bu","10:16:34",944800
45.2,1.7,300,"bu","10:16:34",944700
45.2,1.7,100,"bu","10:16:33",944400
45.1,1.6,1000,"sd","10:16:26",944300
45.2,1.7,200,"bu","10:16:24",943300
45.2,1.7,600,"bu","10:16:24",943100
45.2,1.7,100,"bu","10:16:24",942500
45.2,1.7,100,"bu","10:16:24",942400
45.1,1.6,100,"bu","10:16:23",942300
45.1,1.6,100,"bu","10:16:23",942200
45.05,1.55,1000,"sd","10:16:17",942100
45.05,1.55,100,"sd","10:16:09",941100
45,1.5,500,"sd","10:16:08",941000
45,1.5,1000,"bu","10:16:08",940500
45,1.5,100,"bu","10:16:08",939500
45,1.5,200,"bu","10:16:08",939400
45,1.5,100,"bu","10:16:08",939200
45,1.5,400,"bu","10:16:07",939100
45,1.5,3000,"bu","10:16:07",938700
45,1.5,200,"bu","10:16:07",935700
45,1.5,100,"bu","10:16:07",935500
45,1.5,500,"bu","10:16:07",935400
45,1.5,1000,"bu","10:16:07",934900
45,1.5,100,"bu","10:16:07",933900
45,1.5,2000,"bu","10:16:07",933800
45,1.5,200,"bu","10:16:07",931800
45,1.5,8000,"bu","10:16:07",931600
45,1.5,200,"bu","10:16:07",923600
45,1.5,1000,"bu","10:16:07",923400
45,1.5,200,"bu","10:16:07",922400
45,1.5,200,"bu","10:16:07",922200
45,1.5,500,"bu","10:16:07",922000
45,1.5,500,"bu","10:16:07",921500
45,1.5,200,"bu","10:16:07",921000
45,1.5,200,"bu","10:16:07",920800
45,1.5,200,"bu","10:16:07",920600
45,1.5,400,"bu","10:16:07",920400
45,1.5,200,"bu","10:16:07",920000
45,1.5,20000,"bu","10:16:07",919800
45,1.5,200,"bu","10:16:07",899800
45,1.5,3500,"bu","10:16:07",899600
45,1.5,300,"bu","10:16:07",896100
45,1.5,500,"bu","10:16:07",895800
45,1.5,1000,"bu","10:16:07",895300
45,1.5,100,"bu","10:16:07",894300
45,1.5,1000,"bu","10:16:07",894200
45,1.5,200,"bu","10:16:07",893200
45,1.5,800,"bu","10:16:07",893000
45,1.5,1500,"bu","10:16:07",892200
45,1.5,5000,"bu","10:16:07",890700
45,1.5,12700,"bu","10:16:07",885700
45,1.5,1300,"bu","10:16:03",873000
45,1.5,1000,"bu","10:16:03",871700
45,1.5,1000,"bu","10:16:03",870700
45,1.5,500,"bu","10:16:03",869700
45,1.5,500,"bu","10:16:03",869200
45,1.5,1000,"bu","10:16:03",868700
45,1.5,2000,"bu","10:16:03",867700
45,1.5,500,"bu","10:16:03",865700
45,1.5,3000,"bu","10:16:03",865200
45,1.5,1000,"bu","10:16:02",862200
45,1.5,3000,"bu","10:16:02",861200
45,1.5,100,"bu","10:16:02",858200
45,1.5,100,"bu","10:16:02",858100
45,1.5,2000,"bu","10:16:02",858000
45,1.5,100,"bu","10:16:02",856000
45,1.5,200,"bu","10:16:02",855900
45,1.5,100,"bu","10:16:01",855700
45,1.5,100,"bu","10:16:01",855600
45,1.5,1000,"bu","10:16:01",855500
45,1.5,100,"bu","10:16:01",854500
45,1.5,200,"bu","10:16:01",854400
45,1.5,200,"bu","10:16:01",854200
45,1.5,300,"bu","10:16:01",854000
44.95,1.45,100,"sd","10:16:01",853700
45,1.5,500,"bu","10:16:01",853600
45,1.5,500,"bu","10:16:01",853100
44.95,1.45,200,"sd","10:15:59",852600
45,1.5,4500,"bu","10:15:54",852400
45,1.5,500,"bu","10:15:54",847900
45,1.5,100,"bu","10:15:54",847400
45,1.5,4900,"bu","10:15:54",847300
45,1.5,100,"bu","10:15:50",842400
45,1.5,400,"bu","10:15:47",842300
45,1.5,4600,"bu","10:15:43",841900
45,1.5,500,"bu","10:15:43",837300
45,1.5,200,"bu","10:15:43",836800
45,1.5,500,"bu","10:15:43",836600
45,1.5,1000,"bu","10:15:43",836100
45,1.5,200,"bu","10:15:43",835100
45,1.5,200,"bu","10:15:43",834900
45,1.5,700,"bu","10:15:43",834700
45,1.5,2100,"bu","10:15:43",834000
44.95,1.45,100,"sd","10:15:41",831900
45,1.5,200,"bu","10:15:41",831800
45,1.5,3300,"bu","10:15:30",831600
44.95,1.45,300,"sd","10:15:26",828300
44.95,1.45,1000,"sd","10:15:19",828000
44.95,1.45,1000,"sd","10:15:18",827000
45,1.5,1000,"bu","10:15:17",826000
44.95,1.45,200,"sd","10:15:17",825000
45,1.5,1500,"bu","10:15:01",824800
44.95,1.45,800,"sd","10:14:59",823300
45,1.5,1900,"bu","10:14:54",822500
45,1.5,1500,"bu","10:14:54",820600
45,1.5,800,"bu","10:14:54",819100
45,1.5,600,"bu","10:14:54",818300
45,1.5,400,"bu","10:14:54",817700
45,1.5,100,"bu","10:14:54",817300
45,1.5,1300,"bu","10:14:54",817200
45,1.5,200,"bu","10:14:51",815900
45,1.5,100,"bu","10:14:51",815700
45,1.5,5000,"bu","10:14:51",815600
45,1.5,5000,"bu","10:14:51",810600
45,1.5,300,"bu","10:14:51",805600
45,1.5,500,"bu","10:14:51",805300
45,1.5,300,"bu","10:14:51",804800
45,1.5,500,"bu","10:14:51",804500
45,1.5,500,"bu","10:14:51",804000
45,1.5,200,"bu","10:14:51",803500
45,1.5,1500,"bu","10:14:51",803300
45,1.5,100,"bu","10:14:51",801800
45,1.5,400,"bu","10:14:51",801700
45,1.5,5000,"bu","10:14:51",801300
45,1.5,300,"bu","10:14:51",796300
45,1.5,1000,"bu","10:14:51",796000
45,1.5,100,"bu","10:14:51",795000
45,1.5,100,"bu","10:14:51",794900
45,1.5,600,"bu","10:14:51",794800
45,1.5,2000,"bu","10:14:51",794200
45,1.5,500,"bu","10:14:51",792200
45,1.5,8700,"bu","10:14:51",791700
45,1.5,100,"bu","10:14:51",783000
45,1.5,700,"bu","10:14:51",782900
45,1.5,100,"bu","10:14:51",782200
45,1.5,1000,"bu","10:14:51",782100
45,1.5,1000,"bu","10:14:51",781100
45,1.5,100,"bu","10:14:51",780100
45,1.5,1000,"bu","10:14:51",780000
45,1.5,200,"bu","10:14:51",779000
45,1.5,1000,"bu","10:14:51",778800
45,1.5,100,"bu","10:14:51",777800
45,1.5,4500,"bu","10:14:51",777700
45,1.5,300,"bu","10:14:51",773200
45,1.5,1000,"bu","10:14:51",772900
45,1.5,500,"bu","10:14:51",771900
44.95,1.45,100,"sd","10:14:47",771400
44.95,1.45,200,"sd","10:14:47",771300
44.95,1.45,500,"sd","10:14:47",771100
44.95,1.45,500,"sd","10:14:47",770600
44.95,1.45,500,"sd","10:14:47",770100
44.95,1.45,5000,"bu","10:14:47",769600
44.95,1.45,1000,"bu","10:14:47",764600
44.95,1.45,1700,"bu","10:14:47",763600
44.95,1.45,100,"bu","10:14:44",761900
44.95,1.45,100,"bu","10:14:44",761800
44.95,1.45,200,"bu","10:14:44",761700
44.95,1.45,1000,"bu","10:14:44",761500
44.95,1.45,2300,"bu","10:14:44",760500
44.95,1.45,100,"bu","10:14:44",758200
44.95,1.45,100,"bu","10:14:44",758100
44.95,1.45,500,"bu","10:14:44",758000
44.95,1.45,2000,"bu","10:14:44",757500
44.95,1.45,100,"bu","10:14:44",755500
44.95,1.45,1000,"bu","10:14:44",755400
44.95,1.45,100,"bu","10:14:44",754400
44.95,1.45,200,"bu","10:14:44",754300
44.95,1.45,500,"bu","10:14:44",754100
44.95,1.45,2000,"bu","10:14:44",753600
44.95,1.45,100,"bu","10:14:44",751600
44.95,1.45,200,"bu","10:14:44",751500
44.95,1.45,100,"bu","10:14:44",751300
44.95,1.45,100,"bu","10:14:44",751200
44.95,1.45,500,"bu","10:14:44",751100
44.95,1.45,100,"bu","10:14:44",750600
44.95,1.45,200,"bu","10:14:44",750500
44.95,1.45,500,"bu","10:14:44",750300
44.95,1.45,2000,"bu","10:14:44",749800
44.9,1.4,500,"sd","10:14:43",747800
44.9,1.4,100,"bu","10:14:38",747300
44.9,1.4,1000,"bu","10:14:38",747200
44.9,1.4,2000,"bu","10:14:38",746200
44.9,1.4,100,"bu","10:14:38",744200
44.9,1.4,200,"bu","10:14:38",744100
44.9,1.4,200,"bu","10:14:38",743900
44.9,1.4,300,"bu","10:14:38",743700
44.9,1.4,200,"bu","10:14:38",743400
44.9,1.4,500,"bu","10:14:38",743200
44.9,1.4,100,"bu","10:14:38",742700
44.9,1.4,200,"bu","10:14:38",742600
44.9,1.4,100,"bu","10:14:37",742400
44.9,1.4,600,"bu","10:14:36",742300
44.9,1.4,400,"bu","10:14:28",741700
44.85,1.35,500,"sd","10:14:18",741300
44.85,1.35,1000,"sd","10:14:17",740800
44.85,1.35,100,"sd","10:14:17",739800
44.85,1.35,500,"sd","10:14:08",739700
44.9,1.4,700,"bu","10:14:06",739200
44.9,1.4,100,"bu","10:14:06",738500
44.9,1.4,300,"bu","10:14:06",738400
44.9,1.4,1900,"bu","10:14:06",738100
44.9,1.4,1000,"bu","10:14:05",736200
44.9,1.4,100,"bu","10:14:03",735200
44.9,1.4,900,"bu","10:14:03",735100
44.85,1.35,200,"sd","10:13:30",734200
44.85,1.35,200,"sd","10:13:30",734000
44.9,1.4,100,"bu","10:13:30",733800
44.9,1.4,900,"bu","10:13:30",733700
44.85,1.35,300,"sd","10:13:27",732800
44.85,1.35,100,"sd","10:13:26",732500
44.85,1.35,100,"sd","10:13:23",732400
44.85,1.35,1000,"sd","10:13:23",732300
44.85,1.35,1000,"sd","10:13:22",731300
44.85,1.35,100,"bu","10:13:00",730300
44.85,1.35,200,"bu","10:13:00",730200
44.85,1.35,800,"bu","10:12:52",730000
44.85,1.35,200,"bu","10:12:52",729200
44.85,1.35,200,"bu","10:12:39",729000
44.85,1.35,400,"bu","10:12:34",728800
44.85,1.35,200,"bu","10:12:28",728400
44.9,1.4,100,"bu","10:12:16",728200
44.85,1.35,1000,"bu","10:12:16",728100
44.85,1.35,900,"bu","10:12:16",727100
44.85,1.35,100,"bu","10:12:05",726200
44.85,1.35,900,"bu","10:12:05",726100
44.85,1.35,100,"bu","10:11:57",725200
44.8,1.3,100,"bu","10:11:55",725100
44.8,1.3,300,"bu","10:11:55",725000
44.8,1.3,200,"bu","10:11:41",724700
44.8,1.3,100,"sd","10:11:19",724500
44.8,1.3,100,"sd","10:11:17",724400
44.8,1.3,100,"sd","10:11:17",724300
44.95,1.45,3300,"bu","10:10:59",724200
44.95,1.45,500,"bu","10:10:59",720900
44.95,1.45,1000,"bu","10:10:59",720400
44.95,1.45,200,"bu","10:10:59",719400
44.95,1.45,300,"bu","10:10:59",719200
44.9,1.4,100,"bu","10:10:59",718900
44.9,1.4,200,"bu","10:10:59",718800
44.9,1.4,200,"bu","10:10:59",718600
44.9,1.4,500,"bu","10:10:59",718400
44.9,1.4,100,"bu","10:10:59",717900
44.9,1.4,3000,"bu","10:10:59",717800
44.9,1.4,500,"bu","10:10:59",714800
44.9,1.4,1000,"bu","10:10:59",714300
44.9,1.4,400,"bu","10:10:59",713300
44.9,1.4,300,"bu","10:10:59",712900
44.9,1.4,3200,"bu","10:10:59",712600
44.9,1.4,1800,"bu","10:10:55",709400
44.9,1.4,1000,"bu","10:10:55",707600
44.9,1.4,200,"bu","10:10:55",706600
44.7,1.2,800,"sd","10:10:52",706400
44.75,1.25,1200,"sd","10:10:52",705600
44.9,1.4,800,"bu","10:10:45",704400
44.9,1.4,3000,"bu","10:10:45",703600
44.9,1.4,100,"bu","10:10:44",700600
44.9,1.4,300,"bu","10:10:44",700500
44.85,1.35,500,"bu","10:10:44",700200
44.85,1.35,500,"bu","10:10:44",699700
44.85,1.35,1000,"bu","10:10:44",699200
44.85,1.35,100,"bu","10:10:44",698200
44.85,1.35,500,"bu","10:10:44",698100
44.85,1.35,1000,"bu","10:10:44",697100
44.85,1.35,500,"bu","10:10:44",697600
44.8,1.3,100,"bu","10:10:44",696100
44.8,1.3,100,"bu","10:10:44",696000
44.8,1.3,1500,"bu","10:10:44",695900
44.8,1.3,300,"bu","10:10:43",694400
44.8,1.3,1200,"bu","10:10:39",694100
44.8,1.3,100,"bu","10:10:39",692900
44.8,1.3,100,"bu","10:10:39",692800
44.8,1.3,100,"bu","10:10:39",692700
44.8,1.3,1000,"bu","10:10:32",692600
44.8,1.3,100,"bu","10:10:32",691600
44.8,1.3,1000,"bu","10:10:32",691500
44.8,1.3,100,"bu","10:10:32",690500
44.8,1.3,500,"bu","10:10:32",690400
44.8,1.3,300,"bu","10:10:32",689900
44.8,1.3,1000,"bu","10:10:32",689600
44.75,1.25,1500,"sd","10:10:31",688600
44.75,1.25,1000,"bu","10:10:27",687100
44.75,1.25,100,"bu","10:10:25",686100
44.75,1.25,400,"bu","10:10:25",686000
44.7,1.2,500,"sd","10:10:25",685600
44.75,1.25,100,"bu","10:10:24",685100
44.75,1.25,100,"bu","10:10:19",685000
44.7,1.2,500,"sd","10:10:17",684900
44.7,1.2,500,"bu","10:10:09",684400
44.7,1.2,1600,"bu","10:10:09",683900
44.7,1.2,1400,"bu","10:10:02",682300
44.7,1.2,1000,"bu","10:10:02",680900
44.7,1.2,500,"bu","10:10:02",679900
44.7,1.2,100,"bu","10:10:02",679400
44.7,1.2,5000,"bu","10:10:02",679300
44.7,1.2,100,"bu","10:10:02",674300
44.7,1.2,100,"bu","10:10:02",674200
44.7,1.2,2000,"bu","10:10:02",674100
44.7,1.2,100,"bu","10:10:02",672100
44.7,1.2,100,"bu","10:10:02",672000
44.7,1.2,200,"bu","10:10:02",671900
44.7,1.2,100,"bu","10:10:02",671700
44.7,1.2,5000,"bu","10:10:02",671600
44.7,1.2,10800,"bu","10:10:02",666600
44.7,1.2,6600,"bu","10:09:57",655800
44.65,1.15,2000,"bu","10:09:57",649200
44.65,1.15,100,"bu","10:09:57",647200
44.65,1.15,1000,"bu","10:09:57",647100
44.65,1.15,100,"bu","10:09:57",646100
44.65,1.15,100,"bu","10:09:57",646000
44.65,1.15,300,"bu","10:09:57",645900
44.65,1.15,300,"bu","10:09:57",645600
44.6,1.1,1000,"sd","10:09:37",645300
44.6,1.1,100,"sd","10:09:34",644300
44.6,1.1,600,"bu","10:09:31",644200
44.6,1.1,500,"bu","10:09:31",643600
44.6,1.1,500,"bu","10:09:31",643100
44.6,1.1,100,"bu","10:09:31",642600
44.6,1.1,100,"bu","10:09:31",642500
44.6,1.1,500,"bu","10:09:31",642400
44.6,1.1,2000,"bu","10:09:31",641900
44.6,1.1,500,"bu","10:09:31",639900
44.6,1.1,500,"bu","10:09:31",639400
44.6,1.1,2000,"bu","10:09:31",638900
44.6,1.1,4100,"bu","10:09:31",636900
44.6,1.1,900,"bu","10:09:21",632800
44.6,1.1,100,"bu","10:09:21",631900
44.6,1.1,100,"bu","10:09:21",631800
44.6,1.1,900,"bu","10:09:21",631700
44.55,1.05,400,"sd","10:09:18",630800
44.6,1.1,500,"bu","10:09:15",630400
44.6,1.1,200,"bu","10:09:09",629900
44.6,1.1,400,"bu","10:09:06",629700
44.6,1.1,600,"bu","10:09:06",629300
44.55,1.05,2000,"sd","10:08:59",628700
44.55,1.05,100,"bu","10:08:58",626700
44.55,1.05,1000,"bu","10:08:58",626600
44.55,1.05,200,"bu","10:08:50",625600
44.55,1.05,2000,"bu","10:08:46",625400
44.55,1.05,800,"bu","10:08:40",623400
44.55,1.05,1000,"sd","10:08:35",622600
44.55,1.05,400,"sd","10:08:32",621600
44.55,1.05,300,"sd","10:08:31",621200
44.55,1.05,100,"sd","10:08:24",620900
44.55,1.05,300,"bu","10:08:20",620800
44.55,1.05,300,"bu","10:08:20",620500
44.55,1.05,2500,"bu","10:08:20",620200
44.55,1.05,3000,"bu","10:08:07",617700
44.55,1.05,600,"bu","10:08:07",614700
44.55,1.05,500,"bu","10:08:07",614100
44.55,1.05,1500,"sd","10:08:03",613600
44.55,1.05,100,"sd","10:08:03",612100
44.55,1.05,400,"sd","10:08:03",612000
44.6,1.1,1000,"bu","10:07:59",611600
44.6,1.1,500,"bu","10:07:56",610600
44.55,1.05,4600,"sd","10:07:52",610100
44.55,1.05,400,"sd","10:07:52",605500
44.6,1.1,300,"bu","10:07:49",605100
44.55,1.05,1000,"sd","10:07:44",604800
44.55,1.05,200,"sd","10:07:30",603800
44.55,1.05,100,"sd","10:07:28",603600
44.6,1.1,1000,"bu","10:07:27",603500
44.55,1.05,100,"sd","10:07:26",602500
44.55,1.05,100,"sd","10:07:22",602400
44.55,1.05,100,"sd","10:07:08",602300
44.55,1.05,500,"sd","10:07:06",602200
44.55,1.05,200,"sd","10:07:03",601700
44.55,1.05,100,"sd","10:07:02",601500
44.6,1.1,1600,"bu","10:06:36",601400
44.6,1.1,100,"bu","10:06:36",599800
44.6,1.1,100,"bu","10:06:36",599700
44.6,1.1,1000,"bu","10:06:36",599600
44.6,1.1,200,"bu","10:06:36",598600
44.6,1.1,2000,"bu","10:06:36",598400
44.55,1.05,100,"sd","10:06:35",596400
44.55,1.05,100,"sd","10:06:33",596300
44.5,1,800,"sd","10:06:13",596200
44.55,1.05,200,"sd","10:06:13",595400
44.55,1.05,800,"bu","10:06:09",595200
44.55,1.05,100,"bu","10:06:07",594400
44.55,1.05,300,"bu","10:05:58",594300
44.55,1.05,200,"bu","10:05:55",594000
44.55,1.05,100,"sd","10:05:54",593800
44.55,1.05,1500,"sd","10:05:54",593700
44.6,1.1,100,"bu","10:05:47",592200
44.6,1.1,1000,"bu","10:05:45",592100
44.65,1.15,1000,"bu","10:05:38",591100
44.7,1.2,1000,"bu","10:05:34",590100
44.7,1.2,100,"bu","10:05:34",589100
44.7,1.2,500,"bu","10:05:30",589000
44.7,1.2,1000,"bu","10:05:30",588500
44.7,1.2,500,"bu","10:05:30",587500
44.7,1.2,100,"bu","10:05:30",587000
44.6,1.1,400,"sd","10:05:29",586900
44.6,1.1,500,"sd","10:05:29",586500
44.65,1.15,100,"sd","10:05:29",586000
44.65,1.15,100,"bu","10:05:25",585600
44.65,1.15,300,"bu","10:05:25",585900
44.6,1.1,200,"bu","10:05:15",585500
44.6,1.1,100,"bu","10:05:15",585300
44.6,1.1,200,"bu","10:05:15",585200
44.6,1.1,100,"bu","10:05:13",585000
44.6,1.1,200,"bu","10:05:13",584900
44.6,1.1,100,"bu","10:05:13",584700
44.6,1.1,1000,"bu","10:05:13",584600
44.6,1.1,200,"bu","10:05:13",583600
44.6,1.1,400,"bu","10:05:13",583400
44.55,1.05,400,"sd","10:05:12",583000
44.55,1.05,100,"sd","10:05:04",582600
44.6,1.1,1100,"bu","10:05:04",582500
44.6,1.1,500,"bu","10:05:03",581400
44.6,1.1,100,"bu","10:05:03",580900
44.6,1.1,100,"bu","10:05:03",580800
44.6,1.1,500,"bu","10:05:03",580700
44.6,1.1,900,"bu","10:05:03",580200
44.55,1.05,300,"bu","10:05:03",579300
44.55,1.05,100,"bu","10:05:03",579000
44.55,1.05,1000,"bu","10:05:03",578900
44.55,1.05,100,"bu","10:05:03",577900
44.55,1.05,400,"bu","10:05:03",577800
44.5,1,200,"bu","10:04:57",577400
44.5,1,300,"bu","10:04:57",577200
44.5,1,300,"bu","10:04:56",576900
44.5,1,100,"bu","10:04:56",576600
44.5,1,500,"bu","10:04:56",576500
44.5,1,100,"bu","10:04:56",576000
44.4,0.9,100,"sd","10:04:55",575900
44.5,1,100,"bu","10:04:55",575800
44.5,1,400,"bu","10:04:53",575700
44.5,1,100,"bu","10:04:53",575300
44.5,1,200,"bu","10:04:53",575200
44.5,1,100,"bu","10:04:53",575000
44.5,1,1000,"bu","10:04:53",574900
44.5,1,700,"bu","10:04:53",573900
44.5,1,1300,"bu","10:04:49",573200
44.5,1,2000,"bu","10:04:49",571900
44.5,1,100,"bu","10:04:49",569900
44.5,1,200,"bu","10:04:49",569800
44.5,1,300,"bu","10:04:49",569600
44.5,1,500,"bu","10:04:49",569300
44.5,1,300,"bu","10:04:49",568800
44.5,1,100,"bu","10:04:49",568500
44.5,1,100,"bu","10:04:49",568400
44.5,1,100,"bu","10:04:49",568300
44.5,1,300,"bu","10:04:49",568200
44.5,1,1000,"bu","10:04:49",567900
44.5,1,1000,"bu","10:04:49",566900
44.5,1,500,"bu","10:04:49",565900
44.5,1,100,"bu","10:04:49",565400
44.5,1,100,"bu","10:04:49",565300
44.5,1,100,"bu","10:04:49",565200
44.5,1,200,"bu","10:04:49",565100
44.5,1,100,"bu","10:04:49",564900
44.5,1,500,"bu","10:04:49",564800
44.5,1,1100,"bu","10:04:49",564300
44.5,1,18900,"bu","10:04:45",563200
44.5,1,20000,"bu","10:04:45",544300
44.5,1,500,"bu","10:04:45",524300
44.5,1,100,"bu","10:04:45",523800
44.5,1,200,"bu","10:04:45",523700
44.5,1,2000,"bu","10:04:45",523500
44.5,1,2000,"bu","10:04:45",521500
44.5,1,1000,"bu","10:04:45",519500
44.5,1,200,"bu","10:04:45",518500
44.5,1,2000,"bu","10:04:45",518300
44.5,1,200,"bu","10:04:45",516300
44.5,1,2000,"bu","10:04:45",516100
44.5,1,800,"bu","10:04:45",514100
44.5,1,100,"bu","10:04:45",513300
44.5,1,100,"bu","10:04:42",513200
44.5,1,100,"bu","10:04:37",513100
44.5,1,100,"bu","10:04:31",513000
44.4,0.9,300,"sd","10:04:27",512900
44.4,0.9,1000,"sd","10:04:22",512600
44.4,0.9,2000,"sd","10:04:22",511600
44.4,0.9,2000,"sd","10:04:22",509600
44.5,1,100,"bu","10:04:21",507600
44.5,1,100,"bu","10:04:21",507500
44.5,1,300,"bu","10:04:21",507400
44.5,1,500,"bu","10:04:21",507100
44.5,1,500,"bu","10:04:21",506600
44.5,1,500,"bu","10:04:21",506100
44.5,1,2000,"bu","10:04:21",505600
44.4,0.9,100,"sd","10:04:13",503600
44.4,0.9,500,"sd","10:04:11",503500
44.5,1,7000,"bu","10:04:10",503000
44.45,0.95,500,"bu","10:04:10",496000
44.45,0.95,100,"bu","10:04:10",495500
44.45,0.95,200,"bu","10:04:10",495400
44.45,0.95,400,"bu","10:04:10",495200
44.45,0.95,500,"bu","10:04:10",494800
44.45,0.95,500,"bu","10:04:10",494300
44.45,0.95,300,"bu","10:04:10",493800
44.45,0.95,100,"bu","10:04:10",493500
44.45,0.95,100,"bu","10:04:10",493400
44.45,0.95,100,"bu","10:04:10",493300
44.45,0.95,200,"bu","10:04:10",493200
44.4,0.9,100,"bu","10:04:06",493000
44.4,0.9,100,"bu","10:04:06",492900
44.4,0.9,200,"bu","10:04:06",492800
44.4,0.9,100,"bu","10:04:06",492600
44.4,0.9,1000,"bu","10:04:06",492500
44.4,0.9,100,"bu","10:04:06",491500
44.4,0.9,100,"bu","10:04:06",491400
44.4,0.9,100,"bu","10:04:06",491300
44.4,0.9,100,"bu","10:04:06",491200
44.4,0.9,200,"bu","10:04:06",491100
44.4,0.9,200,"bu","10:04:06",490900
44.4,0.9,100,"bu","10:04:06",490700
44.35,0.85,200,"sd","10:04:05",490600
44.4,0.9,900,"bu","10:04:04",490400
44.4,0.9,100,"bu","10:04:04",489500
44.4,0.9,400,"bu","10:04:04",489400
44.4,0.9,1600,"bu","10:04:04",489000
44.35,0.85,300,"sd","10:04:03",487400
44.4,0.9,3200,"bu","10:04:02",487100
44.4,0.9,200,"bu","10:03:58",483900
44.4,0.9,300,"bu","10:03:58",483700
44.4,0.9,700,"bu","10:03:54",483400
44.4,0.9,1300,"bu","10:03:54",482700
44.35,0.85,700,"bu","10:03:46",481400
44.3,0.8,500,"bu","10:03:45",480700
44.3,0.8,1500,"bu","10:03:38",480200
44.2,0.7,100,"sd","10:03:13",478700
44.2,0.7,200,"sd","10:03:04",478600
44.2,0.7,100,"sd","10:02:42",478400
44.2,0.7,100,"sd","10:02:42",478300
44.2,0.7,500,"sd","10:02:39",478200
44.4,0.9,100,"bu","10:02:29",477700
44.4,0.9,600,"bu","10:02:22",477600
44.4,0.9,400,"bu","10:02:22",477000
44.4,0.9,300,"sd","10:02:14",476600
44.4,0.9,1300,"sd","10:02:14",476300
44.4,0.9,100,"sd","10:02:13",475000
44.5,1,1000,"bu","10:02:13",474900
44.5,1,100,"bu","10:02:13",473900
44.5,1,100,"bu","10:02:13",473800
44.5,1,100,"bu","10:02:13",473700
44.5,1,2000,"bu","10:02:13",473600
44.5,1,500,"bu","10:02:13",471600
44.5,1,1000,"bu","10:02:13",471100
44.5,1,300,"bu","10:02:13",470100
44.5,1,400,"bu","10:02:13",469800
44.5,1,200,"bu","10:02:13",469400
44.5,1,500,"bu","10:02:13",469200
44.5,1,200,"bu","10:02:13",468700
44.5,1,100,"bu","10:02:13",468500
44.5,1,8000,"bu","10:02:13",468400
44.5,1,1000,"bu","10:02:13",460400
44.5,1,100,"bu","10:02:13",459400
44.45,0.95,3200,"bu","10:02:13",459300
44.5,1,5000,"bu","10:02:13",456100
44.5,1,100,"bu","10:02:13",451100
44.45,0.95,500,"bu","10:02:13",451000
44.45,0.95,100,"bu","10:02:13",450500
44.45,0.95,200,"bu","10:02:13",450400
44.45,0.95,100,"bu","10:02:13",450200
44.45,0.95,100,"bu","10:02:13",450100
44.45,0.95,100,"bu","10:02:13",450000
44.4,0.9,200,"sd","10:02:10",449900
44.45,0.95,1800,"bu","10:02:06",449700
44.45,0.95,100,"bu","10:02:06",447900
44.45,0.95,200,"bu","10:02:06",447800
44.4,0.9,100,"sd","10:02:02",447600
44.4,0.9,100,"sd","10:02:02",447500
44.4,0.9,100,"sd","10:01:59",447400
44.4,0.9,500,"bu","10:01:58",447300
44.4,0.9,1000,"bu","10:01:58",446800
44.4,0.9,800,"bu","10:01:58",445800
44.4,0.9,100,"bu","10:01:58",445000
44.4,0.9,700,"bu","10:01:58",444900
44.4,0.9,300,"bu","10:01:44",444200
44.4,0.9,200,"bu","10:01:44",443900
44.4,0.9,100,"bu","10:01:33",443700
44.4,0.9,200,"bu","10:01:03",443600
44.4,0.9,1000,"bu","10:01:03",443400
44.4,0.9,300,"bu","10:01:03",442400
44.4,0.9,100,"bu","10:01:03",442100
44.4,0.9,100,"bu","10:01:03",442000
44.4,0.9,300,"bu","10:01:03",441900
44.4,0.9,200,"bu","10:00:56",441600
44.4,0.9,4000,"bu","10:00:56",441400
44.4,0.9,300,"bu","10:00:56",437400
44.4,0.9,500,"bu","10:00:56",437100
44.4,0.9,100,"bu","10:00:56",436600
44.4,0.9,1000,"bu","10:00:56",436500
44.4,0.9,200,"bu","10:00:56",435500
44.35,0.85,500,"bu","10:00:56",435100
44.35,0.85,200,"bu","10:00:56",435300
44.3,0.8,1000,"bu","10:00:56",434600
44.3,0.8,500,"bu","10:00:56",433600
44.3,0.8,1000,"bu","10:00:56",433100
44.3,0.8,200,"bu","10:00:56",432100
44.25,0.75,300,"bu","10:00:56",431900
44.2,0.7,200,"bu","10:00:56",431600
44.2,0.7,100,"bu","10:00:56",431400
44.2,0.7,500,"bu","10:00:56",431300
44.2,0.7,100,"bu","10:00:56",430800
44.2,0.7,600,"bu","10:00:56",430700
44.2,0.7,100,"bu","10:00:56",430100
44.2,0.7,300,"bu","10:00:56",430000
44.2,0.7,2000,"bu","10:00:56",429700
44.2,0.7,200,"bu","10:00:56",427700
44.2,0.7,500,"bu","10:00:56",427500
44.2,0.7,500,"bu","10:00:56",427000
44.2,0.7,100,"bu","10:00:55",426500
44.2,0.7,100,"bu","10:00:55",426400
44.2,0.7,100,"bu","10:00:55",426300
44.15,0.65,100,"bu","10:00:55",426200
44.15,0.65,100,"bu","10:00:55",426100
44.15,0.65,100,"bu","10:00:55",426000
44.15,0.65,1000,"bu","10:00:55",425500
44.15,0.65,400,"bu","10:00:55",425900
44.1,0.6,100,"bu","10:00:55",424500
44.1,0.6,300,"bu","10:00:55",424400
44.1,0.6,200,"bu","10:00:53",424100
44.1,0.6,500,"bu","10:00:53",423900
44.1,0.6,100,"bu","10:00:53",423400
44.1,0.6,1000,"bu","10:00:53",423300
44.1,0.6,500,"bu","10:00:53",422300
44.1,0.6,500,"bu","10:00:53",421800
44.1,0.6,200,"bu","10:00:53",421300
44.05,0.55,1000,"sd","10:00:50",421100
44.1,0.6,100,"bu","10:00:46",420100
44.1,0.6,100,"bu","10:00:46",420000
44.1,0.6,500,"bu","10:00:46",419900
44.05,0.55,500,"bu","10:00:41",419400
44.05,0.55,100,"bu","10:00:41",418900
44.05,0.55,17200,"bu","10:00:41",418800
44,0.5,1000,"bu","10:00:41",401600
44,0.5,400,"bu","10:00:41",400600
44,0.5,200,"sd","10:00:36",400200
44,0.5,500,"sd","10:00:36",400000
44,0.5,400,"sd","10:00:36",399500
44,0.5,100,"sd","10:00:26",399100
44,0.5,1000,"sd","10:00:24",399000
44.05,0.55,5000,"bu","10:00:22",398000
44,0.5,200,"sd","10:00:19",393000
44,0.5,2300,"sd","10:00:17",392800
44,0.5,2700,"sd","10:00:17",390500
44,0.5,400,"sd","10:00:14",387800
44,0.5,100,"sd","10:00:07",387400
44.05,0.55,3000,"bu","10:00:07",387300
44,0.5,600,"bu","10:00:05",384300
44,0.5,1100,"bu","10:00:05",383700
44,0.5,100,"bu","10:00:05",382600
44,0.5,100,"sd","09:59:59",382500
44,0.5,100,"sd","09:59:58",382400
44,0.5,300,"sd","09:59:58",382300
44,0.5,600,"sd","09:59:58",382000
44,0.5,400,"sd","09:59:55",381400
44,0.5,1600,"sd","09:59:55",381000
44,0.5,100,"sd","09:59:49",379400
44,0.5,500,"bu","09:59:44",379300
44,0.5,100,"bu","09:59:44",378800
44,0.5,100,"bu","09:59:44",378700
44,0.5,600,"bu","09:59:44",378600
44,0.5,400,"sd","09:59:25",378000
44,0.5,100,"sd","09:59:25",377600
44,0.5,200,"sd","09:59:24",377500
44,0.5,700,"sd","09:59:24",377300
44,0.5,300,"sd","09:59:24",376600
44,0.5,300,"sd","09:59:20",376300
44,0.5,100,"sd","09:59:17",376000
44,0.5,400,"sd","09:59:17",375900
44,0.5,500,"bu","09:59:09",375500
44,0.5,200,"bu","09:59:09",375000
44,0.5,100,"bu","09:59:09",374800
44,0.5,5000,"bu","09:59:09",374700
44,0.5,1000,"bu","09:59:09",369700
44,0.5,400,"bu","09:59:09",368700
44,0.5,500,"bu","09:59:09",368300
44,0.5,1900,"bu","09:59:09",367800
44,0.5,3000,"bu","09:58:53",365900
44,0.5,100,"bu","09:58:45",362900
44,0.5,1000,"bu","09:58:45",362800
44,0.5,500,"bu","09:58:44",361800
44,0.5,100,"bu","09:58:39",361300
44,0.5,1000,"bu","09:58:36",361200
44,0.5,1000,"sd","09:58:25",360200
44,0.5,900,"sd","09:58:25",359200
44,0.5,1500,"sd","09:58:25",358300
44,0.5,100,"sd","09:58:14",356800
44,0.5,400,"sd","09:58:13",356700
44,0.5,100,"sd","09:58:13",356300
44.05,0.55,1000,"bu","09:58:09",356200
44.05,0.55,800,"bu","09:57:59",355200
44,0.5,400,"sd","09:57:59",354400
44,0.5,100,"sd","09:57:59",354000
44,0.5,400,"sd","09:57:58",353900
44,0.5,100,"sd","09:57:58",353500
44,0.5,500,"sd","09:57:56",353400
44,0.5,2000,"unknown","09:57:55",352900
44,0.5,100,"unknown","09:57:55",350900
44,0.5,1000,"unknown","09:57:55",350800
44,0.5,100,"unknown","09:57:55",349800
44,0.5,100,"unknown","09:57:55",349700
44,0.5,500,"bu","09:57:55",349600
44,0.5,100,"bu","09:57:55",349100
44,0.5,500,"bu","09:57:55",349000
44,0.5,1000,"bu","09:57:54",348500
44,0.5,3500,"bu","09:57:53",347500
44,0.5,500,"bu","09:57:53",344000
44,0.5,1000,"bu","09:57:53",343500
44,0.5,100,"bu","09:57:53",342500
44,0.5,200,"bu","09:57:53",342400
44,0.5,200,"bu","09:57:53",342200
44,0.5,4500,"bu","09:57:53",342000
44,0.5,1000,"bu","09:57:49",337500
44,0.5,1000,"bu","09:57:49",336500
44,0.5,1000,"bu","09:57:48",335500
44,0.5,1000,"bu","09:57:48",334500
44,0.5,1500,"bu","09:57:46",333500
44,0.5,2000,"bu","09:57:46",332000
44,0.5,100,"bu","09:57:46",330000
44,0.5,500,"bu","09:57:46",329900
44,0.5,500,"bu","09:57:46",329400
44,0.5,100,"bu","09:57:46",328900
44,0.5,500,"bu","09:57:46",328800
44,0.5,200,"bu","09:57:46",328300
44,0.5,2000,"bu","09:57:46",328100
44,0.5,1000,"bu","09:57:46",326100
44,0.5,200,"bu","09:57:46",325100
44,0.5,300,"bu","09:57:46",324900
44,0.5,1500,"bu","09:57:46",324600
44,0.5,100,"bu","09:57:46",323100
44,0.5,100,"bu","09:57:46",323000
44,0.5,4000,"bu","09:57:46",322900
44,0.5,1000,"bu","09:57:46",318900
44,0.5,200,"bu","09:57:46",317900
44,0.5,4200,"bu","09:57:46",317700
43.95,0.45,3000,"sd","09:57:45",313500
44,0.5,500,"bu","09:57:38",310500
43.95,0.45,400,"sd","09:57:38",310000
44,0.5,1000,"bu","09:57:37",309600
43.95,0.45,1000,"sd","09:57:35",308600
44,0.5,2700,"bu","09:57:31",307600
44,0.5,4000,"bu","09:57:27",304900
43.95,0.45,100,"sd","09:57:26",300900
44,0.5,2500,"bu","09:57:23",300800
44,0.5,11700,"bu","09:57:18",298300
44,0.5,300,"bu","09:57:18",286600
44,0.5,100,"bu","09:57:18",286300
44,0.5,500,"bu","09:57:18",286200
44,0.5,200,"bu","09:57:18",285700
44,0.5,200,"bu","09:57:18",285500
44,0.5,500,"bu","09:57:18",285300
44,0.5,400,"bu","09:57:18",284800
44,0.5,1000,"bu","09:57:18",284400
44,0.5,100,"bu","09:57:18",283400
44,0.5,3000,"bu","09:57:18",283300
44,0.5,1000,"bu","09:57:18",280300
44,0.5,1400,"bu","09:57:18",279300
44,0.5,500,"bu","09:57:18",277900
44,0.5,100,"bu","09:57:18",277400
44,0.5,100,"bu","09:57:18",277300
44,0.5,20000,"bu","09:57:18",277200
44,0.5,300,"bu","09:57:18",257200
44,0.5,500,"bu","09:57:18",256900
44,0.5,1000,"bu","09:57:18",256400
44,0.5,10000,"bu","09:57:18",255400
44,0.5,1000,"bu","09:57:18",245400
44,0.5,1200,"bu","09:57:18",244400
44,0.5,1000,"bu","09:57:18",243200
44,0.5,100,"bu","09:57:18",242200
44,0.5,500,"bu","09:57:18",242100
44,0.5,1800,"bu","09:57:18",241600
44,0.5,2500,"bu","09:57:18",239800
44,0.5,100,"bu","09:57:18",237300
44,0.5,100,"bu","09:57:18",237200
44,0.5,100,"bu","09:57:18",237100
44,0.5,500,"bu","09:57:18",237000
44,0.5,100,"bu","09:57:18",236500
44,0.5,200,"bu","09:57:18",236400
44,0.5,7100,"bu","09:57:18",236200
44,0.5,500,"bu","09:57:18",229100
44,0.5,1000,"bu","09:57:18",228600
44,0.5,500,"bu","09:57:18",227600
44,0.5,500,"bu","09:57:18",227100
44,0.5,100,"bu","09:57:18",226600
44,0.5,400,"bu","09:57:18",226500
44,0.5,1000,"bu","09:57:18",226100
43.95,0.45,600,"bu","09:57:18",225100
44,0.5,100,"bu","09:57:18",224500
44,0.5,500,"bu","09:57:18",224400
43.95,0.45,200,"bu","09:57:18",223900
44,0.5,2500,"bu","09:57:18",223700
44,0.5,1000,"bu","09:57:18",221200
44,0.5,2000,"bu","09:57:18",220200
44,0.5,2600,"bu","09:57:18",218200
43.95,0.45,1000,"bu","09:57:18",215600
44,0.5,3300,"bu","09:57:18",214600
44,0.5,200,"bu","09:57:18",211300
44,0.5,500,"bu","09:57:18",211100
43.95,0.45,200,"bu","09:57:18",210600
44,0.5,200,"bu","09:57:18",210400
43.95,0.45,8000,"bu","09:57:18",210200
44,0.5,500,"bu","09:57:18",202200
43.95,0.45,100,"bu","09:57:18",201700
43.95,0.45,300,"bu","09:57:18",201600
43.95,0.45,1000,"bu","09:57:18",201300
43.95,0.45,2000,"bu","09:57:18",200300
43.9,0.4,500,"bu","09:57:01",198300
43.9,0.4,500,"bu","09:57:01",197800
43.9,0.4,100,"bu","09:57:00",197300
43.9,0.4,500,"bu","09:57:00",197200
43.9,0.4,100,"bu","09:57:00",196700
43.9,0.4,1000,"bu","09:57:00",196600
43.9,0.4,200,"bu","09:57:00",195600
43.9,0.4,100,"bu","09:57:00",195400
43.9,0.4,200,"bu","09:57:00",195300
43.9,0.4,100,"bu","09:57:00",195100
43.9,0.4,700,"bu","09:57:00",195000
43.9,0.4,200,"bu","09:57:00",194300
43.9,0.4,1100,"bu","09:57:00",194100
43.9,0.4,800,"bu","09:57:00",193000
43.9,0.4,100,"bu","09:57:00",192200
43.9,0.4,200,"bu","09:56:58",192100
43.9,0.4,100,"bu","09:56:58",191900
43.9,0.4,200,"bu","09:56:56",191800
43.9,0.4,200,"bu","09:56:55",191600
43.9,0.4,800,"bu","09:56:55",191400
43.9,0.4,200,"bu","09:56:53",190600
43.9,0.4,100,"bu","09:56:53",190400
43.9,0.4,500,"bu","09:56:50",190300
43.9,0.4,1000,"bu","09:56:50",189800
43.9,0.4,4000,"bu","09:56:46",188800
43.9,0.4,400,"bu","09:56:39",184800
43.85,0.35,100,"bu","09:56:39",184400
43.85,0.35,4500,"bu","09:56:39",184300
43.8,0.3,100,"bu","09:56:34",179800
43.8,0.3,400,"bu","09:56:34",179700
43.8,0.3,200,"bu","09:56:33",179300
43.8,0.3,400,"bu","09:56:32",179100
43.8,0.3,100,"bu","09:56:32",178700
43.8,0.3,100,"bu","09:56:32",178600
43.8,0.3,100,"bu","09:56:32",178500
43.8,0.3,300,"bu","09:56:32",178400
43.8,0.3,300,"bu","09:56:23",178100
43.8,0.3,200,"bu","09:56:23",177800
43.75,0.25,100,"bu","09:56:18",177600
43.75,0.25,1200,"bu","09:56:18",177500
43.75,0.25,200,"bu","09:56:16",176300
43.7,0.2,100,"bu","09:56:07",176100
43.7,0.2,2000,"bu","09:56:07",176000
43.7,0.2,1900,"bu","09:56:07",174000
43.75,0.25,1500,"bu","09:56:07",172100
43.7,0.2,1000,"bu","09:56:07",170600
43.65,0.15,100,"bu","09:55:55",169600
43.65,0.15,3600,"bu","09:55:55",169500
43.65,0.15,1000,"bu","09:55:55",165900
43.65,0.15,300,"bu","09:55:55",164900
43.65,0.15,3400,"bu","09:55:43",164600
43.65,0.15,100,"bu","09:55:43",161200
43.65,0.15,1500,"bu","09:55:43",161100
43.65,0.15,400,"bu","09:55:36",159600
43.65,0.15,500,"bu","09:55:30",159200
43.65,0.15,400,"bu","09:55:23",158700
43.6,0.1,200,"sd","09:55:09",158300
43.65,0.15,2000,"bu","09:54:59",158100
43.65,0.15,200,"bu","09:54:43",156100
43.6,0.1,1100,"sd","09:54:37",155900
43.65,0.15,1000,"bu","09:54:17",154800
43.6,0.1,3700,"sd","09:54:12",153800
43.6,0.1,1300,"sd","09:54:12",150100
43.65,0.15,2000,"bu","09:53:42",148800
43.65,0.15,300,"bu","09:53:39",146800
43.6,0.1,700,"sd","09:53:25",146500
43.6,0.1,100,"sd","09:53:25",145800
43.6,0.1,200,"sd","09:53:25",145700
43.65,0.15,200,"bu","09:53:22",145500
43.65,0.15,200,"sd","09:53:09",145300
43.65,0.15,1300,"sd","09:53:09",145100
43.65,0.15,500,"sd","09:53:00",143800
43.7,0.2,500,"sd","09:53:00",143300
43.7,0.2,2600,"sd","09:53:00",142800
43.7,0.2,3000,"sd","09:52:26",140200
43.7,0.2,200,"sd","09:52:24",137200
43.7,0.2,2000,"bu","09:52:17",137000
43.7,0.2,200,"bu","09:52:17",135000
43.7,0.2,1900,"bu","09:52:17",134800
43.7,0.2,100,"bu","09:52:17",132900
43.65,0.15,1000,"sd","09:52:14",132800
43.65,0.15,200,"sd","09:52:06",131800
43.65,0.15,2000,"sd","09:51:48",131600
43.65,0.15,5000,"sd","09:51:09",129600
43.65,0.15,1300,"sd","09:51:03",124600
43.65,0.15,3000,"sd","09:51:01",123300
43.65,0.15,700,"sd","09:50:37",120300
43.65,0.15,200,"sd","09:50:08",119600
43.7,0.2,200,"sd","09:49:37",119400
43.7,0.2,1500,"sd","09:49:24",119200
43.7,0.2,100,"sd","09:49:20",117700
43.7,0.2,100,"sd","09:49:19",117600
43.7,0.2,5000,"sd","09:48:25",117500
43.7,0.2,300,"sd","09:48:11",112500
43.7,0.2,2000,"bu","09:47:37",112200
43.6,0.1,300,"sd","09:47:12",110200
43.6,0.1,100,"sd","09:47:12",109900
43.6,0.1,1600,"sd","09:47:12",109800
43.6,0.1,1500,"sd","09:47:08",108200
43.6,0.1,200,"sd","09:45:15",106700
43.6,0.1,1700,"sd","09:44:47",106500
43.6,0.1,100,"sd","09:44:47",104800
43.75,0.25,100,"bu","09:44:19",104700
43.75,0.25,200,"bu","09:43:13",104600
43.75,0.25,3300,"bu","09:42:58",104400
43.7,0.2,1700,"bu","09:42:58",101100
43.7,0.2,900,"sd","09:42:56",99400
43.7,0.2,500,"sd","09:42:53",98500
43.7,0.2,1600,"sd","09:42:50",98000
43.7,0.2,100,"sd","09:42:50",96400
43.7,0.2,3500,"sd","09:42:50",96300
43.75,0.25,3000,"sd","09:42:43",92800
43.75,0.25,500,"sd","09:42:43",89800
43.75,0.25,2500,"sd","09:42:16",89300
43.75,0.25,5500,"sd","09:42:16",86800
43.8,0.3,100,"bu","09:41:25",81300
43.8,0.3,1000,"bu","09:41:25",81200
43.8,0.3,900,"bu","09:41:25",80200
43.8,0.3,100,"bu","09:38:30",79300
43.75,0.25,100,"sd","09:38:25",79200
43.75,0.25,1000,"sd","09:38:11",79100
43.8,0.3,500,"bu","09:37:45",78100
43.8,0.3,500,"bu","09:37:45",77600
43.8,0.3,200,"bu","09:37:45",77100
43.8,0.3,800,"bu","09:37:45",76900
43.8,0.3,4200,"sd","09:36:59",76100
43.8,0.3,500,"sd","09:36:52",71900
43.8,0.3,300,"sd","09:36:46",71400
43.8,0.3,700,"sd","09:36:46",71100
43.8,0.3,200,"sd","09:36:03",70400
43.9,0.4,100,"bu","09:34:52",70200
43.9,0.4,400,"bu","09:34:49",70100
43.9,0.4,100,"bu","09:34:19",69700
43.9,0.4,400,"bu","09:34:19",69600
43.9,0.4,300,"bu","09:34:19",69200
43.9,0.4,100,"bu","09:33:29",68900
43.8,0.3,4100,"sd","09:33:29",68800
43.8,0.3,200,"sd","09:33:13",64700
43.8,0.3,2300,"sd","09:32:45",64500
43.8,0.3,2800,"sd","09:32:45",62200
43.85,0.35,900,"sd","09:32:45",59400
43.85,0.35,100,"bu","09:32:34",58500
43.85,0.35,800,"bu","09:32:25",58400
43.85,0.35,100,"sd","09:32:15",57600
43.9,0.4,600,"bu","09:31:33",57500
43.9,0.4,500,"bu","09:31:33",56900
43.9,0.4,7500,"bu","09:31:33",56400
43.9,0.4,1100,"bu","09:31:33",48900
43.85,0.35,300,"bu","09:31:33",47800
43.85,0.35,100,"bu","09:31:29",47500
43.85,0.35,100,"bu","09:31:10",47400
43.85,0.35,800,"bu","09:31:10",47300
43.85,0.35,100,"bu","09:31:10",46500
43.85,0.35,400,"bu","09:30:58",46400
43.85,0.35,100,"bu","09:30:58",46000
43.8,0.3,1000,"bu","09:30:47",45900
43.8,0.3,1100,"bu","09:30:47",44900
43.8,0.3,100,"bu","09:30:47",43800
43.75,0.25,2800,"bu","09:30:27",43700
43.75,0.25,600,"bu","09:30:26",40900
43.75,0.25,900,"bu","09:29:03",40300
43.7,0.2,500,"bu","09:28:27",39400
43.7,0.2,300,"bu","09:28:12",38900
43.6,0.1,400,"sd","09:28:08",38600
43.6,0.1,1600,"sd","09:28:08",38200
43.65,0.15,100,"sd","09:27:46",36600
43.6,0.1,500,"sd","09:26:29",36500
43.8,0.3,400,"sd","09:25:12",36000
43.8,0.3,500,"sd","09:25:07",35600
43.8,0.3,100,"sd","09:25:03",35100
43.8,0.3,400,"sd","09:25:00",35000
43.8,0.3,1000,"bu","09:24:59",34600
43.8,0.3,600,"bu","09:24:59",33600
43.8,0.3,400,"sd","09:24:44",33000
43.8,0.3,100,"sd","09:24:37",32600
43.8,0.3,500,"sd","09:24:32",32500
43.8,0.3,300,"bu","09:24:19",32000
43.8,0.3,200,"bu","09:24:19",31700
43.8,0.3,100,"bu","09:23:52",31500
43.6,0.1,900,"sd","09:23:24",31400
43.6,0.1,400,"sd","09:23:24",30500
43.85,0.35,100,"bu","09:23:10",30100
43.85,0.35,100,"bu","09:23:10",30000
43.8,0.3,200,"bu","09:23:10",29900
43.6,0.1,100,"sd","09:23:02",29700
43.8,0.3,200,"sd","09:22:58",29600
43.8,0.3,600,"sd","09:22:58",29400
43.8,0.3,100,"sd","09:22:42",28800
43.8,0.3,300,"bu","09:21:20",28700
43.8,0.3,200,"bu","09:21:16",28400
43.8,0.3,100,"bu","09:21:16",28200
43.8,0.3,100,"bu","09:19:57",28100
43.8,0.3,1900,"bu","09:19:37",28000
43.8,0.3,400,"bu","09:19:37",26100
43.8,0.3,700,"bu","09:19:37",25700
43.6,0.1,200,"sd","09:19:08",25000
43.6,0.1,300,"sd","09:17:51",24800
43.65,0.15,100,"sd","09:17:51",24500
43.65,0.15,100,"sd","09:17:51",24400
43.95,0.45,100,"bu","09:17:50",24300
43.95,0.45,100,"bu","09:17:50",24200
44,0.5,100,"bu","09:15:13",24100
44,0.5,24000,"unknown","09:15:01",24000
