"price","change","match_qtty","side","time","total_vol"
3.42,0.22,73100,"unknown","14:45:01",874300
3.42,0.22,45000,"sd","14:29:57",801200
3.42,0.22,1000,"sd","14:28:58",756200
3.42,0.22,10000,"sd","14:28:20",755200
3.42,0.22,100,"sd","14:27:07",745200
3.42,0.22,100,"sd","14:26:46",745100
3.42,0.22,1000,"sd","14:25:58",745000
3.42,0.22,3200,"sd","14:25:34",744000
3.42,0.22,300,"sd","14:25:34",740800
3.42,0.22,1500,"sd","14:25:34",740500
3.42,0.22,500,"sd","14:25:30",739000
3.42,0.22,1000,"sd","14:25:30",738500
3.42,0.22,500,"sd","14:25:30",737500
3.42,0.22,300,"sd","14:25:26",737000
3.42,0.22,700,"sd","14:25:26",736700
3.42,0.22,100,"sd","14:24:36",736000
3.42,0.22,100,"sd","14:24:08",735900
3.42,0.22,100,"sd","14:23:35",735800
3.42,0.22,800,"sd","14:23:35",735700
3.42,0.22,2800,"sd","14:23:35",734900
3.42,0.22,1300,"sd","14:23:35",732100
3.42,0.22,500,"sd","14:22:22",730800
3.42,0.22,600,"sd","14:21:28",730300
3.42,0.22,1600,"sd","14:20:25",729700
3.42,0.22,600,"sd","14:20:25",728100
3.42,0.22,2800,"sd","14:20:25",727500
3.42,0.22,1000,"sd","14:20:21",724700
3.42,0.22,200,"sd","14:18:59",723700
3.42,0.22,1000,"sd","14:18:51",723500
3.42,0.22,1000,"sd","14:17:57",722500
3.42,0.22,200,"sd","14:17:37",721500
3.42,0.22,3000,"sd","14:16:52",721300
3.42,0.22,100,"sd","14:16:37",718300
3.42,0.22,2000,"sd","14:16:31",718200
3.42,0.22,1000,"sd","14:15:16",716200
3.42,0.22,200,"sd","14:14:51",715200
3.42,0.22,1400,"sd","14:14:25",715000
3.42,0.22,7000,"sd","14:14:22",713600
3.42,0.22,500,"sd","14:14:13",706600
3.42,0.22,1000,"sd","14:13:43",706100
3.42,0.22,500,"bu","14:13:10",705100
3.42,0.22,1100,"bu","14:13:10",704600
3.42,0.22,5900,"sd","14:13:05",703500
3.42,0.22,100,"bu","14:13:01",697600
3.42,0.22,500,"sd","14:12:58",697500
3.42,0.22,100,"sd","14:12:58",697000
3.42,0.22,700,"bu","14:12:45",696900
3.42,0.22,2000,"bu","14:12:45",696200
3.42,0.22,200,"bu","14:12:45",694200
3.42,0.22,800,"bu","14:12:43",694000
3.42,0.22,3000,"bu","14:12:30",693200
3.42,0.22,100,"bu","14:12:21",690200
3.42,0.22,1100,"bu","14:12:21",690100
3.42,0.22,8900,"sd","14:12:02",689000
3.42,0.22,500,"sd","14:12:00",680100
3.42,0.22,700,"sd","14:11:54",679600
3.42,0.22,200,"sd","14:11:51",678900
3.42,0.22,9700,"sd","14:11:43",678700
3.42,0.22,300,"sd","14:11:43",669000
3.42,0.22,4000,"sd","14:11:43",668700
3.42,0.22,200,"sd","14:11:26",664700
3.42,0.22,1000,"sd","14:11:01",664500
3.42,0.22,1000,"bu","14:10:56",663500
3.42,0.22,800,"bu","14:10:56",662500
3.42,0.22,2700,"bu","14:10:56",661700
3.42,0.22,1000,"bu","14:10:53",659000
3.42,0.22,1000,"bu","14:10:42",658000
3.42,0.22,200,"bu","14:10:33",657000
3.42,0.22,200,"sd","14:10:33",656800
3.42,0.22,1000,"sd","14:10:33",656600
3.42,0.22,300,"sd","14:10:33",655600
3.42,0.22,600,"sd","14:10:33",655300
3.42,0.22,400,"bu","14:10:22",654700
3.42,0.22,4600,"sd","14:10:21",654300
3.42,0.22,200,"bu","14:10:20",649700
3.42,0.22,100,"bu","14:10:20",649500
3.42,0.22,100,"bu","14:10:20",649400
3.42,0.22,100,"bu","14:10:20",649300
3.42,0.22,900,"bu","14:10:20",649200
3.42,0.22,100,"bu","14:10:20",648300
3.42,0.22,100,"bu","14:10:20",648200
3.42,0.22,1000,"bu","14:10:20",648100
3.42,0.22,200,"bu","14:10:20",647100
3.42,0.22,100,"bu","14:10:20",646900
3.42,0.22,1000,"bu","14:10:20",646800
3.42,0.22,1500,"bu","14:10:20",645800
3.42,0.22,2200,"bu","14:10:17",644300
3.42,0.22,200,"bu","14:10:11",642100
3.41,0.21,100,"bu","14:10:11",641900
3.42,0.22,1000,"bu","14:10:07",641800
3.42,0.22,75100,"bu","14:10:07",640800
3.42,0.22,10000,"bu","14:10:07",565700
3.42,0.22,5000,"bu","14:10:07",555700
3.42,0.22,2000,"bu","14:10:07",550700
3.42,0.22,100,"bu","14:10:07",548700
3.42,0.22,7800,"bu","14:10:07",548600
3.4,0.2,100,"sd","14:09:58",540800
3.42,0.22,2000,"bu","14:09:45",540700
3.42,0.22,1000,"bu","14:09:29",538700
3.42,0.22,9200,"bu","14:09:27",537700
3.42,0.22,200,"bu","14:09:27",528500
3.42,0.22,400,"bu","14:09:27",528300
3.42,0.22,1600,"bu","14:09:27",527900
3.42,0.22,300,"bu","14:09:27",526300
3.42,0.22,300,"bu","14:09:27",526000
3.42,0.22,3000,"bu","14:09:27",525700
3.42,0.22,4100,"bu","14:09:27",522700
3.42,0.22,1000,"bu","14:09:27",518600
3.42,0.22,700,"bu","14:09:27",517600
3.42,0.22,1200,"bu","14:09:27",516900
3.42,0.22,700,"bu","14:09:27",515700
3.42,0.22,400,"bu","14:09:27",515000
3.42,0.22,100,"bu","14:09:27",514600
3.42,0.22,100,"bu","14:09:27",514500
3.42,0.22,700,"bu","14:09:27",514400
3.42,0.22,4700,"bu","14:09:25",513700
3.42,0.22,200,"bu","14:09:25",509000
3.42,0.22,200,"bu","14:09:25",508800
3.42,0.22,200,"bu","14:09:25",508600
3.42,0.22,200,"bu","14:09:25",508400
3.42,0.22,2000,"bu","14:09:25",508200
3.42,0.22,500,"bu","14:09:25",506200
3.42,0.22,500,"bu","14:09:25",505700
3.42,0.22,1500,"bu","14:09:25",505200
3.42,0.22,3000,"bu","14:09:24",503700
3.42,0.22,500,"bu","14:08:51",500700
3.42,0.22,300,"bu","14:08:50",500200
3.42,0.22,2000,"bu","14:08:50",499900
3.41,0.21,1000,"bu","14:08:50",497900
3.41,0.21,300,"bu","14:08:50",496900
3.41,0.21,100,"bu","14:08:50",496600
3.41,0.21,500,"bu","14:08:50",496500
3.41,0.21,300,"bu","14:08:50",496000
3.4,0.2,2000,"bu","14:08:42",495700
3.4,0.2,2000,"bu","14:08:42",493700
3.4,0.2,200,"bu","14:08:42",491700
3.4,0.2,7800,"bu","14:08:42",491500
3.4,0.2,4900,"bu","14:08:25",483700
3.4,0.2,5600,"bu","14:08:25",478800
3.4,0.2,4400,"bu","14:08:16",473200
3.4,0.2,600,"bu","14:08:16",468800
3.39,0.19,500,"sd","14:08:02",468200
3.4,0.2,3000,"bu","14:07:45",467700
3.4,0.2,20500,"bu","14:07:37",464700
3.4,0.2,9500,"bu","14:07:37",444200
3.4,0.2,500,"bu","14:07:36",434700
3.4,0.2,100,"bu","14:07:36",434200
3.4,0.2,200,"bu","14:07:36",434100
3.4,0.2,1000,"bu","14:07:36",433900
3.39,0.19,100,"sd","14:07:28",432900
3.39,0.19,2900,"bu","14:07:09",432800
3.39,0.19,3000,"bu","14:07:09",429900
3.38,0.18,3000,"bu","14:07:09",426900
3.38,0.18,3000,"bu","14:07:09",423900
3.36,0.16,2000,"bu","14:06:54",420900
3.35,0.15,100,"bu","14:06:54",418900
3.35,0.15,100,"bu","14:06:54",418800
3.35,0.15,100,"bu","14:06:54",418700
3.35,0.15,100,"bu","14:06:54",418600
3.35,0.15,500,"bu","14:06:54",418500
3.35,0.15,500,"bu","14:06:54",418000
3.35,0.15,1000,"bu","14:06:54",417500
3.35,0.15,1000,"bu","14:06:54",416500
3.35,0.15,500,"bu","14:06:54",415500
3.34,0.14,15000,"bu","14:06:41",415000
3.34,0.14,100,"bu","14:06:41",400000
3.34,0.14,200,"bu","14:06:41",399900
3.34,0.14,9300,"bu","14:06:41",399700
3.34,0.14,5700,"bu","14:06:30",390400
3.34,0.14,1500,"bu","14:06:30",384700
3.33,0.13,200,"bu","14:06:30",383200
3.33,0.13,2500,"bu","14:06:30",383000
3.33,0.13,100,"bu","14:06:30",380500
3.32,0.12,200,"bu","14:06:16",380400
3.32,0.12,2000,"bu","14:06:16",380200
3.32,0.12,200,"bu","14:06:16",378200
3.32,0.12,100,"bu","14:06:16",378000
3.32,0.12,2800,"bu","14:06:16",377900
3.32,0.12,100,"bu","14:06:16",375100
3.32,0.12,100,"bu","14:06:16",375000
3.32,0.12,10000,"bu","14:06:16",374900
3.31,0.11,100,"bu","14:06:16",364900
3.31,0.11,600,"bu","14:06:16",364800
3.31,0.11,3000,"bu","14:06:16",364200
3.31,0.11,3000,"bu","14:06:16",361200
3.31,0.11,3600,"bu","14:06:16",358200
3.31,0.11,900,"bu","14:06:15",354600
3.3,0.1,500,"bu","14:06:00",353700
3.3,0.1,900,"bu","14:06:00",353200
3.3,0.1,1100,"bu","14:05:27",352300
3.3,0.1,100,"bu","14:05:27",351200
3.3,0.1,600,"bu","14:05:27",351100
3.3,0.1,200,"bu","14:05:27",350500
3.3,0.1,300,"bu","14:05:19",350300
3.3,0.1,500,"bu","14:05:19",350000
3.3,0.1,5000,"bu","14:05:16",349500
3.3,0.1,1000,"bu","14:05:16",344500
3.3,0.1,100,"bu","14:05:16",343500
3.3,0.1,200,"bu","14:05:16",343400
3.3,0.1,400,"bu","14:05:15",343200
3.29,0.09,200,"bu","14:04:41",342800
3.28,0.08,500,"sd","14:03:04",342600
3.29,0.09,100,"sd","14:01:34",342100
3.29,0.09,2000,"sd","14:01:30",342000
3.29,0.09,100,"sd","14:01:03",340000
3.29,0.09,1500,"sd","14:01:01",339900
3.29,0.09,2000,"sd","14:00:45",338400
3.3,0.1,200,"bu","13:58:29",336400
3.29,0.09,200,"sd","13:57:20",336200
3.29,0.09,5000,"sd","13:57:15",336000
3.29,0.09,2000,"bu","13:56:13",331000
3.29,0.09,5000,"bu","13:55:23",329000
3.29,0.09,3000,"bu","13:54:53",324000
3.28,0.08,100,"sd","13:49:39",321000
3.29,0.09,2200,"sd","13:48:42",320900
3.29,0.09,400,"sd","13:48:33",318700
3.3,0.1,200,"bu","13:44:15",318300
3.3,0.1,800,"sd","13:44:07",318100
3.3,0.1,600,"sd","13:43:08",317300
3.3,0.1,20000,"sd","13:42:54",316700
3.3,0.1,200,"bu","13:42:26",296700
3.3,0.1,10000,"bu","13:42:26",296500
3.3,0.1,3000,"bu","13:42:26",286500
3.3,0.1,2000,"bu","13:42:26",283500
3.3,0.1,100,"bu","13:42:26",281500
3.3,0.1,100,"bu","13:42:26",281400
3.3,0.1,500,"bu","13:42:26",281300
3.3,0.1,2000,"bu","13:42:26",280800
3.3,0.1,3000,"bu","13:42:26",278800
3.3,0.1,500,"bu","13:42:26",275800
3.3,0.1,300,"bu","13:42:26",275300
3.3,0.1,1000,"bu","13:42:26",275000
3.3,0.1,500,"bu","13:42:26",274000
3.3,0.1,1000,"bu","13:42:26",273500
3.3,0.1,3000,"bu","13:42:26",272500
3.3,0.1,1400,"bu","13:42:26",269500
3.29,0.09,400,"bu","13:40:40",268100
3.28,0.08,100,"sd","13:40:22",267700
3.28,0.08,1300,"sd","13:39:01",267600
3.29,0.09,100,"bu","13:37:24",266300
3.29,0.09,900,"sd","13:35:36",266200
3.29,0.09,100,"bu","13:34:50",265300
3.29,0.09,2000,"bu","13:34:47",265200
3.29,0.09,500,"sd","13:34:25",263200
3.29,0.09,7400,"sd","13:34:25",262700
3.29,0.09,300,"sd","13:34:05",255300
3.29,0.09,100,"sd","13:33:28",255000
3.29,0.09,2200,"sd","13:33:13",254900
3.29,0.09,100,"sd","13:33:13",252700
3.29,0.09,200,"sd","13:33:13",252600
3.3,0.1,3000,"bu","13:32:54",252400
3.29,0.09,800,"sd","13:32:10",249400
3.3,0.1,100,"bu","13:31:31",248600
3.29,0.09,1100,"sd","13:30:38",248500
3.29,0.09,1200,"sd","13:30:00",247400
3.3,0.1,500,"bu","13:28:36",246200
3.29,0.09,500,"sd","13:25:26",245700
3.29,0.09,1000,"bu","13:24:35",245200
3.29,0.09,200,"bu","13:24:35",244200
3.29,0.09,100,"bu","13:24:35",244000
3.29,0.09,4000,"bu","13:24:35",243900
3.29,0.09,900,"bu","13:24:35",239900
3.28,0.08,200,"sd","13:23:57",239000
3.28,0.08,7000,"sd","13:22:04",238800
3.28,0.08,300,"sd","13:21:33",231800
3.28,0.08,100,"sd","13:21:30",231500
3.28,0.08,800,"sd","13:21:29",231400
3.28,0.08,400,"sd","13:20:55",230600
3.28,0.08,200,"bu","13:20:55",230200
3.28,0.08,1000,"bu","13:20:55",230000
3.28,0.08,1000,"bu","13:20:55",229000
3.27,0.07,100,"bu","13:20:55",228000
3.25,0.05,1600,"bu","13:20:16",227900
3.25,0.05,600,"bu","13:20:13",226300
3.25,0.05,700,"sd","13:19:20",225700
3.25,0.05,100,"sd","13:19:20",225000
3.25,0.05,200,"sd","13:17:48",224900
3.25,0.05,2000,"sd","13:17:48",224700
3.25,0.05,500,"sd","13:17:48",222700
3.25,0.05,400,"sd","13:17:48",222200
3.25,0.05,200,"sd","13:17:48",221800
3.25,0.05,200,"sd","13:17:48",221600
3.25,0.05,2500,"sd","13:17:48",221400
3.26,0.06,100,"sd","13:16:46",218900
3.28,0.08,100,"sd","13:16:31",218800
3.28,0.08,100,"sd","13:15:32",218700
3.25,0.05,100,"sd","13:15:16",218600
3.28,0.08,100,"sd","13:12:15",218500
3.28,0.08,2300,"sd","13:12:15",218400
3.28,0.08,100,"sd","13:12:15",216100
3.28,0.08,2000,"sd","13:11:35",216000
3.28,0.08,200,"sd","13:10:35",214000
3.28,0.08,500,"sd","13:10:09",213800
3.28,0.08,1000,"sd","13:06:40",213300
3.28,0.08,1000,"sd","13:06:37",212300
3.28,0.08,5000,"sd","13:06:20",211300
3.28,0.08,5000,"sd","13:06:17",206300
3.29,0.09,300,"bu","13:03:01",201300
3.28,0.08,400,"sd","13:02:36",201000
3.29,0.09,3700,"bu","13:02:21",200600
3.28,0.08,1000,"bu","13:02:00",196900
3.28,0.08,1600,"bu","13:02:00",195900
3.28,0.08,1300,"bu","13:01:09",194300
3.28,0.08,200,"bu","13:01:09",193000
3.28,0.08,1300,"bu","13:01:09",192800
3.28,0.08,200,"bu","13:01:09",191500
3.26,0.06,700,"sd","13:00:42",191300
3.26,0.06,600,"bu","13:00:35",190600
3.25,0.05,400,"sd","13:00:11",190000
3.25,0.05,100,"sd","13:00:10",189600
3.25,0.05,400,"sd","13:00:09",189500
3.25,0.05,2100,"sd","13:00:08",189100
3.26,0.06,1600,"bu","13:00:08",187000
3.26,0.06,400,"bu","13:00:03",185400
3.26,0.06,1000,"bu","11:29:38",185000
3.26,0.06,1000,"bu","11:29:25",184000
3.26,0.06,3400,"sd","11:28:47",183000
3.26,0.06,2000,"sd","11:28:39",179600
3.26,0.06,200,"sd","11:28:22",177600
3.26,0.06,5400,"bu","11:27:14",177400
3.26,0.06,100,"bu","11:26:52",172000
3.26,0.06,600,"sd","11:24:57",171900
3.26,0.06,500,"sd","11:24:57",171300
3.26,0.06,300,"sd","11:24:57",170800
3.26,0.06,1000,"sd","11:24:57",170500
3.26,0.06,500,"sd","11:24:57",169500
3.26,0.06,500,"sd","11:24:57",169000
3.26,0.06,4000,"sd","11:24:57",168500
3.26,0.06,100,"sd","11:15:10",164500
3.28,0.08,200,"bu","11:13:18",164400
3.28,0.08,4600,"bu","11:13:11",164200
3.28,0.08,400,"bu","11:13:11",159600
3.28,0.08,200,"bu","11:12:41",159200
3.28,0.08,200,"bu","11:11:27",159000
3.28,0.08,100,"bu","11:11:12",158800
3.28,0.08,100,"bu","11:11:12",158700
3.28,0.08,300,"bu","11:10:59",158600
3.28,0.08,1000,"bu","11:10:53",158300
3.28,0.08,500,"bu","11:10:10",157300
3.28,0.08,100,"bu","11:10:07",156800
3.28,0.08,100,"bu","11:10:07",156700
3.28,0.08,200,"bu","11:09:53",156600
3.28,0.08,400,"bu","11:09:44",156400
3.28,0.08,400,"bu","11:09:40",156000
3.28,0.08,300,"bu","11:09:14",155600
3.28,0.08,200,"bu","11:09:01",155300
3.28,0.08,300,"bu","11:08:46",155100
3.28,0.08,200,"bu","11:08:32",154800
3.28,0.08,500,"bu","11:08:32",154600
3.28,0.08,300,"bu","11:08:19",154100
3.28,0.08,400,"bu","11:07:53",153800
3.26,0.06,500,"sd","11:07:33",153400
3.28,0.08,200,"bu","11:07:16",152900
3.28,0.08,400,"bu","11:05:36",152700
3.26,0.06,1000,"sd","10:55:35",152300
3.26,0.06,1000,"sd","10:55:30",151300
3.26,0.06,1000,"sd","10:55:30",150300
3.26,0.06,1000,"sd","10:55:30",149300
3.26,0.06,1000,"sd","10:55:30",148300
3.26,0.06,300,"sd","10:52:19",147300
3.26,0.06,100,"sd","10:52:10",147000
3.25,0.05,1100,"sd","10:51:52",146900
3.26,0.06,200,"sd","10:50:50",145800
3.26,0.06,100,"sd","10:50:41",145600
3.28,0.08,100,"bu","10:49:34",145500
3.28,0.08,1000,"bu","10:48:09",145400
3.28,0.08,2000,"bu","10:48:09",144400
3.26,0.06,200,"sd","10:47:49",142400
3.27,0.07,100,"sd","10:47:49",142200
3.26,0.06,500,"sd","10:46:24",142100
3.26,0.06,500,"sd","10:46:24",141600
3.26,0.06,1000,"sd","10:46:24",141100
3.26,0.06,500,"sd","10:44:33",140100
3.26,0.06,4200,"sd","10:44:33",139600
3.26,0.06,300,"sd","10:44:33",135400
3.26,0.06,4100,"sd","10:40:05",135100
3.27,0.07,200,"sd","10:40:05",131000
3.27,0.07,10000,"sd","10:40:05",130800
3.27,0.07,500,"sd","10:40:05",120800
3.27,0.07,1000,"sd","10:40:05",120300
3.27,0.07,4100,"sd","10:40:05",119300
3.28,0.08,100,"sd","10:40:05",115200
3.29,0.09,100,"bu","10:39:07",115100
3.29,0.09,200,"unknown","10:38:21",115000
3.29,0.09,500,"sd","10:37:16",114800
3.29,0.09,100,"sd","10:37:16",114300
3.3,0.1,100,"bu","10:36:50",114200
3.29,0.09,300,"sd","10:34:50",114100
3.29,0.09,200,"sd","10:34:50",113800
3.29,0.09,100,"sd","10:34:21",113600
3.29,0.09,1100,"sd","10:34:21",113500
3.29,0.09,1400,"sd","10:34:14",112400
3.29,0.09,200,"sd","10:34:06",111000
3.29,0.09,3000,"sd","10:33:59",110800
3.3,0.1,200,"bu","10:33:58",107800
3.29,0.09,1300,"bu","10:33:25",107600
3.29,0.09,700,"bu","10:32:58",106300
3.29,0.09,300,"bu","10:32:58",105600
3.29,0.09,500,"bu","10:32:35",105300
3.29,0.09,2000,"bu","10:30:29",104800
3.29,0.09,2000,"bu","10:30:29",102800
3.28,0.08,100,"bu","10:28:24",100800
3.27,0.07,200,"sd","10:26:05",100700
3.27,0.07,400,"sd","10:23:59",100500
3.27,0.07,300,"sd","10:22:25",100100
3.29,0.09,100,"bu","10:21:10",99800
3.29,0.09,100,"bu","10:21:10",99700
3.3,0.1,400,"bu","10:18:34",99600
3.3,0.1,8500,"bu","10:18:34",99200
3.29,0.09,100,"bu","10:18:34",90700
3.28,0.08,1000,"bu","10:18:34",90600
3.26,0.06,2900,"bu","10:17:48",89600
3.26,0.06,100,"bu","10:17:11",86700
3.25,0.05,6800,"sd","10:16:17",86600
3.25,0.05,200,"sd","10:16:17",79800
3.25,0.05,200,"sd","10:14:52",79600
3.25,0.05,200,"sd","10:13:47",79400
3.25,0.05,100,"sd","10:13:47",79200
3.24,0.04,2300,"sd","10:12:50",79100
3.24,0.04,100,"sd","10:12:50",76800
3.24,0.04,500,"sd","10:12:50",76700
3.25,0.05,100,"sd","10:12:50",76200
3.25,0.05,2900,"sd","10:12:49",76100
3.25,0.05,100,"bu","10:12:35",73200
3.24,0.04,1500,"sd","10:11:49",73100
3.24,0.04,700,"sd","10:11:49",71600
3.24,0.04,300,"sd","10:10:05",70900
3.24,0.04,200,"bu","10:07:43",70600
3.25,0.05,100,"bu","10:05:57",70400
3.25,0.05,100,"bu","10:00:33",70300
3.22,0.02,400,"bu","09:59:36",70200
3.22,0.02,500,"sd","09:59:12",69800
3.22,0.02,1700,"sd","09:59:12",69300
3.22,0.02,300,"sd","09:58:54",67600
3.22,0.02,1200,"sd","09:58:54",67300
3.24,0.04,1000,"sd","09:58:54",66100
3.24,0.04,100,"sd","09:58:54",65100
3.25,0.05,5000,"bu","09:58:16",65000
3.25,0.05,200,"sd","09:57:25",60000
3.25,0.05,200,"sd","09:57:25",59800
3.25,0.05,500,"sd","09:57:25",59600
3.25,0.05,400,"sd","09:57:25",59100
3.25,0.05,200,"sd","09:57:25",58700
3.25,0.05,3000,"sd","09:57:25",58500
3.25,0.05,6000,"sd","09:57:25",55500
3.25,0.05,2100,"sd","09:57:25",49500
3.25,0.05,500,"sd","09:56:23",47400
3.26,0.06,100,"bu","09:54:29",46900
3.25,0.05,400,"sd","09:51:40",46800
3.25,0.05,400,"sd","09:51:40",46400
3.25,0.05,1000,"sd","09:51:40",46000
3.25,0.05,100,"sd","09:51:40",45000
3.25,0.05,100,"sd","09:51:40",44900
3.26,0.06,200,"sd","09:49:37",44800
3.26,0.06,300,"sd","09:48:39",44600
3.26,0.06,100,"sd","09:48:39",44300
3.26,0.06,100,"sd","09:48:39",44200
3.26,0.06,200,"sd","09:48:39",44100
3.27,0.07,100,"bu","09:48:14",43900
3.27,0.07,1000,"sd","09:47:20",43800
3.26,0.06,500,"sd","09:43:03",42800
3.29,0.09,300,"sd","09:42:19",42300
3.29,0.09,700,"bu","09:41:45",42000
3.29,0.09,300,"sd","09:40:09",41300
3.29,0.09,2500,"bu","09:39:37",41000
3.29,0.09,200,"bu","09:39:37",38500
3.26,0.06,200,"bu","09:38:29",38300
3.26,0.06,100,"sd","09:38:14",38100
3.26,0.06,100,"sd","09:37:21",38000
3.25,0.05,200,"sd","09:31:20",37900
3.25,0.05,1000,"sd","09:31:20",37700
3.25,0.05,800,"sd","09:31:20",36700
3.25,0.05,100,"sd","09:30:23",35900
3.25,0.05,100,"sd","09:25:15",35800
3.3,0.1,200,"bu","09:24:42",35700
3.3,0.1,200,"bu","09:24:14",35500
3.3,0.1,100,"bu","09:23:55",35300
3.3,0.1,1300,"bu","09:23:55",35200
3.3,0.1,2500,"bu","09:23:55",33900
3.3,0.1,900,"bu","09:23:55",31400
3.3,0.1,300,"bu","09:23:21",30500
3.3,0.1,1000,"bu","09:22:54",30200
3.3,0.1,1000,"bu","09:22:48",29200
3.3,0.1,700,"bu","09:21:30",28200
3.3,0.1,100,"bu","09:21:30",27500
3.3,0.1,200,"bu","09:21:30",27400
3.3,0.1,1000,"bu","09:20:17",27200
3.3,0.1,300,"sd","09:19:30",26200
3.3,0.1,9900,"sd","09:19:30",25900
3.33,0.13,100,"bu","09:19:08",16000
3.33,0.13,200,"bu","09:18:59",15900
3.3,0.1,100,"sd","09:18:36",15700
3.34,0.14,500,"bu","09:18:26",15600
3.34,0.14,800,"bu","09:18:26",15100
3.34,0.14,200,"bu","09:17:54",14300
3.34,0.14,1600,"bu","09:17:50",14100
3.34,0.14,800,"bu","09:17:05",12500
3.34,0.14,11700,"bu","09:15:01",11700
