"price","change","match_qtty","side","time","total_vol"
15.95,-0.2,28800,"unknown","14:45:03",698700
15.85,-0.3,1000,"sd","14:29:52",669900
15.85,-0.3,42100,"sd","14:29:20",668900
15.9,-0.25,7900,"sd","14:29:20",626800
15.9,-0.25,300,"bu","14:29:18",618900
15.9,-0.25,100,"bu","14:29:18",618600
15.9,-0.25,500,"bu","14:29:18",618500
15.9,-0.25,21200,"bu","14:29:18",618000
15.9,-0.25,200,"bu","14:29:14",596800
15.9,-0.25,500,"bu","14:29:13",596600
15.85,-0.3,5000,"sd","14:29:06",596100
15.85,-0.3,1200,"sd","14:28:52",591100
15.9,-0.25,100,"bu","14:28:38",589900
15.9,-0.25,1500,"bu","14:28:32",589800
15.9,-0.25,200,"bu","14:28:20",588300
15.9,-0.25,900,"bu","14:28:13",588100
15.9,-0.25,100,"bu","14:28:12",587200
15.9,-0.25,5000,"bu","14:27:58",587100
15.9,-0.25,500,"bu","14:27:53",582100
15.9,-0.25,1500,"bu","14:27:53",581600
15.9,-0.25,1000,"bu","14:27:31",580100
15.9,-0.25,500,"bu","14:27:14",579100
15.85,-0.3,700,"bu","14:27:10",578600
15.85,-0.3,100,"bu","14:27:05",577900
15.85,-0.3,100,"bu","14:27:05",577800
15.85,-0.3,100,"sd","14:27:02",577700
15.85,-0.3,1000,"sd","14:27:02",577600
15.85,-0.3,800,"sd","14:27:02",576600
15.85,-0.3,300,"sd","14:27:02",575800
15.85,-0.3,1000,"sd","14:27:02",575500
15.85,-0.3,300,"sd","14:27:02",574500
15.85,-0.3,500,"sd","14:26:59",574200
15.85,-0.3,2200,"sd","14:26:30",573700
15.85,-0.3,1000,"sd","14:26:30",571500
15.85,-0.3,100,"sd","14:26:30",570500
15.85,-0.3,3000,"sd","14:26:30",570400
15.85,-0.3,100,"sd","14:26:30",567400
15.85,-0.3,300,"sd","14:26:30",567300
15.85,-0.3,100,"sd","14:26:30",567000
15.85,-0.3,1000,"sd","14:26:30",566900
15.85,-0.3,10000,"sd","14:26:30",565900
15.85,-0.3,100,"sd","14:26:30",555900
15.85,-0.3,100,"sd","14:26:30",555800
15.85,-0.3,2000,"sd","14:26:30",555700
15.9,-0.25,5000,"bu","14:26:07",553700
15.9,-0.25,300,"sd","14:26:00",548700
15.9,-0.25,300,"sd","14:26:00",548400
15.9,-0.25,200,"sd","14:26:00",548100
15.9,-0.25,100,"sd","14:26:00",547900
15.9,-0.25,200,"sd","14:26:00",547800
15.9,-0.25,100,"sd","14:26:00",547600
15.9,-0.25,1000,"sd","14:26:00",547500
15.9,-0.25,300,"sd","14:26:00",546500
15.9,-0.25,100,"sd","14:26:00",546200
15.9,-0.25,3000,"sd","14:26:00",546100
15.9,-0.25,1000,"sd","14:26:00",543100
15.9,-0.25,3000,"sd","14:26:00",542100
15.9,-0.25,100,"sd","14:26:00",539100
15.9,-0.25,2000,"sd","14:26:00",539000
15.95,-0.2,100,"sd","14:26:00",537000
15.95,-0.2,100,"sd","14:24:32",536900
15.95,-0.2,200,"sd","14:24:32",536800
16,-0.15,2000,"sd","14:23:54",536600
16.05,-0.1,600,"sd","14:23:54",534600
16.05,-0.1,2000,"sd","14:23:48",534000
16,-0.15,400,"bu","14:23:39",532000
16,-0.15,200,"sd","14:23:35",531600
16,-0.15,100,"sd","14:23:35",531400
16,-0.15,200,"sd","14:23:34",531300
16,-0.15,100,"sd","14:23:34",531100
16,-0.15,1700,"sd","14:23:34",531000
16,-0.15,300,"sd","14:23:26",529300
16,-0.15,100,"sd","14:23:26",529000
16,-0.15,100,"sd","14:23:26",528900
16,-0.15,100,"sd","14:23:26",528800
16,-0.15,100,"sd","14:23:26",528700
16,-0.15,500,"sd","14:23:26",528600
16,-0.15,5000,"sd","14:23:26",528100
16,-0.15,8800,"sd","14:23:26",523100
16,-0.15,600,"sd","14:22:46",514300
16,-0.15,100,"sd","14:21:25",513700
16.15,0,100,"bu","14:20:55",513600
16.15,0,100,"bu","14:20:23",513500
16.1,-0.05,1000,"bu","14:19:13",513400
16.1,-0.05,5000,"bu","14:18:44",512400
16.05,-0.1,100,"bu","14:17:52",507400
16.05,-0.1,200,"bu","14:17:44",507300
16.05,-0.1,1000,"bu","14:16:00",507100
16.05,-0.1,500,"bu","14:15:29",506100
16.05,-0.1,500,"sd","14:15:19",505600
16.05,-0.1,2700,"sd","14:15:19",505100
16.05,-0.1,400,"sd","14:14:32",502400
16.05,-0.1,600,"sd","14:14:32",502000
16.05,-0.1,2300,"sd","14:13:11",501400
16.1,-0.05,100,"bu","14:13:05",499100
16.1,-0.05,500,"bu","14:13:05",499000
16.1,-0.05,400,"bu","14:13:05",498500
16.1,-0.05,100,"bu","14:12:38",498100
16.1,-0.05,200,"bu","14:11:57",498000
16.05,-0.1,100,"sd","14:11:47",497800
16.1,-0.05,100,"sd","14:10:53",497700
16.1,-0.05,100,"sd","14:10:53",497600
16.1,-0.05,100,"sd","14:10:33",497500
16.1,-0.05,500,"sd","14:09:28",497400
16.1,-0.05,100,"sd","14:09:03",496900
16.1,-0.05,500,"sd","14:09:03",496800
16.1,-0.05,1400,"sd","14:09:03",496300
16.1,-0.05,200,"sd","14:08:50",494900
16.1,-0.05,2000,"sd","14:08:22",494700
16.15,0,5000,"bu","14:06:36",492700
16.1,-0.05,1000,"sd","14:06:15",487700
16.15,0,2500,"bu","14:05:33",486700
16.15,0,200,"bu","14:05:14",484200
16.1,-0.05,400,"bu","14:05:08",484000
16.1,-0.05,600,"bu","14:05:03",483600
16.1,-0.05,600,"bu","14:05:03",483000
16.1,-0.05,1800,"bu","14:05:03",482400
16.1,-0.05,100,"bu","14:04:57",480600
16.1,-0.05,100,"bu","14:04:37",480500
16,-0.15,500,"bu","14:04:12",480400
16,-0.15,1000,"bu","14:04:02",479900
16,-0.15,1000,"bu","14:03:55",478900
16,-0.15,300,"bu","14:03:55",477900
16,-0.15,200,"bu","14:03:55",477600
16,-0.15,100,"bu","14:03:55",477400
16,-0.15,400,"bu","14:03:55",477300
16,-0.15,200,"bu","14:03:54",476900
16,-0.15,400,"bu","14:03:45",476700
16,-0.15,600,"bu","14:03:45",476300
15.95,-0.2,100,"sd","14:03:32",475700
15.95,-0.2,200,"sd","14:03:32",475600
15.95,-0.2,100,"sd","14:03:32",475400
15.95,-0.2,500,"sd","14:03:32",475300
16,-0.15,100,"bu","14:03:16",474800
15.95,-0.2,1000,"sd","14:02:26",474700
15.95,-0.2,500,"sd","14:01:50",473700
16,-0.15,1000,"bu","14:00:52",473200
15.95,-0.2,200,"sd","13:59:50",472200
15.95,-0.2,100,"sd","13:59:11",472000
15.95,-0.2,100,"sd","13:58:59",471900
15.95,-0.2,1100,"sd","13:57:18",471800
15.95,-0.2,600,"sd","13:57:10",470700
15.95,-0.2,300,"sd","13:56:53",470100
15.95,-0.2,600,"sd","13:56:12",469800
15.95,-0.2,200,"sd","13:56:12",469200
15.95,-0.2,300,"sd","13:56:05",469000
15.95,-0.2,100,"sd","13:56:05",468700
15.95,-0.2,200,"sd","13:55:51",468600
16,-0.15,1200,"bu","13:55:33",468400
16,-0.15,100,"bu","13:54:42",467200
15.85,-0.3,500,"bu","13:53:34",467100
15.85,-0.3,200,"bu","13:53:32",466600
15.85,-0.3,700,"bu","13:53:29",466400
15.85,-0.3,100,"bu","13:53:25",465700
15.85,-0.3,100,"bu","13:53:25",465600
15.85,-0.3,100,"bu","13:53:19",465500
15.85,-0.3,500,"bu","13:53:08",465400
15.85,-0.3,100,"bu","13:52:52",464900
15.85,-0.3,100,"bu","13:52:43",464800
15.85,-0.3,100,"bu","13:52:42",464700
15.85,-0.3,100,"bu","13:52:42",464600
15.85,-0.3,2000,"bu","13:52:42",464500
15.85,-0.3,500,"bu","13:52:42",462500
15.9,-0.25,100,"bu","13:52:42",462000
15.9,-0.25,300,"bu","13:52:42",461900
15.9,-0.25,400,"bu","13:52:42",461600
15.9,-0.25,200,"bu","13:52:42",461200
15.9,-0.25,100,"sd","13:52:42",461000
15.9,-0.25,1000,"sd","13:52:42",460900
15.9,-0.25,500,"sd","13:52:42",459900
15.9,-0.25,200,"sd","13:52:42",459400
15.9,-0.25,100,"sd","13:52:42",459200
16,-0.15,1000,"sd","13:52:42",459100
15.85,-0.3,1000,"sd","13:52:42",458100
16,-0.15,1000,"bu","13:52:31",457100
15.9,-0.25,200,"sd","13:51:52",456100
15.9,-0.25,300,"sd","13:50:56",455900
15.9,-0.25,300,"sd","13:50:56",455200
15.9,-0.25,400,"sd","13:50:56",455600
15.95,-0.2,500,"sd","13:50:31",454900
15.95,-0.2,500,"sd","13:50:31",454400
15.95,-0.2,100,"sd","13:50:31",453900
16,-0.15,100,"bu","13:49:34",453800
16,-0.15,100,"sd","13:48:39",453700
16,-0.15,500,"sd","13:48:39",453600
16,-0.15,900,"sd","13:48:39",453100
16,-0.15,100,"sd","13:48:13",452200
16,-0.15,300,"sd","13:48:13",452100
16,-0.15,200,"sd","13:48:13",451800
16,-0.15,300,"sd","13:48:13",451600
16,-0.15,100,"sd","13:48:13",451300
16,-0.15,200,"sd","13:48:07",451200
16,-0.15,500,"sd","13:48:07",451000
16,-0.15,300,"sd","13:48:07",450500
16,-0.15,200,"sd","13:48:04",450200
16,-0.15,100,"sd","13:48:04",450000
16,-0.15,500,"sd","13:48:04",449900
16,-0.15,200,"sd","13:48:04",449400
16,-0.15,800,"sd","13:48:04",449200
16,-0.15,300,"sd","13:48:04",448400
16,-0.15,300,"sd","13:48:04",448100
16,-0.15,100,"sd","13:48:04",447800
16,-0.15,2500,"sd","13:48:04",447700
16,-0.15,200,"sd","13:47:54",445200
16,-0.15,200,"sd","13:46:58",445000
16,-0.15,100,"sd","13:45:51",444800
16,-0.15,600,"sd","13:45:51",444700
16,-0.15,400,"sd","13:45:46",444100
16,-0.15,300,"sd","13:45:46",443700
16,-0.15,1300,"sd","13:45:46",443400
16,-0.15,700,"sd","13:44:40",442100
16,-0.15,300,"sd","13:44:40",441400
16,-0.15,1500,"sd","13:44:39",441100
16,-0.15,1500,"sd","13:44:39",439600
16,-0.15,400,"sd","13:44:39",438100
16,-0.15,300,"sd","13:44:39",437700
16.05,-0.1,100,"sd","13:44:39",437400
16,-0.15,100,"sd","13:44:39",437300
16.05,-0.1,300,"sd","13:44:39",437200
16,-0.15,100,"sd","13:44:39",436900
16,-0.15,100,"sd","13:44:39",436700
16.05,-0.1,100,"sd","13:44:39",436800
16.05,-0.1,200,"sd","13:44:39",436600
16.1,-0.05,200,"sd","13:44:39",436400
16.1,-0.05,100,"sd","13:44:39",436200
16.1,-0.05,200,"sd","13:44:28",436100
16.1,-0.05,400,"sd","13:44:28",435900
16.1,-0.05,200,"sd","13:43:57",435500
16.1,-0.05,200,"sd","13:43:44",435300
16.1,-0.05,100,"bu","13:43:20",435100
16.1,-0.05,100,"bu","13:43:20",435000
16.1,-0.05,300,"bu","13:42:44",434900
16.1,-0.05,200,"bu","13:42:16",434600
16.1,-0.05,300,"bu","13:42:05",434400
16.05,-0.1,200,"sd","13:39:58",434100
16.05,-0.1,100,"bu","13:39:43",433900
16.05,-0.1,1400,"bu","13:39:43",433800
16.05,-0.1,200,"bu","13:39:28",432400
16.05,-0.1,200,"sd","13:37:53",432200
16.05,-0.1,2000,"sd","13:37:53",432000
16.05,-0.1,100,"sd","13:37:53",430000
16.05,-0.1,500,"sd","13:37:53",429900
16.05,-0.1,300,"sd","13:37:53",429400
16.05,-0.1,500,"sd","13:37:53",429100
16.05,-0.1,4800,"sd","13:37:53",428600
16.05,-0.1,100,"sd","13:36:33",423800
16.05,-0.1,100,"sd","13:36:25",423700
16.05,-0.1,100,"sd","13:36:25",423600
16.05,-0.1,2000,"sd","13:36:25",423500
16.05,-0.1,100,"sd","13:36:25",421500
16.05,-0.1,1000,"sd","13:36:25",421400
16.05,-0.1,500,"sd","13:36:25",420400
16.05,-0.1,100,"sd","13:36:25",419900
16.05,-0.1,500,"sd","13:36:25",419800
16.05,-0.1,100,"sd","13:36:25",419300
16.1,-0.05,100,"bu","13:36:10",419200
16.1,-0.05,600,"bu","13:36:10",419100
16.05,-0.1,200,"sd","13:35:59",418500
16.1,-0.05,300,"bu","13:34:00",418300
16.1,-0.05,100,"bu","13:33:28",418000
16.1,-0.05,1000,"sd","13:33:08",417900
16.1,-0.05,1600,"bu","13:32:54",416900
16.1,-0.05,200,"sd","13:32:41",415300
16.1,-0.05,1000,"sd","13:32:41",415100
16.1,-0.05,2000,"sd","13:32:41",414100
16.1,-0.05,1000,"sd","13:32:41",412100
16.1,-0.05,200,"sd","13:32:41",411100
16.1,-0.05,100,"sd","13:32:41",410900
16.1,-0.05,100,"sd","13:32:41",410800
16.1,-0.05,100,"sd","13:32:41",410700
16.1,-0.05,1000,"sd","13:32:41",410600
16.1,-0.05,2700,"sd","13:32:41",409600
16.1,-0.05,200,"sd","13:32:00",406900
16.2,0.05,300,"sd","13:31:57",406700
16.2,0.05,100,"sd","13:31:56",406400
16.2,0.05,100,"sd","13:31:51",406300
16.2,0.05,500,"sd","13:31:51",406200
16.2,0.05,100,"sd","13:31:45",405700
16.2,0.05,100,"sd","13:31:30",405600
16.2,0.05,100,"sd","13:31:30",405500
16.2,0.05,100,"sd","13:30:55",405400
16.3,0.15,100,"bu","13:30:00",405300
16.25,0.1,100,"sd","13:29:56",405200
16.25,0.1,100,"bu","13:29:48",405100
16.25,0.1,100,"bu","13:29:37",405000
16.2,0.05,800,"bu","13:29:21",404900
16.2,0.05,100,"bu","13:28:56",404100
16.2,0.05,100,"bu","13:28:45",404000
16.2,0.05,500,"bu","13:28:45",403900
16.15,0,200,"sd","13:28:03",403400
16.15,0,100,"bu","13:27:52",403200
16.15,0,300,"bu","13:27:45",403100
16.15,0,700,"bu","13:27:45",402800
16.15,0,300,"bu","13:27:45",402100
16.15,0,300,"bu","13:27:45",401800
16.15,0,100,"bu","13:27:45",401500
16.15,0,500,"bu","13:27:45",401400
16.15,0,1300,"bu","13:27:45",400900
16.15,0,2000,"bu","13:27:38",399600
16.15,0,2000,"bu","13:27:34",397600
16.15,0,1000,"bu","13:27:30",395600
16.15,0,1500,"bu","13:27:29",394600
16.15,0,300,"bu","13:27:28",393100
16.15,0,200,"bu","13:27:26",392800
16.15,0,100,"bu","13:27:15",392600
16.15,0,300,"bu","13:27:11",392500
16.15,0,100,"bu","13:26:59",392200
16.15,0,100,"bu","13:26:49",392100
16.15,0,2000,"bu","13:26:43",392000
16.15,0,200,"bu","13:26:43",390000
16.15,0,100,"bu","13:26:09",389800
16.15,0,100,"bu","13:25:51",389700
16.1,-0.05,700,"sd","13:25:45",389600
16.15,0,100,"bu","13:25:17",388900
16.1,-0.05,1400,"bu","13:25:10",388800
16.1,-0.05,500,"bu","13:25:07",387400
16.1,-0.05,100,"bu","13:25:06",386900
16.1,-0.05,100,"bu","13:25:01",386800
16.1,-0.05,1000,"sd","13:24:52",386700
16.1,-0.05,2900,"sd","13:24:52",385700
16.15,0,100,"bu","13:24:42",382800
16.1,-0.05,100,"bu","13:24:25",382700
16.1,-0.05,7000,"bu","13:24:14",382600
16.1,-0.05,500,"bu","13:24:06",375600
16.05,-0.1,200,"sd","13:24:04",375100
16.1,-0.05,1000,"sd","13:24:01",374900
16.1,-0.05,200,"sd","13:24:01",373900
16.1,-0.05,200,"sd","13:24:01",373700
16.1,-0.05,1000,"sd","13:24:01",373500
16.1,-0.05,2000,"bu","13:22:52",372500
16.1,-0.05,4000,"bu","13:22:52",370500
16.1,-0.05,200,"bu","13:21:51",366500
16.1,-0.05,800,"bu","13:21:27",366300
16.1,-0.05,200,"bu","13:21:27",365500
16.05,-0.1,1000,"sd","13:21:08",365300
16.1,-0.05,300,"sd","13:20:08",364300
16.1,-0.05,200,"sd","13:20:05",364000
16.1,-0.05,200,"sd","13:19:58",363800
16.1,-0.05,500,"sd","13:19:58",363600
16.1,-0.05,300,"sd","13:19:50",363100
16.1,-0.05,700,"sd","13:19:50",362800
16.15,0,2700,"bu","13:19:50",362100
16.1,-0.05,500,"bu","13:18:35",359400
16.1,-0.05,100,"bu","13:18:35",358900
16.1,-0.05,3000,"bu","13:18:22",358800
16.1,-0.05,300,"sd","13:17:29",355800
16.1,-0.05,100,"sd","13:17:29",355500
16.1,-0.05,300,"sd","13:16:31",355400
16.1,-0.05,300,"sd","13:16:24",355100
16.15,0,300,"bu","13:16:17",354800
16.1,-0.05,200,"sd","13:16:07",354500
16.1,-0.05,1200,"bu","13:16:06",354300
16.1,-0.05,500,"sd","13:15:40",353100
16.1,-0.05,1000,"sd","13:15:40",352600
16.1,-0.05,1000,"sd","13:15:40",351600
16.1,-0.05,200,"sd","13:15:40",350600
16.1,-0.05,200,"sd","13:15:40",350400
16.1,-0.05,800,"sd","13:15:40",350200
16.15,0,500,"bu","13:15:02",349400
16.15,0,500,"bu","13:14:54",348900
16.15,0,100,"bu","13:14:24",348400
16.1,-0.05,1000,"sd","13:14:06",348300
16.1,-0.05,200,"sd","13:12:09",347300
16.05,-0.1,1600,"sd","13:10:51",347100
16.05,-0.1,100,"sd","13:10:51",345500
16.1,-0.05,900,"sd","13:10:51",345400
16.1,-0.05,400,"bu","13:09:24",344500
16.1,-0.05,1700,"bu","13:09:24",344100
16.1,-0.05,300,"bu","13:08:56",342400
16.1,-0.05,300,"sd","13:08:48",342100
16.1,-0.05,500,"sd","13:08:48",341800
16.1,-0.05,400,"sd","13:08:48",341300
16.1,-0.05,100,"sd","13:08:48",340900
16.1,-0.05,500,"sd","13:08:48",340800
16.1,-0.05,100,"sd","13:08:48",340300
16.1,-0.05,400,"sd","13:08:48",340200
16.1,-0.05,100,"sd","13:08:20",339800
16.1,-0.05,200,"sd","13:08:10",339700
16.1,-0.05,200,"sd","13:06:53",339500
16.15,0,100,"sd","13:06:47",339300
16.15,0,200,"sd","13:06:43",339200
16.15,0,500,"sd","13:05:49",339000
16.15,0,400,"sd","13:05:49",338500
16.15,0,500,"sd","13:05:49",338100
16.15,0,100,"sd","13:05:47",337600
16.15,0,1000,"sd","13:05:44",337500
16.15,0,1400,"sd","13:05:37",336500
16.15,0,300,"sd","13:05:37",335100
16.15,0,100,"sd","13:05:37",334800
16.15,0,1000,"sd","13:05:37",334700
16.15,0,500,"sd","13:05:37",333700
16.15,0,1700,"sd","13:05:37",333200
16.15,0,1400,"sd","13:05:36",331500
16.15,0,900,"sd","13:05:28",330100
16.15,0,200,"sd","13:05:28",329200
16.15,0,100,"sd","13:05:28",329000
16.15,0,200,"sd","13:05:28",328900
16.15,0,200,"sd","13:05:28",328700
16.15,0,100,"sd","13:05:28",328500
16.15,0,100,"sd","13:05:28",328400
16.15,0,300,"sd","13:05:28",328300
16.15,0,3900,"sd","13:05:21",328000
16.15,0,500,"sd","13:04:55",324100
16.15,0,500,"sd","13:04:45",323600
16.15,0,300,"sd","13:04:41",323100
16.15,0,200,"sd","13:04:12",322800
16.15,0,300,"sd","13:03:50",322600
16.15,0,1000,"sd","13:03:49",322300
16.15,0,400,"sd","13:02:23",321300
16.15,0,3300,"sd","13:00:46",320900
16.15,0,200,"sd","13:00:42",317600
16.2,0.05,200,"bu","13:00:33",317400
16.2,0.05,300,"bu","13:00:29",317200
16.2,0.05,2800,"bu","13:00:13",316900
16.2,0.05,200,"bu","13:00:12",314100
16.2,0.05,100,"bu","13:00:12",313900
16.2,0.05,200,"bu","13:00:12",313800
16.2,0.05,500,"bu","13:00:11",313600
16.2,0.05,100,"bu","13:00:11",313100
16.2,0.05,1600,"bu","13:00:10",313000
16.2,0.05,5000,"sd","13:00:05",311400
16.2,0.05,100,"sd","13:00:05",306400
16.3,0.15,200,"bu","13:00:02",306300
16.3,0.15,300,"bu","11:29:33",306100
16.2,0.05,200,"sd","11:26:15",305800
16.25,0.1,100,"sd","11:26:00",305600
16.25,0.1,200,"bu","11:25:53",305500
16.25,0.1,1700,"bu","11:25:53",305300
16.2,0.05,200,"sd","11:22:17",303600
16.25,0.1,400,"bu","11:22:05",303400
16.25,0.1,200,"sd","11:20:22",303000
16.25,0.1,1000,"sd","11:20:22",302800
16.25,0.1,100,"sd","11:20:22",301800
16.25,0.1,100,"sd","11:18:18",301700
16.25,0.1,100,"sd","11:18:18",301600
16.3,0.15,100,"bu","11:16:05",301500
16.25,0.1,200,"sd","11:14:20",301400
16.2,0.05,500,"sd","11:13:30",301200
16.2,0.05,22500,"sd","11:11:32",300700
16.2,0.05,500,"sd","11:11:32",278200
16.2,0.05,300,"sd","11:11:32",277700
16.2,0.05,3000,"sd","11:11:32",277400
16.2,0.05,1000,"sd","11:11:32",274400
16.2,0.05,500,"sd","11:11:32",273400
16.2,0.05,1000,"sd","11:11:32",272900
16.2,0.05,100,"sd","11:11:32",271900
16.2,0.05,300,"sd","11:11:32",271800
16.2,0.05,100,"sd","11:11:32",271500
16.2,0.05,200,"sd","11:11:32",271400
16.2,0.05,4300,"sd","11:11:32",271200
16.2,0.05,200,"sd","11:11:32",266900
16.2,0.05,100,"sd","11:11:32",266700
16.2,0.05,200,"sd","11:11:32",266600
16.2,0.05,1000,"sd","11:11:32",266400
16.2,0.05,2800,"sd","11:11:32",265400
16.2,0.05,100,"sd","11:10:22",262600
16.3,0.15,100,"sd","11:10:22",262500
16.3,0.15,100,"sd","11:10:01",262400
16.35,0.2,100,"bu","11:09:08",262300
16.3,0.15,300,"sd","11:08:51",262200
16.3,0.15,1000,"sd","11:08:01",261900
16.3,0.15,200,"sd","11:06:23",260900
16.3,0.15,5000,"sd","11:04:55",260700
16.35,0.2,100,"bu","11:04:52",255700
16.3,0.15,500,"sd","11:03:25",255600
16.3,0.15,200,"sd","11:02:25",255100
16.3,0.15,1000,"sd","11:01:48",254900
16.3,0.15,100,"sd","11:01:46",253900
16.3,0.15,1000,"bu","11:01:41",253800
16.3,0.15,1000,"bu","11:01:41",252800
16.3,0.15,3000,"bu","11:01:41",251800
16.3,0.15,500,"bu","11:01:41",248800
16.3,0.15,200,"bu","11:01:41",248300
16.3,0.15,1500,"bu","11:01:31",248100
16.3,0.15,100,"bu","11:00:29",246600
16.3,0.15,700,"bu","11:00:29",246500
16.3,0.15,200,"bu","11:00:29",245800
16.25,0.1,200,"sd","10:59:36",245600
16.25,0.1,500,"sd","10:59:29",245400
16.25,0.1,200,"sd","10:58:27",244900
16.25,0.1,500,"sd","10:55:39",244700
16.25,0.1,100,"bu","10:54:37",244200
16.2,0.05,200,"sd","10:54:28",244100
16.2,0.05,300,"sd","10:53:09",243900
16.25,0.1,100,"sd","10:51:55",243600
16.2,0.05,200,"sd","10:50:30",243500
16.2,0.05,1000,"sd","10:49:38",243300
16.25,0.1,1000,"bu","10:49:36",242300
16.2,0.05,100,"sd","10:47:56",241300
16.2,0.05,200,"sd","10:46:31",241200
16.2,0.05,5000,"sd","10:44:18",241000
16.2,0.05,100,"sd","10:42:33",236000
16.2,0.05,100,"sd","10:42:33",235900
16.25,0.1,100,"unknown","10:42:25",235800
16.25,0.1,400,"sd","10:42:15",235700
16.25,0.1,200,"sd","10:42:08",235300
16.25,0.1,400,"sd","10:41:56",235100
16.25,0.1,200,"sd","10:41:33",234700
16.25,0.1,700,"sd","10:41:02",234500
16.25,0.1,200,"sd","10:41:02",233800
16.25,0.1,200,"sd","10:41:02",233600
16.25,0.1,3200,"sd","10:39:50",233400
16.25,0.1,100,"sd","10:39:18",230200
16.25,0.1,200,"sd","10:38:35",230100
16.3,0.15,500,"sd","10:38:12",229900
16.3,0.15,700,"sd","10:38:09",229400
16.3,0.15,2300,"sd","10:38:09",228700
16.3,0.15,500,"sd","10:37:43",226400
16.3,0.15,200,"sd","10:34:36",225900
16.3,0.15,400,"sd","10:32:11",225700
16.3,0.15,3000,"sd","10:31:57",225300
16.3,0.15,200,"sd","10:31:48",222300
16.3,0.15,100,"sd","10:30:55",222100
16.3,0.15,200,"sd","10:30:39",222000
16.3,0.15,4200,"sd","10:30:18",221800
16.3,0.15,2000,"sd","10:30:18",217600
16.3,0.15,1800,"sd","10:30:18",215600
16.3,0.15,1000,"sd","10:29:52",213800
16.3,0.15,200,"sd","10:26:40",212800
16.3,0.15,1000,"sd","10:26:05",212600
16.3,0.15,2400,"sd","10:24:48",211600
16.3,0.15,1600,"sd","10:23:08",209200
16.3,0.15,200,"sd","10:22:42",207600
16.4,0.25,100,"bu","10:22:19",207400
16.35,0.2,500,"sd","10:22:08",207300
16.35,0.2,100,"sd","10:22:08",206800
16.35,0.2,100,"sd","10:22:08",206700
16.35,0.2,100,"sd","10:22:08",206600
16.35,0.2,200,"sd","10:22:08",206500
16.35,0.2,100,"sd","10:22:08",206300
16.35,0.2,200,"sd","10:22:08",206200
16.35,0.2,300,"sd","10:22:08",206000
16.35,0.2,500,"sd","10:22:08",205700
16.35,0.2,300,"sd","10:22:08",205200
16.4,0.25,700,"sd","10:20:51",204900
16.4,0.25,800,"sd","10:20:51",204200
16.4,0.25,1500,"sd","10:20:36",203400
16.4,0.25,700,"sd","10:20:22",201900
16.4,0.25,600,"sd","10:20:22",201200
16.4,0.25,1800,"sd","10:20:13",200600
16.4,0.25,300,"sd","10:20:03",198800
16.4,0.25,500,"sd","10:19:46",198500
16.4,0.25,100,"sd","10:19:45",198000
16.4,0.25,100,"sd","10:18:49",197900
16.4,0.25,200,"sd","10:18:43",197800
16.4,0.25,300,"sd","10:18:12",197600
16.4,0.25,500,"sd","10:17:57",197300
16.4,0.25,200,"sd","10:17:31",196800
16.4,0.25,200,"sd","10:16:51",196600
16.4,0.25,800,"sd","10:16:29",196400
16.4,0.25,1000,"sd","10:16:29",195600
16.4,0.25,200,"sd","10:16:29",194600
16.4,0.25,200,"sd","10:15:40",194400
16.4,0.25,200,"sd","10:14:45",194200
16.4,0.25,100,"sd","10:14:31",194000
16.4,0.25,400,"sd","10:14:31",193900
16.4,0.25,100,"bu","10:14:22",193500
16.4,0.25,900,"bu","10:13:57",193400
16.4,0.25,1000,"bu","10:13:57",192500
16.4,0.25,1000,"bu","10:13:57",191500
16.4,0.25,100,"bu","10:13:57",190500
16.4,0.25,2000,"bu","10:13:57",190400
16.4,0.25,1000,"bu","10:13:57",188400
16.4,0.25,4000,"bu","10:13:57",187400
16.4,0.25,1000,"bu","10:13:17",183400
16.4,0.25,3000,"bu","10:13:17",182400
16.4,0.25,100,"bu","10:13:17",179400
16.4,0.25,900,"bu","10:13:04",179300
16.4,0.25,100,"bu","10:13:04",178400
16.4,0.25,600,"bu","10:13:04",178300
16.4,0.25,100,"bu","10:13:04",177700
16.35,0.2,300,"bu","10:13:04",177600
16.35,0.2,2100,"bu","10:13:04",177300
16.35,0.2,900,"bu","10:13:04",175200
16.35,0.2,1000,"bu","10:12:46",174300
16.35,0.2,2900,"bu","10:12:46",173300
16.35,0.2,1100,"bu","10:12:46",170400
16.3,0.15,1000,"sd","10:11:51",169300
16.3,0.15,200,"sd","10:11:32",168300
16.3,0.15,200,"sd","10:10:46",168100
16.3,0.15,1600,"sd","10:10:15",167900
16.3,0.15,500,"sd","10:09:09",166300
16.3,0.15,500,"sd","10:07:39",165800
16.3,0.15,900,"bu","10:07:28",165300
16.25,0.1,200,"sd","10:07:27",164400
16.3,0.15,100,"sd","10:07:24",164200
16.3,0.15,300,"bu","10:07:17",164100
16.3,0.15,100,"bu","10:07:17",163800
16.3,0.15,100,"bu","10:07:08",163700
16.3,0.15,100,"bu","10:07:08",163600
16.3,0.15,100,"bu","10:07:08",163500
16.3,0.15,200,"bu","10:07:08",163400
16.3,0.15,100,"bu","10:07:08",163200
16.3,0.15,100,"bu","10:07:08",163100
16.3,0.15,300,"bu","10:07:08",163000
16.3,0.15,300,"bu","10:07:08",162700
16.3,0.15,200,"bu","10:07:08",162400
16.3,0.15,300,"bu","10:07:08",162200
16.3,0.15,100,"bu","10:07:03",161900
16.3,0.15,100,"bu","10:07:03",161800
16.3,0.15,100,"bu","10:07:03",161700
16.3,0.15,200,"bu","10:07:03",161600
16.3,0.15,100,"bu","10:07:03",161400
16.3,0.15,100,"bu","10:07:03",161300
16.3,0.15,300,"bu","10:07:03",161200
16.3,0.15,500,"bu","10:07:03",160900
16.3,0.15,300,"bu","10:07:03",160400
16.25,0.1,200,"sd","10:06:48",160100
16.3,0.15,100,"bu","10:06:47",159900
16.3,0.15,100,"bu","10:06:47",159800
16.3,0.15,100,"bu","10:06:47",159700
16.3,0.15,100,"bu","10:06:47",159600
16.3,0.15,100,"bu","10:06:47",159500
16.3,0.15,100,"bu","10:06:47",159400
16.3,0.15,200,"bu","10:06:47",159300
16.3,0.15,100,"bu","10:06:47",159100
16.3,0.15,300,"bu","10:06:47",159000
16.3,0.15,500,"bu","10:06:47",158700
16.3,0.15,300,"bu","10:06:47",158200
16.3,0.15,900,"bu","10:05:44",157900
16.3,0.15,100,"bu","10:05:44",157000
16.25,0.1,900,"sd","10:05:37",156900
16.25,0.1,100,"sd","10:05:37",156000
16.3,0.15,500,"bu","10:05:19",155900
16.25,0.1,1000,"sd","10:05:01",155400
16.25,0.1,300,"sd","10:03:54",154400
16.25,0.1,200,"sd","10:02:49",154100
16.25,0.1,400,"bu","10:02:19",153900
16.25,0.1,100,"bu","10:01:13",153500
16.25,0.1,200,"bu","10:01:01",153400
16.2,0.05,1000,"sd","10:00:54",153200
16.2,0.05,100,"sd","10:00:14",152200
16.25,0.1,200,"bu","09:59:27",152100
16.25,0.1,100,"bu","09:59:27",151900
16.25,0.1,100,"bu","09:59:27",151800
16.25,0.1,100,"bu","09:59:27",151700
16.25,0.1,500,"bu","09:59:27",151600
16.25,0.1,800,"bu","09:59:27",151100
16.2,0.05,700,"sd","09:59:03",150300
16.2,0.05,100,"sd","09:59:03",149600
16.2,0.05,200,"sd","09:58:51",149500
16.2,0.05,700,"sd","09:58:30",149300
16.2,0.05,3300,"sd","09:58:30",148600
16.2,0.05,500,"bu","09:57:14",145300
16.2,0.05,500,"sd","09:56:59",144800
16.2,0.05,1500,"bu","09:56:57",144300
16.2,0.05,2000,"bu","09:56:31",142800
16.2,0.05,1000,"sd","09:56:25",140800
16.2,0.05,300,"sd","09:56:25",139800
16.2,0.05,200,"sd","09:56:25",139500
16.2,0.05,200,"sd","09:56:08",139300
16.2,0.05,1000,"sd","09:56:08",139100
16.2,0.05,100,"sd","09:56:08",138100
16.2,0.05,700,"sd","09:56:08",138000
16.2,0.05,100,"sd","09:56:03",137300
16.2,0.05,200,"sd","09:54:53",137200
16.2,0.05,100,"sd","09:54:04",137000
16.2,0.05,100,"bu","09:54:02",136900
16.2,0.05,900,"bu","09:53:57",136800
16.2,0.05,200,"bu","09:53:57",135900
16.2,0.05,900,"bu","09:53:57",135700
16.2,0.05,1000,"sd","09:52:56",134800
16.2,0.05,100,"sd","09:52:56",133800
16.2,0.05,2000,"sd","09:52:48",133700
16.2,0.05,3000,"sd","09:52:48",131700
16.2,0.05,500,"sd","09:52:27",128700
16.2,0.05,500,"sd","09:52:16",128200
16.2,0.05,500,"sd","09:52:16",127700
16.2,0.05,1000,"sd","09:51:57",127200
16.2,0.05,1000,"sd","09:51:33",126200
16.2,0.05,5000,"sd","09:51:33",125200
16.2,0.05,200,"sd","09:51:33",120200
16.2,0.05,1800,"sd","09:51:33",120000
16.2,0.05,100,"sd","09:51:33",118200
16.2,0.05,1900,"sd","09:51:33",118100
16.25,0.1,200,"bu","09:51:30",116200
16.25,0.1,800,"bu","09:51:30",116000
16.2,0.05,200,"sd","09:50:54",115200
16.25,0.1,3900,"bu","09:50:33",115000
16.25,0.1,100,"bu","09:50:33",111100
16.25,0.1,300,"sd","09:49:29",111000
16.25,0.1,500,"sd","09:49:20",110700
16.25,0.1,500,"sd","09:48:50",110200
16.25,0.1,700,"sd","09:48:47",109700
16.25,0.1,1000,"sd","09:48:43",109000
16.25,0.1,1600,"bu","09:48:41",108000
16.25,0.1,400,"bu","09:48:41",106400
16.2,0.05,200,"sd","09:48:36",106000
16.2,0.05,7700,"sd","09:48:23",105800
16.2,0.05,3000,"sd","09:48:23",98100
16.2,0.05,400,"sd","09:48:23",95100
16.2,0.05,1000,"sd","09:48:23",94700
16.2,0.05,500,"sd","09:48:23",93700
16.2,0.05,100,"sd","09:48:23",93200
16.2,0.05,1200,"sd","09:48:23",93100
16.2,0.05,1000,"sd","09:48:23",91900
16.2,0.05,100,"sd","09:48:23",90900
16.2,0.05,200,"sd","09:48:05",90800
16.2,0.05,100,"sd","09:48:05",90600
16.2,0.05,900,"sd","09:47:25",90500
16.2,0.05,900,"sd","09:47:25",89600
16.2,0.05,200,"sd","09:47:25",88700
16.2,0.05,200,"sd","09:46:56",88500
16.25,0.1,400,"sd","09:46:15",88300
16.25,0.1,600,"sd","09:46:04",87900
16.25,0.1,200,"sd","09:46:04",87300
16.25,0.1,1200,"sd","09:46:04",87100
16.3,0.15,200,"bu","09:45:45",85900
16.3,0.15,500,"sd","09:43:11",85700
16.3,0.15,4900,"sd","09:43:11",85200
16.3,0.15,200,"sd","09:42:58",80300
16.3,0.15,5000,"sd","09:42:17",80100
16.35,0.2,100,"bu","09:41:53",75100
16.35,0.2,100,"bu","09:41:53",75000
16.3,0.15,2000,"sd","09:41:43",74900
16.35,0.2,100,"bu","09:41:24",72900
16.35,0.2,100,"bu","09:41:24",72800
16.35,0.2,800,"bu","09:41:24",72700
16.35,0.2,200,"bu","09:41:10",71900
16.35,0.2,100,"sd","09:40:23",71700
16.35,0.2,5100,"sd","09:40:10",71600
16.35,0.2,100,"sd","09:40:02",66500
16.35,0.2,3900,"sd","09:39:54",66400
16.35,0.2,500,"sd","09:39:52",62500
16.35,0.2,300,"sd","09:39:47",62000
16.35,0.2,200,"sd","09:39:47",61700
16.35,0.2,100,"sd","09:39:28",61500
16.35,0.2,500,"bu","09:39:18",61400
16.35,0.2,100,"bu","09:39:18",60900
16.35,0.2,200,"bu","09:39:18",60800
16.3,0.15,200,"sd","09:38:59",60600
16.3,0.15,2000,"bu","09:38:27",60400
16.3,0.15,1100,"bu","09:37:22",58400
16.3,0.15,100,"bu","09:36:43",57300
16.3,0.15,1000,"sd","09:35:51",57200
16.3,0.15,800,"sd","09:35:50",56200
16.3,0.15,200,"sd","09:35:41",55400
16.3,0.15,300,"sd","09:35:41",55200
16.3,0.15,200,"sd","09:35:01",54900
16.35,0.2,100,"bu","09:34:57",54700
16.3,0.15,300,"bu","09:34:40",54600
16.3,0.15,200,"bu","09:34:40",54300
16.25,0.1,500,"sd","09:33:21",54100
16.25,0.1,200,"sd","09:33:08",53600
16.25,0.1,100,"sd","09:33:07",53400
16.25,0.1,500,"sd","09:33:07",53300
16.25,0.1,1600,"sd","09:33:07",52800
16.25,0.1,1400,"sd","09:32:13",51200
16.25,0.1,300,"sd","09:32:13",49800
16.25,0.1,300,"sd","09:32:13",49500
16.3,0.15,300,"bu","09:31:37",49200
16.3,0.15,1000,"sd","09:31:35",48900
16.3,0.15,2000,"sd","09:31:35",47900
16.3,0.15,1000,"sd","09:31:35",45900
16.3,0.15,500,"sd","09:31:35",44900
16.3,0.15,200,"sd","09:31:29",44400
16.3,0.15,200,"sd","09:31:02",44200
16.35,0.2,200,"bu","09:30:31",44000
16.35,0.2,100,"bu","09:30:31",43800
16.35,0.2,100,"bu","09:30:31",43700
16.35,0.2,100,"bu","09:27:09",43600
16.25,0.1,200,"sd","09:27:04",43500
16.35,0.2,100,"bu","09:26:49",43300
16.3,0.15,100,"bu","09:26:43",43200
16.3,0.15,200,"bu","09:26:24",43100
16.2,0.05,300,"sd","09:25:55",42900
16.2,0.05,300,"sd","09:25:44",42600
16.2,0.05,2800,"sd","09:25:44",42300
16.2,0.05,1000,"sd","09:25:44",39500
16.2,0.05,200,"sd","09:25:44",38500
16.2,0.05,1000,"sd","09:25:44",38300
16.2,0.05,300,"sd","09:25:44",37300
16.2,0.05,1400,"sd","09:25:44",37000
16.25,0.1,600,"sd","09:24:52",35600
16.3,0.15,1400,"bu","09:24:51",35000
16.3,0.15,200,"bu","09:24:51",33600
16.3,0.15,400,"bu","09:24:51",33400
16.3,0.15,100,"bu","09:24:02",33000
16.25,0.1,100,"sd","09:23:32",32900
16.25,0.1,100,"sd","09:23:28",32800
16.25,0.1,200,"bu","09:23:26",32700
16.2,0.05,200,"sd","09:23:06",32500
16.25,0.1,500,"bu","09:22:17",32300
16.25,0.1,300,"bu","09:22:01",31800
16.2,0.05,1000,"sd","09:22:00",31500
16.25,0.1,1100,"bu","09:21:16",30500
16.25,0.1,500,"sd","09:20:36",29400
16.25,0.1,1000,"sd","09:20:36",28900
16.25,0.1,500,"sd","09:20:36",27900
16.25,0.1,900,"sd","09:20:36",27400
16.25,0.1,800,"sd","09:20:36",26500
16.3,0.15,500,"bu","09:19:58",25700
16.3,0.15,100,"bu","09:19:49",25200
16.25,0.1,1000,"sd","09:19:48",25100
16.25,0.1,500,"sd","09:19:48",24100
16.25,0.1,1000,"sd","09:19:48",23600
16.3,0.15,2000,"sd","09:19:34",22600
16.3,0.15,500,"sd","09:19:30",20600
16.3,0.15,2000,"sd","09:19:30",20100
16.35,0.2,800,"sd","09:19:16",18100
16.35,0.2,200,"sd","09:19:07",17300
16.4,0.25,100,"sd","09:18:53",17100
16.4,0.25,100,"sd","09:18:39",17000
16.5,0.35,100,"bu","09:17:23",16900
16.4,0.25,1000,"sd","09:17:05",16800
16.4,0.25,1000,"sd","09:17:05",15800
16.4,0.25,1000,"sd","09:16:55",14800
16.4,0.25,100,"sd","09:16:26",13800
16.2,0.05,200,"sd","09:15:09",13700
16.5,0.35,13500,"bu","09:15:02",13500
