"price","change","match_qtty","side","time","total_vol"
12300,-200,4237900,"unknown","14:45:01",40764600
12350,-150,1800,"sd","14:29:45",36526700
12350,-150,1200,"sd","14:29:45",36524900
12400,-100,2000,"bu","14:29:44",36523700
12400,-100,1000,"bu","14:29:44",36521700
12400,-100,4000,"bu","14:29:38",36520700
12400,-100,800,"bu","14:29:36",36516700
12350,-150,100,"sd","14:29:30",36515900
12400,-100,10000,"bu","14:29:29",36515800
12350,-150,200,"sd","14:29:24",36505800
12350,-150,500,"sd","14:29:24",36505600
12350,-150,300,"sd","14:29:24",36505100
12350,-150,900,"sd","14:29:24",36504800
12350,-150,100,"sd","14:29:24",36503900
12350,-150,2100,"sd","14:29:24",36503800
12350,-150,500,"sd","14:29:19",36501700
12400,-100,3200,"bu","14:29:18",36501200
12350,-150,300,"sd","14:29:08",36498000
12350,-150,1000,"sd","14:29:06",36497700
12400,-100,4600,"bu","14:29:00",36496700
12350,-150,2000,"sd","14:28:58",36492100
12350,-150,3000,"sd","14:28:55",36490100
12350,-150,2000,"sd","14:28:47",36487100
12350,-150,5000,"sd","14:28:43",36485100
12350,-150,1000,"sd","14:28:43",36480100
12350,-150,500,"sd","14:28:03",36479100
12350,-150,9500,"sd","14:28:03",36478600
12350,-150,3100,"sd","14:27:57",36469100
12350,-150,200,"sd","14:27:57",36466000
12350,-150,1500,"sd","14:27:57",36465800
12350,-150,3000,"sd","14:27:57",36464300
12350,-150,2200,"sd","14:27:56",36461300
12350,-150,300,"sd","14:27:56",36459100
12350,-150,1000,"sd","14:27:56",36458800
12350,-150,4500,"sd","14:27:55",36457800
12350,-150,1000,"sd","14:27:52",36453300
12350,-150,1000,"bu","14:27:50",36452300
12350,-150,100,"bu","14:27:50",36451300
12350,-150,2000,"bu","14:27:50",36451200
12350,-150,3000,"bu","14:27:50",36449200
12350,-150,1000,"bu","14:27:50",36446200
12350,-150,1100,"bu","14:27:50",36445200
12350,-150,47700,"bu","14:27:50",36444100
12350,-150,10000,"bu","14:27:50",36396400
12350,-150,100,"bu","14:27:50",36386400
12350,-150,200,"bu","14:27:46",36386300
12300,-200,1500,"sd","14:27:43",36386100
12350,-150,2700,"bu","14:27:41",36384600
12350,-150,1000,"bu","14:27:41",36381900
12350,-150,5000,"bu","14:27:41",36380900
12350,-150,29500,"bu","14:27:41",36375900
12350,-150,11800,"bu","14:27:41",36346400
12350,-150,6000,"bu","14:27:31",36334600
12350,-150,5000,"bu","14:27:29",36328600
12350,-150,200,"bu","14:27:28",36323600
12350,-150,200,"bu","14:27:28",36323400
12350,-150,5000,"bu","14:27:25",36323200
12350,-150,500,"bu","14:27:25",36318200
12350,-150,100,"bu","14:27:21",36317700
12350,-150,1000,"bu","14:27:14",36317600
12350,-150,200,"bu","14:27:13",36316600
12350,-150,300,"bu","14:27:13",36316400
12350,-150,200,"bu","14:27:12",36316100
12350,-150,2000,"bu","14:27:12",36315900
12350,-150,800,"bu","14:27:12",36313900
12350,-150,100,"bu","14:27:12",36313100
12350,-150,1000,"bu","14:27:12",36313000
12350,-150,2000,"bu","14:27:10",36312000
12350,-150,5000,"bu","14:27:06",36310000
12350,-150,6000,"bu","14:27:04",36305000
12350,-150,5000,"bu","14:27:00",36299000
12350,-150,1000,"bu","14:26:55",36294000
12350,-150,15000,"bu","14:26:45",36293000
12300,-200,6500,"sd","14:26:41",36278000
12300,-200,700,"sd","14:26:41",36271500
12300,-200,500,"sd","14:26:41",36270800
12300,-200,300,"sd","14:26:41",36270300
12300,-200,2000,"sd","14:26:41",36270000
12350,-150,30000,"bu","14:26:40",36268000
12350,-150,2100,"bu","14:26:38",36238000
12350,-150,2900,"bu","14:26:38",36235900
12350,-150,1100,"bu","14:26:37",36233000
12350,-150,2000,"bu","14:26:37",36231900
12350,-150,2400,"bu","14:26:37",36229900
12350,-150,14000,"bu","14:26:37",36227500
12350,-150,20500,"bu","14:26:37",36213500
12350,-150,50000,"bu","14:26:35",36193000
12350,-150,500,"bu","14:26:33",36143000
12350,-150,50000,"bu","14:26:32",36142500
12350,-150,200,"bu","14:26:30",36092500
12350,-150,5000,"bu","14:26:30",36092300
12350,-150,30000,"bu","14:26:30",36087300
12350,-150,5000,"bu","14:26:29",36057300
12350,-150,300,"bu","14:26:26",36052300
12350,-150,50000,"bu","14:26:26",36052000
12350,-150,200,"bu","14:26:17",36002000
12350,-150,200,"bu","14:26:17",36001800
12350,-150,1000,"bu","14:26:16",36001600
12350,-150,5000,"bu","14:26:16",36000600
12350,-150,1000,"bu","14:26:16",35995600
12350,-150,6900,"bu","14:26:15",35994600
12350,-150,200,"bu","14:26:13",35987700
12350,-150,10000,"bu","14:26:13",35987500
12350,-150,1000,"bu","14:26:11",35977500
12350,-150,300,"bu","14:26:08",35976500
12350,-150,2000,"bu","14:26:08",35976200
12350,-150,1800,"bu","14:26:07",35974200
12350,-150,200,"sd","14:26:02",35972400
12350,-150,5000,"sd","14:26:02",35972200
12350,-150,200,"sd","14:26:02",35967200
12350,-150,200,"sd","14:26:02",35967000
12350,-150,1500,"sd","14:26:02",35966800
12350,-150,500,"sd","14:26:02",35965300
12350,-150,20000,"sd","14:26:02",35964800
12350,-150,300,"sd","14:26:02",35944800
12350,-150,2000,"sd","14:26:02",35944500
12350,-150,2000,"sd","14:26:02",35942500
12350,-150,5000,"sd","14:26:02",35940500
12350,-150,1500,"sd","14:26:02",35935500
12350,-150,500,"sd","14:26:02",35934000
12350,-150,1400,"sd","14:26:02",35933500
12350,-150,7300,"sd","14:26:02",35932100
12350,-150,2200,"sd","14:26:02",35924800
12350,-150,5000,"sd","14:26:02",35922600
12350,-150,3000,"sd","14:26:02",35917600
12350,-150,100,"sd","14:26:02",35914600
12350,-150,1000,"sd","14:26:02",35914500
12350,-150,100000,"sd","14:26:02",35913500
12350,-150,400,"sd","14:26:02",35813500
12350,-150,200,"sd","14:26:02",35813100
12350,-150,400,"sd","14:26:02",35812900
12350,-150,2900,"sd","14:26:02",35812500
12350,-150,200,"sd","14:26:02",35809600
12350,-150,41900,"sd","14:26:02",35809400
12350,-150,4000,"sd","14:26:01",35767500
12400,-100,200,"bu","14:25:59",35763500
12400,-100,2000,"bu","14:25:51",35763300
12350,-150,500,"sd","14:25:48",35761300
12350,-150,16900,"sd","14:25:45",35760800
12350,-150,1000,"sd","14:25:44",35743900
12350,-150,2900,"sd","14:25:33",35742900
12400,-100,3000,"bu","14:25:28",35740000
12350,-150,7000,"sd","14:25:27",35737000
12400,-100,400,"bu","14:25:15",35730000
12350,-150,2000,"sd","14:25:08",35729600
12400,-100,3100,"bu","14:25:06",35727600
12350,-150,200,"sd","14:25:02",35724500
12350,-150,2000,"sd","14:24:53",35724300
12350,-150,3900,"sd","14:24:52",35722300
12350,-150,2000,"sd","14:24:49",35718400
12350,-150,3000,"sd","14:24:49",35716400
12350,-150,1000,"sd","14:24:49",35713400
12350,-150,2000,"sd","14:24:46",35712400
12350,-150,9700,"bu","14:24:41",35710400
12350,-150,300,"bu","14:24:38",35700700
12350,-150,2000,"bu","14:24:38",35700400
12350,-150,5000,"bu","14:24:38",35698400
12350,-150,2700,"bu","14:24:38",35693400
12350,-150,1000,"bu","14:24:29",35690700
12350,-150,400,"bu","14:24:23",35689700
12300,-200,30000,"sd","14:24:22",35689300
12350,-150,3600,"bu","14:24:21",35659300
12350,-150,1000,"sd","14:24:19",35655700
12350,-150,100,"sd","14:24:19",35654700
12350,-150,100,"sd","14:24:19",35654600
12350,-150,100,"sd","14:24:19",35654500
12350,-150,300,"sd","14:24:19",35654400
12350,-150,900,"sd","14:24:19",35654100
12350,-150,1000,"sd","14:24:19",35653200
12350,-150,500,"sd","14:24:19",35652200
12350,-150,3000,"sd","14:24:19",35651700
12350,-150,500,"sd","14:24:19",35648700
12350,-150,1000,"sd","14:24:19",35648200
12350,-150,5000,"sd","14:24:19",35647200
12350,-150,200,"sd","14:24:19",35642200
12350,-150,8600,"sd","14:24:19",35642000
12350,-150,1400,"sd","14:24:19",35633400
12350,-150,1200,"sd","14:24:19",35632000
12350,-150,2000,"sd","14:24:19",35630800
12350,-150,400,"sd","14:24:19",35628800
12350,-150,16700,"sd","14:24:19",35628400
12350,-150,3800,"sd","14:24:18",35611700
12350,-150,500,"sd","14:24:18",35607900
12350,-150,1000,"sd","14:24:18",35607400
12350,-150,1600,"sd","14:24:18",35606400
12350,-150,500,"sd","14:24:18",35604800
12350,-150,4300,"sd","14:24:18",35604300
12350,-150,500,"sd","14:24:18",35600000
12350,-150,900,"sd","14:24:18",35599500
12350,-150,200,"sd","14:24:18",35598600
12350,-150,2800,"sd","14:24:18",35598400
12350,-150,1400,"sd","14:24:18",35595600
12350,-150,100,"sd","14:24:18",35594200
12350,-150,5000,"sd","14:24:18",35594100
12350,-150,10000,"sd","14:24:18",35589100
12350,-150,100,"sd","14:24:18",35579100
12350,-150,9000,"sd","14:24:18",35579000
12350,-150,1000,"sd","14:24:18",35570000
12350,-150,2800,"sd","14:24:18",35569000
12350,-150,1500,"sd","14:24:18",35566200
12350,-150,10000,"sd","14:24:18",35564700
12350,-150,5000,"sd","14:24:18",35554700
12350,-150,1000,"sd","14:24:18",35549700
12350,-150,5000,"sd","14:24:18",35548700
12350,-150,500,"sd","14:24:18",35543700
12350,-150,100,"sd","14:24:18",35543200
12350,-150,500,"sd","14:24:18",35543100
12350,-150,100,"sd","14:24:18",35542600
12350,-150,15000,"sd","14:24:18",35542500
12350,-150,100,"sd","14:24:18",35527500
12350,-150,2000,"sd","14:24:18",35527400
12350,-150,100,"sd","14:24:18",35525400
12350,-150,10000,"sd","14:24:18",35525300
12350,-150,100,"sd","14:24:18",35515300
12350,-150,500,"sd","14:24:18",35515200
12350,-150,1000,"sd","14:24:18",35514700
12350,-150,300,"sd","14:24:18",35513700
12350,-150,1000,"sd","14:24:18",35513400
12350,-150,300,"sd","14:24:18",35512400
12350,-150,20000,"sd","14:24:18",35512100
12350,-150,2800,"sd","14:24:18",35492100
12350,-150,1500,"sd","14:24:18",35489300
12350,-150,500,"sd","14:24:18",35487800
12350,-150,700,"sd","14:24:18",35487300
12350,-150,300,"sd","14:24:18",35486600
12350,-150,100,"sd","14:24:18",35486300
12350,-150,200,"sd","14:24:18",35486200
12350,-150,300,"sd","14:24:18",35486000
12350,-150,200,"sd","14:24:18",35485700
12350,-150,1000,"sd","14:24:18",35485500
12350,-150,1000,"sd","14:24:18",35484500
12350,-150,50000,"sd","14:24:18",35483500
12350,-150,500,"sd","14:24:18",35433500
12350,-150,100,"sd","14:24:18",35433000
12350,-150,500,"sd","14:24:18",35432900
12350,-150,100,"sd","14:24:18",35432400
12350,-150,500,"sd","14:24:18",35432300
12350,-150,5000,"sd","14:24:18",35431800
12350,-150,100,"sd","14:24:18",35426800
12350,-150,5000,"sd","14:24:18",35426700
12350,-150,5000,"sd","14:24:18",35421700
12350,-150,200,"sd","14:24:18",35416700
12350,-150,300,"sd","14:24:18",35416500
12350,-150,200,"sd","14:24:18",35416200
12350,-150,10300,"sd","14:24:18",35416000
12350,-150,1500,"sd","14:24:16",35405700
12350,-150,3200,"sd","14:24:12",35404200
12350,-150,200,"sd","14:24:12",35401000
12350,-150,1000,"sd","14:24:12",35400800
12350,-150,1000,"sd","14:24:12",35399800
12350,-150,200,"sd","14:24:08",35398800
12350,-150,200,"sd","14:24:08",35398600
12350,-150,100,"sd","14:24:08",35398400
12350,-150,1000,"sd","14:24:08",35398300
12350,-150,500,"sd","14:24:08",35397300
12350,-150,1000,"sd","14:24:08",35396800
12400,-100,5000,"bu","14:24:06",35395800
12400,-100,1000,"bu","14:24:02",35390800
12400,-100,2000,"bu","14:24:00",35389800
12400,-100,2000,"bu","14:23:58",35387800
12400,-100,100,"bu","14:23:52",35385800
12400,-100,800,"bu","14:23:46",35385700
12400,-100,1000,"bu","14:23:35",35384900
12350,-150,1000,"sd","14:23:20",35383900
12350,-150,3300,"sd","14:23:03",35382900
12400,-100,200,"bu","14:22:55",35379600
12350,-150,400,"sd","14:22:54",35379400
12350,-150,3000,"sd","14:22:49",35379000
12350,-150,5000,"sd","14:22:45",35376000
12350,-150,3000,"sd","14:22:36",35371000
12400,-100,42000,"bu","14:22:35",35368000
12400,-100,1000,"bu","14:22:34",35326000
12350,-150,3000,"sd","14:22:34",35325000
12400,-100,5400,"bu","14:22:28",35322000
12350,-150,300,"sd","14:22:27",35316600
12400,-100,1000,"bu","14:22:22",35316300
12350,-150,12200,"sd","14:22:15",35315300
12350,-150,300,"sd","14:22:15",35303100
12350,-150,8000,"sd","14:22:15",35302800
12350,-150,1500,"sd","14:22:15",35294800
12350,-150,3000,"sd","14:22:15",35293300
12350,-150,500,"sd","14:22:15",35290300
12350,-150,10000,"sd","14:22:15",35289800
12350,-150,3700,"sd","14:22:15",35279800
12400,-100,1000,"bu","14:22:12",35276100
12350,-150,300,"sd","14:22:06",35275100
12350,-150,300,"sd","14:22:06",35274800
12400,-100,10000,"bu","14:22:02",35274500
12400,-100,1200,"bu","14:22:01",35264500
12400,-100,500,"bu","14:21:52",35263300
12400,-100,2000,"bu","14:21:36",35262800
12400,-100,2400,"bu","14:21:31",35260800
12400,-100,200,"bu","14:21:28",35258400
12400,-100,100,"bu","14:21:27",35258200
12400,-100,300,"bu","14:21:23",35258100
12400,-100,200,"bu","14:21:17",35257800
12350,-150,1000,"sd","14:21:15",35257600
12400,-100,1000,"bu","14:21:06",35256600
12400,-100,5000,"bu","14:21:05",35255600
12350,-150,4200,"sd","14:21:03",35250600
12400,-100,2000,"bu","14:21:03",35246400
12400,-100,600,"bu","14:20:50",35244400
12400,-100,200,"bu","14:20:43",35243800
12400,-100,100,"bu","14:20:40",35243600
12350,-150,2700,"sd","14:20:38",35243500
12400,-100,5000,"bu","14:20:37",35240800
12400,-100,3400,"bu","14:20:11",35235800
12400,-100,4000,"bu","14:20:02",35232400
12400,-100,100,"bu","14:19:54",35228400
12400,-100,6900,"bu","14:19:49",35228300
12400,-100,5000,"bu","14:19:49",35221400
12400,-100,6000,"bu","14:19:35",35216400
12350,-150,13000,"sd","14:19:32",35210400
12350,-150,13000,"sd","14:19:26",35197400
12350,-150,500,"sd","14:19:24",35184400
12400,-100,5000,"bu","14:19:23",35183900
12400,-100,200,"bu","14:19:22",35178900
12350,-150,2000,"sd","14:19:11",35178700
12350,-150,2000,"sd","14:18:58",35176700
12400,-100,100,"bu","14:18:55",35174700
12350,-150,3000,"sd","14:18:55",35174600
12350,-150,6700,"sd","14:18:42",35171600
12400,-100,5000,"bu","14:18:40",35164900
12400,-100,1600,"bu","14:18:25",35159900
12350,-150,1600,"sd","14:18:24",35158300
12350,-150,2000,"sd","14:18:24",35156700
12350,-150,200,"sd","14:18:24",35154700
12350,-150,5000,"sd","14:18:24",35154500
12350,-150,200,"sd","14:18:24",35149500
12350,-150,1000,"sd","14:18:24",35149300
12350,-150,10000,"sd","14:18:24",35148300
12350,-150,10000,"sd","14:18:24",35138300
12350,-150,2500,"sd","14:18:24",35128300
12350,-150,5000,"sd","14:18:24",35125800
12350,-150,1000,"sd","14:18:24",35120800
12350,-150,500,"sd","14:18:24",35119800
12350,-150,1000,"sd","14:18:24",35119300
12400,-100,4000,"bu","14:18:23",35118300
12350,-150,100,"sd","14:18:20",35114300
12350,-150,500,"sd","14:18:17",35114200
12350,-150,9000,"sd","14:18:04",35113700
12400,-100,300,"bu","14:18:00",35104700
12400,-100,300,"bu","14:17:50",35104400
12400,-100,300,"bu","14:17:41",35104100
12400,-100,100,"bu","14:17:38",35103800
12400,-100,100,"bu","14:17:34",35103700
12400,-100,5000,"bu","14:17:24",35103600
12400,-100,2100,"bu","14:17:21",35098600
12400,-100,1000,"bu","14:17:13",35096500
12400,-100,6000,"bu","14:17:12",35095500
12350,-150,2000,"sd","14:17:09",35089500
12400,-100,2300,"bu","14:17:01",35087500
12400,-100,3400,"bu","14:16:57",35085200
12400,-100,16800,"bu","14:16:55",35081800
12350,-150,2000,"sd","14:16:47",35065000
12400,-100,300,"bu","14:16:09",35063000
12350,-150,2000,"sd","14:16:09",35062700
12400,-100,1000,"bu","14:16:05",35060700
12400,-100,500,"bu","14:16:00",35059700
12400,-100,200,"bu","14:15:56",35059200
12400,-100,200,"sd","14:15:48",35059000
12400,-100,100,"sd","14:15:48",35058800
12400,-100,100,"sd","14:15:48",35058700
12400,-100,200,"sd","14:15:48",35058600
12400,-100,16400,"sd","14:15:48",35058400
12400,-100,600,"sd","14:15:48",35042000
12400,-100,100,"sd","14:15:48",35041400
12400,-100,200,"sd","14:15:48",35041300
12400,-100,800,"sd","14:15:48",35041100
12400,-100,3000,"sd","14:15:48",35040300
12400,-100,5400,"sd","14:15:48",35037300
12400,-100,600,"sd","14:15:48",35031900
12400,-100,100,"sd","14:15:48",35031300
12400,-100,1000,"sd","14:15:48",35031200
12400,-100,100,"sd","14:15:48",35030200
12400,-100,200,"sd","14:15:48",35030100
12400,-100,200,"sd","14:15:48",35029900
12400,-100,200,"sd","14:15:48",35029700
12400,-100,1700,"sd","14:15:48",35029500
12400,-100,3000,"sd","14:15:48",35027800
12400,-100,500,"sd","14:15:48",35024800
12400,-100,100,"sd","14:15:48",35024300
12400,-100,1000,"sd","14:15:48",35024200
12400,-100,100,"sd","14:15:48",35023200
12400,-100,3100,"sd","14:15:48",35023100
12400,-100,2100,"sd","14:15:42",35020000
12400,-100,500,"sd","14:15:41",35017900
12400,-100,30000,"sd","14:15:40",35017400
12400,-100,8100,"sd","14:15:33",34987400
12400,-100,1700,"sd","14:15:29",34979300
12400,-100,500,"sd","14:15:26",34977600
12450,-50,400,"bu","14:15:17",34977100
12450,-50,400,"bu","14:15:16",34976700
12450,-50,100,"bu","14:15:10",34976300
12400,-100,500,"sd","14:15:07",34976200
12400,-100,100,"sd","14:15:03",34975700
12400,-100,1000,"sd","14:15:03",34975600
12450,-50,2200,"bu","14:14:50",34974600
12400,-100,500,"sd","14:14:40",34972400
12400,-100,1100,"sd","14:14:38",34971900
12450,-50,3000,"bu","14:14:24",34970800
12450,-50,200,"bu","14:14:11",34967800
12450,-50,2000,"bu","14:13:54",34967600
12450,-50,5000,"bu","14:13:49",34965600
12450,-50,3000,"bu","14:13:34",34960600
12450,-50,1000,"bu","14:13:25",34957600
12450,-50,20000,"bu","14:13:19",34956600
12450,-50,24300,"bu","14:13:19",34936600
12450,-50,200,"bu","14:13:19",34912300
12450,-50,5000,"bu","14:13:19",34912100
12450,-50,19500,"bu","14:13:19",34907100
12450,-50,100,"bu","14:13:19",34887600
12450,-50,2000,"bu","14:13:19",34887500
12450,-50,7000,"bu","14:13:19",34885500
12450,-50,4000,"bu","14:13:19",34878500
12450,-50,1700,"bu","14:13:19",34874500
12450,-50,1000,"bu","14:13:19",34872800
12450,-50,5000,"bu","14:13:19",34871800
12450,-50,200,"bu","14:13:19",34866800
12450,-50,300,"bu","14:13:19",34866600
12450,-50,3000,"bu","14:13:19",34866300
12450,-50,300,"bu","14:13:19",34863300
12450,-50,10200,"bu","14:13:19",34863000
12450,-50,1500,"bu","14:13:19",34852800
12450,-50,100,"bu","14:13:19",34851300
12450,-50,1000,"bu","14:13:19",34851200
12450,-50,3000,"bu","14:13:19",34850200
12450,-50,500,"bu","14:13:19",34847200
12450,-50,1900,"bu","14:13:19",34846700
12450,-50,100,"bu","14:13:19",34844800
12450,-50,8100,"bu","14:13:19",34844700
12450,-50,1700,"bu","14:12:54",34836600
12450,-50,1000,"bu","14:12:54",34834900
12450,-50,1500,"bu","14:12:54",34833900
12450,-50,1000,"bu","14:12:54",34832400
12450,-50,2800,"bu","14:12:54",34831400
12400,-100,10000,"sd","14:12:49",34828600
12450,-50,2700,"bu","14:12:47",34818600
12450,-50,500,"bu","14:12:47",34815900
12450,-50,100,"bu","14:12:47",34815400
12450,-50,1700,"bu","14:12:47",34815300
12400,-100,500,"sd","14:12:44",34813600
12450,-50,1300,"bu","14:12:42",34813100
12450,-50,3700,"bu","14:12:42",34811800
12450,-50,300,"bu","14:12:32",34808100
12450,-50,3000,"bu","14:12:32",34807800
12450,-50,4000,"bu","14:12:32",34804800
12450,-50,700,"bu","14:12:32",34800800
12400,-100,5000,"sd","14:12:27",34800100
12450,-50,300,"bu","14:12:22",34795100
12450,-50,500,"bu","14:12:19",34794800
12450,-50,1500,"bu","14:12:03",34794300
12400,-100,5000,"bu","14:11:36",34792800
12400,-100,5000,"bu","14:11:36",34787800
12400,-100,3900,"bu","14:11:36",34782800
12400,-100,5000,"bu","14:11:36",34778900
12400,-100,5000,"bu","14:11:36",34773900
12400,-100,100000,"bu","14:11:36",34768900
12400,-100,200,"bu","14:11:36",34668900
12400,-100,11000,"bu","14:11:36",34668700
12400,-100,1000,"bu","14:11:36",34657700
12400,-100,1000,"bu","14:11:36",34656700
12400,-100,1200,"bu","14:11:36",34655700
12400,-100,2000,"bu","14:11:36",34654500
12400,-100,1000,"bu","14:11:36",34652500
12400,-100,100,"bu","14:11:36",34651500
12400,-100,2100,"bu","14:11:36",34651400
12400,-100,1000,"bu","14:11:36",34649300
12400,-100,900,"bu","14:11:36",34648300
12400,-100,50000,"bu","14:11:36",34647400
12400,-100,500,"bu","14:11:36",34597400
12400,-100,2000,"bu","14:11:36",34596900
12400,-100,500,"bu","14:11:36",34594900
12400,-100,200,"bu","14:11:36",34594400
12400,-100,6000,"bu","14:11:36",34594200
12400,-100,4500,"bu","14:11:36",34588200
12400,-100,800,"bu","14:11:36",34583700
12400,-100,1000,"bu","14:11:36",34582900
12400,-100,34000,"bu","14:11:36",34581900
12400,-100,3900,"bu","14:11:36",34547900
12400,-100,10000,"bu","14:11:36",34544000
12400,-100,300,"bu","14:11:36",34534000
12400,-100,10000,"bu","14:11:36",34533700
12400,-100,3900,"bu","14:11:36",34523700
12400,-100,5000,"bu","14:11:36",34519800
12400,-100,8000,"bu","14:11:36",34514800
12400,-100,5000,"bu","14:11:36",34506800
12400,-100,200,"bu","14:11:36",34501800
12400,-100,30000,"bu","14:11:36",34501600
12400,-100,30000,"bu","14:11:36",34471600
12400,-100,4200,"bu","14:11:36",34441600
12400,-100,1000,"bu","14:11:36",34437400
12400,-100,700,"bu","14:11:36",34436400
12400,-100,1000,"bu","14:11:36",34435700
12400,-100,400,"bu","14:11:36",34434700
12400,-100,2000,"bu","14:11:36",34434300
12400,-100,100,"bu","14:11:36",34432300
12400,-100,200,"bu","14:11:36",34432200
12400,-100,200,"bu","14:11:36",34432000
12400,-100,100,"bu","14:11:36",34431800
12400,-100,100,"bu","14:11:36",34431700
12400,-100,300,"bu","14:11:36",34431600
12400,-100,2900,"bu","14:11:36",34431300
12400,-100,300,"bu","14:11:36",34428400
12400,-100,200,"bu","14:11:36",34428100
12400,-100,2000,"bu","14:11:36",34427900
12400,-100,300,"bu","14:11:36",34425900
12400,-100,1900,"bu","14:11:36",34425600
12400,-100,2000,"bu","14:11:36",34423700
12400,-100,200,"bu","14:11:36",34421700
12400,-100,500,"bu","14:11:36",34421500
12400,-100,2000,"bu","14:11:36",34421000
12400,-100,100,"bu","14:11:36",34419000
12400,-100,3000,"bu","14:11:36",34418900
12400,-100,100,"bu","14:11:36",34415900
12400,-100,300,"bu","14:11:36",34415800
12400,-100,200,"bu","14:11:36",34415500
12400,-100,1000,"bu","14:11:36",34415300
12400,-100,5100,"bu","14:11:36",34414300
12400,-100,1000,"bu","14:11:36",34409200
12400,-100,2000,"bu","14:11:36",34408200
12400,-100,200,"bu","14:11:36",34406200
12400,-100,100,"bu","14:11:36",34406000
12400,-100,1000,"bu","14:11:36",34405900
12400,-100,1000,"bu","14:11:36",34404900
12400,-100,6000,"bu","14:11:36",34403900
12400,-100,40400,"bu","14:11:36",34397900
12350,-150,50000,"sd","14:11:31",34357500
12350,-150,1700,"sd","14:11:27",34307500
12400,-100,8000,"bu","14:11:25",34305800
12400,-100,700,"bu","14:11:14",34297800
12400,-100,900,"bu","14:10:50",34297100
12400,-100,4100,"bu","14:10:50",34296200
12350,-150,1200,"sd","14:10:46",34292100
12400,-100,4000,"bu","14:10:41",34290900
12400,-100,500,"bu","14:10:35",34286900
12400,-100,200,"bu","14:10:35",34286400
12350,-150,40000,"sd","14:10:34",34286200
12400,-100,1000,"bu","14:10:30",34246200
12350,-150,3200,"sd","14:10:24",34245200
12400,-100,200,"bu","14:10:24",34242000
12400,-100,300,"bu","14:10:24",34241800
12400,-100,10000,"bu","14:10:18",34241500
12400,-100,100,"bu","14:10:08",34231500
12400,-100,11000,"bu","14:09:55",34231400
12350,-150,400,"sd","14:09:53",34220400
12400,-100,500,"bu","14:09:50",34220000
12400,-100,25000,"bu","14:09:45",34219500
12350,-150,1000,"sd","14:09:28",34194500
12350,-150,100,"sd","14:09:22",34193500
12400,-100,3100,"bu","14:09:07",34193400
12400,-100,7900,"bu","14:09:07",34190300
12400,-100,100,"bu","14:09:04",34182400
12400,-100,200,"bu","14:09:03",34182300
12400,-100,2000,"bu","14:09:03",34182100
12350,-150,500,"sd","14:09:01",34180100
12400,-100,11000,"bu","14:09:01",34179600
12400,-100,11000,"bu","14:08:57",34168600
12400,-100,1900,"bu","14:08:56",34157600
12400,-100,100,"bu","14:08:40",34155700
12400,-100,6000,"bu","14:08:38",34155600
12400,-100,4900,"bu","14:08:26",34149600
12350,-150,500,"sd","14:08:16",34144700
12400,-100,2000,"bu","14:08:00",34144200
12400,-100,2900,"bu","14:07:52",34142200
12400,-100,5400,"bu","14:07:52",34139300
12400,-100,500,"bu","14:07:50",34133900
12400,-100,100,"bu","14:07:49",34133400
12400,-100,3000,"bu","14:07:49",34133300
12400,-100,10000,"bu","14:07:36",34130300
12400,-100,5000,"bu","14:07:29",34120300
12350,-150,100,"sd","14:07:28",34115300
12400,-100,500,"bu","14:07:24",34115200
12350,-150,3000,"sd","14:07:19",34114700
12350,-150,400,"sd","14:07:09",34111700
12400,-100,1500,"bu","14:07:04",34111300
12350,-150,3000,"sd","14:06:43",34109800
12350,-150,1000,"sd","14:06:36",34106800
12400,-100,2000,"bu","14:06:36",34105800
12400,-100,1500,"bu","14:06:33",34103800
12400,-100,300,"bu","14:06:27",34102300
12400,-100,20000,"bu","14:06:19",34102000
12350,-150,5000,"bu","14:05:58",34082000
12350,-150,3500,"bu","14:05:58",34077000
12350,-150,100,"bu","14:05:58",34073500
12350,-150,500,"bu","14:05:58",34073400
12350,-150,100,"bu","14:05:58",34072900
12350,-150,100,"bu","14:05:58",34072800
12350,-150,3000,"bu","14:05:58",34072700
12350,-150,300,"bu","14:05:58",34069700
12350,-150,500,"bu","14:05:58",34069400
12350,-150,34800,"bu","14:05:58",34068900
12350,-150,1900,"bu","14:05:58",34034100
12350,-150,200,"bu","14:05:58",34032200
12350,-150,1600,"bu","14:05:58",34032000
12350,-150,500,"bu","14:05:58",34030400
12350,-150,20000,"bu","14:05:58",34029900
12350,-150,2000,"bu","14:05:58",34009900
12350,-150,200,"bu","14:05:58",34007900
12350,-150,5300,"bu","14:05:58",34007700
12350,-150,4700,"bu","14:05:58",34002400
12350,-150,7000,"bu","14:05:58",33997700
12350,-150,1000,"bu","14:05:58",33990700
12350,-150,2000,"bu","14:05:58",33989700
12350,-150,200,"bu","14:05:58",33987700
12350,-150,100,"bu","14:05:58",33987500
12350,-150,200,"bu","14:05:58",33987400
12350,-150,50000,"bu","14:05:58",33987200
12350,-150,100,"bu","14:05:58",33937200
12350,-150,100,"bu","14:05:58",33937100
12350,-150,1000,"bu","14:05:58",33937000
12350,-150,300,"bu","14:05:58",33936000
12350,-150,1000,"bu","14:05:58",33935700
12350,-150,300,"bu","14:05:58",33934700
12350,-150,39700,"bu","14:05:58",33934400
12350,-150,10300,"bu","14:05:57",33894700
12350,-150,19700,"bu","14:05:57",33884400
12350,-150,100,"bu","14:05:57",33864700
12350,-150,2400,"bu","14:05:55",33864600
12350,-150,900,"bu","14:05:54",33862200
12350,-150,1400,"bu","14:05:54",33861300
12350,-150,1000,"bu","14:05:47",33859900
12350,-150,2300,"bu","14:05:47",33858900
12350,-150,500,"bu","14:05:45",33856600
12300,-200,200,"sd","14:05:45",33856100
12350,-150,1000,"bu","14:05:36",33855900
12350,-150,100,"bu","14:05:36",33854900
12350,-150,20600,"bu","14:05:34",33854800
12350,-150,19400,"bu","14:05:34",33834200
12350,-150,500,"bu","14:05:34",33814800
12350,-150,3600,"bu","14:05:32",33814300
12350,-150,16500,"bu","14:05:32",33810700
12350,-150,8600,"bu","14:05:32",33794200
12350,-150,1400,"bu","14:05:30",33785600
12350,-150,2000,"bu","14:05:30",33784200
12350,-150,200,"bu","14:05:30",33782200
12350,-150,400,"bu","14:05:30",33782000
12350,-150,200,"bu","14:05:30",33781600
12350,-150,1700,"bu","14:05:30",33781400
12350,-150,500,"bu","14:05:30",33779700
12350,-150,200,"bu","14:05:30",33779200
12350,-150,800,"bu","14:05:29",33779000
12350,-150,500,"bu","14:05:29",33778200
12350,-150,100,"bu","14:05:29",33777700
12350,-150,200,"bu","14:05:29",33777600
12350,-150,1000,"bu","14:05:29",33777400
12350,-150,27400,"bu","14:05:29",33776400
12350,-150,100,"bu","14:05:28",33749000
12300,-200,100,"sd","14:05:27",33748900
12300,-200,500,"sd","14:05:27",33748800
12300,-200,900,"sd","14:05:27",33748300
12350,-150,2100,"bu","14:05:25",33747400
12350,-150,5000,"bu","14:05:25",33745300
12350,-150,100,"bu","14:05:23",33740300
12350,-150,2600,"bu","14:05:21",33740200
12350,-150,10000,"bu","14:05:15",33737600
12350,-150,2700,"bu","14:05:14",33727600
12350,-150,13200,"bu","14:05:14",33724900
12350,-150,100,"bu","14:05:12",33711700
12300,-200,100,"sd","14:05:12",33711600
12350,-150,4500,"bu","14:05:11",33711500
12350,-150,100,"bu","14:05:02",33707000
12350,-150,500,"bu","14:04:58",33706900
12300,-200,400,"sd","14:04:58",33706400
12300,-200,100,"sd","14:04:58",33706000
12300,-200,100,"sd","14:04:56",33705900
12300,-200,800,"sd","14:04:50",33705800
12300,-200,100,"sd","14:04:50",33705000
12300,-200,4100,"sd","14:04:50",33704900
12350,-150,200,"bu","14:04:46",33700800
12300,-200,3000,"sd","14:04:38",33700600
12300,-200,500,"sd","14:04:37",33697600
12300,-200,1100,"sd","14:04:33",33697100
12300,-200,500,"sd","14:04:26",33696000
12300,-200,1600,"sd","14:04:18",33695500
12300,-200,1500,"bu","14:04:18",33693900
12300,-200,1400,"bu","14:04:18",33692400
12300,-200,5000,"bu","14:04:18",33691000
12300,-200,1800,"bu","14:04:18",33686000
12300,-200,3600,"bu","14:04:18",33684200
12300,-200,10100,"bu","14:04:18",33680600
12300,-200,1000,"bu","14:04:18",33670500
12300,-200,2000,"bu","14:04:18",33669500
12300,-200,5000,"bu","14:04:18",33667500
12300,-200,3000,"bu","14:04:18",33662500
12300,-200,3000,"bu","14:04:18",33659500
12300,-200,100,"bu","14:04:18",33656500
12300,-200,500,"bu","14:04:18",33656400
12300,-200,30000,"bu","14:04:18",33655900
12300,-200,1000,"bu","14:04:18",33625900
12300,-200,100,"bu","14:04:18",33624900
12300,-200,10000,"bu","14:04:18",33624800
12300,-200,700,"bu","14:04:18",33614800
12300,-200,5000,"bu","14:04:18",33614100
12300,-200,7000,"bu","14:04:18",33609100
12300,-200,4000,"bu","14:04:18",33602100
12300,-200,1000,"bu","14:04:18",33598100
12300,-200,50000,"bu","14:04:18",33597100
12300,-200,1300,"bu","14:04:18",33547100
12300,-200,41100,"bu","14:04:18",33545800
12300,-200,8900,"bu","14:04:18",33504700
12300,-200,1100,"bu","14:04:18",33495800
12300,-200,2900,"bu","14:04:17",33494700
12300,-200,29100,"bu","14:04:17",33491800
12300,-200,1000,"bu","14:04:17",33462700
12300,-200,10000,"bu","14:04:13",33461700
12300,-200,9900,"bu","14:04:11",33451700
12300,-200,50000,"bu","14:04:11",33441800
12300,-200,5000,"bu","14:04:11",33391800
12300,-200,9000,"bu","14:04:11",33386800
12300,-200,2000,"bu","14:04:11",33377800
12300,-200,1000,"bu","14:04:11",33375800
12300,-200,50000,"bu","14:04:11",33374800
12300,-200,1000,"bu","14:04:11",33324800
12300,-200,200,"bu","14:04:11",33323800
12300,-200,18600,"bu","14:04:11",33323600
12300,-200,1300,"bu","14:04:11",33305000
12300,-200,5000,"bu","14:04:11",33303700
12300,-200,47000,"bu","14:04:11",33298700
12250,-250,1000,"sd","14:04:09",33251700
12300,-200,1000,"bu","14:04:08",33250700
12300,-200,2000,"bu","14:04:06",33249700
12300,-200,400,"bu","14:04:02",33247700
12300,-200,100,"bu","14:03:59",33247300
12250,-250,5800,"sd","14:03:58",33247200
12300,-200,300,"bu","14:03:57",33241400
12300,-200,2000,"bu","14:03:54",33241100
12300,-200,10500,"bu","14:03:53",33239100
12300,-200,5000,"bu","14:03:52",33228600
12300,-200,5000,"bu","14:03:50",33223600
12300,-200,100,"bu","14:03:48",33218600
12300,-200,200,"bu","14:03:47",33218500
12300,-200,5000,"bu","14:03:44",33218300
12300,-200,1700,"bu","14:03:43",33213300
12300,-200,300,"bu","14:03:32",33211600
12300,-200,100,"bu","14:03:29",33211300
12300,-200,500,"bu","14:03:29",33211200
12300,-200,300,"bu","14:03:28",33210700
12250,-250,1000,"sd","14:03:22",33210400
12300,-200,500,"bu","14:03:20",33209400
12300,-200,3000,"bu","14:03:18",33208900
12300,-200,200,"bu","14:03:16",33205900
12250,-250,200,"sd","14:03:15",33205700
12300,-200,200,"bu","14:03:15",33205500
12300,-200,16500,"bu","14:03:11",33205300
12300,-200,3500,"bu","14:03:11",33188800
12300,-200,900,"bu","14:03:10",33185300
12300,-200,900,"bu","14:03:05",33184400
12300,-200,200,"bu","14:02:58",33183500
12300,-200,1600,"bu","14:02:58",33183300
12300,-200,2400,"bu","14:02:58",33181700
12300,-200,100,"bu","14:02:57",33179300
12300,-200,2000,"bu","14:02:56",33179200
12300,-200,6900,"bu","14:02:54",33177200
12300,-200,2000,"bu","14:02:53",33170300
12300,-200,2300,"bu","14:02:53",33168300
12300,-200,100,"bu","14:02:51",33166000
12300,-200,100,"bu","14:02:50",33165900
12300,-200,100,"bu","14:02:37",33165800
12300,-200,4600,"bu","14:02:34",33165700
12300,-200,1000,"bu","14:02:34",33161100
12300,-200,100,"bu","14:02:34",33160100
12300,-200,900,"bu","14:02:32",33160000
12300,-200,1000,"bu","14:02:31",33159100
12300,-200,6200,"bu","14:02:31",33158100
12300,-200,9000,"bu","14:02:31",33151900
12300,-200,2000,"bu","14:02:30",33142900
12300,-200,5000,"bu","14:02:28",33140900
12250,-250,500,"sd","14:02:27",33135900
12300,-200,1000,"bu","14:02:26",33135400
12300,-200,3200,"bu","14:02:25",33134400
12300,-200,2000,"bu","14:02:24",33131200
12300,-200,1000,"bu","14:02:24",33129200
12300,-200,1000,"bu","14:02:24",33128200
12300,-200,20000,"bu","14:02:24",33127200
12300,-200,22800,"bu","14:02:24",33107200
12300,-200,100,"bu","14:02:24",33084400
12300,-200,500,"bu","14:02:23",33084300
12300,-200,10000,"bu","14:02:23",33083800
12300,-200,1000,"bu","14:02:21",33073800
12300,-200,1000,"bu","14:02:19",33072800
12300,-200,1000,"bu","14:02:19",33071800
12300,-200,100,"bu","14:02:18",33070800
12300,-200,2000,"bu","14:02:12",33070700
12300,-200,3000,"bu","14:02:07",33068700
12300,-200,8000,"bu","14:01:59",33065700
12300,-200,500,"bu","14:01:58",33057700
12300,-200,400,"bu","14:01:58",33057200
12300,-200,100,"bu","14:01:56",33056800
12300,-200,700,"bu","14:01:53",33056700
12300,-200,1000,"bu","14:01:46",33056000
12300,-200,3000,"bu","14:01:40",33055000
12250,-250,78500,"sd","14:01:40",33052000
12250,-250,1000,"sd","14:01:40",32973500
12250,-250,10000,"sd","14:01:40",32972500
12250,-250,500,"sd","14:01:40",32962500
12250,-250,100,"sd","14:01:40",32962000
12250,-250,1000,"sd","14:01:40",32961900
12250,-250,1000,"sd","14:01:40",32960900
12250,-250,500,"sd","14:01:40",32959900
12250,-250,1000,"sd","14:01:40",32959400
12250,-250,200,"sd","14:01:40",32958400
12250,-250,10000,"sd","14:01:40",32958200
12250,-250,100,"sd","14:01:40",32948200
12250,-250,500,"sd","14:01:40",32948100
12250,-250,400,"sd","14:01:40",32947600
12250,-250,200,"sd","14:01:40",32947200
12250,-250,5000,"sd","14:01:40",32947000
12250,-250,2000,"sd","14:01:40",32942000
12250,-250,2000,"sd","14:01:40",32940000
12250,-250,500,"sd","14:01:40",32938000
12250,-250,100,"sd","14:01:40",32937500
12250,-250,1000,"sd","14:01:40",32937400
12250,-250,200,"sd","14:01:40",32936400
12250,-250,1000,"sd","14:01:40",32936200
12250,-250,2600,"sd","14:01:40",32935200
12250,-250,300,"sd","14:01:40",32932600
12250,-250,1000,"sd","14:01:40",32932300
12250,-250,800,"sd","14:01:40",32931300
12250,-250,5000,"sd","14:01:40",32930500
12250,-250,100,"sd","14:01:40",32925500
12250,-250,1000,"sd","14:01:40",32925400
12250,-250,500,"sd","14:01:40",32924400
12250,-250,2600,"sd","14:01:40",32923900
12250,-250,100,"sd","14:01:40",32921300
12250,-250,100,"sd","14:01:40",32921200
12250,-250,500,"sd","14:01:40",32921100
12250,-250,300,"sd","14:01:40",32920600
12250,-250,10000,"sd","14:01:40",32920300
12250,-250,400,"sd","14:01:40",32910300
12250,-250,3000,"sd","14:01:40",32909900
12250,-250,300,"sd","14:01:40",32906900
12250,-250,100,"sd","14:01:40",32906600
12250,-250,25000,"sd","14:01:40",32906500
12250,-250,2000,"sd","14:01:40",32881500
12250,-250,200,"sd","14:01:40",32879500
12250,-250,10000,"sd","14:01:40",32879300
12250,-250,100,"sd","14:01:40",32869300
12250,-250,17200,"sd","14:01:40",32869200
12300,-200,5000,"bu","14:01:30",32852000
12300,-200,300,"bu","14:01:30",32847000
12300,-200,100,"bu","14:01:29",32846700
12300,-200,100,"bu","14:01:28",32846600
12300,-200,1000,"bu","14:01:28",32846500
12300,-200,1000,"bu","14:01:27",32845500
12300,-200,300,"bu","14:01:23",32844500
12250,-250,2800,"sd","14:01:20",32844200
12250,-250,9300,"sd","14:01:20",32841400
12300,-200,100,"bu","14:01:20",32832100
12300,-200,1000,"bu","14:01:19",32832000
12300,-200,400,"bu","14:01:19",32831000
12300,-200,100,"bu","14:01:16",32830600
12300,-200,3000,"bu","14:01:15",32830500
12300,-200,1000,"bu","14:01:15",32827500
12300,-200,20000,"bu","14:01:11",32826500
12300,-200,500,"bu","14:01:10",32806500
12300,-200,5000,"bu","14:01:09",32806000
12250,-250,9700,"sd","14:01:09",32801000
12300,-200,2000,"bu","14:01:09",32791300
12300,-200,1000,"bu","14:01:08",32789300
12300,-200,500,"bu","14:01:08",32788300
12300,-200,1400,"bu","14:01:07",32787800
12300,-200,1000,"bu","14:01:04",32786400
12300,-200,1500,"bu","14:01:04",32785400
12300,-200,100,"bu","14:01:02",32783900
12300,-200,100,"bu","14:00:59",32783800
12300,-200,2000,"bu","14:00:58",32783700
12300,-200,10000,"bu","14:00:58",32781700
12300,-200,500,"bu","14:00:57",32771700
12300,-200,1100,"bu","14:00:57",32771200
12300,-200,1900,"bu","14:00:57",32770100
12300,-200,300,"bu","14:00:54",32768200
12300,-200,2800,"bu","14:00:54",32767900
12300,-200,5400,"bu","14:00:54",32765100
12300,-200,1100,"bu","14:00:52",32759700
12300,-200,10000,"bu","14:00:51",32758600
12300,-200,400,"bu","14:00:49",32748600
12300,-200,100,"bu","14:00:49",32748200
12300,-200,1000,"bu","14:00:48",32748100
12300,-200,1000,"bu","14:00:47",32747100
12300,-200,500,"bu","14:00:45",32746100
12300,-200,200,"bu","14:00:44",32745600
12300,-200,10000,"bu","14:00:43",32745400
12300,-200,100,"sd","14:00:43",32735400
12300,-200,100,"sd","14:00:43",32735300
12300,-200,1000,"sd","14:00:43",32735200
12300,-200,100,"sd","14:00:43",32734200
12300,-200,500,"sd","14:00:43",32734100
12300,-200,2000,"sd","14:00:43",32733600
12300,-200,5000,"sd","14:00:43",32731600
12300,-200,100,"sd","14:00:43",32726600
12300,-200,100,"sd","14:00:43",32726500
12300,-200,10000,"sd","14:00:43",32726400
12300,-200,1300,"sd","14:00:43",32716400
12300,-200,500,"bu","14:00:34",32715100
12300,-200,200,"bu","14:00:34",32714600
12300,-200,300,"bu","14:00:33",32714400
12300,-200,500,"bu","14:00:33",32714100
12300,-200,100,"bu","14:00:33",32713600
12300,-200,2000,"bu","14:00:33",32713500
12300,-200,1000,"bu","14:00:32",32711500
12300,-200,900,"bu","14:00:29",32710500
12300,-200,200,"bu","14:00:29",32709600
12300,-200,3900,"bu","14:00:29",32709400
12300,-200,10000,"bu","14:00:28",32705500
12300,-200,500,"bu","14:00:26",32695500
12300,-200,3000,"bu","14:00:24",32695000
12250,-250,200,"sd","14:00:24",32692000
12300,-200,20000,"bu","14:00:22",32691800
12300,-200,8700,"bu","14:00:19",32671800
12300,-200,65000,"bu","14:00:18",32663100
12300,-200,1500,"bu","14:00:16",32598100
12300,-200,93700,"bu","14:00:14",32596600
12300,-200,106300,"bu","14:00:14",32502900
12300,-200,200,"bu","14:00:09",32396600
12300,-200,1000,"bu","14:00:06",32396400
12300,-200,100,"bu","14:00:06",32395400
12300,-200,100,"bu","14:00:04",32395300
12300,-200,10000,"bu","14:00:03",32395200
12300,-200,300,"bu","14:00:02",32385200
12300,-200,1000,"bu","14:00:02",32384900
12300,-200,100,"bu","14:00:00",32383900
12300,-200,10000,"bu","14:00:00",32383800
12300,-200,1000,"bu","14:00:00",32373800
12300,-200,1000,"bu","13:59:57",32372800
12300,-200,100,"bu","13:59:56",32371800
12300,-200,700,"bu","13:59:56",32371700
12300,-200,4000,"bu","13:59:55",32371000
12300,-200,11500,"bu","13:59:54",32367000
12300,-200,2000,"bu","13:59:52",32355500
12300,-200,2000,"bu","13:59:52",32353500
12300,-200,500,"bu","13:59:48",32351500
12300,-200,2000,"bu","13:59:46",32351000
12300,-200,2000,"bu","13:59:45",32349000
12300,-200,2000,"bu","13:59:43",32347000
12300,-200,200,"bu","13:59:43",32345000
12300,-200,300,"bu","13:59:43",32344800
12300,-200,100,"bu","13:59:43",32344500
12300,-200,500,"bu","13:59:43",32344400
12300,-200,500,"bu","13:59:43",32343900
12300,-200,1000,"bu","13:59:42",32343400
12300,-200,2500,"bu","13:59:40",32342400
12300,-200,20000,"bu","13:59:38",32339900
12300,-200,13700,"bu","13:59:37",32319900
12300,-200,400,"sd","13:59:36",32306200
12300,-200,100,"sd","13:59:36",32305800
12300,-200,4000,"sd","13:59:36",32305700
12300,-200,5000,"sd","13:59:36",32301700
12300,-200,100,"sd","13:59:36",32296700
12300,-200,100,"sd","13:59:36",32296600
12300,-200,5600,"sd","13:59:36",32296500
12300,-200,1000,"sd","13:59:36",32290900
12300,-200,500,"sd","13:59:36",32289900
12300,-200,1200,"sd","13:59:36",32289400
12300,-200,400,"sd","13:59:36",32288200
12300,-200,400,"sd","13:59:36",32287800
12300,-200,10000,"sd","13:59:36",32287400
12300,-200,193200,"sd","13:59:36",32277400
12300,-200,200,"sd","13:59:36",32084200
12300,-200,100,"sd","13:59:36",32084000
12300,-200,1000,"sd","13:59:36",32083900
12300,-200,2800,"sd","13:59:36",32082900
12300,-200,1000,"sd","13:59:36",32080100
12300,-200,3000,"sd","13:59:36",32079100
12300,-200,1000,"sd","13:59:36",32076100
12300,-200,100,"sd","13:59:36",32075100
12300,-200,72100,"sd","13:59:36",32075000
12300,-200,500,"sd","13:59:30",32002900
12300,-200,2000,"sd","13:59:27",32002400
12300,-200,1000,"sd","13:59:23",32000400
12350,-150,1500,"bu","13:59:20",31999400
12300,-200,2500,"sd","13:59:09",31997900
12300,-200,87300,"bu","13:59:08",31995400
12300,-200,500,"bu","13:59:08",31908100
12300,-200,2000,"bu","13:59:08",31907600
12300,-200,500,"bu","13:59:08",31905600
12300,-200,20000,"bu","13:59:08",31905100
12300,-200,50000,"bu","13:59:08",31885100
12300,-200,200,"bu","13:59:08",31835100
12300,-200,2000,"bu","13:59:08",31834900
12300,-200,34800,"bu","13:59:08",31832900
12300,-200,50000,"bu","13:59:08",31798100
12300,-200,30800,"bu","13:59:08",31748100
12300,-200,20000,"bu","13:59:08",31717300
12300,-200,113800,"bu","13:59:08",31697300
12300,-200,500,"bu","13:59:03",31583500
12300,-200,5000,"bu","13:59:02",31583000
12300,-200,1000,"bu","13:59:01",31578000
12300,-200,900,"bu","13:58:59",31577000
12300,-200,3000,"bu","13:58:57",31576100
12300,-200,500,"bu","13:58:56",31573100
12300,-200,100,"bu","13:58:55",31572600
12300,-200,900,"bu","13:58:54",31572500
12300,-200,100,"bu","13:58:53",31571600
12300,-200,100,"bu","13:58:52",31571500
12300,-200,3000,"bu","13:58:52",31571400
12300,-200,2000,"bu","13:58:51",31568400
12300,-200,300,"bu","13:58:48",31566400
12300,-200,5000,"bu","13:58:47",31566100
12300,-200,5000,"bu","13:58:47",31561100
12300,-200,25000,"bu","13:58:46",31556100
12300,-200,5000,"bu","13:58:42",31531100
12300,-200,100,"bu","13:58:42",31526100
12300,-200,7300,"bu","13:58:39",31526000
12300,-200,100,"bu","13:58:39",31518700
12300,-200,2700,"bu","13:58:34",31518600
12300,-200,800,"bu","13:58:32",31515900
12300,-200,6300,"bu","13:58:32",31515100
12300,-200,500,"bu","13:58:32",31508800
12300,-200,4000,"bu","13:58:32",31508300
12300,-200,5000,"bu","13:58:32",31504300
12300,-200,200,"bu","13:58:31",31499300
12300,-200,100,"bu","13:58:30",31499100
12300,-200,200,"bu","13:58:29",31499000
12300,-200,5000,"bu","13:58:28",31498800
12300,-200,2000,"bu","13:58:28",31493800
12300,-200,5000,"bu","13:58:27",31491800
12300,-200,100,"bu","13:58:24",31486800
12300,-200,5000,"bu","13:58:24",31486700
12300,-200,500,"bu","13:58:23",31481700
12300,-200,1500,"bu","13:58:23",31481200
12300,-200,2000,"bu","13:58:22",31479700
12300,-200,2000,"bu","13:58:21",31477700
12300,-200,2300,"bu","13:58:20",31475700
12300,-200,20000,"bu","13:58:20",31473400
12300,-200,500,"bu","13:58:20",31453400
12300,-200,100,"bu","13:58:18",31452900
12300,-200,10000,"bu","13:58:18",31452800
12300,-200,900,"bu","13:58:18",31442800
12300,-200,1000,"bu","13:58:17",31441900
12300,-200,1100,"bu","13:58:16",31440900
12300,-200,10000,"bu","13:58:16",31439800
12300,-200,5000,"bu","13:58:15",31429800
12300,-200,3000,"bu","13:58:14",31424800
12300,-200,1000,"bu","13:58:13",31421800
12300,-200,500,"bu","13:58:13",31420800
12300,-200,5000,"bu","13:58:13",31420300
12300,-200,200,"bu","13:58:12",31415300
12300,-200,6000,"bu","13:58:12",31415100
12300,-200,200,"bu","13:58:12",31409100
12300,-200,500,"bu","13:58:11",31408900
12300,-200,2000,"bu","13:58:10",31408400
12300,-200,100,"bu","13:58:10",31406400
12300,-200,4000,"bu","13:58:08",31406300
12300,-200,300,"bu","13:58:08",31402300
12300,-200,2000,"bu","13:58:06",31402000
12300,-200,100,"bu","13:58:06",31400000
12300,-200,1000,"bu","13:58:03",31399900
12300,-200,1900,"bu","13:58:03",31398900
12300,-200,20000,"bu","13:58:02",31397000
12300,-200,100,"bu","13:58:01",31377000
12300,-200,10000,"bu","13:58:01",31376900
12300,-200,300,"sd","13:58:00",31366900
12300,-200,500,"sd","13:58:00",31366600
12300,-200,4000,"sd","13:58:00",31366100
12300,-200,1000,"sd","13:58:00",31362100
12300,-200,30000,"sd","13:58:00",31361100
12300,-200,1000,"sd","13:57:59",31331100
12300,-200,2700,"sd","13:57:59",31330100
12300,-200,50000,"sd","13:57:59",31327400
12300,-200,3300,"sd","13:57:59",31277400
12300,-200,3000,"sd","13:57:59",31274100
12300,-200,100,"sd","13:57:59",31271100
12300,-200,500,"sd","13:57:59",31271000
12300,-200,400,"sd","13:57:59",31270500
12300,-200,20000,"sd","13:57:59",31270100
12300,-200,500,"sd","13:57:59",31250100
12300,-200,100,"sd","13:57:59",31249600
12300,-200,1600,"sd","13:57:59",31249500
12300,-200,30000,"sd","13:57:59",31247900
12300,-200,500,"sd","13:57:59",31217900
12300,-200,2000,"sd","13:57:59",31217400
12300,-200,10000,"sd","13:57:59",31215400
12300,-200,8100,"sd","13:57:59",31205400
12300,-200,1000,"sd","13:57:57",31197300
12350,-150,3700,"bu","13:57:51",31196300
12300,-200,200,"sd","13:57:49",31192600
12300,-200,700,"bu","13:57:42",31192400
12300,-200,200,"bu","13:57:41",31191700
12300,-200,1500,"bu","13:57:40",31191500
12300,-200,2500,"bu","13:57:40",31190000
12300,-200,5000,"bu","13:57:40",31187500
12300,-200,1100,"bu","13:57:40",31182500
12300,-200,1000,"bu","13:57:39",31181400
12300,-200,5000,"bu","13:57:39",31180400
12300,-200,400,"bu","13:57:38",31175400
12300,-200,2900,"bu","13:57:38",31175000
12300,-200,2000,"bu","13:57:38",31172100
12300,-200,400,"bu","13:57:38",31170100
12300,-200,2000,"bu","13:57:36",31169700
12300,-200,200,"bu","13:57:36",31167700
12300,-200,100,"bu","13:57:34",31167500
12300,-200,2000,"bu","13:57:34",31167400
12250,-250,500,"sd","13:57:33",31165400
12300,-200,10000,"bu","13:57:29",31164900
12300,-200,1000,"bu","13:57:28",31154900
12300,-200,100,"bu","13:57:28",31153900
12300,-200,2000,"bu","13:57:28",31153800
12300,-200,6500,"bu","13:57:27",31151800
12300,-200,2200,"bu","13:57:26",31145300
12300,-200,1000,"bu","13:57:26",31143100
12300,-200,100,"bu","13:57:26",31142100
12300,-200,100,"bu","13:57:26",31142000
12300,-200,1000,"bu","13:57:25",31141900
12300,-200,500,"sd","13:57:25",31140900
12300,-200,2000,"sd","13:57:24",31140400
12300,-200,5000,"sd","13:57:24",31138400
12300,-200,50000,"sd","13:57:24",31133400
12300,-200,800,"sd","13:57:24",31083400
12300,-200,10000,"sd","13:57:24",31082600
12300,-200,100,"sd","13:57:24",31072600
12300,-200,2000,"sd","13:57:24",31072500
12300,-200,5000,"sd","13:57:24",31070500
12300,-200,2800,"sd","13:57:24",31065500
12300,-200,200000,"sd","13:57:24",31062700
12300,-200,173200,"sd","13:57:24",30862700
12300,-200,300,"bu","13:57:20",30689500
12300,-200,26500,"bu","13:57:20",30689200
12300,-200,100,"bu","13:57:20",30662700
12300,-200,500,"bu","13:57:19",30662600
12300,-200,75000,"bu","13:57:19",30662100
12300,-200,1000,"bu","13:57:17",30587100
12300,-200,1600,"bu","13:57:17",30586100
12300,-200,10000,"bu","13:57:16",30584500
12300,-200,300,"bu","13:57:16",30574500
12300,-200,10000,"bu","13:57:16",30574200
12300,-200,500,"bu","13:57:14",30564200
12300,-200,3000,"bu","13:57:14",30563700
12300,-200,3000,"bu","13:57:14",30560700
12300,-200,1000,"bu","13:57:14",30557700
12300,-200,1000,"bu","13:57:14",30556700
12300,-200,300,"bu","13:57:12",30555700
12300,-200,10000,"bu","13:57:12",30555400
12300,-200,500,"bu","13:57:11",30545400
12300,-200,2000,"bu","13:57:11",30544900
12300,-200,23000,"bu","13:57:10",30542900
12300,-200,4000,"bu","13:57:07",30519900
12300,-200,3300,"bu","13:57:06",30515900
12300,-200,500,"bu","13:57:05",30512600
12300,-200,100,"bu","13:57:04",30512100
12300,-200,2000,"bu","13:57:02",30512000
12300,-200,100,"bu","13:57:02",30510000
12300,-200,1000,"bu","13:57:01",30509900
12300,-200,200,"bu","13:57:00",30508900
12300,-200,5000,"bu","13:56:59",30508700
12300,-200,3000,"bu","13:56:59",30503700
12300,-200,600,"bu","13:56:58",30500700
12300,-200,20000,"bu","13:56:57",30500100
12300,-200,4000,"bu","13:56:57",30480100
12300,-200,30000,"bu","13:56:57",30476100
12300,-200,900,"bu","13:56:57",30446100
12300,-200,1000,"bu","13:56:57",30445200
12300,-200,500,"bu","13:56:57",30444200
12300,-200,3000,"bu","13:56:57",30443700
12300,-200,100,"bu","13:56:56",30440700
12300,-200,500,"bu","13:56:55",30440600
12300,-200,1000,"bu","13:56:53",30440100
12300,-200,100,"bu","13:56:52",30439100
12300,-200,30000,"bu","13:56:50",30439000
12300,-200,1000,"bu","13:56:49",30409000
12300,-200,10000,"sd","13:56:49",30408000
12300,-200,100,"sd","13:56:49",30398000
12300,-200,100,"sd","13:56:49",30397900
12300,-200,1000,"sd","13:56:49",30397800
12300,-200,7600,"sd","13:56:49",30396800
12300,-200,2400,"bu","13:56:46",30389200
12300,-200,3000,"bu","13:56:46",30386800
12300,-200,5000,"bu","13:56:46",30383800
12300,-200,200,"bu","13:56:45",30378800
12300,-200,100,"bu","13:56:44",30378600
12300,-200,100,"bu","13:56:44",30378500
12300,-200,500,"bu","13:56:44",30378400
12300,-200,3000,"bu","13:56:44",30377900
12300,-200,100,"bu","13:56:43",30374900
12300,-200,300,"sd","13:56:43",30374800
12300,-200,1000,"sd","13:56:43",30374500
12300,-200,100,"sd","13:56:43",30373500
12300,-200,200000,"sd","13:56:43",30373400
12300,-200,200000,"sd","13:56:43",30173400
12300,-200,84200,"sd","13:56:43",29973400
12300,-200,300,"sd","13:56:42",29889200
12300,-200,50000,"sd","13:56:41",29888900
12300,-200,50000,"bu","13:56:37",29838900
12300,-200,1000,"bu","13:56:37",29788900
12300,-200,100,"bu","13:56:37",29787900
12300,-200,14400,"bu","13:56:37",29787800
12300,-200,30000,"sd","13:56:31",29773400
12300,-200,500,"sd","13:56:31",29743400
12300,-200,1000,"sd","13:56:31",29742900
12300,-200,2000,"sd","13:56:31",29741900
12300,-200,2100,"sd","13:56:31",29739900
12300,-200,2900,"bu","13:56:28",29737800
12300,-200,47100,"bu","13:56:26",29734900
12300,-200,200,"bu","13:56:26",29687800
12300,-200,2700,"bu","13:56:26",29687600
12300,-200,10000,"bu","13:56:26",29684900
12300,-200,1000,"bu","13:56:25",29674900
12300,-200,100,"bu","13:56:24",29673900
12300,-200,100,"bu","13:56:24",29673800
12300,-200,5400,"bu","13:56:23",29673700
12300,-200,8900,"bu","13:56:23",29668300
12300,-200,85700,"bu","13:56:23",29659400
12300,-200,2200,"bu","13:56:23",29573700
12300,-200,1000,"bu","13:56:23",29571500
12300,-200,100,"bu","13:56:20",29570500
12300,-200,200,"bu","13:56:20",29570400
12300,-200,1000,"bu","13:56:20",29570200
12300,-200,200,"bu","13:56:17",29569200
12300,-200,100,"bu","13:56:17",29569000
12300,-200,100,"bu","13:56:15",29568900
12300,-200,5000,"bu","13:56:15",29568800
12300,-200,200,"bu","13:56:14",29563800
12300,-200,5000,"bu","13:56:14",29563600
12300,-200,2800,"bu","13:56:14",29558600
12300,-200,5000,"bu","13:56:14",29555800
12300,-200,10000,"bu","13:56:13",29550800
12300,-200,36000,"bu","13:56:13",29540800
12300,-200,100,"bu","13:56:12",29504800
12300,-200,1800,"bu","13:56:11",29504700
12300,-200,900,"bu","13:56:07",29502900
12300,-200,10000,"bu","13:56:05",29502000
12300,-200,1000,"sd","13:56:04",29492000
12300,-200,1000,"sd","13:56:04",29491000
12300,-200,200,"sd","13:56:04",29490000
12300,-200,500,"sd","13:56:04",29489800
12300,-200,100,"sd","13:56:04",29489300
12300,-200,100,"sd","13:56:04",29489200
12300,-200,27000,"sd","13:56:04",29489100
12300,-200,5000,"sd","13:56:04",29462100
12300,-200,2700,"sd","13:56:04",29457100
12300,-200,15200,"sd","13:56:04",29454400
12300,-200,3000,"sd","13:56:04",29439200
12300,-200,3000,"sd","13:56:04",29436200
12300,-200,100,"sd","13:56:04",29433200
12300,-200,2000,"sd","13:56:04",29433100
12300,-200,100,"sd","13:56:04",29431100
12300,-200,6100,"sd","13:56:04",29431000
12300,-200,1000,"sd","13:56:04",29424900
12300,-200,2000,"sd","13:56:04",29423900
12300,-200,2000,"sd","13:56:04",29421900
12300,-200,4200,"sd","13:56:04",29419900
12300,-200,400,"sd","13:56:04",29415700
12300,-200,3000,"sd","13:56:04",29415300
12300,-200,100,"sd","13:56:04",29412300
12300,-200,200000,"sd","13:56:04",29412200
12300,-200,1000,"sd","13:56:04",29212200
12300,-200,1800,"sd","13:56:04",29211200
12300,-200,10000,"sd","13:55:59",29209400
12300,-200,100,"sd","13:55:56",29199400
12300,-200,188100,"sd","13:55:55",29199300
12300,-200,200000,"sd","13:55:55",29011200
12300,-200,111900,"sd","13:55:55",28811200
12300,-200,6000,"sd","13:55:55",28699300
12300,-200,15000,"sd","13:55:44",28693300
12350,-150,100,"bu","13:55:43",28678300
12350,-150,3800,"bu","13:55:34",28678200
12350,-150,1900,"bu","13:55:33",28674400
12300,-200,100,"sd","13:55:33",28672500
12300,-200,500,"sd","13:55:24",28672400
12300,-200,2000,"sd","13:55:24",28671900
12300,-200,3000,"sd","13:55:20",28669900
12300,-200,61500,"bu","13:55:13",28666900
12300,-200,200000,"bu","13:55:13",28605400
12300,-200,6200,"sd","13:55:10",28405400
12300,-200,50000,"sd","13:55:10",28399200
12300,-200,132300,"sd","13:55:10",28349200
12300,-200,67700,"sd","13:55:09",28216900
12300,-200,400,"sd","13:55:09",28149200
12300,-200,200000,"sd","13:55:09",28148800
12300,-200,600,"sd","13:55:09",27948800
12300,-200,300,"sd","13:55:09",27948200
12300,-200,500,"sd","13:55:09",27947900
12300,-200,3000,"sd","13:55:09",27947400
12300,-200,1000,"sd","13:55:09",27944400
12300,-200,176500,"sd","13:55:09",27943400
12350,-150,400,"bu","13:55:03",27766900
12300,-200,23500,"sd","13:55:00",27766500
12300,-200,100,"sd","13:55:00",27743000
12300,-200,200,"sd","13:55:00",27742900
12300,-200,500,"sd","13:55:00",27742700
12300,-200,200000,"sd","13:55:00",27742200
12300,-200,1000,"sd","13:55:00",27542200
12300,-200,200000,"sd","13:55:00",27541200
12300,-200,400,"sd","13:55:00",27341200
12300,-200,8600,"sd","13:55:00",27340800
12300,-200,15700,"sd","13:55:00",27332200
12300,-200,4300,"bu","13:54:53",27316500
12300,-200,1000,"bu","13:54:51",27312200
12300,-200,1000,"bu","13:54:48",27311200
12300,-200,100,"bu","13:54:46",27310200
12300,-200,500,"sd","13:54:45",27310100
12300,-200,4000,"sd","13:54:45",27309600
12300,-200,500,"sd","13:54:45",27305600
12300,-200,1000,"sd","13:54:45",27305100
12300,-200,5000,"sd","13:54:45",27304100
12300,-200,1000,"sd","13:54:45",27299100
12300,-200,6000,"sd","13:54:45",27298100
12300,-200,100,"sd","13:54:45",27292100
12300,-200,500,"sd","13:54:45",27292000
12300,-200,1000,"sd","13:54:45",27291500
12300,-200,24000,"sd","13:54:45",27290500
12300,-200,2000,"sd","13:54:45",27266500
12300,-200,10000,"sd","13:54:45",27264500
12300,-200,500,"sd","13:54:45",27254500
12300,-200,3600,"sd","13:54:45",27254000
12300,-200,100,"sd","13:54:45",27250400
12300,-200,5000,"sd","13:54:45",27250300
12300,-200,300,"sd","13:54:45",27245300
12300,-200,100,"sd","13:54:45",27245000
12300,-200,1000,"sd","13:54:45",27244900
12300,-200,100,"sd","13:54:45",27243900
12300,-200,5000,"sd","13:54:45",27243800
12300,-200,1000,"sd","13:54:45",27238800
12300,-200,1000,"sd","13:54:45",27237800
12300,-200,200,"sd","13:54:45",27236800
12300,-200,2000,"sd","13:54:45",27236600
12300,-200,3000,"sd","13:54:45",27234600
12300,-200,1000,"sd","13:54:45",27231600
12300,-200,3600,"sd","13:54:45",27230600
12300,-200,1000,"sd","13:54:45",27227000
12300,-200,500,"sd","13:54:45",27226000
12300,-200,100,"sd","13:54:45",27225500
12300,-200,200,"sd","13:54:45",27225400
12300,-200,100,"sd","13:54:45",27225200
12300,-200,100,"sd","13:54:45",27225100
12300,-200,500,"sd","13:54:45",27225000
12300,-200,500,"sd","13:54:45",27224500
12300,-200,200,"sd","13:54:45",27224000
12300,-200,800,"sd","13:54:45",27223800
12300,-200,100000,"sd","13:54:45",27223000
12300,-200,500,"sd","13:54:45",27123000
12300,-200,3500,"sd","13:54:45",27122500
12300,-200,252500,"sd","13:54:45",27119000
12300,-200,20800,"sd","13:54:44",26866500
12300,-200,900,"sd","13:54:44",26845700
12300,-200,100,"sd","13:54:44",26844800
12300,-200,1000,"sd","13:54:44",26844700
12300,-200,16200,"sd","13:54:44",26843700
12300,-200,1000,"sd","13:54:44",26827500
12300,-200,10000,"sd","13:54:44",26826500
12300,-200,15000,"sd","13:54:44",26816500
12300,-200,200,"sd","13:54:44",26801500
12300,-200,1000,"sd","13:54:44",26801300
12300,-200,100,"sd","13:54:44",26800300
12300,-200,1000,"sd","13:54:44",26800200
12300,-200,1000,"sd","13:54:44",26799200
12300,-200,200,"sd","13:54:44",26798200
12300,-200,10000,"sd","13:54:44",26798000
12300,-200,1000,"sd","13:54:43",26788000
12300,-200,200,"sd","13:54:43",26787000
12300,-200,200,"sd","13:54:43",26786800
12300,-200,500,"sd","13:54:43",26786600
12300,-200,200,"sd","13:54:43",26786100
12300,-200,500,"sd","13:54:43",26785900
12300,-200,100,"sd","13:54:43",26785400
12300,-200,10000,"sd","13:54:43",26785300
12300,-200,100,"sd","13:54:43",26775300
12300,-200,2000,"sd","13:54:43",26775200
12300,-200,6500,"sd","13:54:43",26773200
12300,-200,200,"sd","13:54:43",26766700
12300,-200,500,"sd","13:54:43",26766500
12300,-200,1000,"sd","13:54:43",26766000
12300,-200,1000,"sd","13:54:43",26765000
12300,-200,1000,"sd","13:54:43",26764000
12300,-200,300,"sd","13:54:43",26763000
12300,-200,1000,"sd","13:54:43",26762700
12300,-200,2000,"sd","13:54:43",26761700
12300,-200,1000,"sd","13:54:43",26759700
12300,-200,100,"sd","13:54:43",26758700
12300,-200,3000,"sd","13:54:43",26758600
12300,-200,2800,"sd","13:54:43",26755600
12300,-200,100000,"sd","13:54:43",26752800
12300,-200,2500,"sd","13:54:43",26652800
12300,-200,200,"sd","13:54:43",26650300
12300,-200,4800,"sd","13:54:43",26650100
12300,-200,2000,"sd","13:54:43",26645300
12300,-200,100,"sd","13:54:43",26643300
12300,-200,700,"sd","13:54:43",26643200
12300,-200,1600,"sd","13:54:43",26642500
12300,-200,5000,"sd","13:54:43",26640900
12300,-200,7500,"sd","13:54:43",26635900
12300,-200,54400,"sd","13:54:43",26628400
12300,-200,30000,"sd","13:54:43",26574000
12300,-200,2000,"sd","13:54:43",26544000
12300,-200,1000,"sd","13:54:43",26542000
12300,-200,100,"sd","13:54:43",26541000
12300,-200,3000,"sd","13:54:43",26540900
12300,-200,100,"sd","13:54:43",26537900
12300,-200,500,"sd","13:54:43",26537800
12300,-200,10000,"sd","13:54:43",26537300
12300,-200,100,"sd","13:54:43",26527300
12300,-200,5000,"sd","13:54:43",26527200
12300,-200,2000,"sd","13:54:43",26522200
12300,-200,3000,"sd","13:54:43",26520200
12300,-200,2000,"sd","13:54:43",26517200
12300,-200,1000,"sd","13:54:43",26515200
12300,-200,200,"sd","13:54:43",26514200
12300,-200,1000,"sd","13:54:43",26514000
12300,-200,500,"sd","13:54:43",26513000
12300,-200,4900,"sd","13:54:43",26512500
12300,-200,1000,"sd","13:54:43",26507600
12300,-200,4000,"sd","13:54:43",26506600
12300,-200,1000,"sd","13:54:43",26502600
12300,-200,200,"sd","13:54:43",26501600
12300,-200,1000,"sd","13:54:43",26501400
12300,-200,100,"sd","13:54:43",26500400
12300,-200,2400,"sd","13:54:43",26500300
12300,-200,900,"sd","13:54:43",26497900
12300,-200,1000,"sd","13:54:43",26497000
12300,-200,100,"sd","13:54:43",26496000
12300,-200,200,"sd","13:54:43",26495900
12300,-200,2800,"sd","13:54:43",26495700
12300,-200,600,"sd","13:54:43",26492900
12300,-200,6000,"sd","13:54:43",26492300
12300,-200,800,"sd","13:54:43",26486300
12300,-200,100,"sd","13:54:43",26485500
12300,-200,1100,"sd","13:54:43",26485400
12300,-200,10000,"sd","13:54:43",26484300
12300,-200,1000,"sd","13:54:43",26474300
12300,-200,500,"sd","13:54:43",26473300
12300,-200,2400,"sd","13:54:43",26472800
12300,-200,2000,"sd","13:54:43",26470400
12300,-200,1000,"sd","13:54:43",26468400
12300,-200,10000,"sd","13:54:43",26467400
12300,-200,600,"sd","13:54:43",26457400
12300,-200,400,"sd","13:54:43",26456800
12300,-200,1000,"sd","13:54:43",26456400
12300,-200,14500,"sd","13:54:43",26455400
12300,-200,400,"sd","13:54:43",26440900
12300,-200,1000,"sd","13:54:43",26440500
12300,-200,100,"sd","13:54:43",26439500
12300,-200,100,"sd","13:54:43",26439400
12300,-200,200,"sd","13:54:43",26439300
12300,-200,100,"sd","13:54:43",26439100
12300,-200,100,"sd","13:54:43",26439000
12300,-200,500,"sd","13:54:43",26438900
12300,-200,500,"sd","13:54:43",26438400
12300,-200,4000,"sd","13:54:43",26437900
12300,-200,500,"sd","13:54:43",26433900
12300,-200,300,"sd","13:54:43",26433400
12300,-200,1000,"sd","13:54:43",26433100
12300,-200,1500,"sd","13:54:43",26432100
12300,-200,300,"sd","13:54:43",26430600
12300,-200,5000,"sd","13:54:43",26430300
12300,-200,200,"sd","13:54:43",26425300
12300,-200,8600,"sd","13:54:43",26425100
12350,-150,10000,"bu","13:54:43",26416500
12350,-150,500,"bu","13:54:42",26406500
12350,-150,500,"bu","13:54:41",26406000
12350,-150,100,"bu","13:54:34",26405500
12350,-150,1000,"bu","13:54:33",26405400
12350,-150,7900,"bu","13:54:32",26404400
12350,-150,12100,"bu","13:54:32",26396500
12350,-150,400,"bu","13:54:28",26384400
12350,-150,100,"bu","13:54:25",26384000
12300,-200,500,"sd","13:54:24",26383900
12300,-200,40900,"sd","13:54:20",26383400
12300,-200,2000,"sd","13:54:20",26342500
12300,-200,5000,"sd","13:54:20",26340500
12300,-200,1000,"sd","13:54:20",26335500
12300,-200,1500,"sd","13:54:20",26334500
12300,-200,500,"sd","13:54:20",26333000
12300,-200,10000,"sd","13:54:20",26332500
12300,-200,1000,"sd","13:54:20",26322500
12300,-200,100,"sd","13:54:20",26321500
12300,-200,20000,"sd","13:54:20",26321400
12300,-200,500,"sd","13:54:20",26301400
12300,-200,3000,"sd","13:54:20",26300900
12300,-200,200,"sd","13:54:20",26297900
12300,-200,16800,"sd","13:54:20",26297700
12350,-150,1000,"bu","13:54:19",26280900
12350,-150,500,"bu","13:54:16",26279900
12350,-150,100,"bu","13:54:15",26279400
12350,-150,100,"bu","13:54:12",26279300
12350,-150,100,"bu","13:54:11",26279200
12350,-150,1000,"bu","13:54:06",26279100
12350,-150,500,"bu","13:54:02",26278100
12350,-150,300,"bu","13:53:59",26277600
12350,-150,100,"bu","13:53:58",26277300
12350,-150,300,"bu","13:53:56",26277200
12350,-150,100,"bu","13:53:56",26276900
12350,-150,100,"bu","13:53:53",26276800
12350,-150,100,"bu","13:53:51",26276700
12350,-150,10000,"bu","13:53:51",26276600
12350,-150,1000,"bu","13:53:46",26266600
12350,-150,100,"bu","13:53:46",26265600
12350,-150,1000,"bu","13:53:45",26265500
12350,-150,100,"bu","13:53:41",26264500
12350,-150,10000,"bu","13:53:35",26264400
12350,-150,6900,"bu","13:53:35",26254400
12350,-150,5000,"bu","13:53:33",26247500
12350,-150,200,"bu","13:53:27",26242500
12350,-150,1000,"bu","13:53:25",26242300
12300,-200,100,"sd","13:53:25",26241300
12350,-150,500,"bu","13:53:20",26241200
12350,-150,1000,"bu","13:53:11",26240700
12300,-200,1100,"sd","13:53:09",26239700
12350,-150,4000,"bu","13:53:01",26238600
12300,-200,3000,"sd","13:52:58",26234600
12350,-150,100,"bu","13:52:56",26231600
12350,-150,100,"bu","13:52:49",26231500
12350,-150,500,"bu","13:52:45",26231400
12350,-150,10000,"bu","13:52:43",26230900
12350,-150,2000,"bu","13:52:22",26220900
12300,-200,900,"sd","13:52:20",26218900
12300,-200,2000,"sd","13:52:10",26218000
12350,-150,29600,"bu","13:52:08",26216000
12350,-150,300,"bu","13:52:08",26186400
12350,-150,600,"bu","13:52:08",26186100
12350,-150,1000,"bu","13:52:08",26185500
12350,-150,100,"bu","13:52:08",26184500
12350,-150,5000,"bu","13:52:08",26184400
12350,-150,300,"bu","13:52:08",26179400
12350,-150,1000,"bu","13:52:08",26179100
12350,-150,5000,"bu","13:52:08",26178100
12350,-150,5000,"bu","13:52:08",26173100
12350,-150,2000,"bu","13:52:08",26168100
12350,-150,100,"bu","13:52:08",26166100
12350,-150,100,"bu","13:52:07",26166000
12350,-150,800,"bu","13:52:05",26165900
12350,-150,7200,"bu","13:52:05",26165100
12300,-200,6100,"sd","13:52:03",26157900
12300,-200,300,"sd","13:52:03",26151800
12300,-200,1000,"sd","13:52:03",26151500
12300,-200,100,"sd","13:52:03",26150500
12300,-200,1000,"sd","13:52:03",26150400
12300,-200,1000,"sd","13:52:03",26149400
12300,-200,100,"sd","13:52:03",26148400
12300,-200,100,"sd","13:52:03",26148300
12300,-200,3000,"sd","13:52:03",26148200
12300,-200,17300,"sd","13:52:03",26145200
12350,-150,1000,"bu","13:52:01",26127900
12350,-150,100,"bu","13:51:54",26126900
12350,-150,1000,"bu","13:51:40",26126800
12300,-200,1700,"sd","13:51:31",26125800
12300,-200,5700,"sd","13:51:31",26124100
12300,-200,1000,"sd","13:51:31",26118400
12300,-200,500,"sd","13:51:31",26117400
12300,-200,100,"sd","13:51:31",26116900
12300,-200,500,"sd","13:51:31",26116800
12300,-200,500,"sd","13:51:31",26116300
12350,-150,18000,"bu","13:51:29",26115800
12350,-150,1500,"bu","13:51:29",26097800
12300,-200,900,"sd","13:51:19",26096300
12350,-150,200,"bu","13:51:13",26095400
12350,-150,100,"bu","13:51:10",26095200
12350,-150,100,"bu","13:50:56",26095100
12300,-200,400,"sd","13:50:33",26095000
12300,-200,600,"sd","13:50:33",26094600
12350,-150,100,"bu","13:50:28",26094000
12350,-150,100,"bu","13:50:18",26093900
12350,-150,5000,"bu","13:50:15",26093800
12350,-150,300,"bu","13:50:13",26088800
12350,-150,3000,"bu","13:50:11",26088500
12350,-150,300,"bu","13:50:10",26085500
12300,-200,100,"sd","13:50:09",26085200
12350,-150,6900,"bu","13:50:08",26085100
12350,-150,300,"bu","13:49:48",26078200
12350,-150,200,"bu","13:49:38",26077900
12350,-150,1000,"bu","13:49:32",26077700
12350,-150,1400,"bu","13:49:30",26076700
12350,-150,500,"bu","13:49:24",26075300
12350,-150,500,"bu","13:49:19",26074800
12300,-200,100,"sd","13:49:18",26074300
12350,-150,1000,"bu","13:48:58",26074200
12350,-150,200,"bu","13:48:42",26073200
12350,-150,300,"bu","13:48:42",26073000
12350,-150,1000,"bu","13:48:42",26072700
12350,-150,500,"bu","13:48:42",26071700
12300,-200,100,"sd","13:48:39",26071200
12300,-200,100,"sd","13:48:28",26071100
12300,-200,200,"sd","13:48:10",26071000
12300,-200,100,"sd","13:48:10",26070800
12300,-200,5200,"sd","13:48:10",26070700
12300,-200,500,"sd","13:48:02",26065500
12350,-150,500,"bu","13:48:01",26065000
12350,-150,1000,"bu","13:47:47",26064500
12350,-150,400,"bu","13:47:39",26063500
12350,-150,500,"bu","13:47:38",26063100
12350,-150,2000,"bu","13:47:18",26062600
12350,-150,5000,"bu","13:47:16",26060600
12350,-150,100,"bu","13:47:15",26055600
12300,-200,10000,"sd","13:47:09",26055500
12300,-200,1000,"sd","13:47:07",26045500
12350,-150,1000,"bu","13:46:58",26044500
12350,-150,2500,"bu","13:46:57",26043500
12350,-150,1000,"bu","13:46:53",26041000
12350,-150,1600,"bu","13:46:37",26040000
12300,-200,20000,"sd","13:46:04",26038400
12300,-200,13200,"sd","13:46:01",26018400
12300,-200,1900,"sd","13:46:01",26005200
12300,-200,2000,"sd","13:45:59",26003300
12300,-200,1100,"bu","13:45:55",26001300
12300,-200,10000,"bu","13:45:54",26000200
12300,-200,2000,"bu","13:45:54",25990200
12300,-200,1100,"bu","13:45:53",25988200
12300,-200,300,"bu","13:45:52",25987100
12300,-200,5000,"bu","13:45:52",25986800
12300,-200,300,"bu","13:45:51",25981800
12300,-200,200,"bu","13:45:51",25981500
12300,-200,100,"bu","13:45:51",25981300
12300,-200,200,"bu","13:45:51",25981200
12300,-200,1100,"bu","13:45:51",25981000
12300,-200,15000,"bu","13:45:50",25979900
12300,-200,500,"bu","13:45:49",25964900
12300,-200,1000,"bu","13:45:49",25964400
12300,-200,2000,"bu","13:45:49",25963400
12300,-200,200,"bu","13:45:49",25961400
12300,-200,200,"bu","13:45:48",25961200
12300,-200,500,"bu","13:45:48",25961000
12300,-200,300,"bu","13:45:48",25960500
12300,-200,10000,"bu","13:45:48",25960200
12300,-200,200,"bu","13:45:46",25950200
12300,-200,400,"bu","13:45:44",25950000
12300,-200,600,"bu","13:45:44",25949600
12300,-200,1600,"bu","13:45:44",25949000
12300,-200,20000,"bu","13:45:44",25947400
12300,-200,2000,"bu","13:45:39",25927400
12300,-200,5000,"bu","13:45:38",25925400
12300,-200,100,"bu","13:45:38",25920400
12300,-200,20000,"bu","13:45:35",25920300
12300,-200,3000,"bu","13:45:35",25900300
12300,-200,500,"bu","13:45:35",25897300
12300,-200,5000,"bu","13:45:33",25896800
12300,-200,4000,"bu","13:45:33",25891800
12300,-200,1000,"bu","13:45:28",25887800
12300,-200,3000,"bu","13:45:26",25886800
12300,-200,2500,"bu","13:45:24",25883800
12300,-200,10000,"bu","13:45:22",25881300
12300,-200,100,"bu","13:45:15",25871300
12300,-200,10000,"bu","13:45:12",25871200
12300,-200,500,"bu","13:45:08",25861200
12300,-200,10000,"bu","13:45:06",25860700
12300,-200,100,"bu","13:44:57",25850700
12300,-200,200,"bu","13:44:57",25850600
12300,-200,1300,"bu","13:44:56",25850400
12300,-200,1000,"bu","13:44:53",25849100
12250,-250,1300,"sd","13:44:52",25848100
12300,-200,800,"bu","13:44:49",25846800
12300,-200,5000,"bu","13:44:46",25846000
12300,-200,5000,"bu","13:44:43",25841000
12300,-200,3500,"sd","13:44:42",25836000
12300,-200,1000,"sd","13:44:42",25832500
12300,-200,7000,"sd","13:44:42",25831500
12300,-200,3000,"sd","13:44:42",25824500
12300,-200,8000,"sd","13:44:42",25821500
12300,-200,100,"sd","13:44:42",25813500
12300,-200,1000,"sd","13:44:42",25813400
12300,-200,500,"sd","13:44:42",25812400
12300,-200,1100,"sd","13:44:42",25811900
12300,-200,2000,"sd","13:44:42",25810800
12300,-200,3000,"sd","13:44:42",25808800
12300,-200,600,"sd","13:44:42",25805800
12300,-200,1000,"sd","13:44:42",25805200
12300,-200,5000,"sd","13:44:42",25804200
12300,-200,500,"sd","13:44:42",25799200
12300,-200,1000,"sd","13:44:42",25798700
12300,-200,200,"sd","13:44:42",25797700
12300,-200,1000,"sd","13:44:42",25797500
12300,-200,3000,"sd","13:44:42",25796500
12300,-200,100,"sd","13:44:42",25793500
12300,-200,3000,"sd","13:44:42",25793400
12300,-200,1000,"sd","13:44:42",25790400
12300,-200,4000,"sd","13:44:42",25789400
12300,-200,18800,"sd","13:44:42",25785400
12300,-200,1200,"sd","13:44:33",25766600
12300,-200,3000,"sd","13:44:33",25765400
12300,-200,100,"sd","13:44:33",25762400
12300,-200,2000,"sd","13:44:31",25762300
12350,-150,900,"bu","13:44:30",25760300
12300,-200,1000,"sd","13:44:27",25759400
12300,-200,1900,"sd","13:43:51",25758400
12300,-200,2000,"sd","13:43:51",25756500
12300,-200,2000,"sd","13:43:49",25754500
12300,-200,10000,"sd","13:43:49",25752500
12300,-200,8000,"sd","13:43:49",25742500
12300,-200,500,"sd","13:43:49",25734500
12300,-200,9000,"sd","13:43:49",25734000
12300,-200,10000,"sd","13:43:49",25725000
12300,-200,300,"sd","13:43:49",25715000
12300,-200,1800,"sd","13:43:49",25714700
12300,-200,5000,"sd","13:43:49",25712900
12300,-200,1800,"sd","13:43:49",25707900
12300,-200,5400,"sd","13:43:49",25706100
12300,-200,1500,"sd","13:43:49",25700700
12300,-200,40000,"sd","13:43:49",25699200
12300,-200,4200,"sd","13:43:49",25659200
12300,-200,100,"sd","13:43:49",25655000
12300,-200,400,"sd","13:43:49",25654900
12300,-200,100,"sd","13:43:49",25654500
12300,-200,8000,"sd","13:43:49",25654400
12300,-200,1000,"sd","13:43:49",25646400
12300,-200,3000,"sd","13:43:49",25645400
12300,-200,600,"sd","13:43:49",25642400
12300,-200,486500,"sd","13:43:49",25641800
12300,-200,100,"sd","13:43:49",25155300
12300,-200,700,"sd","13:43:49",25155200
12300,-200,300,"sd","13:43:32",25154500
12300,-200,200,"sd","13:43:32",25154200
12300,-200,800,"sd","13:43:15",25154000
12300,-200,9200,"sd","13:43:15",25153200
12300,-200,1800,"bu","13:43:10",25144000
12300,-200,1000,"bu","13:43:08",25142200
12300,-200,500,"bu","13:43:08",25141200
12300,-200,1000,"bu","13:43:08",25140700
12300,-200,400,"bu","13:43:08",25139700
12300,-200,300,"bu","13:43:07",25139300
12300,-200,100,"bu","13:43:06",25139000
12300,-200,100,"bu","13:43:05",25138900
12300,-200,14700,"bu","13:43:04",25138800
12300,-200,17300,"bu","13:43:04",25124100
12300,-200,200,"bu","13:43:04",25106800
12300,-200,600,"bu","13:43:04",25106600
12300,-200,200,"bu","13:43:04",25106000
12300,-200,100,"bu","13:43:01",25105800
12300,-200,100,"bu","13:43:01",25105700
12300,-200,200,"bu","13:43:01",25105600
12300,-200,3000,"bu","13:43:01",25105400
12300,-200,5800,"bu","13:43:00",25102400
12300,-200,100,"bu","13:42:58",25096600
12300,-200,5000,"bu","13:42:57",25096500
12300,-200,500,"bu","13:42:54",25091500
12300,-200,200,"bu","13:42:54",25091000
12300,-200,900,"bu","13:42:54",25090800
12300,-200,300,"bu","13:42:53",25089900
12300,-200,600,"bu","13:42:50",25089600
12300,-200,3000,"bu","13:42:50",25089000
12300,-200,1000,"bu","13:42:49",25086000
12300,-200,300,"bu","13:42:48",25085000
12300,-200,400,"bu","13:42:47",25084700
12300,-200,2100,"bu","13:42:47",25084300
12300,-200,200,"sd","13:42:45",25082200
12300,-200,300,"sd","13:42:45",25082000
12300,-200,2400,"sd","13:42:45",25081700
12300,-200,1600,"sd","13:42:43",25079300
12300,-200,100,"sd","13:42:43",25077700
12300,-200,500,"sd","13:42:43",25077600
12300,-200,100,"sd","13:42:43",25077100
12300,-200,500,"sd","13:42:43",25077000
12300,-200,1200,"sd","13:42:43",25076500
12300,-200,8800,"bu","13:42:39",25075300
12300,-200,1000,"bu","13:42:37",25066500
12300,-200,100,"bu","13:42:36",25065500
12300,-200,20700,"bu","13:42:35",25065400
12300,-200,500,"bu","13:42:35",25044700
12300,-200,3600,"bu","13:42:35",25044200
12300,-200,5000,"bu","13:42:34",25040600
12300,-200,100,"bu","13:42:32",25035600
12300,-200,200,"bu","13:42:32",25035500
12300,-200,1900,"bu","13:42:31",25035300
12300,-200,500,"bu","13:42:30",25033400
12300,-200,500,"bu","13:42:30",25032900
12300,-200,100,"bu","13:42:29",25032400
12300,-200,100000,"bu","13:42:29",25032300
12300,-200,10000,"bu","13:42:29",24932300
12300,-200,3100,"bu","13:42:29",24922300
12300,-200,10000,"bu","13:42:26",24919200
12300,-200,100,"bu","13:42:24",24909200
12300,-200,10000,"bu","13:42:22",24909100
12300,-200,100,"bu","13:42:21",24899100
12300,-200,50000,"bu","13:42:21",24899000
12300,-200,3000,"bu","13:42:20",24849000
12300,-200,8100,"bu","13:42:20",24846000
12300,-200,5000,"bu","13:42:18",24837900
12300,-200,500,"bu","13:42:17",24832900
12300,-200,200,"bu","13:42:16",24832400
12300,-200,100,"bu","13:42:16",24832200
12300,-200,21700,"bu","13:42:13",24832100
12300,-200,10000,"bu","13:42:12",24810400
12300,-200,100,"bu","13:42:12",24800400
12300,-200,5000,"bu","13:42:12",24800300
12300,-200,500,"bu","13:42:11",24795300
12300,-200,300,"bu","13:42:11",24794800
12300,-200,200,"bu","13:42:07",24794500
12300,-200,10000,"bu","13:42:05",24794300
12300,-200,500,"bu","13:42:03",24784300
12300,-200,100,"bu","13:42:00",24783800
12300,-200,5000,"bu","13:42:00",24783700
12300,-200,2000,"sd","13:41:59",24778700
12300,-200,100,"sd","13:41:59",24776700
12300,-200,5000,"sd","13:41:59",24776600
12300,-200,2000,"sd","13:41:59",24771600
12300,-200,10000,"sd","13:41:59",24769600
12300,-200,30000,"sd","13:41:59",24759600
12300,-200,500,"sd","13:41:59",24729600
12300,-200,30000,"sd","13:41:59",24729100
12300,-200,5000,"sd","13:41:59",24699100
12300,-200,100,"sd","13:41:58",24694100
12300,-200,4800,"sd","13:41:58",24694000
12300,-200,100,"sd","13:41:58",24689200
12300,-200,100,"sd","13:41:58",24689100
12300,-200,1000,"sd","13:41:58",24689000
12300,-200,500,"sd","13:41:58",24688000
12300,-200,2000,"sd","13:41:58",24687500
12300,-200,300,"sd","13:41:58",24685500
12300,-200,7000,"sd","13:41:58",24685200
12300,-200,98000,"sd","13:41:58",24678200
12300,-200,200,"sd","13:41:58",24580200
12300,-200,100,"sd","13:41:58",24580000
12300,-200,4100,"sd","13:41:58",24579900
12300,-200,500,"sd","13:41:58",24575800
12300,-200,5000,"bu","13:41:31",24575300
12300,-200,10000,"bu","13:41:31",24570300
12300,-200,300,"bu","13:41:30",24560300
12300,-200,300,"bu","13:41:30",24560000
12300,-200,100,"bu","13:41:30",24559700
12300,-200,5000,"bu","13:41:28",24559600
12300,-200,200,"bu","13:41:28",24554600
12300,-200,1000,"bu","13:41:27",24554400
12300,-200,500,"bu","13:41:26",24553400
12300,-200,2300,"bu","13:41:26",24552900
12300,-200,2000,"bu","13:41:25",24550600
12300,-200,1000,"bu","13:41:25",24548600
12300,-200,10000,"bu","13:41:24",24547600
12300,-200,100,"bu","13:41:23",24537600
12300,-200,7000,"bu","13:41:23",24537500
12300,-200,500,"bu","13:41:22",24530500
12300,-200,500,"bu","13:41:22",24530000
12300,-200,100,"bu","13:41:22",24529500
12300,-200,2000,"bu","13:41:22",24529400
12300,-200,7000,"bu","13:41:22",24527400
12300,-200,2000,"bu","13:41:20",24520400
12300,-200,8000,"bu","13:41:18",24518400
12300,-200,5000,"bu","13:41:17",24510400
12300,-200,200,"bu","13:41:16",24505400
12300,-200,200,"bu","13:41:15",24505200
12300,-200,200,"bu","13:41:14",24505000
12300,-200,1100,"bu","13:41:14",24504800
12300,-200,1000,"bu","13:41:14",24503700
12300,-200,5000,"bu","13:41:12",24502700
12300,-200,5000,"bu","13:41:12",24497700
12300,-200,1000,"bu","13:41:11",24492700
12300,-200,100,"bu","13:41:11",24491700
12300,-200,1000,"bu","13:41:11",24491600
12300,-200,500,"bu","13:41:11",24490600
12300,-200,10000,"bu","13:41:10",24490100
12300,-200,1000,"bu","13:41:10",24480100
12300,-200,1200,"bu","13:41:08",24479100
12300,-200,5000,"bu","13:41:07",24477900
12300,-200,1500,"bu","13:41:07",24472900
12300,-200,20000,"unknown","13:41:07",24471400
12300,-200,500,"sd","13:41:07",24451400
12300,-200,500,"sd","13:41:07",24450900
12300,-200,100,"sd","13:41:07",24450400
12300,-200,200,"sd","13:41:07",24450300
12300,-200,200,"sd","13:41:07",24450100
12300,-200,5000,"sd","13:41:07",24449900
12300,-200,10000,"sd","13:41:07",24444900
12300,-200,500,"sd","13:41:07",24434900
12300,-200,400,"sd","13:41:07",24434400
12300,-200,100,"sd","13:41:07",24434000
12300,-200,2000,"sd","13:41:07",24433900
12300,-200,1000,"sd","13:41:07",24431900
12300,-200,200,"sd","13:41:07",24430900
12300,-200,5000,"sd","13:41:07",24430700
12300,-200,500,"sd","13:41:07",24425700
12300,-200,100,"sd","13:41:07",24425200
12300,-200,100,"sd","13:41:07",24425100
12300,-200,349700,"sd","13:41:07",24425000
12300,-200,400,"sd","13:41:02",24075300
12350,-150,100,"bu","13:41:00",24074900
12300,-200,500,"bu","13:40:50",24074800
12300,-200,10100,"bu","13:40:50",24074300
12300,-200,19300,"bu","13:40:50",24064200
12300,-200,400,"bu","13:40:50",24044900
12300,-200,200,"bu","13:40:49",24044500
12300,-200,1000,"bu","13:40:49",24044300
12300,-200,1000,"bu","13:40:49",24043300
12300,-200,500,"bu","13:40:48",24042300
12300,-200,100,"bu","13:40:47",24041800
12300,-200,2000,"bu","13:40:45",24041700
12300,-200,8000,"bu","13:40:44",24039700
12300,-200,2500,"bu","13:40:41",24031700
12300,-200,12500,"bu","13:40:41",24029200
12300,-200,31700,"bu","13:40:41",24016700
12300,-200,3000,"bu","13:40:39",23985000
12300,-200,100,"bu","13:40:38",23982000
12300,-200,1500,"bu","13:40:38",23981900
12300,-200,5300,"bu","13:40:36",23980400
12300,-200,5000,"bu","13:40:35",23975100
12300,-200,4000,"bu","13:40:34",23970100
12300,-200,5000,"bu","13:40:34",23966100
12300,-200,1100,"bu","13:40:33",23961100
12300,-200,500,"bu","13:40:33",23960000
12300,-200,200,"bu","13:40:29",23959500
12300,-200,1000,"bu","13:40:28",23959300
12300,-200,2000,"bu","13:40:28",23958300
12300,-200,19600,"bu","13:40:27",23956300
12300,-200,1400,"bu","13:40:26",23936700
12300,-200,400,"bu","13:40:24",23935300
12300,-200,5000,"bu","13:40:24",23934900
12300,-200,3000,"bu","13:40:24",23929900
12250,-250,9000,"sd","13:40:23",23926900
12250,-250,400,"sd","13:40:23",23917900
12250,-250,600,"sd","13:40:23",23917500
12300,-200,100000,"sd","13:40:19",23916900
12300,-200,5000,"sd","13:40:19",23816900
12300,-200,2800,"sd","13:40:19",23811900
12300,-200,100,"sd","13:40:19",23809100
12300,-200,100,"sd","13:40:19",23809000
12300,-200,300,"sd","13:40:19",23808900
12300,-200,2200,"sd","13:40:19",23808600
12300,-200,3000,"sd","13:40:19",23806400
12300,-200,1000,"sd","13:40:19",23803400
12300,-200,100,"sd","13:40:19",23802400
12300,-200,100,"sd","13:40:19",23802300
12300,-200,1000,"sd","13:40:19",23802200
12300,-200,1000,"sd","13:40:19",23801200
12300,-200,300,"sd","13:40:19",23800200
12300,-200,50000,"sd","13:40:19",23799900
12300,-200,1800,"sd","13:40:19",23749900
12300,-200,100,"sd","13:40:19",23748100
12300,-200,10000,"sd","13:40:19",23748000
12300,-200,200,"sd","13:40:19",23738000
12300,-200,1000,"sd","13:40:19",23737800
12300,-200,1000,"sd","13:40:19",23736800
12300,-200,5000,"sd","13:40:19",23735800
12300,-200,5000,"sd","13:40:19",23730800
12300,-200,5000,"sd","13:40:19",23725800
12300,-200,1000,"sd","13:40:19",23720800
12300,-200,600,"sd","13:40:19",23719800
12300,-200,5000,"sd","13:40:14",23719200
12300,-200,500,"sd","13:40:10",23714200
12300,-200,10000,"sd","13:39:59",23713700
12300,-200,1900,"bu","13:39:49",23703700
12300,-200,2000,"bu","13:39:49",23701800
12300,-200,300,"bu","13:39:49",23699800
12300,-200,2000,"bu","13:39:47",23699500
12300,-200,2000,"bu","13:39:46",23697500
12300,-200,5000,"bu","13:39:46",23695500
12300,-200,100000,"bu","13:39:46",23690500
12300,-200,3000,"bu","13:39:45",23590500
12300,-200,100,"bu","13:39:45",23587500
12300,-200,100,"bu","13:39:44",23587400
12300,-200,2000,"bu","13:39:42",23587300
12300,-200,1000,"bu","13:39:41",23585300
12300,-200,10700,"bu","13:39:40",23584300
12300,-200,600,"bu","13:39:40",23573600
12300,-200,3000,"bu","13:39:36",23573000
12300,-200,200,"bu","13:39:35",23570000
12300,-200,1000,"bu","13:39:35",23569800
12300,-200,300,"bu","13:39:32",23568800
12300,-200,5000,"bu","13:39:32",23568500
12300,-200,2000,"bu","13:39:32",23563500
12300,-200,200,"bu","13:39:31",23561500
12300,-200,100,"bu","13:39:28",23561300
12300,-200,20000,"bu","13:39:28",23561200
12300,-200,100,"bu","13:39:28",23541200
12300,-200,300,"bu","13:39:27",23541100
12300,-200,1000,"bu","13:39:27",23540800
12300,-200,5100,"bu","13:39:26",23539800
12300,-200,5000,"bu","13:39:26",23534700
12300,-200,1600,"bu","13:39:25",23529700
12300,-200,1000,"bu","13:39:24",23528100
12300,-200,100,"bu","13:39:23",23527100
12300,-200,30000,"bu","13:39:22",23527000
12300,-200,2000,"bu","13:39:21",23497000
12300,-200,2000,"bu","13:39:20",23495000
12300,-200,10000,"sd","13:39:19",23493000
12300,-200,900,"sd","13:39:19",23483000
12300,-200,500,"sd","13:39:19",23482100
12300,-200,30000,"sd","13:39:19",23481600
12300,-200,400,"sd","13:39:19",23451600
12300,-200,1000,"sd","13:39:19",23451200
12300,-200,4000,"sd","13:39:19",23450200
12300,-200,200,"sd","13:39:19",23446200
12300,-200,400,"sd","13:39:19",23446000
12300,-200,300,"sd","13:39:19",23445600
12300,-200,9000,"sd","13:39:19",23445300
12300,-200,34500,"sd","13:39:19",23436300
12300,-200,15500,"bu","13:39:09",23401800
12300,-200,14500,"bu","13:39:08",23386300
12300,-200,85500,"bu","13:39:08",23371800
12300,-200,300,"bu","13:39:07",23286300
12300,-200,100,"bu","13:39:05",23286000
12300,-200,50000,"bu","13:39:01",23285900
12300,-200,100,"bu","13:39:00",23235900
12300,-200,1000,"bu","13:38:59",23235800
12300,-200,100,"bu","13:38:58",23234800
12300,-200,200,"sd","13:38:56",23234700
12300,-200,10000,"sd","13:38:56",23234500
12300,-200,152700,"sd","13:38:56",23224500
12300,-200,200,"bu","13:38:53",23071800
12300,-200,47100,"bu","13:38:53",23071600
12300,-200,30000,"bu","13:38:52",23024500
12300,-200,1000,"bu","13:38:51",22994500
12300,-200,1000,"bu","13:38:51",22993500
12300,-200,100,"bu","13:38:51",22992500
12300,-200,1000,"bu","13:38:50",22992400
12300,-200,10000,"bu","13:38:49",22991400
12300,-200,2000,"bu","13:38:49",22981400
12300,-200,300,"bu","13:38:49",22979400
12300,-200,100,"bu","13:38:47",22979100
12300,-200,500,"bu","13:38:44",22979000
12300,-200,100,"bu","13:38:44",22978500
12300,-200,600,"bu","13:38:44",22978400
12300,-200,300,"bu","13:38:44",22977800
12300,-200,500,"sd","13:38:42",22977500
12300,-200,3000,"sd","13:38:42",22977000
12300,-200,20000,"sd","13:38:42",22974000
12300,-200,400,"sd","13:38:42",22954000
12300,-200,3000,"sd","13:38:42",22953600
12300,-200,3000,"sd","13:38:42",22950600
12300,-200,2000,"sd","13:38:42",22947600
12300,-200,1200,"sd","13:38:42",22945600
12300,-200,300,"sd","13:38:42",22944400
12300,-200,200,"sd","13:38:42",22944100
12300,-200,1000,"sd","13:38:42",22943900
12300,-200,1000,"sd","13:38:42",22942900
12300,-200,200,"sd","13:38:42",22941900
12300,-200,900,"sd","13:38:42",22941700
12300,-200,50000,"sd","13:38:42",22940800
12300,-200,2000,"sd","13:38:42",22890800
12300,-200,500,"sd","13:38:42",22888800
12300,-200,600,"sd","13:38:42",22888300
12300,-200,1000,"sd","13:38:42",22887700
12300,-200,400,"sd","13:38:42",22886700
12300,-200,10000,"sd","13:38:42",22886300
12300,-200,100,"sd","13:38:42",22876300
12300,-200,10000,"sd","13:38:42",22876200
12300,-200,300,"sd","13:38:42",22866200
12300,-200,1000,"sd","13:38:42",22865900
12300,-200,1000,"sd","13:38:42",22864900
12300,-200,5000,"sd","13:38:42",22863900
12300,-200,500,"sd","13:38:42",22858900
12300,-200,100,"sd","13:38:42",22858400
12300,-200,1000,"sd","13:38:42",22858300
12300,-200,500,"sd","13:38:42",22857300
12300,-200,700,"sd","13:38:42",22856800
12300,-200,200,"sd","13:38:42",22856100
12300,-200,16200,"sd","13:38:42",22855900
12300,-200,68100,"sd","13:38:42",22839700
12300,-200,8000,"sd","13:38:38",22771600
12300,-200,2000,"sd","13:38:34",22763600
12350,-150,3700,"bu","13:38:32",22761600
12350,-150,1200,"bu","13:38:28",22757900
12300,-200,200,"sd","13:38:11",22756700
12300,-200,200,"sd","13:38:04",22756500
12300,-200,100,"sd","13:37:54",22756300
12300,-200,1000,"bu","13:37:53",22756200
12300,-200,20000,"bu","13:37:53",22755200
12300,-200,400,"bu","13:37:53",22735200
12300,-200,600,"bu","13:37:52",22734800
12300,-200,1000,"bu","13:37:52",22734200
12300,-200,200,"bu","13:37:52",22733200
12300,-200,8200,"bu","13:37:52",22733000
12300,-200,21800,"bu","13:37:52",22724800
12300,-200,1100,"bu","13:37:52",22703000
12300,-200,2300,"bu","13:37:52",22701900
12300,-200,2500,"bu","13:37:52",22699600
12300,-200,10000,"bu","13:37:52",22697100
12300,-200,50000,"bu","13:37:52",22687100
12300,-200,100,"bu","13:37:52",22637100
12300,-200,50000,"bu","13:37:52",22637000
12300,-200,500,"bu","13:37:52",22587000
12300,-200,2000,"bu","13:37:52",22586500
12300,-200,40000,"bu","13:37:52",22584500
12300,-200,500,"bu","13:37:52",22544500
12300,-200,19200,"bu","13:37:52",22544000
12300,-200,5000,"bu","13:37:52",22524800
12300,-200,200,"bu","13:37:51",22519800
12300,-200,15000,"bu","13:37:50",22519600
12300,-200,100,"bu","13:37:49",22504600
12300,-200,1000,"bu","13:37:48",22504500
12250,-250,500,"sd","13:37:48",22503500
12250,-250,29500,"sd","13:37:48",22503000
12300,-200,100,"bu","13:37:48",22473500
12300,-200,40000,"bu","13:37:47",22473400
12300,-200,1000,"bu","13:37:45",22433400
12300,-200,5000,"bu","13:37:44",22432400
12300,-200,1000,"bu","13:37:44",22427400
12300,-200,5700,"bu","13:37:44",22426400
12250,-250,300,"sd","13:37:43",22420700
12300,-200,500,"bu","13:37:42",22420400
12300,-200,500,"bu","13:37:41",22419900
12300,-200,10000,"bu","13:37:39",22419400
12300,-200,100,"bu","13:37:39",22409400
12300,-200,500,"bu","13:37:38",22409300
12300,-200,2000,"bu","13:37:36",22408800
12300,-200,200,"bu","13:37:34",22406800
12300,-200,23900,"bu","13:37:30",22406600
12300,-200,500,"bu","13:37:28",22382700
12300,-200,2200,"bu","13:37:28",22382200
12300,-200,2000,"bu","13:37:27",22380000
12300,-200,10000,"bu","13:37:27",22378000
12300,-200,300,"bu","13:37:25",22368000
12300,-200,5000,"bu","13:37:25",22367700
12300,-200,500,"bu","13:37:24",22362700
12300,-200,100,"bu","13:37:23",22362200
12300,-200,200,"bu","13:37:22",22362100
12300,-200,20000,"bu","13:37:21",22361900
12300,-200,17500,"bu","13:37:20",22341900
12300,-200,500,"bu","13:37:18",22324400
12300,-200,400,"bu","13:37:17",22323900
12300,-200,200,"bu","13:37:16",22323500
12300,-200,100,"bu","13:37:16",22323300
12300,-200,9500,"bu","13:37:14",22323200
12300,-200,500,"bu","13:37:14",22313700
12300,-200,16800,"bu","13:37:10",22313200
12300,-200,33200,"bu","13:37:10",22296400
12300,-200,2000,"bu","13:37:08",22263200
12300,-200,3000,"bu","13:37:04",22261200
12300,-200,12400,"bu","13:37:03",22258200
12300,-200,7600,"bu","13:37:03",22245800
12300,-200,200,"bu","13:37:03",22238200
12300,-200,400,"bu","13:37:03",22238000
12300,-200,2000,"bu","13:36:55",22237600
12300,-200,100,"bu","13:36:55",22235600
12250,-250,200,"sd","13:36:54",22235500
12250,-250,800,"sd","13:36:54",22235300
12300,-200,200,"bu","13:36:51",22234500
12300,-200,100,"bu","13:36:50",22234300
12300,-200,300,"bu","13:36:49",22234200
12300,-200,2000,"bu","13:36:49",22233900
12300,-200,1000,"bu","13:36:47",22231900
12300,-200,400,"bu","13:36:46",22230900
12300,-200,20000,"bu","13:36:37",22230500
12300,-200,20000,"bu","13:36:35",22210500
12300,-200,100,"bu","13:36:34",22190500
12300,-200,100,"bu","13:36:29",22190400
12300,-200,500,"bu","13:36:29",22190300
12300,-200,100,"bu","13:36:28",22189800
12300,-200,700,"bu","13:36:18",22189700
12300,-200,20000,"bu","13:36:18",22189000
12300,-200,1300,"bu","13:36:17",22169000
12300,-200,400,"bu","13:36:16",22167700
12300,-200,2000,"bu","13:36:12",22167300
12250,-250,800,"sd","13:36:11",22165300
12300,-200,5000,"bu","13:36:10",22164500
12300,-200,100,"bu","13:36:07",22159500
12300,-200,200,"bu","13:36:04",22159400
12250,-250,900,"sd","13:36:02",22159200
12250,-250,2000,"sd","13:36:02",22158300
12250,-250,300,"sd","13:36:02",22156300
12250,-250,100,"sd","13:36:02",22156000
12250,-250,200,"sd","13:36:02",22155900
12250,-250,200,"sd","13:36:02",22155700
12250,-250,1300,"sd","13:36:02",22155500
12300,-200,2000,"bu","13:36:00",22154200
12250,-250,1700,"sd","13:35:57",22152200
12250,-250,5000,"sd","13:35:57",22150500
12250,-250,1200,"sd","13:35:57",22145500
12300,-200,200,"bu","13:35:56",22144300
12300,-200,1000,"bu","13:35:51",22144100
12300,-200,700,"bu","13:35:48",22143100
12300,-200,500,"bu","13:35:47",22142400
12300,-200,300,"bu","13:35:46",22141900
12300,-200,5000,"bu","13:35:44",22141600
12300,-200,1000,"bu","13:35:44",22136600
12300,-200,2800,"bu","13:35:43",22135600
12300,-200,10000,"bu","13:35:42",22132800
12300,-200,500,"bu","13:35:41",22122800
12300,-200,3000,"bu","13:35:41",22122300
12300,-200,1000,"bu","13:35:40",22119300
12300,-200,1400,"bu","13:35:39",22118300
12300,-200,10000,"bu","13:35:38",22116900
12300,-200,5000,"bu","13:35:37",22106900
12300,-200,100,"bu","13:35:36",22101900
12300,-200,500,"bu","13:35:35",22101800
12300,-200,1000,"bu","13:35:33",22101300
12300,-200,300,"sd","13:35:33",22100300
12300,-200,100,"sd","13:35:33",22100000
12300,-200,100,"sd","13:35:33",22099900
12300,-200,3000,"sd","13:35:33",22099800
12300,-200,1000,"sd","13:35:33",22096800
12300,-200,2000,"sd","13:35:33",22095800
12300,-200,2000,"sd","13:35:33",22093800
12300,-200,10000,"sd","13:35:33",22091800
12300,-200,10000,"sd","13:35:33",22081800
12300,-200,1000,"sd","13:35:33",22071800
12300,-200,2000,"sd","13:35:33",22070800
12300,-200,100,"sd","13:35:33",22068800
12300,-200,200,"sd","13:35:33",22068700
12300,-200,100,"sd","13:35:33",22068500
12300,-200,1000,"sd","13:35:33",22068400
12300,-200,5000,"sd","13:35:33",22067400
12300,-200,3000,"sd","13:35:33",22062400
12300,-200,100,"sd","13:35:33",22059400
12300,-200,7000,"sd","13:35:33",22059300
12300,-200,1000,"sd","13:35:33",22052300
12300,-200,20000,"sd","13:35:33",22051300
12300,-200,200,"sd","13:35:33",22031300
12300,-200,800,"sd","13:35:31",22031100
12300,-200,2200,"sd","13:35:31",22030300
12300,-200,2000,"sd","13:35:21",22028100
12300,-200,800,"sd","13:35:15",22026100
12300,-200,200,"sd","13:35:15",22025300
12300,-200,400,"bu","13:35:08",22025100
12300,-200,500,"bu","13:35:08",22024700
12300,-200,200,"bu","13:35:08",22024200
12300,-200,100,"bu","13:35:08",22024000
12300,-200,4800,"bu","13:35:08",22023900
12300,-200,3800,"bu","13:35:08",22019100
12300,-200,1200,"bu","13:35:07",22015300
12300,-200,3800,"bu","13:35:07",22014100
12300,-200,2000,"bu","13:35:07",22010300
12300,-200,600,"bu","13:35:06",22008300
12300,-200,200,"bu","13:35:05",22007700
12300,-200,5000,"bu","13:35:04",22007500
12300,-200,1000,"bu","13:35:04",22002500
12300,-200,1300,"bu","13:35:04",22001500
12300,-200,100,"bu","13:35:03",22000200
12300,-200,5000,"bu","13:35:03",22000100
12300,-200,1000,"bu","13:35:02",21995100
12300,-200,6000,"bu","13:35:02",21994100
12300,-200,20000,"bu","13:35:02",21988100
12300,-200,2300,"bu","13:35:02",21968100
12300,-200,200,"bu","13:35:02",21965800
12300,-200,10000,"bu","13:35:02",21965600
12300,-200,5000,"bu","13:35:02",21955600
12300,-200,55500,"bu","13:35:02",21950600
12300,-200,500,"bu","13:35:01",21895100
12300,-200,200,"bu","13:35:01",21894600
12300,-200,3100,"bu","13:35:00",21894400
12300,-200,1000,"bu","13:35:00",21891300
12300,-200,100,"bu","13:34:57",21890300
12300,-200,200,"bu","13:34:53",21890200
12300,-200,3000,"bu","13:34:52",21890000
12300,-200,1000,"bu","13:34:52",21887000
12300,-200,1000,"bu","13:34:49",21886000
12300,-200,500,"bu","13:34:49",21885000
12300,-200,1000,"bu","13:34:45",21884500
12300,-200,1000,"bu","13:34:44",21883500
12300,-200,3000,"bu","13:34:44",21882500
12300,-200,10000,"bu","13:34:43",21879500
12300,-200,400,"bu","13:34:38",21869500
12300,-200,15000,"bu","13:34:37",21869100
12250,-250,700,"sd","13:34:36",21854100
12300,-200,1000,"bu","13:34:36",21853400
12300,-200,3000,"bu","13:34:35",21852400
12300,-200,5000,"bu","13:34:34",21849400
12300,-200,1300,"bu","13:34:33",21844400
12300,-200,2000,"bu","13:34:30",21843100
12300,-200,10000,"bu","13:34:26",21841100
12300,-200,800,"bu","13:34:26",21831100
12300,-200,500,"bu","13:34:25",21830300
12300,-200,1600,"bu","13:34:21",21829800
12300,-200,500,"bu","13:34:20",21828200
12300,-200,22700,"bu","13:34:19",21827700
12300,-200,2500,"bu","13:34:19",21805000
12300,-200,100,"bu","13:34:18",21802500
12300,-200,1000,"bu","13:34:13",21802400
12300,-200,100,"bu","13:34:12",21801400
12300,-200,100,"bu","13:34:11",21801300
12300,-200,2000,"bu","13:34:09",21801200
12300,-200,300,"bu","13:34:02",21799200
12300,-200,200,"bu","13:33:55",21798900
12300,-200,2000,"bu","13:33:53",21798700
12300,-200,100,"bu","13:33:52",21796700
12300,-200,10000,"bu","13:33:49",21796600
12300,-200,2000,"sd","13:33:49",21786600
12300,-200,10000,"sd","13:33:49",21784600
12300,-200,5000,"sd","13:33:49",21774600
12300,-200,6000,"sd","13:33:49",21769600
12300,-200,11700,"sd","13:33:49",21763600
12300,-200,2000,"sd","13:33:49",21751900
12300,-200,12000,"bu","13:33:42",21749900
12300,-200,800,"bu","13:33:42",21737900
12300,-200,2000,"bu","13:33:42",21737100
12300,-200,300,"bu","13:33:42",21735100
12300,-200,1900,"bu","13:33:42",21734800
12300,-200,100,"bu","13:33:41",21732900
12300,-200,3000,"bu","13:33:41",21732800
12300,-200,10200,"bu","13:33:40",21729800
12300,-200,5000,"bu","13:33:40",21719600
12300,-200,2300,"bu","13:33:40",21714600
12300,-200,1700,"bu","13:33:39",21712300
12300,-200,1000,"bu","13:33:39",21710600
12300,-200,2900,"bu","13:33:38",21709600
12300,-200,10000,"bu","13:33:36",21706700
12250,-250,2000,"sd","13:33:36",21696700
12300,-200,30000,"bu","13:33:36",21694700
12300,-200,2000,"bu","13:33:35",21664700
12300,-200,4000,"bu","13:33:32",21662700
12250,-250,1000,"sd","13:33:32",21658700
12300,-200,10000,"bu","13:33:32",21657700
12300,-200,500,"bu","13:33:26",21647700
12300,-200,3600,"bu","13:33:25",21647200
12300,-200,9500,"bu","13:33:25",21643600
12300,-200,14300,"bu","13:33:25",21634100
12300,-200,3000,"bu","13:33:25",21619800
12300,-200,100,"bu","13:33:25",21616800
12300,-200,60000,"bu","13:33:25",21616700
12300,-200,13100,"bu","13:33:25",21556700
12300,-200,100,"bu","13:33:22",21543600
12300,-200,10000,"bu","13:33:21",21543500
12300,-200,5000,"bu","13:33:19",21533500
12300,-200,2500,"bu","13:33:17",21528500
12300,-200,19300,"bu","13:33:17",21526000
12300,-200,700,"bu","13:33:17",21506700
12300,-200,500,"bu","13:33:15",21506000
12300,-200,1000,"bu","13:33:15",21505500
12300,-200,1000,"bu","13:33:14",21504500
12300,-200,100,"bu","13:33:14",21503500
12300,-200,200,"bu","13:33:13",21503400
12300,-200,100,"bu","13:33:12",21503200
12300,-200,5000,"bu","13:33:10",21503100
12300,-200,500,"bu","13:33:10",21498100
12250,-250,100,"sd","13:33:08",21497600
12300,-200,10000,"bu","13:33:08",21497500
12300,-200,10000,"bu","13:33:06",21487500
12300,-200,200,"bu","13:33:04",21477500
12300,-200,2000,"bu","13:33:04",21477300
12300,-200,10000,"bu","13:33:03",21475300
12300,-200,500,"bu","13:33:02",21465300
12300,-200,2400,"bu","13:33:02",21464800
12300,-200,2000,"bu","13:33:01",21462400
12300,-200,2000,"bu","13:33:00",21460400
12300,-200,100,"bu","13:32:58",21458400
12300,-200,100,"bu","13:32:55",21458300
12300,-200,500,"bu","13:32:54",21458200
12300,-200,1100,"bu","13:32:53",21457700
12300,-200,3900,"bu","13:32:53",21456600
12300,-200,100,"bu","13:32:53",21452700
12300,-200,200,"bu","13:32:53",21452600
12300,-200,200,"bu","13:32:49",21452400
12300,-200,200,"bu","13:32:47",21452200
12300,-200,5000,"bu","13:32:47",21452000
12300,-200,1000,"bu","13:32:46",21447000
12300,-200,1000,"bu","13:32:45",21446000
12300,-200,3000,"bu","13:32:44",21445000
12300,-200,100,"bu","13:32:43",21442000
12300,-200,5000,"bu","13:32:43",21441900
12300,-200,5000,"bu","13:32:42",21436900
12300,-200,20000,"sd","13:32:40",21431900
12300,-200,5000,"sd","13:32:40",21411900
12300,-200,300,"sd","13:32:40",21406900
12300,-200,1000,"sd","13:32:40",21406600
12300,-200,500,"sd","13:32:40",21405600
12300,-200,100,"sd","13:32:40",21405100
12300,-200,100,"sd","13:32:40",21405000
12300,-200,3500,"sd","13:32:40",21404900
12300,-200,5000,"sd","13:32:40",21401400
12300,-200,3000,"sd","13:32:40",21396400
12300,-200,1000,"sd","13:32:40",21393400
12300,-200,1000,"sd","13:32:40",21392400
12300,-200,500,"sd","13:32:40",21391400
12300,-200,1000,"sd","13:32:40",21390900
12300,-200,100,"sd","13:32:40",21389900
12300,-200,5000,"sd","13:32:40",21389800
12300,-200,100,"sd","13:32:40",21384800
12300,-200,10000,"sd","13:32:40",21384700
12300,-200,100,"sd","13:32:40",21374700
12300,-200,7100,"sd","13:32:40",21374600
12300,-200,2000,"sd","13:32:40",21367500
12300,-200,100,"sd","13:32:40",21365500
12300,-200,400,"sd","13:32:40",21365400
12300,-200,40000,"sd","13:32:40",21365000
12300,-200,1000,"sd","13:32:40",21325000
12300,-200,500,"sd","13:32:40",21324000
12300,-200,500,"sd","13:32:40",21323500
12300,-200,100,"sd","13:32:40",21323000
12300,-200,5000,"sd","13:32:40",21322900
12300,-200,100,"sd","13:32:40",21317900
12300,-200,200,"sd","13:32:40",21317800
12300,-200,100,"sd","13:32:40",21317600
12300,-200,100,"sd","13:32:40",21317500
12300,-200,200,"sd","13:32:40",21317400
12300,-200,500,"sd","13:32:40",21317200
12300,-200,100,"sd","13:32:40",21316700
12300,-200,500,"sd","13:32:40",21316600
12300,-200,300,"sd","13:32:40",21316100
12300,-200,1000,"sd","13:32:40",21315800
12300,-200,10000,"sd","13:32:40",21314800
12300,-200,100,"sd","13:32:40",21304800
12300,-200,100,"sd","13:32:40",21304700
12300,-200,100,"sd","13:32:40",21304600
12300,-200,200,"sd","13:32:40",21304500
12300,-200,500,"sd","13:32:40",21304300
12300,-200,1000,"sd","13:32:40",21303800
12300,-200,500,"sd","13:32:40",21302800
12300,-200,2000,"sd","13:32:40",21302300
12300,-200,2000,"sd","13:32:40",21300300
12300,-200,3000,"sd","13:32:40",21298300
12300,-200,500,"sd","13:32:40",21295300
12300,-200,5000,"sd","13:32:40",21294800
12300,-200,1000,"sd","13:32:40",21289800
12300,-200,1000,"sd","13:32:40",21288800
12300,-200,6000,"sd","13:32:40",21287800
12300,-200,100,"sd","13:32:40",21281800
12300,-200,300,"sd","13:32:40",21281700
12300,-200,500,"sd","13:32:40",21281400
12300,-200,1000,"sd","13:32:40",21280900
12300,-200,23300,"sd","13:32:40",21279900
12350,-150,1400,"bu","13:32:35",21256600
12350,-150,200,"bu","13:32:27",21255200
12350,-150,6400,"bu","13:32:27",21255000
12350,-150,5000,"bu","13:32:27",21248600
12350,-150,1200,"bu","13:32:27",21243600
12350,-150,2000,"bu","13:32:27",21242400
12350,-150,5400,"bu","13:32:27",21240400
12350,-150,100,"bu","13:32:22",21235000
12350,-150,300,"bu","13:32:22",21234900
12350,-150,100,"bu","13:32:21",21234600
12350,-150,200,"bu","13:32:06",21234500
12350,-150,1100,"bu","13:31:57",21234300
12350,-150,300,"bu","13:31:49",21233200
12350,-150,100,"bu","13:31:48",21232900
12350,-150,200,"bu","13:31:48",21232800
12300,-200,100,"sd","13:31:43",21232600
12350,-150,200,"bu","13:31:42",21232500
12350,-150,1000,"bu","13:31:42",21232300
12300,-200,100,"sd","13:31:39",21231300
12350,-150,1000,"bu","13:31:38",21231200
12350,-150,500,"bu","13:31:38",21230200
12350,-150,300,"bu","13:31:38",21229700
12350,-150,100,"bu","13:31:38",21229400
12350,-150,500,"bu","13:31:38",21229300
12350,-150,100,"bu","13:31:38",21228800
12350,-150,400,"bu","13:31:38",21228700
12350,-150,1000,"bu","13:31:38",21228300
12350,-150,2600,"bu","13:31:38",21227300
12350,-150,100,"bu","13:31:34",21224700
12350,-150,300,"bu","13:31:33",21224600
12350,-150,700,"bu","13:31:33",21224300
12350,-150,300,"bu","13:31:32",21223600
12350,-150,700,"bu","13:31:32",21223300
12350,-150,2300,"bu","13:31:29",21222600
12350,-150,700,"bu","13:31:29",21220300
12350,-150,1000,"bu","13:31:28",21219600
12350,-150,1300,"bu","13:31:24",21218600
12350,-150,1700,"bu","13:31:24",21217300
12350,-150,300,"bu","13:31:22",21215600
12350,-150,2500,"bu","13:31:22",21215300
12350,-150,10000,"bu","13:31:18",21212800
12350,-150,100,"bu","13:31:17",21202800
12350,-150,500,"bu","13:31:17",21202700
12350,-150,6400,"bu","13:31:16",21202200
12300,-200,1000,"sd","13:31:16",21195800
12300,-200,1200,"sd","13:31:16",21194800
12300,-200,30000,"sd","13:31:16",21193600
12300,-200,1500,"sd","13:31:16",21163600
12300,-200,300,"sd","13:31:16",21162100
12300,-200,7600,"sd","13:31:16",21161800
12300,-200,2000,"sd","13:31:16",21154200
12300,-200,100,"sd","13:31:16",21152200
12300,-200,300,"sd","13:31:16",21152100
12300,-200,600,"sd","13:31:16",21151800
12300,-200,100,"sd","13:31:16",21151200
12300,-200,36500,"sd","13:31:16",21151100
12300,-200,200,"sd","13:31:16",21114600
12300,-200,500,"sd","13:31:16",21114400
12300,-200,5000,"sd","13:31:16",21113900
12300,-200,500,"sd","13:31:16",21108900
12300,-200,1000,"sd","13:31:16",21108400
12300,-200,200,"sd","13:31:16",21107400
12300,-200,1000,"sd","13:31:16",21107200
12300,-200,200,"sd","13:31:16",21106200
12300,-200,2000,"sd","13:31:16",21106000
12300,-200,2900,"sd","13:31:16",21104000
12300,-200,500,"sd","13:31:16",21101100
12300,-200,1000,"sd","13:31:16",21100600
12300,-200,800,"sd","13:31:16",21099600
12300,-200,1000,"sd","13:31:16",21098800
