"price","change","match_qtty","side","time","total_vol"
23600,0,321800,"sd","14:45:03",7241900
23650,50,5000,"bu","14:29:55",6920100
23650,50,1000,"bu","14:29:50",6915100
23650,50,500,"bu","14:29:41",6914100
23650,50,500,"bu","14:29:39",6913600
23650,50,7400,"bu","14:29:39",6913100
23650,50,500,"bu","14:29:39",6905700
23600,0,200,"sd","14:29:26",6905200
23650,50,100,"bu","14:29:26",6905000
23600,0,8700,"sd","14:29:24",6904900
23600,0,200,"sd","14:29:24",6896200
23600,0,200,"sd","14:29:24",6896000
23600,0,800,"sd","14:29:24",6895800
23600,0,100,"sd","14:29:24",6895000
23600,0,2000,"sd","14:29:18",6894900
23600,0,2000,"sd","14:29:15",6892900
23600,0,1000,"sd","14:29:10",6890900
23600,0,1500,"sd","14:28:46",6889900
23600,0,300,"bu","14:28:45",6888400
23600,0,5000,"bu","14:28:45",6888100
23600,0,200,"bu","14:28:45",6883100
23600,0,300,"bu","14:28:45",6882900
23600,0,7600,"bu","14:28:45",6882600
23600,0,22400,"bu","14:28:44",6875000
23600,0,2000,"bu","14:28:44",6852600
23600,0,1100,"bu","14:28:44",6850600
23600,0,500,"bu","14:28:44",6849500
23600,0,100,"bu","14:28:44",6849000
23600,0,200,"bu","14:28:44",6848900
23600,0,2000,"bu","14:28:44",6848700
23600,0,100,"bu","14:28:44",6846700
23600,0,3200,"bu","14:28:44",6846600
23600,0,2000,"bu","14:28:44",6843400
23600,0,1000,"bu","14:28:44",6841400
23600,0,1000,"bu","14:28:44",6840400
23600,0,1000,"bu","14:28:44",6839400
23600,0,300,"bu","14:28:44",6838400
23600,0,100,"bu","14:28:44",6838100
23600,0,9000,"bu","14:28:44",6838000
23600,0,2000,"bu","14:28:44",6829000
23600,0,1000,"bu","14:28:44",6827000
23600,0,1000,"bu","14:28:44",6826000
23600,0,100,"bu","14:28:41",6825000
23600,0,3000,"bu","14:28:40",6824900
23600,0,800,"bu","14:28:38",6821900
23600,0,100,"bu","14:28:38",6821100
23600,0,500,"bu","14:28:38",6821000
23600,0,29400,"bu","14:28:38",6820500
23600,0,800,"bu","14:28:38",6791100
23550,-50,500,"sd","14:28:37",6790300
23600,0,1800,"bu","14:28:36",6789800
23600,0,18000,"bu","14:28:36",6788000
23600,0,500,"bu","14:28:35",6770000
23600,0,200,"bu","14:28:35",6769500
23600,0,6300,"bu","14:28:35",6769300
23600,0,500,"bu","14:28:33",6763000
23600,0,200,"bu","14:28:33",6762500
23600,0,300,"bu","14:28:33",6762300
23600,0,5000,"bu","14:28:33",6762000
23600,0,1500,"bu","14:28:33",6757000
23600,0,900,"bu","14:28:33",6755500
23600,0,1500,"bu","14:28:33",6754600
23600,0,7000,"bu","14:28:33",6753100
23600,0,15000,"bu","14:28:33",6746100
23600,0,1600,"bu","14:28:33",6731100
23600,0,5200,"bu","14:28:33",6729500
23600,0,600,"bu","14:28:33",6724300
23600,0,1000,"bu","14:28:33",6723700
23600,0,1000,"bu","14:28:33",6722700
23600,0,900,"bu","14:28:33",6721700
23600,0,3000,"bu","14:28:33",6720800
23600,0,1000,"bu","14:28:33",6717800
23600,0,200,"bu","14:28:33",6716800
23600,0,3000,"bu","14:28:33",6716600
23600,0,100,"bu","14:28:33",6713600
23600,0,1000,"bu","14:28:33",6713500
23600,0,3400,"bu","14:28:23",6712500
23600,0,100,"bu","14:28:23",6709100
23600,0,200,"bu","14:28:23",6709000
23600,0,100,"bu","14:28:23",6708800
23600,0,500,"bu","14:28:23",6708700
23600,0,1500,"bu","14:28:23",6708200
23600,0,1000,"bu","14:28:23",6706700
23600,0,100,"bu","14:28:23",6705700
23600,0,300,"bu","14:28:23",6705600
23600,0,1000,"bu","14:28:23",6705300
23600,0,1800,"bu","14:28:23",6704300
23550,-50,1700,"sd","14:27:58",6702500
23550,-50,500,"sd","14:27:58",6700800
23600,0,200,"bu","14:27:57",6700300
23600,0,2000,"bu","14:27:57",6700100
23600,0,200,"bu","14:27:45",6698100
23600,0,200,"bu","14:27:43",6697900
23600,0,600,"bu","14:27:41",6697700
23600,0,1400,"bu","14:27:41",6697100
23600,0,8600,"bu","14:27:40",6695700
23600,0,500,"bu","14:27:40",6687100
23600,0,100,"bu","14:27:40",6686600
23600,0,3500,"bu","14:27:40",6686500
23550,-50,100,"sd","14:27:29",6683000
23600,0,500,"bu","14:27:21",6682900
23550,-50,300,"sd","14:27:10",6682400
23550,-50,1700,"sd","14:27:10",6682100
23550,-50,500,"sd","14:27:07",6680400
23550,-50,1500,"sd","14:27:00",6679900
23600,0,300,"bu","14:26:58",6678400
23600,0,5700,"bu","14:26:56",6678100
23600,0,1000,"bu","14:26:56",6672400
23600,0,3300,"bu","14:26:56",6671400
23600,0,2000,"bu","14:26:55",6668100
23600,0,2200,"bu","14:26:49",6666100
23550,-50,5000,"sd","14:26:46",6663900
23600,0,200,"bu","14:26:37",6658900
23600,0,1000,"bu","14:26:21",6658700
23600,0,500,"bu","14:26:17",6657700
23600,0,500,"bu","14:26:17",6657200
23600,0,500,"bu","14:26:14",6656700
23550,-50,100,"sd","14:26:13",6656200
23600,0,100,"bu","14:26:04",6656100
23600,0,300,"bu","14:25:58",6656000
23600,0,2000,"bu","14:25:45",6655700
23600,0,300,"bu","14:25:43",6653700
23600,0,300,"bu","14:25:40",6653400
23600,0,1000,"bu","14:25:22",6653100
23600,0,700,"bu","14:25:19",6652100
23550,-50,100,"sd","14:25:11",6651400
23600,0,200,"bu","14:25:11",6651300
23600,0,2000,"bu","14:25:06",6651100
23600,0,100,"bu","14:25:05",6649100
23600,0,1000,"bu","14:25:01",6649000
23600,0,13300,"bu","14:24:56",6648000
23600,0,100,"bu","14:24:28",6634700
23600,0,100,"bu","14:24:27",6634600
23600,0,300,"bu","14:24:27",6634500
23550,-50,400,"sd","14:24:25",6634200
23550,-50,5000,"sd","14:24:23",6633800
23600,0,5000,"bu","14:24:21",6628800
23600,0,100,"bu","14:24:19",6623800
23600,0,200,"bu","14:24:11",6623700
23600,0,1000,"bu","14:24:11",6623500
23600,0,11700,"bu","14:24:06",6622500
23600,0,600,"bu","14:24:06",6610800
23600,0,100,"bu","14:24:06",6610200
23600,0,300,"bu","14:24:06",6610100
23600,0,200,"bu","14:24:00",6609800
23600,0,300,"bu","14:24:00",6609600
23600,0,1500,"bu","14:23:58",6609300
23600,0,100,"bu","14:23:58",6607800
23600,0,200,"bu","14:23:58",6607700
23600,0,200,"bu","14:23:58",6607500
23600,0,100,"bu","14:23:58",6607300
23600,0,2900,"bu","14:23:58",6607200
23550,-50,20000,"sd","14:23:57",6604300
23550,-50,400,"sd","14:23:54",6584300
23600,0,2500,"bu","14:23:48",6583900
23550,-50,2300,"sd","14:23:47",6581400
23550,-50,300,"sd","14:23:47",6579100
23550,-50,400,"sd","14:23:47",6578800
23550,-50,200,"sd","14:23:40",6578400
23600,0,1000,"bu","14:23:27",6578200
23600,0,500,"bu","14:23:17",6577200
23600,0,600,"bu","14:23:11",6576700
23600,0,2000,"bu","14:23:11",6576100
23600,0,400,"bu","14:23:11",6574100
23600,0,100,"bu","14:22:16",6573700
23600,0,100,"bu","14:21:46",6573600
23600,0,700,"bu","14:21:46",6573500
23600,0,400,"bu","14:21:46",6572800
23600,0,3000,"bu","14:21:46",6572400
23600,0,7000,"bu","14:21:46",6569400
23600,0,2500,"bu","14:21:46",6562400
23600,0,100,"bu","14:21:46",6559900
23600,0,2000,"bu","14:21:46",6559800
23600,0,100,"bu","14:21:46",6557800
23600,0,500,"bu","14:21:46",6557700
23600,0,2000,"bu","14:21:46",6557200
23600,0,500,"bu","14:21:46",6555200
23600,0,1000,"bu","14:21:46",6554700
23600,0,100,"bu","14:21:46",6553700
23600,0,500,"bu","14:21:46",6553600
23600,0,29500,"bu","14:21:46",6553100
23600,0,100,"bu","14:21:31",6523600
23550,-50,2000,"sd","14:20:45",6523500
23550,-50,100,"sd","14:20:45",6521500
23550,-50,1500,"sd","14:20:12",6521400
23550,-50,1000,"sd","14:20:12",6519900
23550,-50,100,"sd","14:20:12",6518900
23550,-50,1000,"sd","14:20:12",6518800
23550,-50,1400,"sd","14:20:12",6517800
23550,-50,1100,"sd","14:20:09",6516400
23550,-50,900,"sd","14:20:09",6515300
23550,-50,100,"sd","14:20:07",6514400
23550,-50,9900,"sd","14:20:07",6514300
23600,0,400,"bu","14:19:48",6504400
23600,0,600,"bu","14:19:48",6504000
23600,0,1000,"bu","14:19:44",6503400
23600,0,100,"bu","14:19:42",6502400
23600,0,200,"bu","14:19:32",6502300
23550,-50,2100,"sd","14:19:19",6502100
23550,-50,3000,"sd","14:19:16",6500000
23550,-50,5000,"sd","14:19:01",6497000
23550,-50,30000,"sd","14:18:57",6492000
23550,-50,15000,"sd","14:18:34",6462000
23550,-50,200,"sd","14:18:30",6447000
23550,-50,700,"sd","14:18:15",6446800
23550,-50,20000,"sd","14:18:00",6446100
23550,-50,1500,"sd","14:17:22",6426100
23550,-50,5000,"sd","14:17:01",6424600
23550,-50,3600,"sd","14:16:44",6419600
23600,0,500,"bu","14:16:33",6416000
23550,-50,1000,"sd","14:16:33",6415500
23550,-50,1000,"sd","14:16:33",6414500
23550,-50,1000,"sd","14:16:33",6413500
23550,-50,400,"sd","14:16:33",6412500
23550,-50,900,"sd","14:16:33",6412100
23550,-50,3500,"sd","14:16:20",6411200
23550,-50,4000,"sd","14:16:08",6407700
23600,0,1000,"bu","14:16:05",6403700
23550,-50,4600,"sd","14:16:03",6402700
23550,-50,2000,"sd","14:15:56",6398100
23550,-50,500,"sd","14:15:56",6396100
23550,-50,3900,"sd","14:15:56",6395600
23550,-50,2600,"sd","14:15:47",6391700
23600,0,5000,"bu","14:15:35",6389100
23550,-50,2400,"sd","14:15:32",6384100
23550,-50,1900,"sd","14:15:32",6381700
23550,-50,2000,"sd","14:15:20",6379800
23600,0,1600,"bu","14:14:54",6377800
23600,0,400,"bu","14:14:54",6376200
23600,0,500,"bu","14:14:54",6375800
23600,0,300,"bu","14:14:54",6375300
23600,0,1000,"bu","14:14:54",6375000
23600,0,2000,"bu","14:14:54",6374000
23600,0,500,"bu","14:14:54",6372000
23600,0,100,"bu","14:14:54",6371500
23600,0,100,"bu","14:14:54",6371400
23600,0,100,"bu","14:14:54",6371300
23600,0,1900,"bu","14:14:54",6371200
23600,0,100,"bu","14:14:54",6369300
23600,0,1000,"bu","14:14:54",6369200
23600,0,400,"bu","14:14:54",6368200
23550,-50,1300,"sd","14:14:30",6367800
23600,0,300,"bu","14:14:08",6366500
23600,0,300,"bu","14:13:35",6366200
23600,0,200,"bu","14:13:35",6365900
23600,0,2500,"bu","14:13:35",6365700
23550,-50,500,"sd","14:13:13",6363200
23550,-50,100,"sd","14:12:56",6362700
23550,-50,100,"sd","14:12:31",6362600
23600,0,500,"bu","14:12:28",6362500
23600,0,500,"bu","14:12:28",6362000
23550,-50,4000,"sd","14:12:22",6361500
23550,-50,100,"sd","14:12:16",6357500
23600,0,3000,"bu","14:11:45",6357400
23600,0,900,"bu","14:10:51",6354400
23600,0,600,"bu","14:10:42",6353500
23600,0,300,"bu","14:10:42",6352900
23600,0,2600,"bu","14:10:42",6352600
23600,0,500,"bu","14:10:15",6350000
23600,0,2000,"bu","14:09:56",6349500
23550,-50,200,"sd","14:09:50",6347500
23550,-50,100,"sd","14:09:43",6347300
23550,-50,400,"sd","14:09:43",6347200
23550,-50,2200,"sd","14:09:37",6346800
23550,-50,800,"sd","14:09:37",6344600
23550,-50,100,"sd","14:09:30",6343800
23550,-50,1000,"sd","14:09:28",6343700
23550,-50,100,"sd","14:08:56",6342700
23550,-50,100,"sd","14:08:52",6342600
23550,-50,1000,"sd","14:08:25",6342500
23550,-50,200,"sd","14:08:14",6341500
23550,-50,1000,"sd","14:08:14",6341300
23550,-50,1000,"bu","14:08:14",6340300
23550,-50,500,"bu","14:08:14",6339300
23550,-50,4200,"bu","14:08:14",6338800
23550,-50,20000,"bu","14:08:04",6334600
23550,-50,600,"bu","14:07:46",6314600
23550,-50,2400,"bu","14:07:41",6314000
23500,-100,100,"sd","14:07:15",6311600
23550,-50,1000,"bu","14:07:06",6311500
23550,-50,1000,"bu","14:07:02",6310500
23550,-50,100,"bu","14:06:56",6309500
23550,-50,700,"bu","14:06:51",6309400
23550,-50,300,"bu","14:06:51",6308700
23500,-100,200,"sd","14:06:50",6308400
23550,-50,100,"bu","14:06:50",6308200
23550,-50,2600,"bu","14:06:40",6308100
23550,-50,6000,"bu","14:06:40",6305500
23550,-50,2000,"bu","14:06:40",6299500
23550,-50,5000,"bu","14:06:40",6297500
23550,-50,500,"bu","14:06:40",6292500
23550,-50,200,"bu","14:06:40",6292000
23550,-50,3000,"bu","14:06:40",6291800
23550,-50,1000,"bu","14:06:40",6288800
23550,-50,4600,"bu","14:06:40",6287800
23550,-50,400,"bu","14:06:38",6283200
23550,-50,600,"bu","14:06:38",6282800
23550,-50,1000,"bu","14:06:25",6282200
23500,-100,5000,"sd","14:06:24",6281200
23550,-50,1000,"bu","14:06:18",6276200
23500,-100,3700,"sd","14:06:17",6275200
23550,-50,1000,"bu","14:06:15",6271500
23500,-100,3000,"sd","14:06:11",6270500
23500,-100,1000,"sd","14:06:10",6267500
23550,-50,600,"bu","14:05:48",6266500
23550,-50,200,"bu","14:05:48",6265900
23500,-100,300,"sd","14:05:42",6265700
23550,-50,600,"bu","14:05:37",6265400
23550,-50,400,"bu","14:05:37",6264800
23550,-50,1000,"bu","14:05:00",6264400
23550,-50,1000,"bu","14:04:54",6263400
23550,-50,500,"bu","14:04:31",6262400
23550,-50,5000,"bu","14:04:05",6261900
23550,-50,1000,"bu","14:04:05",6256900
23550,-50,1000,"bu","14:03:47",6255900
23550,-50,100,"bu","14:03:36",6254900
23550,-50,800,"bu","14:03:36",6254800
23550,-50,600,"sd","14:03:19",6254000
23550,-50,5800,"bu","14:03:18",6253400
23550,-50,5000,"bu","14:03:18",6247600
23550,-50,2000,"bu","14:03:18",6242600
23550,-50,5000,"bu","14:03:18",6240600
23550,-50,100,"bu","14:03:18",6235600
23550,-50,500,"bu","14:03:18",6235500
23550,-50,100,"bu","14:03:06",6235000
23500,-100,2600,"sd","14:02:58",6234900
23500,-100,200,"sd","14:02:48",6232300
23550,-50,200,"bu","14:02:20",6232100
23500,-100,1500,"sd","14:02:18",6231900
23550,-50,400,"sd","14:01:49",6230400
23550,-50,3500,"sd","14:01:40",6230000
23550,-50,5000,"bu","14:01:36",6226500
23550,-50,600,"bu","14:01:36",6221500
23550,-50,500,"bu","14:01:36",6220900
23550,-50,500,"bu","14:01:34",6220400
23550,-50,500,"bu","14:01:34",6219900
23500,-100,3800,"sd","14:01:29",6219400
23500,-100,600,"sd","14:01:24",6215600
23500,-100,1000,"sd","14:01:22",6215000
23550,-50,1000,"bu","14:01:18",6214000
23500,-100,3400,"sd","14:01:16",6213000
23550,-50,1000,"bu","14:01:11",6209600
23550,-50,900,"bu","14:01:11",6208600
23550,-50,200,"bu","14:01:11",6207700
23550,-50,12900,"bu","14:01:11",6207500
23550,-50,100,"bu","14:01:10",6194600
23500,-100,1000,"sd","14:01:08",6194500
23500,-100,3900,"sd","14:01:03",6193500
23500,-100,1000,"sd","14:01:03",6189600
23550,-50,300,"bu","14:00:49",6188600
23550,-50,300,"bu","14:00:48",6188300
23550,-50,1000,"bu","14:00:44",6188000
23500,-100,2800,"sd","14:00:24",6187000
23550,-50,500,"bu","14:00:21",6184200
23550,-50,500,"bu","14:00:19",6183700
23550,-50,2600,"bu","14:00:06",6183200
23500,-100,7000,"sd","14:00:05",6180600
23550,-50,1800,"bu","14:00:03",6173600
23550,-50,200,"bu","14:00:03",6171800
23550,-50,200,"bu","14:00:02",6171600
23550,-50,300,"bu","14:00:02",6171400
23550,-50,200,"bu","13:59:56",6171100
23500,-100,600,"sd","13:59:51",6170900
23500,-100,1000,"sd","13:59:50",6170300
23500,-100,1000,"sd","13:59:36",6169300
23500,-100,1000,"sd","13:59:30",6168300
23550,-50,2300,"bu","13:59:20",6167300
23550,-50,100,"sd","13:59:09",6165000
23550,-50,100,"sd","13:59:09",6164900
23550,-50,500,"sd","13:59:09",6164800
23550,-50,900,"sd","13:59:09",6164300
23550,-50,100,"sd","13:59:09",6163400
23550,-50,3000,"sd","13:59:09",6163300
23550,-50,1000,"sd","13:59:09",6160300
23550,-50,500,"sd","13:59:09",6159300
23550,-50,500,"sd","13:59:09",6158800
23550,-50,400,"sd","13:59:09",6158300
23550,-50,300,"sd","13:59:09",6157900
23550,-50,5000,"sd","13:59:09",6157600
23550,-50,500,"sd","13:59:09",6152600
23550,-50,7000,"sd","13:59:09",6152100
23550,-50,100,"sd","13:59:09",6145100
23550,-50,10000,"sd","13:59:09",6145000
23550,-50,1000,"sd","13:59:09",6135000
23550,-50,1000,"sd","13:59:09",6134000
23550,-50,500,"sd","13:59:09",6133000
23550,-50,1000,"sd","13:59:09",6132500
23550,-50,3000,"sd","13:59:09",6131500
23550,-50,700,"sd","13:59:09",6128500
23550,-50,600,"sd","13:59:09",6127800
23550,-50,2000,"sd","13:59:09",6127200
23550,-50,700,"sd","13:59:09",6125200
23550,-50,500,"sd","13:59:09",6124500
23550,-50,1000,"sd","13:59:09",6124000
23550,-50,600,"sd","13:59:09",6123000
23550,-50,4100,"sd","13:59:09",6122400
23550,-50,500,"sd","13:59:09",6118300
23600,0,1000,"bu","13:59:09",6117800
23550,-50,600,"sd","13:58:35",6116800
23550,-50,300,"sd","13:58:32",6116200
23550,-50,700,"sd","13:58:32",6115900
23600,0,1000,"bu","13:58:22",6115200
23550,-50,1000,"sd","13:58:19",6114200
23600,0,300,"bu","13:58:15",6113200
23550,-50,1000,"sd","13:58:12",6112900
23600,0,500,"bu","13:58:09",6111900
23600,0,1000,"bu","13:57:43",6111400
23550,-50,200,"sd","13:57:31",6110400
23600,0,100,"bu","13:57:18",6110200
23600,0,500,"bu","13:57:08",6110100
23600,0,1000,"bu","13:56:52",6109600
23600,0,900,"bu","13:56:28",6108600
23600,0,3000,"bu","13:56:09",6107700
23550,-50,10000,"sd","13:56:06",6104700
23550,-50,1000,"sd","13:56:02",6094700
23550,-50,600,"sd","13:55:56",6093700
23550,-50,1000,"sd","13:55:53",6093100
23550,-50,1000,"sd","13:55:41",6092100
23550,-50,2500,"sd","13:55:41",6091100
23550,-50,1000,"sd","13:55:36",6088600
23550,-50,5000,"sd","13:54:50",6087600
23550,-50,2500,"sd","13:54:42",6082600
23550,-50,600,"sd","13:54:39",6080100
23550,-50,1000,"sd","13:54:37",6079500
23550,-50,900,"bu","13:54:35",6078500
23550,-50,100,"bu","13:54:32",6077600
23550,-50,100,"bu","13:54:32",6077500
23550,-50,500,"bu","13:54:27",6077400
23500,-100,1000,"sd","13:54:25",6076900
23550,-50,800,"sd","13:54:03",6075900
23550,-50,100,"sd","13:54:03",6075100
23550,-50,100,"sd","13:54:03",6075000
23550,-50,1000,"sd","13:54:03",6074900
23550,-50,2000,"sd","13:54:03",6073900
23550,-50,400,"sd","13:54:03",6071900
23600,0,5600,"bu","13:53:54",6071500
23600,0,1000,"bu","13:53:54",6065900
23600,0,1000,"bu","13:53:54",6064900
23600,0,1000,"bu","13:53:54",6063900
23600,0,100,"bu","13:53:54",6062900
23600,0,1300,"bu","13:53:54",6062800
23550,-50,300,"sd","13:53:41",6061500
23550,-50,5700,"sd","13:53:41",6061200
23550,-50,1000,"bu","13:53:23",6055500
23550,-50,3300,"bu","13:53:23",6054500
23550,-50,900,"bu","13:53:22",6051200
23550,-50,1000,"bu","13:53:22",6050300
23550,-50,1000,"bu","13:53:22",6049300
23550,-50,800,"bu","13:53:22",6048300
23550,-50,4900,"bu","13:53:22",6047500
23550,-50,100,"bu","13:53:22",6042600
23550,-50,3000,"bu","13:53:22",6042500
23550,-50,15000,"bu","13:53:22",6039500
23550,-50,100,"bu","13:53:22",6024500
23550,-50,100,"bu","13:53:22",6024400
23550,-50,400,"bu","13:53:22",6024300
23550,-50,2000,"bu","13:53:22",6023900
23550,-50,500,"bu","13:53:22",6021900
23550,-50,20200,"bu","13:53:22",6021400
23550,-50,4300,"bu","13:53:20",6001200
23550,-50,1000,"bu","13:53:18",5996900
23550,-50,500,"bu","13:53:10",5995900
23550,-50,20000,"bu","13:53:06",5995400
23550,-50,1000,"bu","13:53:05",5975400
23550,-50,9000,"bu","13:53:05",5974400
23550,-50,3000,"bu","13:53:05",5965400
23550,-50,1000,"bu","13:53:01",5962400
23550,-50,500,"bu","13:53:01",5961400
23550,-50,500,"bu","13:53:01",5960900
23550,-50,500,"bu","13:53:00",5960400
23550,-50,200,"bu","13:52:59",5959900
23550,-50,100,"bu","13:52:59",5959700
23550,-50,200,"bu","13:52:58",5959600
23550,-50,300,"bu","13:52:58",5959400
23550,-50,500,"bu","13:52:57",5959100
23550,-50,100,"bu","13:52:55",5958600
23550,-50,100,"bu","13:52:55",5958500
23550,-50,2800,"bu","13:52:55",5958400
23550,-50,2000,"bu","13:52:53",5955600
23550,-50,100,"bu","13:52:53",5953600
23550,-50,700,"bu","13:52:53",5953500
23550,-50,1700,"bu","13:52:52",5952800
23550,-50,300,"bu","13:52:52",5951100
23550,-50,300,"bu","13:52:49",5950800
23550,-50,100,"bu","13:52:49",5950500
23550,-50,100,"bu","13:52:49",5950400
23550,-50,1900,"bu","13:52:33",5950300
23550,-50,5100,"bu","13:52:33",5948400
23500,-100,100,"sd","13:52:28",5943300
23550,-50,1000,"bu","13:52:17",5943200
23550,-50,2000,"bu","13:52:15",5942200
23500,-100,5400,"sd","13:52:11",5940200
23550,-50,500,"bu","13:52:09",5934800
23550,-50,11900,"bu","13:52:09",5934300
23550,-50,500,"bu","13:52:09",5922400
23550,-50,26200,"bu","13:52:09",5921900
23550,-50,1500,"bu","13:52:09",5895700
23550,-50,400,"bu","13:52:09",5894200
23550,-50,100,"bu","13:52:09",5893800
23550,-50,300,"bu","13:52:09",5893700
23550,-50,5000,"bu","13:52:09",5893400
23550,-50,300,"bu","13:52:09",5888400
23550,-50,100,"bu","13:52:09",5888100
23550,-50,300,"bu","13:52:09",5888000
23500,-100,2000,"sd","13:52:06",5887700
23500,-100,1500,"sd","13:51:54",5885700
23500,-100,5200,"sd","13:51:48",5884200
23550,-50,1800,"bu","13:51:26",5879000
23550,-50,22100,"bu","13:51:15",5877200
23550,-50,100,"bu","13:51:15",5855100
23550,-50,700,"bu","13:51:15",5855000
23550,-50,20000,"bu","13:51:15",5854300
23550,-50,500,"bu","13:51:15",5834300
23550,-50,5000,"bu","13:51:15",5833800
23550,-50,1600,"bu","13:51:15",5828800
23500,-100,10000,"sd","13:50:59",5827200
23550,-50,100,"bu","13:50:51",5817200
23550,-50,400,"bu","13:50:51",5817100
23550,-50,3500,"bu","13:50:51",5816700
23550,-50,3000,"bu","13:50:36",5813200
23550,-50,500,"bu","13:50:34",5810200
23550,-50,500,"bu","13:50:34",5809700
23550,-50,1000,"bu","13:50:08",5809200
23500,-100,2500,"sd","13:50:04",5808200
23550,-50,500,"bu","13:49:50",5805700
23500,-100,25000,"sd","13:49:45",5805200
23550,-50,100,"bu","13:49:12",5780200
23550,-50,3200,"bu","13:48:15",5780100
23500,-100,4000,"sd","13:47:38",5776900
23500,-100,1900,"sd","13:47:37",5772900
23500,-100,100,"sd","13:47:08",5771000
23500,-100,1800,"sd","13:46:53",5770900
23500,-100,1200,"sd","13:46:50",5769100
23500,-100,1200,"sd","13:45:47",5767900
23500,-100,100,"sd","13:45:43",5766700
23500,-100,200,"sd","13:45:31",5766600
23500,-100,4000,"sd","13:45:21",5766400
23500,-100,200,"sd","13:45:20",5762400
23500,-100,5000,"sd","13:44:55",5762200
23550,-50,100,"bu","13:44:55",5757200
23550,-50,200,"bu","13:44:30",5757100
23550,-50,100,"bu","13:44:09",5756900
23500,-100,100,"sd","13:44:07",5756800
23500,-100,600,"sd","13:44:03",5756700
23500,-100,1000,"sd","13:44:02",5756100
23500,-100,1800,"sd","13:43:59",5755100
23500,-100,1000,"sd","13:43:50",5753300
23500,-100,1000,"sd","13:43:46",5752300
23500,-100,100,"sd","13:43:45",5751300
23500,-100,300,"sd","13:43:18",5751200
23500,-100,600,"sd","13:43:09",5750900
23500,-100,1000,"sd","13:43:07",5750300
23500,-100,1000,"sd","13:43:06",5749300
23500,-100,10000,"sd","13:43:00",5748300
23500,-100,11800,"sd","13:42:54",5738300
23500,-100,1000,"sd","13:42:54",5726500
23500,-100,1000,"sd","13:42:47",5725500
23550,-50,100,"bu","13:42:31",5724500
23550,-50,200,"bu","13:42:02",5724400
23500,-100,300,"sd","13:41:42",5724200
23500,-100,1900,"sd","13:41:23",5723900
23500,-100,1000,"sd","13:41:19",5722000
23500,-100,500,"bu","13:41:17",5721000
23500,-100,2600,"bu","13:41:17",5720500
23500,-100,300,"bu","13:41:17",5717900
23500,-100,4000,"bu","13:41:17",5717600
23500,-100,700,"bu","13:41:16",5713600
23500,-100,300,"bu","13:41:16",5712900
23500,-100,100,"bu","13:41:16",5712600
23500,-100,1000,"bu","13:41:13",5712500
23500,-100,9000,"bu","13:41:11",5711500
23500,-100,2000,"bu","13:41:11",5702500
23500,-100,500,"bu","13:41:11",5700500
23500,-100,100,"bu","13:41:11",5700000
23500,-100,5000,"bu","13:41:11",5699900
23500,-100,2000,"bu","13:41:11",5694900
23500,-100,100,"bu","13:41:11",5692900
23500,-100,200,"bu","13:41:11",5692800
23500,-100,100,"bu","13:41:11",5692600
23500,-100,2200,"bu","13:41:11",5692500
23500,-100,500,"bu","13:41:11",5690300
23500,-100,5000,"bu","13:41:11",5689800
23500,-100,400,"bu","13:41:11",5684800
23500,-100,100,"bu","13:41:11",5684400
23500,-100,2000,"bu","13:41:11",5684300
23500,-100,5000,"bu","13:41:11",5682300
23500,-100,5000,"bu","13:41:11",5677300
23500,-100,100,"bu","13:41:11",5672300
23500,-100,300,"bu","13:41:11",5672200
23500,-100,1500,"bu","13:41:11",5671900
23500,-100,1000,"bu","13:41:11",5670400
23500,-100,100,"bu","13:41:11",5669400
23500,-100,1000,"bu","13:41:11",5669300
23500,-100,500,"bu","13:41:11",5668300
23500,-100,1000,"bu","13:41:11",5667800
23500,-100,5000,"bu","13:41:11",5666800
23500,-100,300,"bu","13:41:11",5661800
23500,-100,1000,"bu","13:41:08",5661500
23500,-100,300,"bu","13:41:02",5660500
23500,-100,2000,"bu","13:40:52",5660200
23450,-150,4000,"sd","13:40:26",5658200
23500,-100,700,"bu","13:40:24",5654200
23500,-100,100,"bu","13:40:24",5653500
23500,-100,3000,"bu","13:40:24",5653400
23500,-100,6200,"bu","13:40:24",5650400
23450,-150,900,"sd","13:40:23",5644200
23500,-100,100,"bu","13:40:01",5643300
23450,-150,1000,"sd","13:39:52",5643200
23500,-100,100,"bu","13:39:49",5642200
23500,-100,3000,"bu","13:39:42",5642100
23500,-100,100,"bu","13:39:32",5639100
23500,-100,200,"bu","13:39:14",5639000
23500,-100,500,"bu","13:39:13",5638800
23500,-100,500,"bu","13:38:55",5638300
23500,-100,600,"bu","13:38:49",5637800
23500,-100,2000,"bu","13:38:47",5637200
23500,-100,3700,"bu","13:38:37",5635200
23450,-150,5000,"sd","13:38:00",5631500
23500,-100,300,"bu","13:37:59",5626500
23450,-150,500,"sd","13:37:48",5626200
23500,-100,100,"bu","13:37:29",5625700
23450,-150,1000,"sd","13:37:21",5625600
23500,-100,2600,"bu","13:37:21",5624600
23500,-100,400,"bu","13:37:21",5622000
23450,-150,200,"sd","13:37:13",5621600
23450,-150,1000,"sd","13:37:12",5621400
23450,-150,200,"sd","13:36:55",5620400
23450,-150,5000,"sd","13:36:51",5620200
23450,-150,2000,"sd","13:36:45",5615200
23450,-150,600,"sd","13:36:37",5613200
23450,-150,1000,"sd","13:36:36",5612600
23450,-150,1000,"sd","13:36:25",5611600
23450,-150,1000,"sd","13:36:20",5610600
23450,-150,5000,"sd","13:36:09",5609600
23450,-150,200,"sd","13:35:43",5604600
23450,-150,600,"sd","13:35:36",5604400
23450,-150,1000,"sd","13:35:35",5603800
23450,-150,1000,"sd","13:35:23",5602800
23500,-100,100,"bu","13:35:20",5601800
23450,-150,1000,"sd","13:35:19",5601700
23500,-100,1000,"bu","13:35:11",5600700
23450,-150,2700,"sd","13:35:01",5599700
23450,-150,600,"sd","13:34:47",5597000
23450,-150,1000,"sd","13:34:45",5596400
23500,-100,100,"bu","13:34:37",5595400
23450,-150,1000,"sd","13:34:34",5595300
23450,-150,1000,"sd","13:34:28",5594300
23500,-100,500,"bu","13:34:23",5593300
23500,-100,500,"bu","13:34:18",5592800
23450,-150,1500,"sd","13:34:15",5592300
23500,-100,1000,"bu","13:34:06",5590800
23450,-150,2700,"sd","13:34:02",5589800
23450,-150,600,"sd","13:33:39",5587100
23450,-150,1000,"sd","13:33:37",5586500
23500,-100,100,"bu","13:33:34",5585500
23450,-150,1000,"sd","13:33:25",5585400
23500,-100,700,"bu","13:33:22",5584400
23500,-100,1300,"bu","13:33:22",5583700
23450,-150,1000,"sd","13:33:20",5582400
23450,-150,1000,"sd","13:32:57",5581400
23450,-150,900,"sd","13:32:53",5580400
23450,-150,600,"sd","13:32:51",5579500
23450,-150,1000,"sd","13:32:49",5578900
23450,-150,1000,"sd","13:32:39",5577900
23450,-150,1000,"sd","13:32:34",5576900
23450,-150,7000,"sd","13:32:30",5575900
23450,-150,600,"sd","13:32:03",5568900
23450,-150,5000,"sd","13:32:01",5568300
23450,-150,1000,"sd","13:32:01",5563300
23450,-150,1000,"sd","13:31:49",5562300
23450,-150,900,"sd","13:31:47",5561300
23450,-150,1400,"sd","13:31:45",5560400
23450,-150,1000,"sd","13:31:44",5559000
23450,-150,500,"sd","13:31:05",5558000
23500,-100,1800,"bu","13:31:05",5557500
23450,-150,600,"sd","13:30:54",5555700
23450,-150,1000,"sd","13:30:52",5555100
23450,-150,900,"sd","13:30:40",5554100
23450,-150,100,"sd","13:30:40",5553200
23450,-150,900,"sd","13:30:34",5553100
23450,-150,100,"sd","13:30:34",5552200
23450,-150,900,"sd","13:30:31",5552100
23450,-150,600,"sd","13:30:31",5551200
23450,-150,1000,"sd","13:30:31",5550600
23450,-150,100,"sd","13:30:31",5549600
23450,-150,1000,"sd","13:30:31",5549500
23450,-150,100,"sd","13:30:31",5548500
23450,-150,400,"sd","13:30:31",5548400
23450,-150,1500,"sd","13:30:31",5548000
23450,-150,1000,"sd","13:30:31",5546500
23450,-150,500,"sd","13:30:31",5545500
23450,-150,500,"sd","13:30:31",5545000
23450,-150,1000,"sd","13:30:31",5544500
23450,-150,100,"sd","13:30:31",5543500
23450,-150,2000,"sd","13:30:31",5543400
23450,-150,300,"sd","13:30:31",5541400
23500,-100,300,"bu","13:30:24",5541100
23450,-150,300,"sd","13:30:18",5540800
23450,-150,2000,"sd","13:30:08",5540500
23450,-150,300,"sd","13:30:08",5538500
23450,-150,100,"sd","13:30:05",5538200
23450,-150,300,"sd","13:30:05",5538100
23450,-150,100,"sd","13:30:05",5537800
23450,-150,100,"sd","13:29:54",5537700
23450,-150,1000,"sd","13:29:54",5537600
23450,-150,1000,"sd","13:29:54",5536600
23450,-150,1200,"sd","13:29:54",5535600
23450,-150,1200,"sd","13:29:54",5534400
23450,-150,500,"sd","13:29:54",5533200
23450,-150,100,"sd","13:29:49",5532700
23450,-150,400,"sd","13:29:49",5532600
23450,-150,100,"sd","13:29:43",5532200
23450,-150,300,"sd","13:29:43",5532100
23450,-150,100,"sd","13:29:43",5531800
23450,-150,2900,"sd","13:29:43",5531700
23500,-100,100,"sd","13:29:32",5528800
23500,-100,200,"sd","13:29:32",5528700
23500,-100,100,"sd","13:29:32",5528500
23500,-100,200,"sd","13:29:32",5528400
23500,-100,100,"sd","13:29:32",5528200
23500,-100,100,"sd","13:29:32",5528100
23500,-100,200,"sd","13:29:32",5528000
23500,-100,1000,"sd","13:29:32",5527800
23500,-100,500,"sd","13:29:32",5526800
23500,-100,100,"sd","13:29:32",5526300
23500,-100,400,"sd","13:29:31",5526200
23500,-100,5000,"sd","13:29:24",5525800
23500,-100,2000,"sd","13:29:24",5520800
23500,-100,300,"sd","13:29:23",5518800
23500,-100,500,"sd","13:29:22",5518500
23500,-100,1000,"sd","13:29:19",5518000
23500,-100,200,"sd","13:29:13",5517000
23500,-100,19000,"sd","13:29:12",5516800
23500,-100,500,"sd","13:29:12",5497800
23500,-100,500,"sd","13:29:06",5497300
23500,-100,500,"sd","13:29:06",5496800
23500,-100,500,"sd","13:28:40",5496300
23500,-100,200,"sd","13:28:40",5495800
23500,-100,800,"sd","13:28:40",5495600
23500,-100,300,"sd","13:28:35",5494800
23500,-100,300,"sd","13:28:33",5494500
23500,-100,200,"sd","13:28:33",5494200
23500,-100,1000,"sd","13:28:24",5494000
23500,-100,200,"sd","13:28:22",5493000
23500,-100,500,"sd","13:28:22",5492800
23500,-100,100,"sd","13:28:17",5492300
23500,-100,400,"sd","13:28:17",5492200
23500,-100,100,"sd","13:28:08",5491800
23500,-100,800,"sd","13:28:06",5491700
23500,-100,4500,"sd","13:28:06",5490900
23500,-100,5000,"sd","13:28:06",5486400
23500,-100,100,"sd","13:28:06",5481400
23500,-100,100,"sd","13:28:06",5481300
23500,-100,400,"sd","13:28:06",5481200
23500,-100,100,"sd","13:28:06",5480800
23500,-100,100,"sd","13:28:06",5480700
23500,-100,100,"sd","13:28:06",5480600
23500,-100,100,"sd","13:28:06",5480500
23500,-100,300,"sd","13:28:06",5480400
23500,-100,200,"sd","13:28:06",5480100
23500,-100,1000,"sd","13:28:06",5479900
23500,-100,200,"sd","13:28:06",5478900
23550,-50,100,"bu","13:27:45",5478700
23500,-100,10000,"sd","13:27:29",5478600
23500,-100,200,"sd","13:27:18",5468600
23500,-100,100,"sd","13:27:17",5468400
23500,-100,17100,"sd","13:27:10",5468300
23500,-100,1000,"sd","13:27:10",5451200
23500,-100,200,"sd","13:27:10",5450200
23500,-100,500,"sd","13:27:10",5450000
23500,-100,200,"sd","13:27:10",5449500
23500,-100,100,"sd","13:27:10",5449300
23500,-100,12600,"sd","13:27:10",5449200
23550,-50,100,"bu","13:26:58",5436600
23500,-100,1000,"sd","13:26:56",5436500
23500,-100,1400,"sd","13:26:36",5435500
23550,-50,100,"bu","13:26:36",5434100
23500,-100,7600,"sd","13:26:09",5434000
23500,-100,200,"sd","13:25:58",5426400
23500,-100,2000,"sd","13:25:33",5426200
23500,-100,100,"sd","13:25:33",5424200
23500,-100,100,"sd","13:25:32",5424100
23500,-100,13600,"sd","13:25:02",5424000
23500,-100,200,"sd","13:24:34",5410400
23500,-100,2000,"sd","13:24:33",5410200
23500,-100,1500,"sd","13:24:25",5408200
23550,-50,200,"bu","13:24:20",5406700
23500,-100,200,"sd","13:24:17",5406500
23500,-100,100,"sd","13:24:17",5406300
23500,-100,600,"sd","13:24:17",5406200
23550,-50,100,"bu","13:24:09",5405600
23500,-100,4400,"sd","13:23:51",5405500
23500,-100,3900,"sd","13:23:51",5401100
23500,-100,1000,"sd","13:23:47",5397200
23500,-100,400,"sd","13:23:42",5396200
23500,-100,15000,"sd","13:23:40",5395800
23500,-100,5000,"sd","13:23:34",5380800
23500,-100,300,"sd","13:23:31",5375800
23500,-100,100,"sd","13:23:27",5375500
23500,-100,100,"sd","13:23:17",5375400
23500,-100,500,"sd","13:23:16",5375300
23500,-100,3700,"sd","13:23:14",5374800
23500,-100,200,"sd","13:23:14",5371100
23500,-100,100,"sd","13:23:14",5370900
23500,-100,1000,"sd","13:23:14",5370800
23500,-100,100,"sd","13:22:56",5369800
23500,-100,1100,"sd","13:22:56",5369700
23500,-100,100,"sd","13:22:56",5368600
23500,-100,500,"sd","13:22:56",5368500
23500,-100,200,"sd","13:22:56",5368000
23500,-100,200,"sd","13:22:33",5367800
23500,-100,1500,"sd","13:22:22",5367600
23550,-50,6300,"bu","13:21:36",5366100
23500,-100,500,"sd","13:21:34",5359800
23500,-100,1000,"sd","13:21:21",5359300
23550,-50,400,"bu","13:21:17",5358300
23550,-50,500,"bu","13:20:38",5357900
23550,-50,300,"bu","13:20:18",5357400
23500,-100,300,"sd","13:20:06",5357100
23500,-100,4700,"sd","13:20:06",5356800
23500,-100,5300,"sd","13:20:05",5352100
23500,-100,600,"sd","13:20:05",5346800
23500,-100,4000,"sd","13:20:05",5346200
23500,-100,100,"sd","13:20:05",5342200
23500,-100,500,"sd","13:19:51",5342100
23500,-100,500,"sd","13:19:51",5341600
23500,-100,2100,"sd","13:19:28",5341100
23500,-100,400,"sd","13:19:25",5339000
23500,-100,1000,"sd","13:19:25",5338600
23500,-100,2000,"sd","13:19:25",5337600
23500,-100,1000,"bu","13:18:24",5335600
23500,-100,10000,"bu","13:18:19",5334600
23500,-100,10000,"bu","13:18:19",5324600
23500,-100,500,"bu","13:18:16",5314600
23500,-100,100,"bu","13:18:13",5314100
23500,-100,4400,"bu","13:18:12",5314000
23500,-100,10000,"bu","13:18:12",5309600
23500,-100,5600,"bu","13:18:12",5299600
23500,-100,5000,"bu","13:18:06",5294000
23500,-100,1000,"bu","13:18:02",5289000
23500,-100,2000,"bu","13:18:02",5288000
23450,-150,100,"sd","13:18:01",5286000
23450,-150,300,"sd","13:18:01",5285900
23450,-150,200,"sd","13:18:01",5285600
23450,-150,1000,"sd","13:17:56",5285400
23500,-100,5000,"bu","13:17:52",5284400
23500,-100,500,"bu","13:17:40",5279400
23500,-100,100,"bu","13:17:37",5278900
23500,-100,2000,"bu","13:17:33",5278800
23500,-100,2000,"bu","13:17:32",5276800
23500,-100,300,"bu","13:17:24",5274800
23500,-100,100,"bu","13:17:22",5274500
23500,-100,5000,"bu","13:17:21",5274400
23500,-100,2000,"bu","13:17:12",5269400
23500,-100,400,"sd","13:17:06",5267400
23500,-100,2000,"sd","13:17:06",5267000
23500,-100,1000,"sd","13:17:06",5265000
23500,-100,5000,"sd","13:17:06",5264000
23500,-100,300,"sd","13:17:06",5259000
23500,-100,300,"sd","13:17:06",5258700
23500,-100,600,"sd","13:17:06",5258400
23500,-100,2000,"sd","13:17:06",5257800
23500,-100,5000,"sd","13:17:06",5255800
23500,-100,200,"sd","13:17:06",5250800
23500,-100,300,"sd","13:17:06",5250600
23500,-100,5000,"sd","13:17:06",5250300
23500,-100,1000,"sd","13:17:06",5245300
23500,-100,6100,"sd","13:17:06",5244300
23550,-50,900,"bu","13:16:59",5238200
23550,-50,2000,"bu","13:16:59",5237300
23550,-50,1000,"bu","13:16:59",5235300
23550,-50,500,"bu","13:16:59",5234300
23550,-50,3100,"bu","13:16:59",5233800
23500,-100,200,"sd","13:16:51",5230700
23550,-50,500,"bu","13:16:47",5230500
23500,-100,600,"sd","13:16:38",5230000
23550,-50,4900,"bu","13:16:28",5229400
23550,-50,1500,"bu","13:16:24",5224500
23550,-50,2000,"bu","13:16:24",5223000
23550,-50,700,"bu","13:16:24",5221000
23550,-50,800,"bu","13:16:24",5220300
23500,-100,10000,"sd","13:16:00",5219500
23500,-100,2000,"sd","13:15:33",5209500
23500,-100,5000,"sd","13:15:31",5207500
23500,-100,4000,"sd","13:15:26",5202500
23550,-50,400,"bu","13:15:07",5198500
23500,-100,500,"sd","13:15:05",5198100
23500,-100,1600,"sd","13:14:45",5197600
23500,-100,100,"sd","13:14:45",5196000
23500,-100,1600,"sd","13:14:45",5195900
23550,-50,200,"bu","13:14:44",5194300
23550,-50,100,"bu","13:14:41",5194100
23500,-100,1000,"sd","13:13:03",5194000
23500,-100,7400,"sd","13:12:43",5193000
23500,-100,500,"sd","13:12:43",5185600
23500,-100,900,"sd","13:12:43",5185100
23500,-100,100,"sd","13:12:43",5184200
23500,-100,2100,"sd","13:12:43",5184100
23500,-100,10200,"sd","13:12:38",5182000
23500,-100,6000,"sd","13:12:15",5171800
23500,-100,1000,"bu","13:12:13",5165800
23500,-100,400,"bu","13:12:13",5164800
23500,-100,1300,"bu","13:12:13",5164400
23500,-100,1000,"bu","13:12:13",5163100
23500,-100,800,"bu","13:12:10",5162100
23500,-100,100,"bu","13:12:10",5161300
23500,-100,500,"bu","13:12:05",5161200
23500,-100,10300,"bu","13:12:03",5160700
23500,-100,2000,"bu","13:12:03",5150400
23500,-100,2000,"bu","13:12:03",5148400
23500,-100,200,"bu","13:12:03",5146400
23500,-100,5500,"bu","13:12:03",5146200
23500,-100,100,"bu","13:12:02",5140700
23500,-100,2900,"bu","13:11:55",5140600
23500,-100,3500,"bu","13:11:51",5137700
23500,-100,13500,"bu","13:11:51",5134200
23500,-100,6500,"bu","13:11:51",5120700
23500,-100,2000,"bu","13:11:51",5114200
23500,-100,300,"bu","13:11:51",5112200
23500,-100,1200,"bu","13:11:51",5111900
23500,-100,8800,"bu","13:11:45",5110700
23500,-100,400,"bu","13:11:45",5101900
23500,-100,500,"bu","13:11:45",5101500
23500,-100,300,"bu","13:11:45",5101000
23500,-100,9700,"bu","13:11:09",5100700
23500,-100,4000,"bu","13:11:09",5091000
23500,-100,5000,"bu","13:11:09",5087000
23500,-100,1300,"bu","13:11:09",5082000
23450,-150,5900,"sd","13:11:02",5080700
23450,-150,4000,"sd","13:10:39",5074800
23450,-150,100,"sd","13:10:10",5070800
23500,-100,300,"bu","13:10:02",5070700
23500,-100,8400,"bu","13:09:54",5070400
23500,-100,3400,"bu","13:09:54",5062000
23450,-150,8800,"sd","13:09:48",5058600
23450,-150,1200,"sd","13:09:48",5049800
23450,-150,200,"sd","13:09:10",5048600
23450,-150,200,"sd","13:08:57",5048400
23450,-150,500,"sd","13:08:52",5048200
23450,-150,300,"sd","13:08:35",5047700
23450,-150,300,"sd","13:08:34",5047400
23450,-150,300,"sd","13:08:34",5047100
23450,-150,300,"sd","13:08:33",5046800
23450,-150,300,"sd","13:08:32",5046500
23450,-150,300,"sd","13:08:32",5046200
23450,-150,300,"sd","13:08:31",5045900
23450,-150,300,"sd","13:08:31",5045600
23450,-150,300,"sd","13:08:31",5045300
23450,-150,300,"sd","13:08:30",5045000
23450,-150,300,"sd","13:08:30",5044700
23500,-100,4300,"bu","13:08:30",5044400
23450,-150,300,"sd","13:08:29",5040100
23450,-150,300,"sd","13:08:29",5039800
23450,-150,300,"sd","13:08:29",5039500
23450,-150,300,"sd","13:08:29",5039200
23450,-150,300,"sd","13:08:28",5038900
23450,-150,3100,"sd","13:08:17",5038600
23450,-150,200,"sd","13:08:17",5035500
23450,-150,100,"sd","13:08:17",5035300
23500,-100,100,"bu","13:07:40",5035200
23500,-100,2200,"bu","13:07:31",5035100
23500,-100,800,"bu","13:07:31",5032900
23500,-100,200,"bu","13:07:18",5032100
23500,-100,100,"bu","13:07:01",5031900
23450,-150,400,"sd","13:07:01",5031800
23450,-150,500,"sd","13:06:46",5031400
23500,-100,200,"bu","13:06:26",5030900
23500,-100,1300,"bu","13:06:08",5030700
23500,-100,300,"bu","13:06:08",5029400
23500,-100,3400,"bu","13:06:08",5029100
23450,-150,3500,"sd","13:06:05",5025700
23450,-150,1000,"sd","13:06:03",5022200
23500,-100,1600,"sd","13:06:02",5021200
23500,-100,100,"bu","13:06:00",5019600
23500,-100,3300,"bu","13:06:00",5019500
23500,-100,1000,"bu","13:05:56",5016200
23500,-100,500,"bu","13:05:44",5015200
23500,-100,300,"bu","13:05:40",5014700
23500,-100,4900,"bu","13:05:40",5014400
23500,-100,5000,"sd","13:05:36",5009500
23500,-100,1000,"sd","13:05:32",5004500
23500,-100,1000,"sd","13:05:29",5003500
23550,-50,1500,"bu","13:05:29",5002500
23500,-100,6000,"sd","13:05:29",5001000
23500,-100,2000,"sd","13:05:25",4995000
23500,-100,100,"bu","13:05:24",4993000
23500,-100,200,"bu","13:05:24",4992900
23500,-100,800,"bu","13:05:24",4992700
23500,-100,500,"bu","13:05:19",4991900
23500,-100,100,"sd","13:05:16",4991400
23500,-100,1000,"sd","13:05:16",4991300
23500,-100,100,"sd","13:05:16",4990300
23500,-100,200,"sd","13:05:16",4990200
23500,-100,400,"sd","13:05:16",4990000
23500,-100,1000,"sd","13:05:15",4989600
23500,-100,2000,"sd","13:05:15",4988600
23500,-100,800,"sd","13:05:14",4986600
23500,-100,100,"sd","13:05:14",4985800
23500,-100,200,"sd","13:05:14",4985700
23500,-100,400,"sd","13:05:14",4985500
23500,-100,300,"sd","13:05:14",4985100
23500,-100,300,"sd","13:05:14",4984800
23500,-100,2200,"sd","13:05:14",4984500
23500,-100,3700,"sd","13:05:13",4982300
23500,-100,400,"sd","13:05:11",4978600
23500,-100,1000,"sd","13:05:04",4978200
23550,-50,1500,"bu","13:04:53",4977200
23500,-100,200,"sd","13:04:51",4975700
23500,-100,22500,"sd","13:04:35",4975500
23500,-100,20000,"sd","13:04:35",4953000
23500,-100,7500,"sd","13:04:35",4933000
23550,-50,500,"bu","13:04:33",4925500
23550,-50,200,"bu","13:04:26",4925000
23550,-50,1500,"bu","13:04:18",4924800
23500,-100,10000,"sd","13:04:18",4923300
23500,-100,3000,"sd","13:04:12",4913300
23500,-100,3400,"sd","13:04:05",4910300
23500,-100,10000,"sd","13:04:02",4906900
23500,-100,200,"sd","13:04:00",4896900
23500,-100,400,"sd","13:03:34",4896700
23500,-100,1000,"sd","13:03:06",4896300
23500,-100,2000,"sd","13:03:06",4895300
23500,-100,6000,"sd","13:03:01",4893300
23500,-100,2300,"sd","13:02:54",4887300
23500,-100,2000,"sd","13:02:51",4885000
23500,-100,1000,"sd","13:02:43",4883000
23500,-100,1200,"sd","13:02:35",4882000
23500,-100,500,"sd","13:02:35",4880800
23500,-100,100,"sd","13:02:35",4880300
23500,-100,200,"sd","13:02:35",4880200
23500,-100,2000,"sd","13:02:35",4880000
23500,-100,1000,"sd","13:02:35",4878000
23500,-100,100,"sd","13:02:35",4877000
23500,-100,100,"sd","13:02:35",4876900
23500,-100,1000,"sd","13:02:35",4876800
23500,-100,5000,"sd","13:02:35",4875800
23500,-100,700,"sd","13:02:35",4870800
23500,-100,2000,"sd","13:02:31",4870100
23500,-100,1000,"sd","13:02:31",4868100
23500,-100,300,"sd","13:02:31",4867100
23500,-100,6700,"sd","13:02:31",4866800
23500,-100,3000,"sd","13:02:30",4860100
23550,-50,300,"bu","13:02:27",4857100
23500,-100,2000,"sd","13:02:22",4856800
23500,-100,100,"sd","13:02:14",4854800
23500,-100,200,"sd","13:02:09",4854700
23500,-100,1500,"sd","13:02:07",4854500
23500,-100,300,"sd","13:02:07",4853000
23500,-100,2500,"sd","13:02:04",4852700
23500,-100,3700,"sd","13:01:47",4850200
23500,-100,700,"sd","13:01:22",4846500
23500,-100,300,"sd","13:01:05",4845800
23500,-100,400,"sd","13:00:51",4845500
23500,-100,600,"sd","13:00:32",4845100
23500,-100,10000,"sd","13:00:31",4844500
23500,-100,2000,"sd","13:00:29",4834500
23500,-100,100,"sd","13:00:27",4832500
23500,-100,100,"sd","13:00:26",4832400
23500,-100,100,"sd","13:00:25",4832300
23500,-100,4000,"sd","13:00:18",4832200
23500,-100,100,"sd","13:00:16",4828200
23500,-100,3000,"sd","13:00:14",4828100
23500,-100,100,"sd","13:00:12",4825100
23500,-100,3000,"sd","13:00:10",4825000
23500,-100,300,"sd","13:00:05",4822000
23550,-50,700,"bu","13:00:05",4821700
23550,-50,200,"bu","13:00:05",4821000
23500,-100,500,"sd","13:00:05",4820800
23500,-100,7700,"sd","13:00:04",4820300
23500,-100,1000,"sd","13:00:04",4812600
23500,-100,1500,"sd","13:00:04",4811600
23500,-100,1000,"sd","13:00:04",4810100
23500,-100,3800,"sd","13:00:04",4809100
23500,-100,1200,"sd","13:00:04",4805300
23500,-100,500,"sd","13:00:04",4804100
23500,-100,300,"sd","13:00:04",4803600
23500,-100,1000,"sd","13:00:03",4803300
23500,-100,200,"sd","13:00:03",4802300
23500,-100,600,"sd","13:00:03",4802100
23500,-100,1000,"sd","13:00:03",4801500
23500,-100,400,"sd","13:00:03",4800500
23550,-50,500,"bu","13:00:02",4800100
23500,-100,200,"sd","13:00:02",4799600
23500,-100,2700,"sd","13:00:02",4799400
23500,-100,100,"sd","13:00:02",4796700
23500,-100,1000,"sd","13:00:02",4796600
23500,-100,500,"sd","13:00:02",4795600
23500,-100,500,"sd","13:00:01",4795100
23500,-100,15700,"sd","13:00:01",4794600
23500,-100,500,"sd","13:00:01",4778900
23500,-100,100,"sd","13:00:01",4778400
23500,-100,100,"sd","13:00:01",4778300
23500,-100,2100,"sd","13:00:00",4778200
23500,-100,1800,"sd","13:00:00",4776100
23500,-100,1600,"sd","13:00:00",4774300
23500,-100,500,"sd","13:00:00",4772700
23500,-100,300,"sd","13:00:00",4772200
23500,-100,900,"sd","13:00:00",4771900
23500,-100,500,"sd","13:00:00",4771000
23500,-100,100,"sd","11:29:02",4770500
23500,-100,900,"sd","11:29:02",4770400
23500,-100,200,"sd","11:28:40",4769500
23500,-100,600,"sd","11:28:28",4769300
23500,-100,2500,"sd","11:28:25",4768700
23500,-100,5000,"sd","11:27:29",4766200
23500,-100,100,"sd","11:26:55",4761200
23500,-100,700,"sd","11:26:42",4761100
23500,-100,200,"sd","11:26:42",4760400
23500,-100,2500,"sd","11:26:17",4760200
23500,-100,500,"sd","11:26:17",4757700
23500,-100,26500,"sd","11:26:17",4757200
23500,-100,300,"sd","11:26:17",4730700
23500,-100,200,"sd","11:26:17",4730400
23500,-100,3500,"sd","11:26:10",4730200
23500,-100,1000,"sd","11:26:10",4726700
23500,-100,5000,"sd","11:26:10",4725700
23500,-100,3000,"sd","11:26:10",4720700
23500,-100,1000,"sd","11:26:10",4717700
23500,-100,300,"sd","11:26:10",4716700
23500,-100,6200,"sd","11:26:10",4716400
23500,-100,13800,"sd","11:26:08",4710200
23500,-100,200,"sd","11:26:08",4696400
23500,-100,10000,"sd","11:26:08",4696200
23500,-100,6000,"sd","11:26:08",4686200
23500,-100,200,"sd","11:26:05",4680200
23500,-100,300,"sd","11:24:11",4680000
23500,-100,100,"sd","11:23:45",4679700
23500,-100,200,"sd","11:23:31",4679600
23500,-100,3200,"sd","11:23:30",4679400
23500,-100,200,"sd","11:23:30",4676200
23500,-100,300,"sd","11:23:23",4676000
23550,-50,500,"bu","11:23:22",4675700
23550,-50,100,"bu","11:21:57",4675200
23500,-100,3400,"sd","11:21:29",4675100
23500,-100,500,"sd","11:20:58",4671700
23500,-100,2000,"sd","11:20:49",4671200
23500,-100,300,"sd","11:20:04",4669200
23500,-100,500,"sd","11:20:02",4668900
23500,-100,500,"sd","11:19:52",4668400
23550,-50,2000,"bu","11:19:49",4667900
23500,-100,500,"sd","11:19:47",4665900
23550,-50,5000,"bu","11:19:17",4665400
23550,-50,1700,"bu","11:19:09",4660400
23550,-50,200,"bu","11:19:09",4658700
23550,-50,500,"bu","11:19:09",4658500
23550,-50,700,"bu","11:19:09",4658000
23550,-50,4400,"bu","11:19:09",4657300
23550,-50,10000,"bu","11:19:09",4652900
23550,-50,1600,"bu","11:19:03",4642900
23550,-50,8400,"bu","11:19:03",4641300
23550,-50,300,"bu","11:18:41",4632900
23500,-100,1000,"sd","11:18:27",4632600
23550,-50,1000,"bu","11:18:26",4631600
23550,-50,300,"bu","11:18:23",4630600
23550,-50,200,"bu","11:18:23",4630300
23500,-100,300,"sd","11:17:46",4630100
23500,-100,500,"sd","11:17:44",4629800
23500,-100,200,"sd","11:17:42",4629300
23500,-100,800,"sd","11:17:36",4629100
23500,-100,500,"sd","11:17:33",4628300
23500,-100,500,"sd","11:17:28",4627800
23500,-100,200,"sd","11:17:02",4627300
23500,-100,8400,"sd","11:16:48",4627100
23500,-100,400,"sd","11:15:49",4618700
23500,-100,500,"sd","11:15:41",4618300
23550,-50,100,"bu","11:15:39",4617800
23500,-100,200,"sd","11:15:30",4617700
23500,-100,2800,"sd","11:15:27",4617500
23500,-100,500,"sd","11:15:23",4614700
23500,-100,2000,"sd","11:15:12",4614200
23550,-50,100,"bu","11:15:05",4612200
23550,-50,1000,"bu","11:14:56",4612100
23550,-50,3600,"bu","11:14:50",4611100
23550,-50,5000,"bu","11:14:50",4607500
23550,-50,5000,"bu","11:14:50",4602500
23550,-50,1500,"bu","11:14:50",4597500
23550,-50,1500,"bu","11:14:50",4596000
23550,-50,3400,"bu","11:14:50",4594500
23550,-50,2000,"bu","11:14:46",4591100
23550,-50,10000,"bu","11:14:27",4589100
23550,-50,3000,"bu","11:13:46",4579100
23500,-100,1000,"sd","11:13:45",4576100
23500,-100,300,"sd","11:12:54",4575100
23550,-50,5000,"bu","11:12:51",4574800
23500,-100,500,"sd","11:12:42",4569800
23500,-100,300,"sd","11:12:31",4569300
23500,-100,900,"sd","11:12:15",4569000
23500,-100,2500,"sd","11:12:15",4568100
23500,-100,3400,"sd","11:12:03",4565600
23500,-100,14100,"sd","11:11:19",4562200
23500,-100,5900,"sd","11:11:19",4548100
23500,-100,300,"sd","11:11:01",4542200
23500,-100,500,"sd","11:10:59",4541900
23500,-100,200,"sd","11:10:54",4541400
23500,-100,500,"sd","11:10:48",4541200
23500,-100,500,"sd","11:10:40",4540700
23550,-50,5000,"bu","11:10:26",4540200
23550,-50,5000,"bu","11:10:22",4535200
23550,-50,8000,"bu","11:09:39",4530200
23550,-50,8600,"sd","11:09:36",4522200
23550,-50,6200,"sd","11:09:20",4513600
23550,-50,4000,"sd","11:09:20",4507400
23550,-50,1000,"sd","11:09:20",4503400
23550,-50,2000,"sd","11:09:20",4502400
23550,-50,500,"sd","11:09:20",4500400
23550,-50,700,"sd","11:09:20",4499900
23550,-50,500,"sd","11:09:20",4499200
23550,-50,100,"sd","11:09:20",4498700
23550,-50,16400,"sd","11:09:20",4498600
23500,-100,500,"sd","11:09:17",4482200
23550,-50,2000,"bu","11:09:17",4481700
23550,-50,30000,"bu","11:09:14",4479700
23500,-100,700,"sd","11:09:14",4449700
23500,-100,300,"sd","11:08:35",4449000
23500,-100,500,"sd","11:08:33",4448700
23500,-100,500,"sd","11:08:22",4448200
23500,-100,500,"sd","11:08:17",4447700
23500,-100,1000,"sd","11:07:54",4447200
23500,-100,300,"sd","11:07:35",4446200
23500,-100,700,"sd","11:07:33",4445900
23500,-100,300,"sd","11:07:02",4445200
23500,-100,500,"sd","11:07:01",4444900
23500,-100,1000,"sd","11:06:50",4444400
23500,-100,500,"sd","11:06:50",4443400
23500,-100,500,"sd","11:06:45",4442900
23500,-100,3000,"sd","11:05:24",4442400
23550,-50,1600,"bu","11:05:19",4439400
23550,-50,1000,"bu","11:05:19",4437800
23550,-50,1000,"bu","11:05:19",4436800
23550,-50,7400,"bu","11:05:19",4435800
23550,-50,2600,"bu","11:05:00",4428400
23550,-50,3800,"bu","11:05:00",4425800
23550,-50,13600,"bu","11:05:00",4422000
23550,-50,5000,"bu","11:03:53",4408400
23550,-50,1000,"bu","11:02:59",4403400
23500,-100,300,"sd","11:02:09",4402400
23500,-100,500,"sd","11:02:07",4402100
23500,-100,500,"sd","11:01:56",4401600
23500,-100,500,"sd","11:01:51",4401100
23550,-50,400,"sd","11:01:40",4400600
23550,-50,6400,"sd","11:01:06",4400200
23550,-50,1600,"sd","11:01:06",4393800
23550,-50,10000,"sd","11:01:06",4392200
23550,-50,2000,"sd","11:01:06",4382200
23550,-50,500,"sd","11:00:29",4380200
23550,-50,200,"sd","11:00:29",4379700
23550,-50,2900,"sd","11:00:29",4379500
23550,-50,17100,"sd","10:59:46",4376600
23550,-50,400,"sd","10:59:40",4359500
23550,-50,2000,"sd","10:59:34",4359100
23550,-50,500,"sd","10:59:10",4357100
23550,-50,1000,"sd","10:59:09",4356600
23550,-50,500,"sd","10:58:54",4355600
23550,-50,1000,"sd","10:58:46",4355100
23550,-50,20000,"bu","10:58:45",4354100
23550,-50,100,"bu","10:58:45",4334100
23550,-50,2400,"bu","10:58:45",4334000
23500,-100,3000,"bu","10:58:45",4331600
23500,-100,1000,"bu","10:58:45",4328600
23500,-100,5000,"bu","10:58:45",4327600
23500,-100,7700,"bu","10:58:45",4322600
23550,-50,500,"bu","10:58:45",4314900
23500,-100,1000,"bu","10:58:45",4314400
23550,-50,200,"bu","10:58:45",4313400
23500,-100,300,"bu","10:58:45",4313200
23550,-50,2000,"bu","10:58:45",4312900
23500,-100,8600,"bu","10:58:45",4310900
23550,-50,1000,"bu","10:58:45",4302300
23500,-100,200,"bu","10:58:45",4301300
23550,-50,100,"bu","10:58:45",4301100
23500,-100,1300,"bu","10:58:45",4301000
23550,-50,2000,"bu","10:58:45",4299700
23500,-100,9000,"bu","10:58:45",4297700
23550,-50,2000,"bu","10:58:45",4288700
23500,-100,5000,"bu","10:58:45",4286700
23550,-50,200,"bu","10:58:45",4281700
23500,-100,10000,"bu","10:58:45",4281500
23550,-50,1000,"bu","10:58:45",4271500
23500,-100,12500,"bu","10:58:45",4270500
23550,-50,3000,"bu","10:58:45",4258000
23500,-100,500,"bu","10:58:45",4255000
23550,-50,1000,"bu","10:58:45",4254500
23500,-100,4900,"bu","10:58:45",4253500
23550,-50,2000,"bu","10:58:45",4248600
23550,-50,10000,"bu","10:58:45",4246600
23450,-150,100,"sd","10:58:44",4236600
23450,-150,300,"sd","10:58:36",4236500
23450,-150,100,"sd","10:58:06",4236200
23450,-150,100,"sd","10:58:04",4236100
23450,-150,100,"sd","10:57:29",4236000
23450,-150,1000,"sd","10:56:43",4235900
23450,-150,300,"sd","10:56:38",4234900
23450,-150,10000,"sd","10:56:24",4234600
23450,-150,100,"sd","10:55:56",4224600
23500,-100,1000,"bu","10:54:59",4224500
23450,-150,2000,"sd","10:54:54",4223500
23450,-150,2000,"sd","10:54:53",4221500
23450,-150,300,"sd","10:54:17",4219500
23450,-150,500,"sd","10:54:15",4219200
23500,-100,900,"sd","10:54:10",4218700
23500,-100,100,"sd","10:54:10",4217800
23500,-100,3100,"sd","10:54:10",4217700
23500,-100,3000,"sd","10:54:07",4214600
23500,-100,500,"sd","10:54:07",4211600
23500,-100,500,"sd","10:54:02",4211100
23500,-100,500,"sd","10:54:01",4210600
23500,-100,300,"sd","10:54:00",4210100
23500,-100,1000,"sd","10:53:53",4209800
23500,-100,1000,"sd","10:53:49",4208800
23500,-100,100,"sd","10:53:49",4207800
23500,-100,400,"sd","10:53:49",4207700
23500,-100,2000,"sd","10:53:48",4207300
23500,-100,500,"sd","10:53:44",4205300
23500,-100,2500,"sd","10:53:42",4204800
23500,-100,500,"sd","10:53:39",4202300
23500,-100,1000,"sd","10:53:39",4201800
23500,-100,1000,"sd","10:53:37",4200800
23500,-100,2000,"sd","10:53:34",4199800
23500,-100,200,"sd","10:53:31",4197800
23500,-100,100,"sd","10:53:29",4197600
23500,-100,200,"sd","10:53:27",4197500
23500,-100,10000,"sd","10:53:25",4197300
23500,-100,10000,"sd","10:53:25",4187300
23500,-100,500,"sd","10:53:18",4177300
23500,-100,300,"sd","10:53:17",4176800
23500,-100,500,"sd","10:53:15",4176500
23500,-100,700,"sd","10:53:12",4176000
23500,-100,2000,"sd","10:53:06",4175300
23500,-100,300,"sd","10:53:04",4173300
23500,-100,500,"sd","10:53:04",4173000
23500,-100,500,"sd","10:52:59",4172500
23500,-100,2000,"sd","10:52:52",4172000
23500,-100,2300,"sd","10:52:49",4170000
23500,-100,2000,"sd","10:52:49",4167700
23500,-100,500,"sd","10:52:49",4165700
23500,-100,500,"sd","10:52:49",4165200
23500,-100,14800,"sd","10:52:49",4164700
23500,-100,500,"sd","10:52:49",4149900
23500,-100,2000,"sd","10:52:49",4149400
23500,-100,2000,"sd","10:52:49",4147400
23500,-100,5000,"sd","10:52:49",4145400
23500,-100,40000,"sd","10:52:49",4140400
23500,-100,2000,"sd","10:52:49",4100400
23500,-100,5000,"sd","10:52:49",4098400
23500,-100,3900,"sd","10:52:49",4093400
23500,-100,100,"sd","10:52:49",4089500
23500,-100,100000,"sd","10:52:49",4089400
23500,-100,1200,"sd","10:52:49",3989400
23500,-100,300,"sd","10:52:49",3988200
23500,-100,500,"sd","10:52:49",3987900
23500,-100,17400,"sd","10:52:49",3987400
23500,-100,300,"sd","10:52:43",3970000
23500,-100,1000,"sd","10:52:39",3969700
23500,-100,1300,"sd","10:52:36",3968700
23500,-100,1000,"sd","10:52:36",3967400
23500,-100,100,"sd","10:52:36",3966400
23500,-100,600,"sd","10:52:36",3966300
23500,-100,300,"sd","10:52:27",3965700
23500,-100,1000,"sd","10:52:24",3965400
23500,-100,9000,"sd","10:52:21",3964400
23500,-100,1000,"sd","10:52:20",3955400
23500,-100,10000,"sd","10:52:15",3954400
23500,-100,5000,"sd","10:52:14",3944400
23500,-100,73100,"sd","10:52:13",3939400
23500,-100,500,"sd","10:52:13",3866300
23500,-100,26400,"sd","10:52:13",3865800
23500,-100,500,"sd","10:52:11",3839400
23500,-100,1100,"sd","10:52:11",3838900
23500,-100,300,"sd","10:52:05",3837800
23500,-100,500,"sd","10:52:05",3837500
23500,-100,500,"sd","10:52:04",3837000
23500,-100,500,"sd","10:51:54",3836500
23500,-100,200,"sd","10:51:49",3836000
23500,-100,300,"sd","10:51:49",3835800
23550,-50,15800,"bu","10:51:39",3835500
23500,-100,500,"sd","10:51:36",3819700
23500,-100,1200,"sd","10:51:34",3819200
23500,-100,200,"sd","10:51:34",3818000
23500,-100,49800,"sd","10:51:32",3817800
23500,-100,2000,"sd","10:51:32",3768000
23500,-100,48200,"sd","10:51:32",3766000
23500,-100,300,"sd","10:51:22",3717800
23500,-100,500,"sd","10:51:20",3717500
23500,-100,1000,"sd","10:51:19",3717000
23500,-100,500,"sd","10:51:08",3716000
23550,-50,1800,"bu","10:51:08",3715500
23500,-100,500,"sd","10:51:04",3713700
23500,-100,18300,"sd","10:50:49",3713200
23550,-50,100,"unknown","10:50:49",3694900
23550,-50,11600,"unknown","10:50:49",3694800
23550,-50,1000,"sd","10:50:39",3683200
23550,-50,500,"sd","10:50:32",3682200
23550,-50,300,"sd","10:50:26",3681700
23550,-50,500,"sd","10:50:24",3681400
23550,-50,500,"sd","10:50:14",3680900
23550,-50,1000,"sd","10:50:09",3680400
23550,-50,500,"sd","10:50:09",3679400
23550,-50,500,"sd","10:50:03",3678900
23600,0,1100,"bu","10:49:51",3678400
23550,-50,800,"sd","10:49:50",3677300
23550,-50,500,"sd","10:49:49",3676500
23550,-50,5000,"sd","10:49:49",3676000
23550,-50,2000,"sd","10:49:49",3671000
23550,-50,1000,"sd","10:49:49",3669000
23550,-50,500,"bu","10:49:49",3668000
23550,-50,2000,"bu","10:49:49",3667500
23550,-50,4300,"bu","10:49:49",3665500
23550,-50,700,"bu","10:49:49",3661200
23550,-50,5000,"bu","10:49:49",3660500
23550,-50,10000,"bu","10:49:49",3655500
23550,-50,1800,"bu","10:49:49",3645500
23500,-100,700,"sd","10:49:45",3643700
23500,-100,100,"sd","10:49:45",3643000
23500,-100,100,"sd","10:49:45",3642900
23500,-100,300,"sd","10:49:45",3642800
23500,-100,100,"sd","10:49:45",3642500
23500,-100,200,"sd","10:49:45",3642400
23500,-100,300,"sd","10:49:45",3642200
23500,-100,1300,"sd","10:49:45",3641900
23500,-100,300,"sd","10:49:41",3640600
23500,-100,200,"sd","10:49:39",3640300
23500,-100,300,"sd","10:49:39",3640100
23500,-100,300,"sd","10:49:29",3639800
23500,-100,200,"sd","10:49:29",3639500
23500,-100,100,"sd","10:49:29",3639300
23500,-100,200,"sd","10:49:29",3639200
23500,-100,400,"sd","10:49:25",3639000
23500,-100,100,"sd","10:49:25",3638600
23500,-100,20000,"sd","10:49:24",3638500
23500,-100,1000,"sd","10:49:24",3618500
23500,-100,500,"sd","10:49:24",3617500
23500,-100,100,"sd","10:49:24",3617000
23500,-100,800,"sd","10:49:24",3616900
23500,-100,600,"sd","10:49:24",3616100
23500,-100,2000,"sd","10:49:24",3615500
23500,-100,600,"sd","10:49:24",3613500
23500,-100,5000,"sd","10:49:24",3612900
23500,-100,500,"sd","10:49:24",3607900
23500,-100,1000,"sd","10:49:24",3607400
23500,-100,2600,"sd","10:49:24",3606400
23500,-100,10400,"sd","10:49:24",3603800
23500,-100,1000,"sd","10:49:24",3593400
23500,-100,300,"sd","10:49:24",3592400
23500,-100,400,"sd","10:49:24",3592100
23500,-100,1000,"sd","10:49:24",3591700
23500,-100,1700,"sd","10:49:24",3590700
23500,-100,300,"sd","10:49:24",3589000
23500,-100,100,"sd","10:49:24",3588700
23500,-100,100,"sd","10:49:24",3588600
23550,-50,200,"bu","10:49:08",3588500
23500,-100,600,"sd","10:49:02",3588300
23500,-100,500,"sd","10:49:02",3587700
23500,-100,900,"sd","10:49:02",3587200
23500,-100,100,"sd","10:48:57",3586300
23500,-100,300,"sd","10:48:57",3586200
23500,-100,500,"sd","10:48:56",3585900
23500,-100,1000,"sd","10:48:51",3585400
23500,-100,500,"sd","10:48:46",3584400
23500,-100,200,"sd","10:48:41",3583900
23500,-100,100,"sd","10:48:41",3583700
23500,-100,200,"sd","10:48:41",3583600
23500,-100,800,"sd","10:48:09",3583400
23500,-100,800,"sd","10:48:09",3582600
23500,-100,200,"sd","10:47:55",3581800
23500,-100,100,"sd","10:47:55",3581600
23500,-100,100,"sd","10:47:54",3581500
23500,-100,400,"sd","10:47:54",3581400
23500,-100,1000,"sd","10:47:51",3581000
23500,-100,2000,"sd","10:47:51",3580000
23550,-50,500,"bu","10:47:50",3578000
23500,-100,500,"sd","10:47:43",3577500
23500,-100,500,"sd","10:47:38",3577000
23500,-100,200,"sd","10:47:34",3576500
23500,-100,2800,"sd","10:47:34",3576300
23500,-100,100,"sd","10:47:25",3573500
23500,-100,2000,"sd","10:47:20",3573400
23550,-50,1000,"sd","10:47:20",3571400
23550,-50,100,"unknown","10:47:08",3570400
23500,-100,2900,"sd","10:47:08",3570300
23550,-50,300,"bu","10:47:05",3567400
23550,-50,300,"sd","10:47:04",3567100
23550,-50,200,"sd","10:47:03",3566800
23550,-50,300,"sd","10:47:03",3566600
23550,-50,1000,"sd","10:46:52",3566300
23550,-50,500,"sd","10:46:52",3565300
23550,-50,500,"sd","10:46:50",3564800
23550,-50,500,"sd","10:46:47",3564300
23550,-50,3000,"sd","10:46:43",3563800
23550,-50,100,"sd","10:46:40",3560800
23550,-50,300,"sd","10:46:12",3560700
23550,-50,500,"sd","10:46:10",3560400
23550,-50,300,"sd","10:46:08",3559900
23550,-50,3000,"sd","10:46:06",3559600
23500,-100,500,"sd","10:46:00",3556600
23500,-100,500,"sd","10:45:56",3556100
23500,-100,11200,"sd","10:45:52",3555600
23500,-100,3300,"sd","10:45:52",3544400
23550,-50,5300,"sd","10:45:52",3541100
23550,-50,400,"bu","10:45:43",3535800
23550,-50,5000,"bu","10:45:43",3535400
23550,-50,1000,"bu","10:45:43",3530400
23550,-50,1000,"bu","10:45:43",3529400
23550,-50,300,"bu","10:45:43",3528400
23550,-50,7000,"bu","10:45:43",3528100
23550,-50,2000,"bu","10:45:26",3521100
23550,-50,1000,"bu","10:45:17",3519100
23500,-100,3400,"sd","10:44:47",3518100
23500,-100,13300,"sd","10:44:41",3514700
23500,-100,2000,"sd","10:44:41",3501400
23500,-100,1700,"sd","10:44:41",3499400
23500,-100,500,"sd","10:44:41",3497700
23500,-100,7000,"sd","10:44:41",3497200
23550,-50,900,"bu","10:44:38",3490200
23500,-100,3800,"sd","10:44:32",3489300
23550,-50,10000,"bu","10:44:24",3485500
23500,-100,1400,"sd","10:44:19",3475500
23500,-100,300,"sd","10:44:13",3474100
23550,-50,10000,"bu","10:44:11",3473800
23500,-100,500,"sd","10:44:11",3463800
23500,-100,3800,"sd","10:44:05",3463300
23500,-100,500,"sd","10:44:01",3459500
23500,-100,2700,"sd","10:43:56",3459000
23500,-100,500,"sd","10:43:56",3456300
23500,-100,200,"sd","10:43:56",3455800
23500,-100,500,"sd","10:43:55",3455600
23550,-50,1000,"bu","10:43:54",3455100
23550,-50,1000,"sd","10:43:38",3454100
23550,-50,1000,"sd","10:43:38",3453100
23550,-50,5000,"sd","10:43:38",3452100
23550,-50,8500,"sd","10:43:38",3447100
23550,-50,1000,"sd","10:43:38",3438600
23550,-50,9800,"sd","10:43:38",3437600
23550,-50,1000,"sd","10:43:38",3427800
23550,-50,9900,"sd","10:43:38",3426800
23550,-50,100,"sd","10:43:09",3416900
23500,-100,1300,"sd","10:42:18",3416800
23550,-50,400,"sd","10:42:18",3415500
23550,-50,600,"bu","10:42:16",3415100
23550,-50,4400,"bu","10:42:11",3414500
23550,-50,300,"bu","10:42:11",3410100
23550,-50,2000,"bu","10:42:11",3409800
23550,-50,3300,"bu","10:42:11",3407800
23550,-50,10000,"bu","10:42:11",3404500
23550,-50,1500,"bu","10:41:54",3394500
23550,-50,5200,"bu","10:41:52",3393000
23550,-50,100,"bu","10:41:52",3387800
23550,-50,1000,"bu","10:41:52",3387700
23550,-50,3700,"bu","10:41:52",3386700
23500,-100,1000,"sd","10:41:27",3383000
23500,-100,500,"sd","10:41:13",3382000
23500,-100,500,"sd","10:41:01",3381500
23550,-50,1500,"bu","10:40:54",3381000
23500,-100,100,"sd","10:40:11",3379500
23550,-50,200,"bu","10:39:40",3379400
23550,-50,1000,"bu","10:39:40",3379200
23550,-50,1300,"bu","10:39:40",3378200
23550,-50,100,"sd","10:39:40",3376900
23550,-50,2200,"sd","10:39:40",3376800
23550,-50,500,"sd","10:39:39",3374600
23550,-50,5600,"sd","10:39:32",3374100
23550,-50,200,"sd","10:39:32",3368500
23550,-50,800,"sd","10:39:32",3368300
23550,-50,2000,"sd","10:39:26",3367500
23550,-50,100,"sd","10:39:17",3365500
23550,-50,5000,"sd","10:39:12",3365400
23550,-50,200,"sd","10:38:56",3360400
23550,-50,300,"sd","10:38:54",3360200
23550,-50,2000,"sd","10:38:53",3359900
23550,-50,500,"sd","10:38:53",3357900
23550,-50,2000,"sd","10:38:53",3357400
23550,-50,1500,"sd","10:38:53",3355400
23550,-50,8500,"bu","10:38:44",3353900
23550,-50,500,"bu","10:38:44",3345400
23550,-50,3000,"bu","10:38:21",3344900
23550,-50,500,"bu","10:38:21",3341900
23550,-50,1000,"bu","10:38:21",3341400
23550,-50,2000,"bu","10:38:21",3340400
23550,-50,1600,"bu","10:38:21",3338400
23550,-50,500,"bu","10:38:21",3336800
23550,-50,21400,"bu","10:38:21",3336300
23500,-100,100,"sd","10:38:19",3314900
23500,-100,5000,"sd","10:38:10",3314800
23500,-100,3000,"sd","10:38:09",3309800
23500,-100,5000,"sd","10:37:58",3306800
23500,-100,30000,"sd","10:37:56",3301800
23500,-100,1000,"sd","10:37:28",3271800
23500,-100,3400,"sd","10:37:18",3270800
23500,-100,300,"sd","10:37:17",3267400
23500,-100,100,"sd","10:37:03",3267100
23550,-50,2000,"bu","10:37:03",3267000
23550,-50,100,"bu","10:36:56",3265000
23500,-100,2200,"sd","10:36:51",3264900
23550,-50,3900,"bu","10:36:35",3262700
23500,-100,1300,"sd","10:36:20",3258800
23500,-100,1800,"sd","10:36:02",3257500
23500,-100,3000,"sd","10:36:01",3255700
23500,-100,3200,"sd","10:36:00",3252700
23500,-100,500,"sd","10:35:56",3249500
23550,-50,5000,"bu","10:35:54",3249000
23500,-100,2000,"sd","10:35:47",3244000
23500,-100,30000,"sd","10:35:47",3242000
23550,-50,400,"bu","10:35:39",3212000
23500,-100,100,"sd","10:35:30",3211600
23500,-100,1000,"sd","10:34:38",3211500
23550,-50,500,"bu","10:34:30",3210500
23550,-50,1000,"bu","10:34:27",3210000
23550,-50,10000,"bu","10:34:21",3209000
23500,-100,1000,"sd","10:34:16",3199000
23550,-50,5700,"bu","10:33:30",3198000
23550,-50,3500,"bu","10:33:30",3192300
23550,-50,4200,"bu","10:33:30",3188800
23550,-50,3500,"bu","10:33:30",3184600
23550,-50,3100,"bu","10:33:30",3181100
23500,-100,500,"sd","10:33:27",3178000
23500,-100,500,"sd","10:32:33",3177500
23500,-100,500,"sd","10:32:15",3177000
23550,-50,500,"bu","10:31:45",3176500
23500,-100,400,"sd","10:31:43",3176000
23500,-100,100,"sd","10:31:43",3175600
23500,-100,100,"sd","10:31:29",3175500
23500,-100,800,"sd","10:31:08",3175400
23550,-50,500,"bu","10:30:40",3174600
23550,-50,2900,"sd","10:30:24",3174100
23550,-50,2000,"sd","10:30:11",3171200
23550,-50,100,"bu","10:30:11",3169200
23550,-50,5000,"bu","10:29:56",3169100
23550,-50,200,"bu","10:29:56",3164100
23550,-50,400,"bu","10:29:56",3163900
23550,-50,1500,"bu","10:29:56",3163500
23550,-50,200,"bu","10:29:56",3162000
23550,-50,1500,"bu","10:29:56",3161800
23550,-50,1100,"bu","10:29:56",3160300
23550,-50,100,"sd","10:29:53",3159200
23550,-50,200,"sd","10:29:49",3159100
23550,-50,1000,"sd","10:29:47",3158900
23550,-50,15400,"sd","10:29:47",3157900
23550,-50,100,"sd","10:29:47",3142500
23550,-50,3600,"sd","10:29:47",3142400
23550,-50,10000,"sd","10:29:47",3138800
23550,-50,5000,"sd","10:29:35",3128800
23550,-50,4000,"sd","10:29:26",3123800
23550,-50,9000,"sd","10:29:20",3119800
23550,-50,5700,"sd","10:29:16",3110800
23550,-50,2900,"sd","10:29:14",3105100
23550,-50,5000,"sd","10:29:07",3102200
23600,0,600,"bu","10:29:07",3097200
23600,0,5000,"bu","10:29:07",3096600
23550,-50,52900,"sd","10:29:07",3091600
23600,0,200,"bu","10:29:07",3038700
23550,-50,3000,"sd","10:29:07",3038500
23600,0,4200,"bu","10:29:07",3035500
23550,-50,30000,"sd","10:29:07",3031300
23550,-50,500,"sd","10:29:07",3001300
23550,-50,1000,"sd","10:29:07",3000800
23550,-50,1000,"sd","10:29:07",2999800
23550,-50,11600,"sd","10:29:07",2998800
23550,-50,100,"sd","10:28:53",2987200
23550,-50,3500,"sd","10:28:42",2987100
23550,-50,200,"sd","10:28:39",2983600
23550,-50,10000,"sd","10:28:22",2983400
23550,-50,5000,"sd","10:28:11",2973400
23550,-50,10000,"sd","10:28:02",2968400
23550,-50,1800,"sd","10:27:46",2958400
23550,-50,1800,"sd","10:27:35",2956600
23600,0,1000,"bu","10:27:30",2954800
23550,-50,1800,"sd","10:27:22",2953800
23550,-50,1800,"sd","10:27:06",2952000
23550,-50,1800,"sd","10:26:57",2950200
23550,-50,1000,"sd","10:26:56",2948400
23550,-50,5000,"sd","10:26:56",2947400
23550,-50,30000,"sd","10:26:51",2942400
23550,-50,1000,"sd","10:26:43",2912400
23550,-50,13600,"sd","10:26:38",2911400
23550,-50,20000,"sd","10:26:38",2897800
23550,-50,16400,"sd","10:26:38",2877800
23550,-50,3500,"sd","10:26:29",2861400
23550,-50,5000,"sd","10:26:25",2857900
23550,-50,100,"sd","10:26:13",2852900
23550,-50,100,"sd","10:26:13",2852800
23600,0,2000,"bu","10:26:11",2852700
23600,0,2000,"sd","10:25:58",2850700
23600,0,500,"sd","10:25:58",2848700
23600,0,200,"sd","10:25:58",2848200
23600,0,100,"sd","10:25:58",2848000
23600,0,200,"sd","10:25:58",2847900
23600,0,40000,"sd","10:25:58",2847700
23600,0,30000,"sd","10:25:58",2807700
23600,0,46400,"sd","10:25:58",2777700
23600,0,1200,"sd","10:25:58",2731300
23600,0,3000,"sd","10:25:58",2730100
23600,0,500,"sd","10:25:58",2727100
23600,0,100,"sd","10:25:58",2726600
23600,0,700,"sd","10:25:58",2726500
23600,0,10000,"sd","10:25:58",2725800
23600,0,300,"sd","10:25:58",2715800
23600,0,500,"sd","10:25:58",2715500
23600,0,2000,"sd","10:25:58",2715000
23600,0,200,"sd","10:25:58",2713000
23600,0,200,"sd","10:25:58",2712800
23600,0,10000,"sd","10:25:58",2712600
23600,0,1000,"sd","10:25:58",2702600
23600,0,2000,"sd","10:25:58",2701600
23600,0,1500,"sd","10:25:58",2699600
23600,0,1500,"sd","10:25:58",2698100
23600,0,100,"sd","10:25:58",2696600
23600,0,4000,"sd","10:25:58",2696500
23600,0,1000,"sd","10:25:58",2692500
23600,0,5000,"sd","10:25:58",2691500
23600,0,100,"sd","10:25:58",2686500
23600,0,8400,"sd","10:25:58",2686400
23600,0,2000,"sd","10:25:58",2678000
23600,0,5000,"sd","10:25:58",2676000
23600,0,13100,"sd","10:25:58",2671000
23600,0,100,"sd","10:25:56",2657900
23600,0,1800,"sd","10:25:36",2657800
23600,0,1800,"sd","10:25:18",2656000
23650,50,2000,"bu","10:25:18",2654200
23650,50,1200,"bu","10:25:18",2652200
23600,0,4300,"sd","10:25:11",2651000
23600,0,1000,"sd","10:25:10",2646700
23600,0,900,"sd","10:25:00",2645700
23600,0,900,"sd","10:25:00",2644800
23600,0,2200,"sd","10:24:57",2643900
23600,0,1800,"sd","10:24:51",2641700
23600,0,4200,"sd","10:24:46",2639900
23600,0,1800,"sd","10:24:25",2635700
23650,50,500,"bu","10:24:23",2633900
23650,50,500,"bu","10:23:48",2633400
23650,50,7800,"bu","10:23:23",2632900
23650,50,100,"bu","10:23:23",2625100
23650,50,300,"bu","10:23:23",2625000
23650,50,1000,"bu","10:23:23",2624700
23650,50,100,"bu","10:23:23",2623700
23650,50,700,"bu","10:23:23",2623600
23600,0,1800,"sd","10:23:15",2622900
23650,50,500,"bu","10:23:04",2621100
23600,0,100,"sd","10:23:02",2620600
23650,50,800,"bu","10:22:58",2620500
23650,50,300,"bu","10:22:58",2619700
23650,50,100,"bu","10:22:58",2619400
23650,50,1000,"bu","10:22:58",2619300
23650,50,2800,"bu","10:22:58",2618300
23600,0,500,"sd","10:22:52",2615500
23650,50,200,"bu","10:22:50",2615000
23650,50,300,"bu","10:22:50",2614800
23650,50,1000,"bu","10:22:32",2614500
23650,50,18700,"bu","10:22:30",2613500
23650,50,5000,"bu","10:22:30",2594800
23650,50,100,"bu","10:22:30",2589800
23650,50,100,"bu","10:22:30",2589700
23650,50,6100,"bu","10:22:30",2589600
23650,50,3900,"bu","10:22:21",2583500
23650,50,1000,"bu","10:22:21",2579600
23650,50,3000,"bu","10:22:21",2578600
23650,50,1000,"bu","10:22:21",2575600
23650,50,1000,"bu","10:22:21",2574600
23650,50,1000,"bu","10:22:21",2573600
23650,50,11800,"bu","10:22:21",2572600
23650,50,1500,"bu","10:22:21",2560800
23650,50,500,"bu","10:22:21",2559300
23650,50,1000,"bu","10:22:21",2558800
23650,50,100,"bu","10:22:21",2557800
23650,50,200,"bu","10:22:21",2557700
23650,50,100,"bu","10:22:21",2557500
23650,50,100,"bu","10:22:20",2557400
23650,50,500,"bu","10:22:20",2557300
23650,50,2000,"bu","10:22:20",2556800
23650,50,1000,"bu","10:22:20",2554800
23650,50,400,"bu","10:22:20",2553800
23650,50,100,"bu","10:22:20",2553400
23650,50,1000,"bu","10:22:20",2553300
23650,50,1000,"bu","10:22:20",2552300
23650,50,100,"bu","10:22:20",2551300
23650,50,17700,"bu","10:22:20",2551200
23650,50,600,"bu","10:22:11",2533500
23650,50,100,"bu","10:22:02",2532900
23650,50,1600,"bu","10:21:52",2532800
23650,50,1600,"bu","10:21:52",2531200
23650,50,500,"bu","10:20:59",2529600
23650,50,800,"bu","10:20:45",2529100
23650,50,1000,"bu","10:20:26",2528300
23600,0,400,"sd","10:20:01",2527300
23600,0,1800,"sd","10:19:23",2526900
23600,0,1800,"sd","10:19:11",2525100
23600,0,400,"sd","10:19:03",2523300
23650,50,700,"bu","10:18:15",2522900
23650,50,2000,"bu","10:18:00",2522200
23650,50,13400,"bu","10:17:55",2520200
23650,50,1600,"bu","10:17:55",2506800
23650,50,2100,"bu","10:17:04",2505200
23650,50,100,"bu","10:16:59",2503100
23650,50,1000,"bu","10:16:47",2503000
23650,50,5200,"bu","10:16:40",2502000
23600,0,100,"sd","10:16:33",2496800
23600,0,1000,"sd","10:16:11",2496700
23600,0,1200,"sd","10:15:33",2495700
23600,0,500,"sd","10:15:33",2494500
23600,0,100,"sd","10:15:33",2494000
23600,0,500,"sd","10:15:30",2493900
23650,50,10000,"bu","10:15:10",2493400
23600,0,1800,"sd","10:14:40",2483400
23600,0,200,"sd","10:14:37",2481600
23600,0,2500,"sd","10:14:29",2481400
23600,0,500,"sd","10:14:29",2478900
23600,0,100,"sd","10:14:25",2478400
23600,0,1800,"sd","10:13:54",2478300
23600,0,200,"sd","10:13:46",2476500
23600,0,200,"sd","10:13:37",2476300
23600,0,1000,"sd","10:13:37",2476100
23600,0,1000,"sd","10:13:37",2475100
23600,0,200,"bu","10:13:37",2474100
23600,0,3000,"bu","10:13:32",2473900
23600,0,1800,"bu","10:13:28",2470900
23600,0,100,"bu","10:13:28",2469100
23600,0,5300,"bu","10:13:28",2469000
23600,0,500,"bu","10:13:28",2463700
23600,0,100,"bu","10:13:28",2463200
23600,0,300,"bu","10:13:28",2463100
23600,0,500,"bu","10:13:28",2462800
23600,0,1400,"bu","10:13:28",2462300
23600,0,500,"bu","10:13:03",2460900
23600,0,5000,"bu","10:13:02",2460400
23600,0,200,"bu","10:12:39",2455400
23600,0,300,"bu","10:12:30",2455200
23600,0,100,"bu","10:12:21",2454900
23600,0,100,"bu","10:12:20",2454800
23600,0,100,"bu","10:12:20",2454700
23600,0,100,"bu","10:12:20",2454600
23600,0,100,"bu","10:12:20",2454500
23600,0,100,"bu","10:12:19",2454400
23600,0,100,"bu","10:12:19",2454300
23600,0,100,"bu","10:12:18",2454200
23600,0,100,"bu","10:12:18",2454100
23600,0,100,"bu","10:12:18",2454000
23600,0,100,"bu","10:12:17",2453900
23600,0,100,"bu","10:12:17",2453800
23600,0,100,"bu","10:12:17",2453700
23600,0,100,"bu","10:12:16",2453600
23600,0,100,"bu","10:12:16",2453500
23600,0,100,"bu","10:12:16",2453400
23600,0,100,"bu","10:12:16",2453300
23600,0,100,"bu","10:12:15",2453200
23600,0,100,"bu","10:12:15",2453100
23600,0,100,"bu","10:12:15",2453000
23600,0,100,"bu","10:12:15",2452900
23600,0,100,"bu","10:12:14",2452800
23600,0,100,"bu","10:12:14",2452700
23600,0,100,"bu","10:12:13",2452600
23600,0,100,"bu","10:12:13",2452500
23600,0,100,"bu","10:12:13",2452400
23600,0,100,"bu","10:12:13",2452300
23600,0,100,"bu","10:12:12",2452200
23600,0,300,"bu","10:12:12",2452100
23600,0,1600,"bu","10:12:12",2451800
23600,0,100,"bu","10:12:12",2450200
23600,0,100,"bu","10:12:12",2450100
23600,0,100,"bu","10:12:12",2450000
23600,0,2000,"sd","10:12:04",2449900
23600,0,1500,"bu","10:11:59",2447900
23600,0,1500,"bu","10:11:57",2446400
23600,0,500,"bu","10:11:57",2444900
23600,0,500,"bu","10:11:57",2444400
23600,0,200,"bu","10:11:57",2443900
23600,0,1000,"bu","10:11:57",2443700
23550,-50,900,"sd","10:11:54",2442700
23550,-50,3600,"sd","10:11:54",2441800
23550,-50,100,"sd","10:11:45",2438200
23600,0,8900,"bu","10:11:39",2438100
23600,0,1000,"bu","10:11:39",2429200
23600,0,100,"bu","10:11:39",2428200
23600,0,200,"bu","10:11:39",2428100
23600,0,3000,"bu","10:11:39",2427900
23600,0,1000,"bu","10:11:39",2424900
23600,0,1000,"bu","10:11:39",2423900
23600,0,100,"bu","10:11:39",2422900
23600,0,500,"bu","10:11:39",2422800
23600,0,100,"bu","10:11:39",2422300
23600,0,200,"bu","10:11:39",2422200
23600,0,2000,"bu","10:11:39",2422000
23600,0,400,"bu","10:11:39",2420000
23600,0,1000,"bu","10:11:39",2419600
23600,0,200,"bu","10:11:39",2418600
23600,0,500,"bu","10:11:39",2418400
23600,0,400,"bu","10:11:39",2417900
23600,0,1200,"bu","10:11:39",2417500
23600,0,2000,"bu","10:11:39",2416300
23600,0,200,"bu","10:11:39",2414300
23600,0,800,"bu","10:11:39",2414100
23600,0,5000,"bu","10:11:39",2413300
23600,0,2500,"bu","10:11:39",2408300
23600,0,500,"bu","10:11:39",2405800
23600,0,300,"bu","10:11:39",2405300
23600,0,100,"bu","10:11:39",2405000
23600,0,100,"bu","10:11:39",2404900
23600,0,1200,"bu","10:11:39",2404800
23600,0,100,"bu","10:11:39",2403600
23600,0,500,"bu","10:11:39",2403500
23600,0,1000,"bu","10:11:39",2403000
23600,0,2000,"bu","10:11:39",2402000
23600,0,5000,"bu","10:11:39",2400000
23600,0,5000,"bu","10:11:39",2395000
23600,0,200,"bu","10:11:39",2390000
23600,0,200,"bu","10:11:39",2389800
23600,0,1000,"bu","10:11:39",2389600
23600,0,500,"bu","10:11:39",2388600
23600,0,50000,"bu","10:11:39",2388100
23550,-50,300,"sd","10:11:38",2338100
23550,-50,500,"sd","10:11:10",2337800
23550,-50,1000,"sd","10:11:10",2337300
23550,-50,300,"sd","10:11:10",2336300
23550,-50,500,"sd","10:11:10",2336000
23550,-50,2200,"sd","10:11:08",2335500
23550,-50,800,"sd","10:11:08",2333300
23600,0,100,"bu","10:11:05",2332500
23600,0,100,"bu","10:10:32",2332400
23600,0,700,"bu","10:10:14",2332300
23550,-50,900,"sd","10:10:12",2331600
23550,-50,900,"sd","10:10:12",2330700
23550,-50,1100,"sd","10:09:44",2329800
23550,-50,900,"sd","10:09:44",2328700
23600,0,3000,"bu","10:09:37",2327800
23600,0,100,"bu","10:09:30",2324800
23600,0,2000,"bu","10:09:29",2324700
23600,0,500,"bu","10:09:23",2322700
23550,-50,600,"sd","10:09:22",2322200
23550,-50,500,"sd","10:09:22",2321600
23550,-50,700,"sd","10:09:22",2321100
23600,0,2400,"bu","10:09:21",2320400
23600,0,500,"bu","10:08:58",2318000
23600,0,200,"bu","10:08:55",2317500
23600,0,1500,"bu","10:08:43",2317300
23600,0,2000,"bu","10:08:41",2315800
23600,0,900,"bu","10:08:29",2313800
23600,0,500,"bu","10:08:29",2312900
23600,0,500,"bu","10:08:29",2312400
23600,0,1000,"bu","10:08:29",2311900
23600,0,100,"bu","10:08:29",2310900
23600,0,100,"bu","10:08:29",2310800
23600,0,1000,"bu","10:08:29",2310700
23600,0,100,"bu","10:08:29",2309700
23600,0,300,"bu","10:08:29",2309600
23600,0,500,"bu","10:08:29",2309300
23600,0,100,"bu","10:08:19",2308800
23600,0,200,"bu","10:07:53",2308700
23550,-50,300,"sd","10:07:46",2308500
23550,-50,1000,"sd","10:07:46",2308200
23550,-50,500,"sd","10:07:46",2307200
23550,-50,4500,"sd","10:07:43",2306700
23550,-50,200,"sd","10:07:43",2302200
23550,-50,300,"sd","10:07:43",2302000
23550,-50,100,"sd","10:07:42",2301700
23550,-50,19600,"sd","10:07:37",2301600
23550,-50,10400,"sd","10:07:37",2282000
23550,-50,100,"sd","10:07:35",2271600
23550,-50,5000,"sd","10:07:10",2271500
23550,-50,300,"sd","10:06:25",2266500
23600,0,200,"bu","10:06:16",2266200
23550,-50,1800,"sd","10:06:14",2266000
23600,0,200,"bu","10:06:08",2264200
23550,-50,1800,"sd","10:06:08",2264000
23600,0,1300,"bu","10:06:06",2262200
23600,0,200,"bu","10:06:06",2260900
23550,-50,300,"bu","10:06:02",2260700
23550,-50,500,"bu","10:06:02",2260400
23550,-50,8000,"bu","10:06:02",2259900
23550,-50,500,"bu","10:06:02",2251900
23550,-50,5000,"bu","10:06:02",2251400
23550,-50,2000,"bu","10:06:02",2246400
23550,-50,5000,"bu","10:06:02",2244400
23550,-50,5000,"bu","10:06:02",2239400
23550,-50,500,"bu","10:06:02",2234400
23550,-50,5000,"bu","10:06:02",2233900
23550,-50,1000,"bu","10:06:02",2228900
23550,-50,100,"bu","10:06:02",2227900
23550,-50,2000,"bu","10:06:02",2227800
23550,-50,1000,"bu","10:06:02",2225800
23550,-50,5000,"bu","10:06:02",2224800
23550,-50,19700,"bu","10:06:02",2219800
23550,-50,5000,"bu","10:05:49",2200100
23500,-100,2000,"sd","10:05:47",2195100
23550,-50,1000,"bu","10:05:34",2193100
23550,-50,500,"bu","10:05:30",2192100
23550,-50,900,"bu","10:05:28",2191600
23550,-50,100,"bu","10:05:28",2190700
23550,-50,500,"bu","10:05:28",2190600
23550,-50,4500,"bu","10:05:18",2190100
23550,-50,1500,"bu","10:05:18",2185600
23500,-100,1800,"sd","10:05:14",2184100
23550,-50,500,"bu","10:05:03",2182300
23550,-50,100,"bu","10:04:46",2181800
23500,-100,200,"sd","10:04:31",2181700
23500,-100,1000,"sd","10:04:26",2181500
23500,-100,1800,"sd","10:04:22",2180500
23500,-100,1000,"sd","10:04:09",2178700
23500,-100,1800,"sd","10:04:05",2177700
23550,-50,100,"bu","10:04:00",2175900
23500,-100,500,"sd","10:03:56",2175800
23500,-100,1000,"sd","10:03:53",2175300
23500,-100,300,"sd","10:03:47",2174300
23500,-100,5000,"sd","10:03:23",2174000
23500,-100,600,"sd","10:02:57",2169000
23500,-100,1000,"sd","10:02:55",2168400
23500,-100,1800,"sd","10:02:54",2167400
23500,-100,600,"sd","10:02:52",2165600
23500,-100,1000,"sd","10:02:15",2165000
23550,-50,100,"bu","10:02:00",2164000
23500,-100,1000,"sd","10:01:43",2163900
23500,-100,300,"sd","10:01:35",2162900
23500,-100,500,"sd","10:01:33",2162600
23500,-100,500,"sd","10:01:22",2162100
23500,-100,1800,"sd","10:01:19",2161600
23500,-100,500,"sd","10:01:17",2159800
23550,-50,10000,"bu","10:00:59",2159300
23550,-50,100,"bu","10:00:54",2149300
23550,-50,200,"bu","10:00:37",2149200
23550,-50,1700,"bu","10:00:37",2149000
23500,-100,1000,"sd","10:00:30",2147300
23500,-100,300,"sd","10:00:20",2146300
23500,-100,500,"sd","10:00:19",2146000
23500,-100,800,"sd","10:00:18",2145500
23500,-100,500,"sd","10:00:07",2144700
23500,-100,700,"sd","10:00:05",2144200
23500,-100,500,"sd","10:00:02",2143500
23500,-100,200,"sd","10:00:01",2143000
23550,-50,5000,"bu","09:59:59",2142800
23500,-100,100,"sd","09:59:56",2137800
23500,-100,300,"sd","09:59:56",2137700
23500,-100,200,"sd","09:59:49",2137400
23500,-100,200,"sd","09:59:32",2137200
23550,-50,5000,"bu","09:59:28",2137000
23550,-50,900,"bu","09:59:27",2132000
23550,-50,1000,"bu","09:59:18",2131100
23550,-50,400,"bu","09:59:13",2130100
23550,-50,5000,"bu","09:59:12",2129700
23550,-50,1600,"bu","09:59:12",2124700
23550,-50,1000,"bu","09:59:08",2123100
23550,-50,3000,"bu","09:59:08",2122100
23550,-50,400,"bu","09:59:08",2119100
23550,-50,600,"bu","09:59:08",2118700
23500,-100,300,"sd","09:59:04",2118100
23500,-100,500,"sd","09:59:03",2117800
23550,-50,1500,"bu","09:59:00",2117300
23500,-100,500,"sd","09:58:50",2115800
23500,-100,500,"sd","09:58:45",2115300
23500,-100,500,"sd","09:58:35",2114800
23500,-100,500,"sd","09:58:24",2114300
23500,-100,1000,"sd","09:58:24",2113800
23500,-100,500,"sd","09:58:24",2112800
23500,-100,3000,"sd","09:58:24",2112300
23500,-100,200,"sd","09:58:21",2109300
23500,-100,100,"sd","09:58:21",2109100
23500,-100,300,"sd","09:58:21",2109000
23500,-100,1400,"sd","09:58:21",2108700
23500,-100,1000,"sd","09:58:17",2107300
23500,-100,100,"sd","09:58:16",2106300
23500,-100,500,"sd","09:58:16",2106200
23500,-100,400,"sd","09:58:16",2105700
23500,-100,400,"sd","09:58:04",2105300
23500,-100,100,"sd","09:58:04",2104900
23500,-100,300,"sd","09:57:51",2104800
23500,-100,500,"sd","09:57:49",2104500
23500,-100,500,"sd","09:57:38",2104000
23500,-100,500,"sd","09:57:33",2103500
23500,-100,8100,"sd","09:57:31",2103000
23500,-100,100,"sd","09:57:31",2094900
23500,-100,11800,"sd","09:57:31",2094800
23550,-50,5500,"bu","09:57:24",2083000
23550,-50,800,"bu","09:57:24",2077500
23550,-50,100,"bu","09:57:24",2076700
23550,-50,1000,"bu","09:57:24",2076600
23550,-50,2600,"bu","09:57:24",2075600
23500,-100,300,"sd","09:57:09",2073000
23500,-100,500,"sd","09:57:07",2072700
23500,-100,4000,"sd","09:57:00",2072200
23500,-100,500,"sd","09:56:57",2068200
23500,-100,500,"sd","09:56:53",2067700
23500,-100,3000,"sd","09:56:40",2067200
23500,-100,15000,"sd","09:56:37",2064200
23500,-100,100,"sd","09:56:20",2049200
23500,-100,33800,"sd","09:56:10",2049100
23500,-100,300,"sd","09:56:06",2015300
23500,-100,500,"sd","09:56:05",2015000
23500,-100,600,"sd","09:56:02",2014500
23550,-50,2400,"bu","09:55:59",2013900
23550,-50,700,"bu","09:55:59",2011500
23550,-50,6900,"bu","09:55:59",2010800
23500,-100,500,"sd","09:55:54",2003900
23500,-100,5700,"sd","09:55:53",2003400
23500,-100,500,"sd","09:55:49",1997700
23500,-100,300,"sd","09:55:22",1997200
23500,-100,500,"sd","09:55:20",1996900
23500,-100,8000,"sd","09:55:20",1996400
23550,-50,3000,"bu","09:55:19",1988400
23500,-100,13600,"sd","09:55:13",1985400
23500,-100,18400,"sd","09:55:13",1971800
23500,-100,500,"sd","09:55:08",1953400
23550,-50,100,"bu","09:55:05",1952900
23550,-50,300,"bu","09:55:05",1952800
23550,-50,1000,"bu","09:55:05",1952500
23550,-50,600,"bu","09:55:05",1951500
23500,-100,500,"sd","09:55:02",1950900
23550,-50,400,"bu","09:54:45",1950400
23550,-50,2600,"bu","09:54:45",1950000
23500,-100,5000,"sd","09:54:36",1947400
23500,-100,100,"sd","09:54:35",1942400
23500,-100,6100,"sd","09:54:35",1942300
23500,-100,300,"sd","09:54:29",1936200
23500,-100,51000,"sd","09:54:29",1935900
23500,-100,500,"sd","09:54:28",1884900
23500,-100,2000,"bu","09:54:25",1884400
23500,-100,300,"bu","09:54:25",1882400
23500,-100,500,"bu","09:54:25",1882100
23500,-100,4000,"bu","09:54:25",1881600
23500,-100,2000,"bu","09:54:25",1877600
23500,-100,5000,"bu","09:54:25",1875600
23500,-100,500,"bu","09:54:25",1870600
23500,-100,3000,"bu","09:54:25",1870100
23500,-100,200,"bu","09:54:25",1867100
23500,-100,100,"bu","09:54:25",1866900
23500,-100,200,"bu","09:54:23",1866800
23500,-100,300,"bu","09:54:23",1866600
23450,-150,500,"sd","09:54:16",1866300
23450,-150,500,"sd","09:54:12",1865800
23500,-100,1000,"bu","09:54:04",1865300
23450,-150,200,"sd","09:53:57",1864300
23450,-150,3500,"sd","09:53:55",1864100
23500,-100,300,"bu","09:53:52",1860600
23450,-150,200,"sd","09:53:51",1860300
23500,-100,300,"bu","09:53:45",1860100
23500,-100,2000,"bu","09:53:44",1859800
23450,-150,200,"sd","09:53:41",1857800
23450,-150,100,"sd","09:53:41",1857600
23450,-150,500,"sd","09:53:38",1857500
23450,-150,1800,"sd","09:53:38",1857000
23500,-100,1100,"bu","09:53:37",1855200
23500,-100,900,"bu","09:53:37",1854100
23450,-150,400,"sd","09:53:35",1853200
23450,-150,600,"sd","09:53:35",1852800
23500,-100,1000,"bu","09:53:28",1852200
23450,-150,500,"sd","09:53:26",1851200
23450,-150,500,"sd","09:53:21",1850700
23500,-100,1500,"bu","09:53:18",1850200
23500,-100,200,"bu","09:53:08",1848700
23500,-100,1900,"bu","09:53:03",1848500
23500,-100,2000,"bu","09:53:01",1846600
23500,-100,2000,"bu","09:52:45",1844600
23500,-100,200,"bu","09:52:37",1842600
23450,-150,300,"sd","09:52:36",1842400
23450,-150,100,"sd","09:52:34",1842100
23450,-150,200,"sd","09:52:34",1842000
23450,-150,200,"sd","09:52:34",1841800
23500,-100,100,"sd","09:52:33",1841600
23500,-100,200,"sd","09:52:33",1841500
23550,-50,400,"bu","09:52:28",1841300
23550,-50,100,"bu","09:52:28",1840900
23550,-50,400,"bu","09:52:28",1840800
23550,-50,100,"bu","09:52:28",1840400
23500,-100,500,"sd","09:52:24",1840300
23500,-100,500,"sd","09:52:19",1839800
23500,-100,500,"bu","09:51:56",1839300
23500,-100,10100,"bu","09:51:56",1838800
23500,-100,300,"bu","09:51:56",1828700
23500,-100,500,"bu","09:51:56",1828400
23500,-100,5000,"bu","09:51:56",1827900
23500,-100,600,"bu","09:51:56",1822900
23500,-100,1800,"bu","09:51:56",1822300
23450,-150,2800,"sd","09:51:56",1820500
23450,-150,200,"sd","09:51:56",1817700
23450,-150,100,"sd","09:51:54",1817500
23450,-150,200,"sd","09:51:54",1817400
23450,-150,500,"sd","09:51:52",1817200
23500,-100,500,"bu","09:51:51",1816700
23500,-100,2500,"bu","09:51:49",1816200
23500,-100,2000,"bu","09:51:49",1813700
23450,-150,500,"sd","09:51:42",1811700
23450,-150,500,"sd","09:51:37",1811200
23500,-100,18200,"bu","09:51:22",1810700
23500,-100,300,"bu","09:51:22",1792500
23500,-100,1000,"bu","09:51:22",1792200
23500,-100,3000,"bu","09:51:22",1791200
23500,-100,500,"bu","09:51:22",1788200
23500,-100,1000,"bu","09:51:22",1787700
23500,-100,3100,"bu","09:51:22",1786700
23500,-100,500,"bu","09:51:22",1783600
23500,-100,159000,"bu","09:51:22",1783100
23500,-100,2500,"bu","09:51:22",1624100
23500,-100,100,"bu","09:51:22",1621600
23500,-100,1000,"bu","09:51:22",1621500
23500,-100,9800,"bu","09:51:22",1620500
23450,-150,1100,"sd","09:51:20",1610700
23450,-150,500,"sd","09:51:06",1609600
23450,-150,100,"sd","09:51:06",1609100
23450,-150,1000,"sd","09:51:06",1609000
23500,-100,2500,"bu","09:51:05",1608000
23450,-150,2000,"sd","09:51:05",1605500
23450,-150,8000,"sd","09:51:05",1603500
23450,-150,500,"sd","09:50:54",1595500
23450,-150,300,"sd","09:50:51",1595000
23450,-150,500,"sd","09:50:50",1594700
23450,-150,500,"sd","09:50:40",1594200
23450,-150,500,"sd","09:50:36",1593700
23450,-150,3000,"sd","09:50:29",1593200
23450,-150,300,"sd","09:50:10",1590200
23450,-150,500,"sd","09:50:09",1589900
23450,-150,600,"sd","09:50:04",1589400
23450,-150,500,"sd","09:49:58",1588800
23450,-150,2000,"sd","09:49:56",1588300
23450,-150,500,"sd","09:49:54",1586300
23450,-150,5000,"sd","09:49:53",1585800
23450,-150,2500,"sd","09:49:32",1580800
23450,-150,300,"sd","09:49:28",1578300
23450,-150,500,"sd","09:49:27",1578000
23450,-150,500,"sd","09:49:16",1577500
23450,-150,1000,"sd","09:49:14",1577000
23450,-150,500,"sd","09:49:11",1576000
23450,-150,5000,"bu","09:49:10",1575500
23450,-150,3000,"bu","09:49:10",1570500
23450,-150,100,"bu","09:49:10",1567500
23450,-150,5000,"bu","09:49:10",1567400
23450,-150,1000,"bu","09:49:10",1562400
23450,-150,100,"bu","09:49:10",1561400
23450,-150,7800,"bu","09:49:10",1561300
23450,-150,200,"bu","09:48:57",1553500
23450,-150,100,"bu","09:48:57",1553300
23400,-200,1800,"sd","09:48:55",1553200
23400,-200,300,"sd","09:48:46",1551400
23400,-200,500,"sd","09:48:44",1551100
23450,-150,500,"bu","09:48:40",1550600
23400,-200,500,"sd","09:48:33",1550100
23400,-200,1000,"sd","09:48:30",1549600
23400,-200,500,"sd","09:48:28",1548600
23400,-200,100,"sd","09:48:16",1548100
23400,-200,300,"sd","09:47:48",1548000
23400,-200,500,"sd","09:47:46",1547700
23450,-150,1000,"bu","09:47:38",1547200
23400,-200,37400,"sd","09:47:36",1546200
23400,-200,1000,"sd","09:47:36",1508800
23400,-200,3000,"sd","09:47:36",1507800
23400,-200,100,"sd","09:47:36",1504800
23400,-200,500,"sd","09:47:36",1504700
23400,-200,1000,"sd","09:47:36",1504200
23400,-200,1000,"sd","09:47:36",1503200
23400,-200,1000,"sd","09:47:36",1502200
23400,-200,100,"sd","09:47:36",1501200
23400,-200,200,"sd","09:47:36",1501100
23400,-200,10000,"sd","09:47:36",1500900
23400,-200,100,"sd","09:47:36",1490900
23400,-200,400,"sd","09:47:36",1490800
23400,-200,1000,"sd","09:47:36",1490400
23400,-200,2000,"sd","09:47:36",1489400
23400,-200,500,"sd","09:47:36",1487400
23400,-200,2000,"sd","09:47:36",1486900
23400,-200,5000,"sd","09:47:36",1484900
23400,-200,1200,"sd","09:47:36",1479900
23400,-200,500,"sd","09:47:36",1478700
23400,-200,400,"sd","09:47:36",1478200
23400,-200,10000,"sd","09:47:36",1477800
23400,-200,1000,"sd","09:47:36",1467800
23400,-200,10000,"sd","09:47:36",1466800
23400,-200,700,"sd","09:47:36",1456800
23400,-200,200,"sd","09:47:36",1456100
23400,-200,200,"sd","09:47:36",1455900
23400,-200,200,"sd","09:47:36",1455700
23400,-200,5000,"sd","09:47:36",1455500
23400,-200,1300,"sd","09:47:36",1450500
23400,-200,3000,"sd","09:47:36",1449200
23400,-200,100,"sd","09:47:35",1446200
23400,-200,400,"sd","09:47:35",1446100
23400,-200,100,"sd","09:47:31",1445700
23400,-200,400,"sd","09:47:31",1445600
23400,-200,500,"sd","09:47:30",1445200
23450,-150,300,"bu","09:47:29",1444700
23450,-150,200,"bu","09:47:29",1444400
23450,-150,300,"bu","09:47:28",1444200
23400,-200,200,"sd","09:47:12",1443900
23400,-200,900,"sd","09:46:52",1443700
23400,-200,100,"sd","09:46:52",1442800
23400,-200,200,"sd","09:46:52",1442700
23400,-200,1000,"sd","09:46:52",1442500
23400,-200,800,"sd","09:46:52",1441500
23400,-200,1000,"sd","09:46:52",1440700
23400,-200,300,"sd","09:46:40",1439700
23400,-200,500,"sd","09:46:38",1439400
23400,-200,1200,"sd","09:46:31",1438900
23400,-200,10000,"sd","09:46:31",1437700
23400,-200,5000,"sd","09:46:31",1427700
23400,-200,2200,"sd","09:46:31",1422700
23450,-150,10000,"sd","09:46:31",1420500
23450,-150,20000,"sd","09:46:31",1410500
23450,-150,800,"sd","09:46:31",1390500
23450,-150,1000,"sd","09:46:31",1389700
23450,-150,1000,"sd","09:46:31",1388700
23450,-150,10200,"sd","09:46:31",1387700
23450,-150,500,"sd","09:46:31",1377500
23450,-150,3000,"sd","09:46:31",1377000
23450,-150,500,"sd","09:46:31",1374000
23450,-150,1600,"sd","09:46:31",1373500
23450,-150,500,"sd","09:46:27",1371900
23450,-150,500,"sd","09:46:23",1371400
23450,-150,300,"sd","09:45:56",1370900
23450,-150,500,"sd","09:45:53",1370600
23450,-150,500,"sd","09:45:44",1370100
23450,-150,500,"sd","09:45:39",1369600
23450,-150,600,"sd","09:45:31",1369100
23450,-150,1700,"sd","09:45:31",1368500
23450,-150,100,"sd","09:45:20",1366800
23500,-100,7700,"bu","09:45:14",1366700
23500,-100,3200,"bu","09:45:14",1359000
23450,-150,300,"sd","09:45:13",1355800
23450,-150,500,"sd","09:45:11",1355500
23450,-150,100,"sd","09:45:03",1355000
23450,-150,500,"sd","09:44:58",1354900
23450,-150,500,"sd","09:44:53",1354400
23450,-150,1300,"sd","09:44:45",1353900
23450,-150,1200,"sd","09:44:45",1352600
23450,-150,3500,"sd","09:44:45",1351400
23450,-150,100,"sd","09:44:45",1347900
23450,-150,2300,"sd","09:44:45",1347800
23450,-150,100,"sd","09:44:16",1345500
23450,-150,300,"sd","09:44:09",1345400
23450,-150,500,"sd","09:44:07",1345100
23450,-150,1500,"bu","09:44:04",1344600
23450,-150,30000,"bu","09:44:04",1343100
23450,-150,1500,"bu","09:44:04",1313100
23450,-150,1000,"bu","09:44:04",1311600
23450,-150,1000,"bu","09:44:03",1310600
23450,-150,100,"bu","09:44:03",1309600
23450,-150,21700,"bu","09:44:03",1309500
23450,-150,1000,"bu","09:43:56",1287800
23400,-200,500,"sd","09:43:56",1286800
23400,-200,500,"sd","09:43:51",1286300
23400,-200,1300,"sd","09:43:34",1285800
23400,-200,100,"sd","09:43:24",1284500
23400,-200,300,"sd","09:43:23",1284400
23450,-150,2300,"bu","09:43:23",1284100
23450,-150,400,"bu","09:43:23",1281800
23450,-150,1000,"bu","09:43:23",1281400
23450,-150,300,"bu","09:43:23",1280400
23450,-150,1000,"bu","09:43:23",1280100
23450,-150,800,"bu","09:43:21",1279100
23400,-200,500,"sd","09:43:21",1278300
23450,-150,10000,"bu","09:43:21",1277800
23450,-150,3200,"bu","09:43:16",1267800
23450,-150,1800,"bu","09:43:16",1264600
23450,-150,400,"bu","09:43:13",1262800
23400,-200,100,"sd","09:43:11",1262400
23400,-200,500,"sd","09:43:10",1262300
23450,-150,100,"bu","09:43:06",1261800
23400,-200,500,"sd","09:43:05",1261700
23450,-150,3200,"bu","09:43:00",1261200
23450,-150,500,"bu","09:43:00",1258000
23450,-150,1300,"bu","09:43:00",1257500
23400,-200,100,"sd","09:42:56",1256200
23400,-200,1800,"sd","09:42:36",1256100
23400,-200,300,"sd","09:42:33",1254300
23400,-200,500,"sd","09:42:32",1254000
23450,-150,3700,"bu","09:42:30",1253500
23450,-150,200,"bu","09:42:30",1249800
23450,-150,200,"bu","09:42:30",1249600
23450,-150,200,"bu","09:42:30",1249400
23450,-150,8800,"bu","09:42:30",1249200
23450,-150,1200,"bu","09:42:22",1240400
23400,-200,500,"sd","09:42:21",1239200
23400,-200,500,"sd","09:42:16",1238700
23400,-200,19800,"sd","09:42:15",1238200
23400,-200,3300,"sd","09:42:15",1218400
23400,-200,1000,"sd","09:42:08",1215100
23450,-150,100,"bu","09:41:49",1214100
23400,-200,500,"sd","09:41:45",1214000
23400,-200,300,"sd","09:41:44",1213500
23400,-200,500,"sd","09:41:41",1213200
23400,-200,1000,"sd","09:41:39",1212700
23400,-200,4800,"sd","09:41:38",1211700
23400,-200,500,"sd","09:41:30",1206900
23400,-200,1800,"sd","09:41:29",1206400
23400,-200,10000,"sd","09:41:28",1204600
23400,-200,500,"sd","09:41:26",1194600
23400,-200,5800,"sd","09:41:15",1194100
23400,-200,100,"sd","09:41:15",1188300
23400,-200,1000,"sd","09:41:15",1188200
23400,-200,200,"sd","09:41:15",1187200
23400,-200,100,"sd","09:41:15",1187000
23400,-200,10000,"sd","09:41:15",1186900
23400,-200,100,"sd","09:41:15",1176900
23400,-200,100,"sd","09:41:15",1176800
23400,-200,500,"sd","09:41:15",1176700
23400,-200,1800,"sd","09:41:10",1176200
23400,-200,100,"sd","09:41:10",1174400
23400,-200,4100,"sd","09:41:10",1174300
23400,-200,5000,"sd","09:41:07",1170200
23400,-200,5000,"sd","09:41:07",1165200
23400,-200,6000,"sd","09:40:58",1160200
23400,-200,100,"sd","09:40:57",1154200
23400,-200,9800,"sd","09:40:39",1154100
23400,-200,5000,"sd","09:40:39",1144300
23400,-200,1000,"sd","09:40:39",1139300
23400,-200,5000,"sd","09:40:39",1138300
23400,-200,100,"sd","09:40:39",1133300
23400,-200,1000,"sd","09:40:39",1133200
23400,-200,100,"sd","09:40:39",1132200
23400,-200,1500,"sd","09:40:39",1132100
23400,-200,500,"sd","09:40:39",1130600
23400,-200,100,"sd","09:40:39",1130100
23400,-200,500,"sd","09:40:39",1130000
23400,-200,400,"sd","09:40:39",1129500
23450,-150,500,"bu","09:40:30",1129100
23400,-200,600,"sd","09:40:28",1128600
23400,-200,100,"sd","09:40:28",1128000
23400,-200,3000,"sd","09:40:28",1127900
23400,-200,100,"sd","09:40:28",1124900
23400,-200,6200,"sd","09:40:28",1124800
23400,-200,300,"sd","09:40:09",1118600
23400,-200,500,"sd","09:40:08",1118300
23400,-200,100,"sd","09:40:03",1117800
23400,-200,500,"sd","09:39:57",1117700
23400,-200,100,"sd","09:39:52",1117200
23400,-200,400,"sd","09:39:52",1117100
23450,-150,100,"bu","09:39:51",1116700
23450,-150,200,"bu","09:39:20",1116600
23450,-150,100,"bu","09:39:16",1116400
23400,-200,300,"sd","09:39:01",1116300
23400,-200,100,"sd","09:38:59",1116000
23400,-200,400,"sd","09:38:59",1115900
23450,-150,1000,"bu","09:38:52",1115500
23400,-200,100,"sd","09:38:47",1114500
23400,-200,400,"sd","09:38:47",1114400
23400,-200,500,"sd","09:38:42",1114000
23400,-200,100,"sd","09:38:38",1113500
23450,-150,100,"bu","09:38:19",1113400
23400,-200,1500,"sd","09:38:19",1113300
23400,-200,200,"sd","09:38:19",1111800
23400,-200,1000,"sd","09:38:19",1111600
23400,-200,100,"sd","09:38:19",1110600
23400,-200,3000,"sd","09:38:19",1110500
23400,-200,1000,"sd","09:38:19",1107500
23400,-200,100,"sd","09:38:19",1106500
23400,-200,600,"sd","09:38:19",1106400
23400,-200,12500,"sd","09:38:19",1105800
23400,-200,300,"sd","09:38:16",1093300
23400,-200,500,"sd","09:38:14",1093000
23450,-150,3000,"bu","09:38:13",1092500
23400,-200,500,"sd","09:38:03",1089500
23400,-200,500,"sd","09:37:58",1089000
23400,-200,14700,"sd","09:37:52",1088500
23400,-200,500,"sd","09:37:48",1073800
23400,-200,300,"sd","09:37:24",1073300
23400,-200,200,"sd","09:37:23",1073000
23400,-200,300,"sd","09:37:23",1072800
23400,-200,500,"sd","09:37:13",1072500
23400,-200,100,"sd","09:37:13",1072000
23400,-200,700,"sd","09:37:12",1071900
23450,-150,400,"bu","09:37:12",1071200
23400,-200,700,"sd","09:37:09",1070800
23400,-200,300,"sd","09:37:09",1070100
23400,-200,500,"sd","09:37:08",1069800
23400,-200,500,"sd","09:36:50",1069300
23450,-150,700,"bu","09:36:44",1068800
23400,-200,300,"sd","09:36:38",1068100
23400,-200,500,"sd","09:36:37",1067800
23400,-200,500,"sd","09:36:36",1067300
23400,-200,500,"sd","09:36:26",1066800
23400,-200,900,"sd","09:36:24",1066300
23400,-200,300,"sd","09:36:24",1065400
23400,-200,100,"sd","09:36:23",1065100
23400,-200,400,"sd","09:36:23",1065000
23450,-150,700,"bu","09:36:21",1064600
23450,-150,300,"bu","09:36:21",1063900
23400,-200,500,"sd","09:36:21",1063600
23400,-200,500,"sd","09:36:12",1063100
23400,-200,200,"sd","09:36:10",1062600
23450,-150,300,"bu","09:36:08",1062400
23400,-200,1000,"sd","09:36:02",1062100
23400,-200,20000,"sd","09:35:58",1061100
23400,-200,300,"sd","09:35:52",1041100
23450,-150,100,"bu","09:35:51",1040800
23400,-200,500,"sd","09:35:50",1040700
23400,-200,500,"sd","09:35:45",1040200
23450,-150,500,"bu","09:35:44",1039700
23400,-200,500,"sd","09:35:39",1039200
23450,-150,500,"bu","09:35:38",1038700
23400,-200,30000,"sd","09:35:35",1038200
23400,-200,500,"sd","09:35:34",1008200
23450,-150,200,"bu","09:35:31",1007700
23450,-150,100,"bu","09:35:31",1007500
23450,-150,100,"bu","09:35:30",1007400
23450,-150,100,"bu","09:35:30",1007300
23450,-150,100,"bu","09:35:30",1007200
23450,-150,100,"bu","09:35:30",1007100
23450,-150,100,"bu","09:35:29",1007000
23450,-150,100,"bu","09:35:29",1006900
23450,-150,100,"bu","09:35:29",1006800
23450,-150,100,"bu","09:35:28",1006700
23450,-150,100,"bu","09:35:28",1006600
23450,-150,100,"bu","09:35:28",1006500
23450,-150,100,"bu","09:35:27",1006400
23450,-150,900,"bu","09:35:26",1006300
23450,-150,100,"bu","09:35:26",1005400
23450,-150,3200,"bu","09:35:26",1005300
23450,-150,400,"bu","09:35:15",1002100
23400,-200,1400,"sd","09:35:13",1001700
23450,-150,100,"bu","09:35:09",1000300
23450,-150,1000,"bu","09:35:05",1000200
23400,-200,300,"sd","09:35:02",999200
23450,-150,300,"bu","09:35:01",998900
23400,-200,500,"sd","09:34:59",998600
23450,-150,200,"bu","09:34:51",998100
23400,-200,500,"sd","09:34:46",997900
23400,-200,1000,"sd","09:34:41",997400
23400,-200,500,"sd","09:34:41",996400
23400,-200,4000,"sd","09:34:38",995900
23450,-150,3000,"bu","09:34:34",991900
23400,-200,300,"sd","09:34:14",988900
23400,-200,500,"sd","09:34:12",988600
23400,-200,100,"sd","09:34:08",988100
23400,-200,300,"sd","09:34:03",988000
23400,-200,500,"sd","09:34:02",987700
23450,-150,300,"bu","09:34:01",987200
23400,-200,500,"bu","09:33:59",986900
23400,-200,9800,"bu","09:33:59",986400
23400,-200,200,"bu","09:33:59",976600
23400,-200,4000,"bu","09:33:59",976400
23400,-200,3000,"bu","09:33:59",972400
23400,-200,100,"bu","09:33:59",969400
23400,-200,2000,"bu","09:33:59",969300
23400,-200,3000,"bu","09:33:59",967300
23400,-200,4000,"bu","09:33:59",964300
23400,-200,1000,"bu","09:33:59",960300
23400,-200,1300,"bu","09:33:59",959300
23400,-200,300,"bu","09:33:59",958000
23400,-200,1000,"bu","09:33:59",957700
23400,-200,5000,"bu","09:33:59",956700
23350,-250,200,"sd","09:33:57",951700
23350,-250,100,"sd","09:33:57",951500
23350,-250,200,"sd","09:33:57",951400
23400,-200,200,"bu","09:33:54",951200
23400,-200,900,"bu","09:33:46",951000
23400,-200,300,"bu","09:33:46",950100
23400,-200,8800,"bu","09:33:46",949800
23350,-250,400,"sd","09:33:16",941000
23350,-250,3100,"sd","09:33:16",940600
23400,-200,10000,"bu","09:33:13",937500
23350,-250,500,"sd","09:33:12",927500
23350,-250,1400,"sd","09:33:08",927000
23350,-250,1600,"sd","09:33:08",925600
23350,-250,300,"sd","09:32:54",924000
23350,-250,500,"sd","09:32:52",923700
23350,-250,1000,"sd","09:32:44",923200
23350,-250,500,"sd","09:32:41",922200
23350,-250,700,"sd","09:32:39",921700
23350,-250,500,"sd","09:32:36",921000
23350,-250,200,"sd","09:32:16",920500
23400,-200,400,"bu","09:32:16",920300
23350,-250,300,"sd","09:32:09",919900
23350,-250,500,"sd","09:32:08",919600
23350,-250,500,"sd","09:31:56",919100
23350,-250,500,"sd","09:31:52",918600
23400,-200,500,"bu","09:31:51",918100
23350,-250,100,"sd","09:31:47",917600
23350,-250,600,"sd","09:31:29",917500
23350,-250,2200,"sd","09:31:26",916900
23350,-250,1500,"sd","09:31:26",914700
23350,-250,100,"sd","09:31:26",913200
23350,-250,100,"sd","09:31:26",913100
23350,-250,500,"sd","09:31:26",913000
23350,-250,600,"sd","09:31:26",912500
23350,-250,300,"sd","09:31:15",911900
23350,-250,500,"sd","09:31:14",911600
23350,-250,1000,"sd","09:31:13",911100
23350,-250,500,"sd","09:31:02",910100
23400,-200,200,"bu","09:30:59",909600
23350,-250,500,"sd","09:30:55",909400
23350,-250,2000,"sd","09:30:53",908900
23350,-250,500,"sd","09:30:52",906900
23300,-300,500,"sd","09:30:49",906400
23350,-250,500,"sd","09:30:49",905900
23300,-300,2400,"sd","09:30:40",905400
23300,-300,100,"sd","09:30:39",903000
23300,-300,100,"sd","09:30:39",902900
23300,-300,200,"sd","09:30:39",902800
23300,-300,3000,"sd","09:30:39",902600
23300,-300,300,"sd","09:30:39",899600
