"price","change","match_qtty","side","time","total_vol"
81800,-2600,26200,"sd","14:44:59",269300
82000,-2400,1700,"unknown","14:32:54",243100
81900,-2500,300,"unknown","14:32:36",241400
81700,-2700,200,"sd","14:31:29",241100
81700,-2700,300,"sd","14:30:33",240900
81800,-2600,500,"unknown","14:29:53",240600
81800,-2600,100,"unknown","14:29:38",240100
81800,-2600,100,"bu","14:29:28",240000
81800,-2600,100,"bu","14:29:15",239900
81800,-2600,700,"bu","14:29:14",239800
81800,-2600,100,"bu","14:29:14",239100
82000,-2400,100,"bu","14:28:55",239000
81900,-2500,100,"bu","14:28:26",238900
81800,-2600,400,"sd","14:28:10",238800
81900,-2500,700,"sd","14:28:09",238400
81900,-2500,300,"sd","14:27:41",237700
82000,-2400,100,"unknown","14:25:20",237400
82000,-2400,300,"unknown","14:25:12",237300
82000,-2400,200,"unknown","14:25:04",237000
82000,-2400,300,"sd","14:24:56",236800
82000,-2400,1000,"sd","14:24:53",236500
82000,-2400,300,"sd","14:24:49",235500
82000,-2400,100,"sd","14:24:46",235200
82000,-2400,100,"sd","14:24:40",235100
82000,-2400,200,"sd","14:24:10",235000
82000,-2400,2200,"sd","14:24:01",234800
82000,-2400,100,"sd","14:23:52",232600
82100,-2300,2500,"unknown","14:23:42",232500
82100,-2300,100,"unknown","14:23:31",230000
82000,-2400,800,"sd","14:23:28",229900
82000,-2400,2600,"sd","14:23:28",229100
82200,-2200,200,"sd","14:23:20",226500
82000,-2400,500,"sd","14:23:16",226300
82300,-2100,300,"sd","14:23:09",225800
82400,-2000,1800,"sd","14:22:57",225500
82700,-1700,100,"bu","14:22:23",223700
82700,-1700,200,"bu","14:21:02",223600
82000,-2400,400,"sd","14:20:47",223400
82700,-1700,100,"bu","14:20:42",223000
82600,-1800,500,"sd","14:20:15",222900
81500,-2900,200,"sd","14:19:33",222400
82600,-1800,100,"bu","14:18:38",222200
82000,-2400,200,"sd","14:18:24",222100
82400,-2000,600,"sd","14:18:21",221900
82000,-2400,1000,"sd","14:18:20",221300
81800,-2600,100,"sd","14:17:30",220300
81500,-2900,500,"sd","14:16:56",220200
81800,-2600,100,"sd","14:16:25",219700
81500,-2900,100,"sd","14:16:20",219600
82000,-2400,1000,"sd","14:16:02",219500
81500,-2900,100,"sd","14:16:01",218500
82000,-2400,100,"sd","14:15:53",218400
81500,-2900,100,"sd","14:15:44",218300
81600,-2800,600,"sd","14:15:42",218200
82000,-2400,200,"sd","14:15:39",217600
82000,-2400,200,"sd","14:15:26",217400
81500,-2900,100,"sd","14:15:07",217200
81600,-2800,100,"sd","14:15:05",217100
81600,-2800,100,"sd","14:15:04",217000
81600,-2800,500,"sd","14:14:43",216900
81500,-2900,100,"sd","14:14:41",216400
81800,-2600,100,"sd","14:14:29",216300
81700,-2700,100,"sd","14:14:28",216200
81500,-2900,400,"sd","14:14:17",216100
81500,-2900,200,"sd","14:14:17",215700
82000,-2400,100,"bu","14:14:14",215500
81600,-2800,200,"sd","14:14:06",215400
81400,-3000,100,"sd","14:14:04",215200
81700,-2700,100,"unknown","14:13:51",215100
81600,-2800,200,"sd","14:13:51",215000
81600,-2800,100,"sd","14:13:42",214800
82000,-2400,100,"bu","14:13:40",214700
81500,-2900,600,"sd","14:13:40",214600
81500,-2900,300,"sd","14:13:37",214000
81500,-2900,1000,"sd","14:13:30",213700
81600,-2800,100,"sd","14:13:30",212700
81400,-3000,300,"sd","14:13:28",212600
81600,-2800,100,"sd","14:13:06",212300
81600,-2800,400,"sd","14:13:05",212200
81500,-2900,200,"sd","14:13:00",211800
81400,-3000,100,"sd","14:12:51",211600
82000,-2400,100,"bu","14:12:51",211500
81500,-2900,300,"bu","14:12:23",211400
82000,-2400,100,"bu","14:12:03",211100
81500,-2900,2300,"bu","14:11:53",211000
81500,-2900,200,"bu","14:11:48",208700
82000,-2400,200,"bu","14:11:29",208500
82100,-2300,1300,"bu","14:11:29",208300
81500,-2900,200,"bu","14:11:19",207000
81500,-2900,1000,"bu","14:11:15",206800
81800,-2600,100,"bu","14:11:13",205800
81500,-2900,1800,"bu","14:11:07",205700
82000,-2400,200,"bu","14:10:56",203900
82100,-2300,1000,"bu","14:10:52",203700
82000,-2400,100,"bu","14:10:25",202700
81600,-2800,100,"sd","14:10:20",202600
81600,-2800,700,"sd","14:10:19",202500
81800,-2600,100,"bu","14:10:18",201800
81600,-2800,700,"sd","14:10:12",201700
81800,-2600,500,"bu","14:10:07",201000
81900,-2500,100,"bu","14:10:05",200500
81800,-2600,100,"bu","14:09:58",200400
82000,-2400,2500,"bu","14:09:56",200300
81800,-2600,100,"bu","14:09:54",197800
81600,-2800,300,"sd","14:09:52",197700
81800,-2600,1900,"bu","14:09:50",197400
82200,-2200,100,"bu","14:09:48",195500
81600,-2800,300,"sd","14:09:44",195400
81800,-2600,200,"bu","14:09:30",195100
81800,-2600,100,"bu","14:09:29",194900
82000,-2400,1000,"bu","14:09:29",194800
82200,-2200,100,"bu","14:09:21",193800
81800,-2600,900,"bu","14:09:07",193700
81800,-2600,100,"bu","14:09:06",192800
82000,-2400,100,"bu","14:09:04",192700
82100,-2300,1300,"bu","14:08:56",192600
82000,-2400,500,"bu","14:08:44",191300
81800,-2600,200,"sd","14:08:44",190800
82000,-2400,200,"bu","14:08:41",190600
82100,-2300,100,"bu","14:08:34",190400
82000,-2400,200,"bu","14:08:19",190300
82200,-2200,100,"bu","14:08:14",190100
82100,-2300,100,"bu","14:08:13",190000
82200,-2200,900,"bu","14:08:12",189900
82000,-2400,100,"bu","14:08:00",189000
82100,-2300,200,"sd","14:07:53",188900
82200,-2200,100,"bu","14:07:53",188700
82100,-2300,500,"sd","14:07:44",188600
82100,-2300,900,"sd","14:07:42",188100
82200,-2200,100,"sd","14:07:36",187200
82200,-2200,100,"bu","14:07:17",187100
82300,-2100,500,"bu","14:05:45",187000
82300,-2100,1000,"bu","14:05:38",186500
82300,-2100,600,"bu","14:05:31",185500
82400,-2000,400,"bu","14:05:20",184900
82400,-2000,100,"bu","14:05:15",184500
82300,-2100,100,"sd","14:05:06",184400
82300,-2100,900,"sd","14:04:54",184300
82400,-2000,100,"bu","14:04:18",183400
82400,-2000,100,"sd","14:04:14",183300
82400,-2000,100,"sd","14:04:07",183200
82500,-1900,100,"bu","14:03:50",183100
82500,-1900,200,"bu","14:03:48",183000
82500,-1900,1000,"bu","14:03:47",182800
82500,-1900,100,"bu","14:03:45",181800
82500,-1900,100,"bu","14:03:44",181700
82500,-1900,100,"sd","14:03:36",181600
82500,-1900,100,"sd","14:03:34",181500
82500,-1900,100,"sd","14:03:32",181400
82500,-1900,100,"sd","14:03:30",181300
82500,-1900,1000,"sd","14:03:28",181200
82500,-1900,100,"sd","14:03:26",180200
82600,-1800,300,"bu","14:03:24",180100
82600,-1800,100,"bu","14:03:22",179800
82600,-1800,3000,"bu","14:03:21",179700
82600,-1800,400,"bu","14:03:18",176700
82600,-1800,100,"unknown","14:03:16",176300
82600,-1800,100,"sd","14:03:14",176200
82600,-1800,200,"sd","14:02:54",176100
82600,-1800,500,"sd","14:02:20",175900
82700,-1700,200,"sd","14:01:27",175400
82700,-1700,1100,"sd","14:01:26",175200
82700,-1700,200,"sd","14:01:24",174100
82700,-1700,1100,"sd","14:01:00",173900
82700,-1700,100,"bu","14:00:17",172800
82700,-1700,100,"sd","14:00:09",172700
82700,-1700,300,"sd","14:00:09",172600
82700,-1700,200,"sd","13:59:52",172300
82700,-1700,500,"sd","13:59:44",172100
82700,-1700,800,"sd","13:59:24",171600
82700,-1700,2700,"sd","13:59:24",170800
82700,-1700,100,"sd","13:59:24",168100
82700,-1700,400,"sd","13:59:24",168000
82700,-1700,200,"sd","13:55:48",167600
82700,-1700,1800,"sd","13:54:13",167400
82700,-1700,100,"sd","13:53:31",165600
82800,-1600,100,"sd","13:48:38",165500
82800,-1600,900,"sd","13:48:35",165400
82800,-1600,100,"sd","13:48:35",164500
82800,-1600,3000,"bu","13:46:58",164400
82600,-1800,100,"sd","13:45:24",161400
82600,-1800,100,"sd","13:43:47",161300
82600,-1800,100,"sd","13:43:35",161200
82600,-1800,1500,"sd","13:42:09",161100
82600,-1800,100,"sd","13:42:09",159600
82600,-1800,300,"sd","13:42:09",159500
82700,-1700,100,"sd","13:42:09",159200
82700,-1700,900,"sd","13:41:29",159100
82700,-1700,100,"bu","13:40:49",158200
82700,-1700,900,"bu","13:37:53",158100
82700,-1700,100,"bu","13:37:51",157200
82700,-1700,300,"bu","13:37:48",157100
82700,-1700,100,"bu","13:37:36",156800
82700,-1700,100,"bu","13:37:03",156700
82500,-1900,200,"sd","13:35:26",156600
82600,-1800,200,"unknown","13:35:20",156400
82600,-1800,300,"unknown","13:35:19",156200
82600,-1800,200,"bu","13:35:07",155900
82600,-1800,200,"bu","13:34:57",155700
82600,-1800,200,"bu","13:34:31",155500
82600,-1800,100,"bu","13:34:25",155300
82600,-1800,100,"bu","13:34:18",155200
82600,-1800,200,"bu","13:34:07",155100
82600,-1800,1000,"bu","13:33:56",154900
82600,-1800,1300,"bu","13:33:45",153900
82600,-1800,100,"bu","13:32:44",152600
82600,-1800,100,"bu","13:32:42",152500
82500,-1900,200,"sd","13:32:23",152400
82500,-1900,300,"sd","13:32:09",152200
82600,-1800,100,"bu","13:31:01",151900
82500,-1900,1500,"sd","13:30:03",151800
82600,-1800,1500,"bu","13:29:29",150300
82600,-1800,100,"bu","13:29:20",148800
82500,-1900,800,"sd","13:29:09",148700
82500,-1900,300,"sd","13:28:51",147900
82500,-1900,100,"sd","13:28:40",147600
82500,-1900,300,"sd","13:28:34",147500
82500,-1900,500,"sd","13:28:33",147200
82500,-1900,200,"sd","13:28:33",146700
82500,-1900,1800,"sd","13:28:14",146500
82600,-1800,300,"bu","13:28:05",144700
82600,-1800,2500,"bu","13:27:48",144400
82600,-1800,3600,"bu","13:27:40",141900
82600,-1800,300,"bu","13:27:35",138300
82600,-1800,800,"bu","13:27:30",138000
82500,-1900,200,"sd","13:27:29",137200
82600,-1800,2000,"bu","13:27:13",137000
82600,-1800,100,"unknown","13:26:55",135000
82600,-1800,400,"sd","13:26:38",134900
82600,-1800,200,"sd","13:26:38",134500
82600,-1800,1500,"sd","13:26:36",134300
82600,-1800,900,"sd","13:26:21",132800
82600,-1800,200,"sd","13:25:45",131900
82600,-1800,4000,"sd","13:25:34",131700
82600,-1800,100,"sd","13:25:12",127700
82700,-1700,100,"bu","13:24:38",127600
82700,-1700,300,"sd","13:24:20",127500
82700,-1700,100,"sd","13:24:03",127200
82700,-1700,100,"bu","13:23:51",127100
82700,-1700,500,"bu","13:23:50",127000
82700,-1700,200,"bu","13:22:28",126500
82700,-1700,200,"bu","13:22:23",126300
82700,-1700,800,"sd","13:21:58",126100
82700,-1700,500,"sd","13:21:50",125300
82700,-1700,1800,"sd","13:21:48",124800
82700,-1700,200,"sd","13:21:42",123000
82800,-1600,200,"sd","13:18:21",122800
82800,-1600,100,"sd","13:18:21",122600
82800,-1600,400,"sd","13:18:13",122500
82800,-1600,500,"sd","13:17:51",122100
82900,-1500,100,"bu","13:17:24",121600
82900,-1500,200,"bu","13:14:38",121500
82900,-1500,600,"bu","13:14:09",121300
82800,-1600,100,"unknown","13:13:50",120700
82800,-1600,100,"sd","13:13:49",120600
82800,-1600,500,"sd","13:13:49",120500
82800,-1600,100,"sd","13:13:49",120000
82800,-1600,100,"sd","13:13:49",119900
82800,-1600,100,"sd","13:13:26",119800
82800,-1600,100,"sd","13:13:26",119700
82800,-1600,100,"sd","13:13:26",119600
82800,-1600,900,"sd","13:13:26",119500
82900,-1500,300,"sd","13:11:09",118600
82900,-1500,1800,"sd","13:11:07",118300
82900,-1500,400,"sd","13:10:55",116500
82800,-1600,200,"sd","13:10:52",116100
82900,-1500,100,"bu","13:09:55",115900
82800,-1600,200,"sd","13:09:35",115800
82800,-1600,100,"sd","13:09:10",115600
82800,-1600,600,"sd","13:08:32",115500
82800,-1600,400,"sd","13:08:32",114900
82800,-1600,500,"sd","13:05:05",114500
82800,-1600,100,"sd","13:04:04",114000
82900,-1500,100,"sd","13:04:04",113900
82900,-1500,900,"sd","13:04:04",113800
82900,-1500,100,"sd","13:03:11",112900
82900,-1500,100,"unknown","13:01:25",112800
82900,-1500,200,"unknown","13:01:21",112700
82900,-1500,100,"unknown","13:01:18",112500
82900,-1500,100,"unknown","13:01:10",112400
82900,-1500,100,"unknown","13:01:02",112300
83000,-1400,200,"bu","13:00:55",112200
82900,-1500,300,"sd","13:00:53",112000
83000,-1400,200,"bu","13:00:47",111700
83000,-1400,100,"bu","13:00:23",111500
83000,-1400,100,"bu","13:00:17",111400
83000,-1400,600,"sd","11:28:39",111300
83000,-1400,400,"sd","11:28:39",110700
83000,-1400,600,"bu","11:27:49",110300
83000,-1400,200,"bu","11:26:10",109700
83000,-1400,100,"bu","11:25:55",109500
83000,-1400,200,"bu","11:25:22",109400
83000,-1400,100,"bu","11:24:52",109200
83000,-1400,100,"bu","11:23:36",109100
83000,-1400,200,"bu","11:23:02",109000
83000,-1400,2500,"bu","11:20:29",108800
83000,-1400,1000,"bu","11:20:23",106300
83000,-1400,1000,"sd","11:20:13",105300
83000,-1400,1000,"sd","11:20:13",104300
83000,-1400,300,"sd","11:18:34",103300
83000,-1400,1200,"sd","11:16:57",103000
83000,-1400,300,"sd","11:16:57",101800
83000,-1400,500,"sd","11:16:57",101500
83000,-1400,8000,"sd","11:16:57",101000
83000,-1400,500,"sd","11:16:38",93000
83000,-1400,100,"sd","11:16:29",92500
83000,-1400,1400,"sd","11:16:11",92400
83000,-1400,100,"sd","11:16:11",91000
83000,-1400,1500,"sd","11:16:11",90900
83000,-1400,2000,"sd","11:13:05",89400
83100,-1300,1000,"sd","11:08:59",87400
83100,-1300,300,"sd","11:08:09",86400
83100,-1300,700,"sd","11:08:08",86100
83100,-1300,1800,"sd","11:07:41",85400
83100,-1300,100,"sd","11:07:41",83600
83200,-1200,100,"sd","11:07:41",83500
83000,-1400,100,"sd","10:59:52",83400
83100,-1300,100,"bu","10:55:44",83300
83000,-1400,100,"sd","10:55:36",83200
83000,-1400,1900,"sd","10:54:00",83100
83000,-1400,3100,"sd","10:54:00",81200
83100,-1300,500,"bu","10:53:06",78100
83000,-1400,1900,"bu","10:52:30",77600
83000,-1400,2000,"bu","10:52:19",75700
83000,-1400,100,"sd","10:52:01",73700
83000,-1400,200,"bu","10:51:14",73600
83000,-1400,200,"sd","10:51:09",73400
83000,-1400,100,"sd","10:51:09",73200
83000,-1400,100,"sd","10:51:09",73100
83000,-1400,300,"sd","10:51:09",73000
83000,-1400,100,"sd","10:51:09",72700
83000,-1400,2000,"sd","10:51:09",72600
83000,-1400,100,"sd","10:51:09",70600
83000,-1400,100,"sd","10:51:09",70500
83000,-1400,100,"sd","10:51:09",70400
83000,-1400,500,"sd","10:51:09",70300
83000,-1400,100,"sd","10:51:09",69800
83000,-1400,100,"sd","10:51:09",69700
83100,-1300,100,"bu","10:50:37",69600
83100,-1300,100,"bu","10:50:25",69500
83100,-1300,300,"sd","10:50:10",69400
83100,-1300,500,"sd","10:50:10",69100
83100,-1300,100,"sd","10:50:10",68600
83100,-1300,100,"sd","10:50:10",68500
83100,-1300,100,"sd","10:50:10",68400
83100,-1300,100,"sd","10:50:10",68300
83100,-1300,100,"sd","10:50:10",68200
83100,-1300,100,"sd","10:50:10",68100
83200,-1200,200,"sd","10:49:37",68000
83200,-1200,300,"sd","10:49:37",67800
83700,-700,100,"bu","10:48:32",67500
83200,-1200,700,"bu","10:48:30",67400
83200,-1200,2300,"sd","10:47:29",66700
83900,-500,100,"bu","10:39:15",64400
83900,-500,200,"bu","10:39:15",64300
83900,-500,700,"bu","10:39:15",64100
83200,-1200,600,"bu","10:37:28",63400
83000,-1400,400,"bu","10:33:47",62800
83000,-1400,200,"bu","10:33:15",62400
83000,-1400,500,"bu","10:33:11",62200
83000,-1400,800,"sd","10:32:19",61700
83000,-1400,100,"sd","10:32:19",60900
83000,-1400,2500,"sd","10:32:19",60800
83000,-1400,500,"sd","10:32:19",58300
83200,-1200,1000,"bu","10:31:57",57800
83200,-1200,1000,"sd","10:31:42",56800
83200,-1200,3200,"sd","10:31:42",55800
83200,-1200,3200,"sd","10:31:42",52600
83300,-1100,2000,"bu","10:31:35",49400
83300,-1100,1000,"sd","10:31:23",47400
83300,-1100,100,"sd","10:31:23",46400
83300,-1100,2500,"sd","10:31:23",46300
83300,-1100,1000,"sd","10:31:23",43800
83300,-1100,2500,"sd","10:31:23",42800
83400,-1000,200,"sd","10:30:37",40300
83400,-1000,700,"sd","10:30:37",40100
83400,-1000,2000,"sd","10:30:37",39400
83400,-1000,100,"sd","10:30:37",37400
83500,-900,100,"sd","10:30:37",37300
83500,-900,100,"sd","10:30:37",37200
83500,-900,500,"sd","10:30:37",37100
83500,-900,500,"sd","10:30:37",36600
83500,-900,2500,"sd","10:30:37",36100
83600,-800,200,"sd","10:30:37",33600
83600,-800,500,"sd","10:30:37",33400
83600,-800,500,"sd","10:30:36",32900
83500,-900,100,"sd","10:21:25",32400
83500,-900,100,"sd","10:21:25",32300
83600,-800,200,"unknown","10:15:59",32200
83600,-800,600,"bu","10:15:25",32000
83500,-900,100,"sd","10:09:37",31400
83500,-900,100,"unknown","10:03:59",31300
83300,-1100,2500,"sd","09:57:42",31200
83500,-900,100,"sd","09:57:42",28700
83600,-800,200,"sd","09:57:42",28600
83700,-700,100,"sd","09:57:42",28400
83700,-700,500,"sd","09:57:42",28300
83700,-700,2500,"sd","09:57:42",27800
83700,-700,100,"sd","09:57:41",25300
83800,-600,100,"sd","09:57:41",25200
83800,-600,1000,"sd","09:57:41",25100
83800,-600,500,"sd","09:57:41",24100
83900,-500,100,"bu","09:53:58",23600
83900,-500,1700,"bu","09:53:58",23500
84000,-400,1100,"bu","09:53:58",21800
84000,-400,1000,"sd","09:53:50",20700
84000,-400,100,"sd","09:53:44",19700
84000,-400,300,"sd","09:53:04",19600
84000,-400,100,"sd","09:53:04",19300
84000,-400,100,"sd","09:53:04",19200
84100,-300,100,"bu","09:52:08",19100
84100,-300,400,"bu","09:51:30",19000
84100,-300,2100,"sd","09:49:58",18600
84100,-300,100,"sd","09:49:58",16500
84200,-200,100,"sd","09:49:58",16400
84000,-400,400,"sd","09:45:18",16300
83900,-500,100,"sd","09:39:20",15900
83900,-500,700,"sd","09:37:47",15800
83800,-600,2000,"bu","09:31:55",15100
83800,-600,500,"bu","09:31:41",13100
83800,-600,1200,"sd","09:30:20",12600
83800,-600,1200,"sd","09:30:20",11400
84100,-300,200,"sd","09:30:20",10200
84400,0,1000,"sd","09:28:01",10000
84400,0,100,"sd","09:28:01",9000
84400,0,300,"sd","09:28:01",8900
84500,100,100,"sd","09:28:01",8600
84500,100,600,"sd","09:28:01",8500
84500,100,200,"sd","09:28:01",7900
84600,200,200,"bu","09:25:11",7700
84600,200,200,"bu","09:24:40",7500
84600,200,100,"bu","09:24:40",7300
84600,200,500,"sd","09:23:59",7200
84600,200,400,"sd","09:23:59",6700
84600,200,1000,"sd","09:23:19",6300
84900,500,200,"sd","09:20:09",5300
84900,500,400,"sd","09:20:09",5100
84900,500,100,"sd","09:20:05",4700
84900,500,500,"sd","09:19:50",4600
84900,500,100,"sd","09:19:43",4100
84900,500,1000,"sd","09:19:35",4000
84900,500,200,"sd","09:19:13",3000
85000,600,100,"bu","09:17:26",2800
85000,600,100,"bu","09:16:41",2700
84900,500,200,"sd","09:16:39",2600
85000,600,100,"bu","09:16:02",2400
84900,500,200,"bu","09:16:02",2300
85000,600,2100,"unknown","09:15:00",2100
