"price","change","match_qtty","side","time","total_vol"
42800,-1150,191200,"unknown","14:45:00",2412400
43100,-850,100,"unknown","14:33:59",2221200
43000,-950,4000,"unknown","14:33:58",2221100
42900,-1050,100,"unknown","14:33:50",2217100
43100,-850,400,"unknown","14:33:48",2217000
43000,-950,900,"unknown","14:33:48",2216600
43150,-800,100,"unknown","14:33:46",2215700
42850,-1100,500,"unknown","14:33:44",2215600
43100,-850,300,"unknown","14:33:36",2215100
43000,-950,500,"unknown","14:33:36",2214800
43100,-850,100,"unknown","14:33:24",2214300
43000,-950,500,"unknown","14:33:22",2214200
43100,-850,800,"unknown","14:33:09",2213700
43000,-950,200,"unknown","14:33:08",2212900
42850,-1100,100,"unknown","14:33:05",2212700
42850,-1100,100,"unknown","14:32:53",2212600
43000,-950,200,"unknown","14:32:51",2212500
42850,-1100,100,"unknown","14:32:51",2212300
42900,-1050,300,"unknown","14:32:50",2212200
42900,-1050,200,"unknown","14:32:37",2211900
42850,-1100,100,"unknown","14:32:35",2211700
43000,-950,400,"unknown","14:32:33",2211600
42850,-1100,3000,"unknown","14:32:33",2211200
42950,-1000,200,"unknown","14:32:33",2208200
42900,-1050,500,"unknown","14:32:17",2208000
43000,-950,1000,"unknown","14:32:13",2207500
42850,-1100,200,"unknown","14:32:13",2206500
42800,-1150,400,"unknown","14:32:07",2206300
42850,-1100,100,"unknown","14:32:06",2205900
43000,-950,500,"unknown","14:32:01",2205800
42850,-1100,100,"unknown","14:31:57",2205300
42900,-1050,100,"unknown","14:31:55",2205200
43000,-950,100,"unknown","14:31:51",2205100
42850,-1100,1700,"unknown","14:31:51",2205000
42900,-1050,100,"unknown","14:31:49",2203300
42800,-1150,200,"unknown","14:31:45",2203200
42850,-1100,900,"unknown","14:31:43",2203000
42850,-1100,500,"unknown","14:31:36",2202100
42850,-1100,500,"unknown","14:31:33",2201600
42900,-1050,200,"unknown","14:31:32",2201100
43000,-950,100,"unknown","14:31:27",2200900
42900,-1050,500,"unknown","14:31:26",2200800
42800,-1150,300,"unknown","14:31:21",2200300
43000,-950,500,"unknown","14:31:16",2200000
42850,-1100,200,"unknown","14:31:11",2199500
42900,-1050,400,"unknown","14:31:10",2199300
42850,-1100,200,"unknown","14:31:09",2198900
42900,-1050,200,"unknown","14:31:08",2198700
42900,-1050,2000,"unknown","14:31:04",2198500
42800,-1150,3900,"unknown","14:31:04",2196500
42850,-1100,100,"unknown","14:31:03",2192600
43000,-950,100,"unknown","14:31:03",2192500
42900,-1050,100,"unknown","14:31:01",2192400
42900,-1050,100,"unknown","14:30:59",2192300
42900,-1050,1000,"unknown","14:30:57",2192200
42800,-1150,1100,"unknown","14:30:56",2191200
43050,-900,2000,"unknown","14:30:53",2190100
43000,-950,500,"unknown","14:30:51",2188100
42900,-1050,1300,"unknown","14:30:46",2187600
43000,-950,4500,"unknown","14:30:45",2186300
42900,-1050,200,"unknown","14:30:42",2181800
43100,-850,1200,"unknown","14:30:41",2181600
42800,-1150,100,"unknown","14:30:37",2180400
43050,-900,100,"unknown","14:30:37",2180300
43000,-950,500,"unknown","14:30:36",2180200
42900,-1050,200,"unknown","14:30:34",2179700
43000,-950,300,"unknown","14:30:23",2179500
42950,-1000,500,"unknown","14:30:16",2179200
42900,-1050,100,"unknown","14:30:13",2178700
42800,-1150,100,"bu","14:30:08",2178600
43000,-950,600,"bu","14:30:08",2178500
43000,-950,1000,"bu","14:30:07",2177900
43000,-950,2300,"bu","14:29:53",2176900
42850,-1100,900,"sd","14:29:47",2174600
43000,-950,100,"bu","14:29:41",2173700
43000,-950,100,"bu","14:29:40",2173600
42900,-1050,3700,"bu","14:29:39",2173500
42850,-1100,100,"bu","14:29:30",2169800
43000,-950,200,"bu","14:29:28",2169700
43200,-750,100,"bu","14:29:22",2169500
43000,-950,1400,"bu","14:29:19",2169400
43000,-950,100,"bu","14:29:17",2168000
43000,-950,3000,"bu","14:29:16",2167900
43100,-850,500,"bu","14:29:16",2164900
42950,-1000,100,"bu","14:29:14",2164400
43000,-950,200,"bu","14:29:06",2164300
43050,-900,2300,"bu","14:29:05",2164100
42900,-1050,100,"sd","14:29:03",2161800
43200,-750,500,"bu","14:29:00",2161700
43000,-950,300,"bu","14:28:58",2161200
43000,-950,1800,"bu","14:28:56",2160900
43100,-850,4700,"bu","14:28:55",2159100
43000,-950,300,"bu","14:28:55",2154400
43050,-900,5000,"bu","14:28:55",2154100
43000,-950,200,"bu","14:28:46",2149100
43000,-950,100,"bu","14:28:45",2148900
43050,-900,500,"bu","14:28:44",2148800
43000,-950,1700,"bu","14:28:41",2148300
43200,-750,100,"bu","14:28:40",2146600
43050,-900,400,"bu","14:28:38",2146500
43000,-950,1000,"bu","14:28:36",2146100
43100,-850,800,"bu","14:28:35",2145100
43100,-850,6200,"bu","14:28:27",2144300
43000,-950,700,"bu","14:28:27",2138100
43050,-900,2200,"bu","14:28:26",2137400
43150,-800,100,"bu","14:28:23",2135200
43000,-950,300,"sd","14:28:23",2135100
43300,-650,100,"bu","14:28:21",2134800
43050,-900,600,"sd","14:28:20",2134700
43100,-850,100,"bu","14:28:10",2134100
43050,-900,1500,"sd","14:28:06",2134000
43150,-800,500,"bu","14:28:04",2132500
43100,-850,1800,"bu","14:28:03",2132000
43100,-850,500,"bu","14:27:58",2130200
43100,-850,200,"sd","14:27:54",2129700
43300,-650,200,"bu","14:27:43",2129500
43100,-850,200,"sd","14:27:42",2129300
43100,-850,3000,"sd","14:27:40",2129100
43100,-850,4000,"sd","14:27:34",2126100
43100,-850,3300,"sd","14:27:28",2122100
43200,-750,5000,"bu","14:27:26",2118800
43150,-800,500,"unknown","14:27:26",2113800
43100,-850,500,"sd","14:27:23",2113300
43300,-650,100,"bu","14:27:16",2112800
43200,-750,200,"bu","14:27:14",2112700
43300,-650,200,"bu","14:27:06",2112500
43300,-650,1700,"bu","14:27:04",2112300
43300,-650,100,"bu","14:27:04",2110600
43200,-750,500,"bu","14:27:02",2110500
43300,-650,500,"bu","14:26:55",2110000
43300,-650,300,"bu","14:26:53",2109500
43200,-750,1500,"sd","14:26:47",2109200
43350,-600,1900,"bu","14:26:38",2107700
43200,-750,200,"sd","14:26:37",2105800
43400,-550,100,"bu","14:26:34",2105600
43400,-550,2000,"bu","14:26:32",2105500
43350,-600,1000,"bu","14:26:28",2103500
43350,-600,1900,"bu","14:26:25",2102500
43200,-750,100,"sd","14:26:20",2100600
43300,-650,900,"bu","14:26:19",2100500
43200,-750,1800,"sd","14:26:14",2099600
43200,-750,1200,"sd","14:26:11",2097800
43300,-650,200,"unknown","14:26:10",2096600
43200,-750,100,"sd","14:26:06",2096400
43350,-600,400,"unknown","14:26:04",2096300
43300,-650,500,"unknown","14:25:59",2095900
43200,-750,100,"sd","14:25:58",2095400
43200,-750,100,"sd","14:25:50",2095300
43300,-650,300,"bu","14:25:49",2095200
43200,-750,300,"sd","14:25:43",2094900
43300,-650,900,"bu","14:25:41",2094600
43300,-650,500,"bu","14:25:37",2093700
43200,-750,900,"sd","14:25:35",2093200
43300,-650,3400,"bu","14:25:35",2092300
43300,-650,100,"bu","14:25:33",2088900
43300,-650,1300,"bu","14:25:28",2088800
43400,-550,1900,"bu","14:25:28",2087500
43300,-650,1000,"bu","14:25:27",2085600
43300,-650,100,"bu","14:25:20",2084600
43450,-500,200,"bu","14:25:16",2084500
43600,-350,100,"bu","14:25:14",2084300
43300,-650,100,"sd","14:25:12",2084200
43450,-500,200,"bu","14:25:09",2084100
43350,-600,100,"bu","14:25:04",2083900
43350,-600,500,"bu","14:25:02",2083800
43450,-500,3000,"bu","14:25:01",2083300
43350,-600,300,"bu","14:24:57",2080300
43650,-300,100,"bu","14:24:56",2080000
43450,-500,100,"bu","14:24:54",2079900
43450,-500,100,"bu","14:24:45",2079800
43450,-500,100,"bu","14:24:37",2079700
43400,-550,100,"bu","14:24:35",2079600
43450,-500,100,"bu","14:24:29",2079500
43500,-450,100,"bu","14:24:26",2079400
43500,-450,100,"bu","14:24:22",2079300
43450,-500,100,"bu","14:24:21",2079200
43800,-150,500,"bu","14:24:19",2079100
43400,-550,100,"bu","14:24:14",2078600
43500,-450,500,"bu","14:24:14",2078500
43600,-350,500,"bu","14:24:13",2078000
43450,-500,1100,"bu","14:24:13",2077500
43800,-150,1000,"bu","14:24:11",2076400
43400,-550,3200,"sd","14:24:09",2075400
43450,-500,1100,"sd","14:24:06",2072200
43450,-500,1300,"sd","14:24:04",2071100
43800,-150,1000,"bu","14:24:02",2069800
43600,-350,5000,"bu","14:23:59",2068800
43500,-450,100,"sd","14:23:56",2063800
43500,-450,9000,"sd","14:23:55",2063700
43800,-150,1300,"bu","14:23:52",2054700
43900,-50,10000,"bu","14:23:52",2053400
43600,-350,100,"bu","14:23:50",2043400
43600,-350,200,"unknown","14:23:48",2043300
43500,-450,200,"sd","14:23:47",2043100
43600,-350,300,"unknown","14:23:46",2042900
43500,-450,100,"sd","14:23:45",2042600
43600,-350,300,"unknown","14:23:43",2042500
43650,-300,100,"unknown","14:23:43",2042200
43850,-100,200,"bu","14:23:43",2042100
43600,-350,1200,"unknown","14:23:38",2041900
43500,-450,200,"sd","14:23:36",2040700
43500,-450,100,"sd","14:23:35",2040500
43850,-100,400,"bu","14:23:32",2040400
43500,-450,900,"sd","14:23:26",2040000
43850,-100,100,"bu","14:23:21",2039100
43700,-250,800,"bu","14:23:17",2039000
43550,-400,5000,"sd","14:23:14",2038200
43850,-100,500,"bu","14:23:14",2033200
43700,-250,400,"bu","14:23:09",2032700
43600,-350,800,"unknown","14:23:03",2032300
43850,-100,100,"bu","14:23:03",2031500
43650,-300,200,"unknown","14:22:59",2031400
43600,-350,100,"unknown","14:22:51",2031200
43700,-250,200,"bu","14:22:51",2031100
43850,-100,400,"bu","14:22:49",2030900
43750,-200,200,"bu","14:22:49",2030500
43650,-300,100,"sd","14:22:46",2030300
43600,-350,100,"sd","14:22:38",2030200
43700,-250,100,"bu","14:22:37",2030100
43850,-100,100,"bu","14:22:37",2030000
43650,-300,200,"bu","14:22:24",2029900
43650,-300,2000,"bu","14:22:11",2029700
43700,-250,100,"bu","14:22:08",2027700
43900,-50,1000,"bu","14:22:01",2027600
43750,-200,5000,"bu","14:22:00",2026600
43900,-50,8600,"bu","14:21:56",2021600
43650,-300,900,"unknown","14:21:56",2013000
43850,-100,900,"bu","14:21:55",2012100
43900,-50,100,"bu","14:21:53",2011200
43750,-200,500,"bu","14:21:46",2011100
43900,-50,400,"bu","14:21:42",2010600
43750,-200,100,"bu","14:21:40",2010200
43850,-100,100,"bu","14:21:39",2010100
43900,-50,800,"bu","14:21:36",2010000
43900,-50,500,"bu","14:21:31",2009200
43900,-50,700,"bu","14:21:29",2008700
43850,-100,1200,"bu","14:21:27",2008000
43750,-200,100,"bu","14:21:27",2006800
43900,-50,900,"bu","14:21:22",2006700
43950,0,700,"bu","14:21:16",2005800
43900,-50,3000,"bu","14:21:09",2005100
43950,0,3000,"bu","14:21:06",2002100
43900,-50,200,"bu","14:21:01",1999100
43900,-50,800,"bu","14:21:00",1998900
43900,-50,1000,"bu","14:21:00",1998100
43950,0,100,"bu","14:20:58",1997100
43900,-50,300,"unknown","14:20:55",1997000
43900,-50,100,"unknown","14:20:49",1996700
43650,-300,1700,"sd","14:20:45",1996600
43900,-50,200,"sd","14:20:41",1994900
43900,-50,500,"sd","14:20:41",1994700
43900,-50,1000,"sd","14:20:40",1994200
43950,0,100,"bu","14:20:39",1993200
43950,0,100,"bu","14:20:36",1993100
43900,-50,200,"sd","14:20:35",1993000
43850,-100,2000,"sd","14:20:26",1992800
43600,-350,1000,"sd","14:20:24",1990800
43950,0,100,"bu","14:20:22",1989800
43950,0,100,"bu","14:20:21",1989700
43900,-50,4200,"sd","14:20:19",1989600
43750,-200,5500,"sd","14:20:19",1985400
43850,-100,500,"sd","14:20:13",1979900
43400,-550,600,"sd","14:20:09",1979400
43900,-50,100,"bu","14:19:59",1978800
43750,-200,1100,"sd","14:19:57",1978700
43750,-200,100,"sd","14:19:52",1977600
43650,-300,200,"sd","14:19:47",1977500
43400,-550,1000,"sd","14:19:45",1977300
43850,-100,3300,"sd","14:19:44",1976300
43800,-150,100,"sd","14:19:43",1973000
43900,-50,1000,"unknown","14:19:38",1972900
43800,-150,3800,"sd","14:19:34",1971900
43400,-550,5000,"sd","14:19:34",1968100
43400,-550,500,"sd","14:19:30",1963100
43750,-200,100,"sd","14:19:28",1962600
43800,-150,200,"sd","14:19:28",1962500
43850,-100,500,"sd","14:19:27",1962300
43650,-300,500,"sd","14:19:20",1961800
43400,-550,600,"sd","14:19:20",1961300
43850,-100,100,"sd","14:19:19",1960700
43750,-200,2000,"sd","14:19:18",1960600
43850,-100,300,"sd","14:19:14",1958600
43850,-100,200,"sd","14:19:13",1958300
43850,-100,1500,"sd","14:18:59",1958100
43400,-550,500,"sd","14:18:53",1956600
43850,-100,200,"sd","14:18:52",1956100
43800,-150,200,"sd","14:18:46",1955900
43900,-50,200,"bu","14:18:45",1955700
43900,-50,300,"bu","14:18:45",1955500
43800,-150,200,"sd","14:18:44",1955200
43900,-50,100,"bu","14:18:39",1955000
43800,-150,1700,"sd","14:18:35",1954900
43650,-300,900,"sd","14:18:35",1953200
43800,-150,200,"sd","14:18:28",1952300
43600,-350,800,"sd","14:18:26",1952100
43600,-350,600,"sd","14:18:21",1951300
43800,-150,500,"sd","14:18:18",1950700
43650,-300,1500,"sd","14:18:16",1950200
43550,-400,900,"sd","14:18:13",1948700
43600,-350,1000,"sd","14:18:09",1947800
43800,-150,2000,"sd","14:18:09",1946800
43750,-200,600,"sd","14:18:07",1944800
43800,-150,300,"sd","14:18:05",1944200
43650,-300,100,"sd","14:18:04",1943900
43600,-350,500,"sd","14:17:55",1943800
43450,-500,100,"sd","14:17:54",1943300
43600,-350,400,"sd","14:17:50",1943200
43500,-450,1000,"sd","14:17:49",1942800
43600,-350,400,"sd","14:17:49",1941800
43650,-300,900,"sd","14:17:47",1941400
43750,-200,100,"sd","14:17:43",1940500
43300,-650,300,"sd","14:17:42",1940400
43500,-450,100,"sd","14:17:39",1940100
43650,-300,100,"sd","14:17:32",1940000
43600,-350,100,"sd","14:17:29",1939900
43750,-200,1000,"bu","14:17:23",1939800
43600,-350,1200,"sd","14:17:23",1938800
43450,-500,300,"sd","14:17:21",1937600
43600,-350,300,"sd","14:17:19",1937300
43600,-350,100,"sd","14:17:18",1937000
43350,-600,300,"sd","14:17:13",1936900
43600,-350,100,"sd","14:17:13",1936600
43650,-300,400,"sd","14:17:11",1936500
43750,-200,100,"bu","14:17:10",1936100
43500,-450,2900,"sd","14:17:06",1936000
43100,-850,200,"sd","14:16:56",1933100
43650,-300,1000,"sd","14:16:53",1932900
43650,-300,100,"sd","14:16:53",1931900
43350,-600,100,"sd","14:16:52",1931800
43650,-300,400,"sd","14:16:51",1931700
43550,-400,200,"sd","14:16:50",1931300
43400,-550,1700,"sd","14:16:47",1931100
43650,-300,1000,"sd","14:16:47",1929400
43600,-350,100,"sd","14:16:45",1928400
43550,-400,100,"sd","14:16:37",1928300
43450,-500,500,"sd","14:16:33",1928200
43650,-300,800,"unknown","14:16:29",1927700
43200,-750,2000,"sd","14:16:27",1926900
43450,-500,100,"sd","14:16:26",1924900
43650,-300,100,"bu","14:16:19",1924800
43650,-300,100,"bu","14:16:18",1924700
43400,-550,400,"sd","14:16:16",1924600
43550,-400,200,"sd","14:16:16",1924200
43450,-500,400,"sd","14:16:11",1924000
43650,-300,1400,"bu","14:16:11",1923600
43650,-300,100,"bu","14:16:10",1922200
43600,-350,200,"sd","14:16:09",1922100
43600,-350,100,"sd","14:16:08",1921900
43550,-400,300,"sd","14:16:07",1921800
43550,-400,400,"sd","14:16:01",1921500
43650,-300,100,"bu","14:15:58",1921100
43450,-500,400,"sd","14:15:56",1921000
43450,-500,300,"sd","14:15:53",1920600
43500,-450,100,"sd","14:15:50",1920300
43300,-650,200,"sd","14:15:48",1920200
43450,-500,100,"sd","14:15:39",1920000
43500,-450,100,"sd","14:15:35",1919900
43650,-300,300,"bu","14:15:31",1919800
43550,-400,100,"sd","14:15:27",1919500
43450,-500,500,"sd","14:15:24",1919400
43400,-550,100,"sd","14:15:22",1918900
43450,-500,1000,"sd","14:15:20",1918800
43450,-500,3000,"sd","14:15:19",1917800
43500,-450,900,"sd","14:15:13",1914800
43550,-400,500,"sd","14:15:02",1913900
43500,-450,400,"sd","14:14:58",1913400
43150,-800,200,"sd","14:14:54",1913000
43600,-350,200,"bu","14:14:47",1912800
43550,-400,1000,"bu","14:14:45",1912600
43450,-500,500,"sd","14:14:42",1911600
43400,-550,1000,"sd","14:14:42",1911100
43500,-450,1000,"sd","14:14:40",1910100
43550,-400,300,"bu","14:14:37",1909100
43400,-550,300,"sd","14:14:35",1908800
43450,-500,600,"sd","14:14:35",1908500
43550,-400,100,"bu","14:14:29",1907900
43550,-400,3000,"bu","14:14:29",1907800
43350,-600,100,"sd","14:14:21",1904800
43500,-450,1500,"sd","14:14:21",1904700
43350,-600,100,"sd","14:14:16",1903200
43100,-850,1000,"sd","14:14:13",1903100
43450,-500,100,"sd","14:14:07",1902100
43400,-550,100,"sd","14:14:06",1902000
43450,-500,600,"sd","14:14:06",1901900
43450,-500,100,"sd","14:14:03",1901300
43400,-550,100,"sd","14:14:01",1901200
43300,-650,200,"sd","14:13:59",1901100
43250,-700,300,"sd","14:13:43",1900900
43300,-650,700,"sd","14:13:40",1900600
43300,-650,300,"sd","14:13:14",1899900
43400,-550,2000,"sd","14:13:04",1899600
43450,-500,100,"sd","14:13:03",1897600
43300,-650,200,"sd","14:13:02",1897500
43400,-550,2200,"sd","14:12:56",1897300
43400,-550,700,"sd","14:12:52",1895100
43300,-650,1000,"sd","14:12:46",1894400
43200,-750,1100,"sd","14:12:44",1893400
43200,-750,500,"sd","14:12:43",1892300
43450,-500,100,"bu","14:12:31",1891800
43250,-700,200,"sd","14:12:27",1891700
43150,-800,3700,"sd","14:12:25",1891500
43400,-550,1000,"sd","14:12:21",1887800
43400,-550,300,"unknown","14:12:15",1886800
43300,-650,1100,"sd","14:12:10",1886500
43400,-550,500,"unknown","14:12:07",1885400
43400,-550,100,"bu","14:12:00",1884900
43400,-550,1000,"bu","14:11:55",1884800
43200,-750,900,"sd","14:11:51",1883800
43400,-550,2000,"bu","14:11:50",1882900
43250,-700,100,"sd","14:11:44",1880900
43400,-550,3000,"bu","14:11:43",1880800
43250,-700,1700,"sd","14:11:32",1877800
43400,-550,400,"sd","14:11:25",1876100
43400,-550,300,"bu","14:11:21",1875700
43400,-550,1700,"bu","14:11:17",1875400
43100,-850,800,"sd","14:11:10",1873700
43200,-750,100,"sd","14:11:03",1872900
43250,-700,300,"sd","14:11:03",1872800
43250,-700,1000,"sd","14:10:49",1872500
43400,-550,100,"bu","14:10:48",1871500
43400,-550,300,"bu","14:10:45",1871400
43200,-750,500,"sd","14:10:38",1871100
43300,-650,900,"bu","14:10:38",1870600
43400,-550,300,"bu","14:10:34",1869700
43250,-700,100,"bu","14:10:32",1869400
43250,-700,500,"bu","14:10:31",1869300
43400,-550,1100,"bu","14:10:28",1868800
43150,-800,300,"bu","14:10:22",1867700
43250,-700,1000,"bu","14:10:17",1867400
43450,-500,2900,"bu","14:10:16",1866400
43200,-750,100,"bu","14:10:06",1863500
43300,-650,100,"bu","14:10:02",1863400
43400,-550,700,"bu","14:10:01",1863300
43400,-550,1200,"bu","14:09:59",1862600
43450,-500,4400,"bu","14:09:48",1861400
43200,-750,200,"sd","14:09:37",1857000
43150,-800,500,"sd","14:09:36",1856800
43400,-550,300,"bu","14:09:33",1856300
43400,-550,100,"sd","14:09:24",1856000
43400,-550,100,"sd","14:09:17",1855900
43400,-550,100,"sd","14:09:10",1855800
43400,-550,300,"sd","14:09:08",1855700
43450,-500,300,"bu","14:09:08",1855400
43450,-500,100,"bu","14:09:03",1855100
43400,-550,500,"bu","14:08:48",1855000
43300,-650,100,"sd","14:08:44",1854500
43250,-700,300,"sd","14:08:38",1854400
43400,-550,100,"bu","14:08:31",1854100
43300,-650,500,"sd","14:08:18",1854000
43000,-950,200,"sd","14:08:11",1853500
43150,-800,200,"sd","14:08:04",1853300
43200,-750,1000,"sd","14:08:00",1853100
43150,-800,900,"sd","14:07:56",1852100
43050,-900,300,"sd","14:07:51",1851200
43150,-800,1000,"sd","14:07:45",1850900
43150,-800,100,"sd","14:07:43",1849900
43200,-750,400,"sd","14:07:42",1849800
43050,-900,200,"sd","14:07:34",1849400
43150,-800,400,"sd","14:07:29",1849200
43150,-800,100,"sd","14:07:27",1848800
43200,-750,800,"sd","14:07:24",1848700
43200,-750,1100,"sd","14:07:23",1847900
43200,-750,300,"sd","14:07:18",1846800
43100,-850,1000,"sd","14:07:18",1846500
43100,-850,200,"sd","14:07:04",1845500
43100,-850,1900,"sd","14:06:50",1845300
43100,-850,100,"sd","14:06:50",1843400
43150,-800,100,"bu","14:06:47",1843300
43200,-750,2000,"bu","14:06:40",1843200
43150,-800,100,"bu","14:06:33",1841200
43100,-850,1000,"sd","14:06:33",1841100
43150,-800,100,"bu","14:06:31",1840100
43100,-850,100,"sd","14:06:22",1840000
43150,-800,200,"bu","14:06:20",1839900
43150,-800,200,"bu","14:06:10",1839700
43200,-750,400,"bu","14:06:03",1839500
43200,-750,100,"bu","14:06:03",1839100
43200,-750,500,"bu","14:05:58",1839000
43200,-750,100,"bu","14:05:57",1838500
43200,-750,100,"bu","14:05:54",1838400
43300,-650,1500,"bu","14:05:44",1838300
43300,-650,500,"bu","14:05:41",1836800
43200,-750,1000,"sd","14:05:30",1836300
43400,-550,200,"bu","14:05:24",1835300
43300,-650,500,"sd","14:05:08",1835100
43300,-650,1000,"sd","14:05:08",1834600
43350,-600,100,"bu","14:05:03",1833600
43450,-500,300,"bu","14:04:50",1833500
43450,-500,600,"bu","14:04:45",1833200
43400,-550,100,"bu","14:04:42",1832600
43400,-550,400,"bu","14:04:39",1832500
43400,-550,100,"bu","14:04:38",1832100
43400,-550,900,"bu","14:04:38",1832000
43500,-450,200,"bu","14:04:37",1831100
43400,-550,1100,"sd","14:04:35",1830900
43400,-550,100,"sd","14:04:34",1829800
43450,-500,400,"bu","14:04:33",1829700
43550,-400,100,"bu","14:04:13",1829300
43500,-450,100,"sd","14:04:13",1829200
43550,-400,2000,"bu","14:04:10",1829100
43500,-450,200,"sd","14:04:10",1827100
43550,-400,700,"bu","14:04:08",1826900
43500,-450,3000,"sd","14:04:08",1826200
43550,-400,500,"bu","14:04:05",1823200
43550,-400,100,"bu","14:04:03",1822700
43550,-400,100,"sd","14:04:00",1822600
43550,-400,400,"sd","14:03:54",1822500
43550,-400,100,"sd","14:03:52",1822100
43550,-400,1900,"sd","14:03:51",1822000
43550,-400,100,"sd","14:03:49",1820100
43550,-400,500,"sd","14:03:38",1820000
43600,-350,700,"bu","14:03:34",1819500
43550,-400,400,"sd","14:02:46",1818800
43600,-350,100,"bu","14:02:39",1818400
43600,-350,100,"bu","14:02:37",1818300
43600,-350,1000,"bu","14:01:53",1818200
43550,-400,2000,"sd","14:01:49",1817200
43550,-400,1000,"sd","14:01:49",1815200
43600,-350,500,"bu","14:01:47",1814200
43600,-350,800,"bu","14:01:40",1813700
43600,-350,2000,"bu","14:01:35",1812900
43600,-350,400,"bu","14:01:33",1810900
43600,-350,100,"bu","14:01:32",1810500
43600,-350,1700,"bu","14:01:32",1810400
43600,-350,300,"sd","14:01:15",1808700
43600,-350,600,"sd","14:01:15",1808400
43600,-350,400,"sd","14:00:59",1807800
43600,-350,100,"sd","14:00:59",1807400
43600,-350,100,"sd","14:00:59",1807300
43600,-350,300,"sd","14:00:59",1807200
43600,-350,100,"sd","14:00:59",1806900
43600,-350,200,"sd","14:00:55",1806800
43600,-350,300,"sd","14:00:55",1806600
43600,-350,600,"sd","14:00:38",1806300
43600,-350,400,"sd","14:00:36",1805700
43600,-350,3000,"sd","14:00:15",1805300
43600,-350,1000,"sd","14:00:15",1802300
43600,-350,1000,"sd","14:00:07",1801300
43600,-350,100,"sd","14:00:07",1800300
43600,-350,500,"sd","14:00:07",1800200
43600,-350,200,"sd","14:00:03",1799700
43600,-350,200,"sd","13:59:52",1799500
43600,-350,300,"sd","13:59:52",1799300
43650,-300,1000,"bu","13:59:48",1799000
43650,-300,3500,"bu","13:59:42",1798000
43650,-300,200,"sd","13:58:55",1794500
43650,-300,1000,"sd","13:58:55",1794300
43800,-150,300,"bu","13:58:50",1793300
43800,-150,800,"bu","13:58:49",1793000
43800,-150,1700,"bu","13:58:49",1792200
43850,-100,700,"bu","13:57:57",1790500
43800,-150,300,"bu","13:57:57",1789800
43800,-150,500,"sd","13:57:56",1789500
43800,-150,200,"sd","13:57:56",1789000
43850,-100,300,"bu","13:57:54",1788800
43800,-150,100,"unknown","13:57:07",1788500
43800,-150,100,"bu","13:56:39",1788400
43600,-350,700,"sd","13:56:38",1788300
43650,-300,100,"sd","13:56:38",1787600
43650,-300,200,"sd","13:56:38",1787500
43800,-150,200,"bu","13:56:30",1787300
43800,-150,100,"bu","13:55:49",1787100
43800,-150,1500,"bu","13:55:49",1787000
43800,-150,1500,"sd","13:55:49",1785500
43950,0,100,"bu","13:55:46",1784000
43800,-150,500,"sd","13:55:44",1783900
43950,0,4000,"sd","13:55:30",1783400
43950,0,300,"sd","13:55:25",1779400
43950,0,1000,"sd","13:55:25",1779100
43950,0,700,"sd","13:55:25",1778100
44000,50,4200,"sd","13:55:14",1777400
44000,50,600,"sd","13:55:00",1773200
44000,50,300,"sd","13:55:00",1772600
44000,50,3000,"sd","13:55:00",1772300
44000,50,100,"sd","13:55:00",1769300
44300,350,200,"bu","13:54:54",1769200
44400,450,200,"bu","13:54:36",1769000
44450,500,500,"bu","13:54:26",1768800
44450,500,100,"sd","13:54:23",1768300
44450,500,1200,"sd","13:54:23",1768200
44450,500,500,"sd","13:54:21",1767000
44450,500,100,"sd","13:54:19",1766500
44450,500,100,"bu","13:54:15",1766400
44400,450,100,"bu","13:54:15",1766300
44450,500,200,"bu","13:53:56",1766200
44500,550,100,"bu","13:53:39",1766000
44500,550,100,"sd","13:53:33",1765900
44500,550,400,"sd","13:53:28",1765800
44500,550,1900,"sd","13:53:28",1765400
44500,550,100,"sd","13:53:26",1763500
44500,550,200,"sd","13:53:26",1763400
44500,550,300,"sd","13:53:26",1763200
44500,550,700,"sd","13:53:15",1762900
44500,550,300,"sd","13:53:15",1762200
44500,550,700,"sd","13:53:13",1761900
44600,650,100,"bu","13:53:11",1761200
44500,550,300,"sd","13:53:10",1761100
44500,550,5000,"sd","13:53:04",1760800
44550,600,100,"bu","13:52:59",1755800
44550,600,200,"bu","13:52:54",1755700
44550,600,2000,"bu","13:52:51",1755500
44550,600,200,"bu","13:52:41",1753500
44500,550,500,"bu","13:52:29",1753300
44500,550,100,"bu","13:52:29",1752800
44500,550,400,"bu","13:52:29",1752700
44450,500,500,"sd","13:52:27",1752300
44450,500,500,"sd","13:52:25",1751800
44450,500,500,"sd","13:52:23",1751300
44450,500,500,"bu","13:51:42",1750800
44550,600,200,"bu","13:51:25",1750300
44550,600,100,"bu","13:51:22",1750100
44600,650,300,"sd","13:51:21",1750000
44600,650,100,"sd","13:51:21",1749700
44600,650,1000,"sd","13:51:14",1749600
44800,850,500,"bu","13:50:45",1748600
44850,900,1300,"sd","13:50:34",1748100
44900,950,500,"bu","13:50:32",1746800
44900,950,100,"bu","13:50:27",1746300
44850,900,1000,"sd","13:50:23",1746200
44900,950,200,"bu","13:50:18",1745200
44900,950,2200,"bu","13:50:18",1745000
44900,950,1000,"sd","13:50:18",1742800
44900,950,500,"sd","13:50:16",1741800
44900,950,1000,"sd","13:50:14",1741300
44900,950,2000,"sd","13:50:11",1740300
44900,950,5000,"sd","13:50:10",1738300
44900,950,500,"sd","13:50:05",1733300
44900,950,100,"sd","13:50:05",1732800
44950,1000,100,"bu","13:50:04",1732700
44950,1000,100,"bu","13:50:04",1732600
44950,1000,200,"bu","13:50:04",1732500
44900,950,100,"sd","13:50:03",1732300
44950,1000,500,"bu","13:50:02",1732200
44950,1000,2000,"bu","13:50:02",1731700
44950,1000,100,"bu","13:50:01",1729700
44900,950,1500,"sd","13:49:59",1729600
44950,1000,300,"bu","13:49:54",1728100
44950,1000,2400,"bu","13:49:54",1727800
44950,1000,2000,"bu","13:49:54",1725400
44950,1000,2000,"sd","13:49:50",1723400
44950,1000,500,"sd","13:49:50",1721400
44950,1000,300,"sd","13:49:40",1720900
44950,1000,100,"sd","13:49:40",1720600
44950,1000,300,"sd","13:49:28",1720500
44950,1000,700,"sd","13:49:28",1720200
44950,1000,300,"sd","13:49:28",1719500
44950,1000,500,"sd","13:49:23",1719200
45000,1050,4100,"sd","13:49:23",1718700
45000,1050,100,"sd","13:49:23",1714600
45000,1050,500,"sd","13:49:23",1714500
45000,1050,300,"sd","13:49:23",1714000
45000,1050,200,"bu","13:49:22",1713700
45000,1050,3000,"bu","13:49:21",1713500
45000,1050,600,"bu","13:49:21",1710500
45000,1050,1200,"bu","13:49:21",1709900
44950,1000,500,"sd","13:49:21",1708700
45000,1050,500,"bu","13:49:18",1708200
44950,1000,600,"sd","13:49:17",1707700
44950,1000,100,"sd","13:49:17",1707100
45000,1050,3300,"bu","13:49:17",1707000
45000,1050,1700,"bu","13:49:17",1703700
45000,1050,300,"bu","13:49:13",1702000
45000,1050,600,"bu","13:49:13",1701700
45000,1050,100,"bu","13:49:13",1701100
45000,1050,1000,"bu","13:49:13",1701000
45000,1050,300,"bu","13:49:12",1700000
45000,1050,800,"bu","13:49:09",1699700
44950,1000,100,"sd","13:49:09",1698900
44950,1000,100,"sd","13:49:05",1698800
44900,950,1000,"sd","13:49:04",1698700
44950,1000,1000,"sd","13:49:04",1697700
45000,1050,100,"bu","13:49:02",1696700
45000,1050,800,"bu","13:48:56",1696600
45000,1050,200,"bu","13:48:56",1695800
45000,1050,900,"bu","13:48:56",1695600
45000,1050,300,"bu","13:48:55",1694700
45000,1050,7200,"bu","13:48:55",1694400
44950,1000,600,"bu","13:48:55",1687200
44950,1000,4000,"bu","13:48:55",1686600
44950,1000,500,"bu","13:48:55",1682600
44950,1000,1900,"unknown","13:48:55",1682100
45000,1050,2800,"bu","13:48:54",1680200
45000,1050,1000,"bu","13:48:54",1677400
45000,1050,5000,"bu","13:48:54",1676400
45000,1050,600,"bu","13:48:54",1671400
45000,1050,7600,"bu","13:48:54",1670800
45000,1050,1000,"bu","13:48:53",1663200
44950,1000,100,"sd","13:48:52",1662200
44950,1000,100,"sd","13:48:52",1662100
44950,1000,100,"sd","13:48:52",1662000
45000,1050,1000,"bu","13:48:51",1661900
45000,1050,200,"bu","13:48:51",1660900
45000,1050,200,"bu","13:48:45",1660700
45000,1050,1100,"bu","13:48:45",1660500
45000,1050,400,"bu","13:48:43",1659400
45000,1050,100,"bu","13:48:43",1659000
45000,1050,200,"bu","13:48:40",1658900
45000,1050,1000,"bu","13:48:40",1658700
45000,1050,300,"bu","13:48:40",1657700
45000,1050,900,"bu","13:48:40",1657400
45000,1050,200,"bu","13:48:40",1656500
45000,1050,2500,"bu","13:48:40",1656300
45000,1050,100,"bu","13:48:40",1653800
45000,1050,100,"bu","13:48:40",1653700
45000,1050,100,"bu","13:48:40",1653600
45000,1050,200,"bu","13:48:40",1653500
45000,1050,100,"bu","13:48:40",1653300
45000,1050,100,"bu","13:48:40",1653200
45000,1050,100,"bu","13:48:40",1653100
45000,1050,100,"bu","13:48:40",1653000
45000,1050,100,"bu","13:48:40",1652900
45000,1050,900,"bu","13:48:40",1652800
44950,1000,2000,"bu","13:48:40",1651900
45000,1050,1700,"bu","13:48:37",1649900
44950,1000,500,"unknown","13:48:37",1648200
45000,1050,2400,"bu","13:48:35",1647700
45000,1050,100,"bu","13:48:35",1645300
45000,1050,500,"bu","13:48:35",1645200
45000,1050,1000,"bu","13:48:35",1644700
45000,1050,3000,"bu","13:48:34",1643700
45000,1050,300,"bu","13:48:34",1640700
45000,1050,1000,"bu","13:48:34",1640400
45000,1050,200,"bu","13:48:34",1639400
44950,1000,1400,"bu","13:48:34",1639200
45000,1050,100,"bu","13:48:33",1637800
45000,1050,300,"bu","13:48:33",1637700
45000,1050,2000,"bu","13:48:33",1637400
45000,1050,100,"bu","13:48:33",1635400
45000,1050,300,"bu","13:48:33",1635300
44950,1000,300,"bu","13:48:33",1635000
44950,1000,2000,"bu","13:48:33",1634700
44950,1000,1400,"bu","13:48:33",1632700
44950,1000,100,"bu","13:48:33",1631300
44950,1000,3500,"bu","13:48:33",1631200
44900,950,300,"sd","13:48:32",1627700
44950,1000,1500,"bu","13:48:30",1627400
44950,1000,100,"bu","13:48:30",1625900
44950,1000,400,"bu","13:48:30",1625800
44900,950,100,"sd","13:48:30",1625400
44900,950,2800,"sd","13:48:30",1625300
44950,1000,100,"bu","13:48:30",1622500
44950,1000,500,"bu","13:48:24",1622400
44900,950,200,"unknown","13:48:24",1621900
44700,750,100,"sd","13:48:20",1621700
44900,950,100,"bu","13:48:20",1621600
44700,750,4900,"sd","13:48:20",1621500
44900,950,2500,"bu","13:48:19",1616600
44850,900,500,"unknown","13:48:19",1614100
44900,950,100,"bu","13:48:19",1613600
44900,950,100,"bu","13:48:17",1613500
44850,900,100,"bu","13:48:17",1613400
44700,750,100,"bu","13:48:17",1613300
44850,900,200,"bu","13:48:10",1613200
44700,750,400,"bu","13:48:10",1613000
44700,750,100,"bu","13:48:09",1612600
44500,550,100,"bu","13:47:58",1612500
44500,550,1900,"bu","13:47:58",1612400
44500,550,1000,"bu","13:47:55",1610500
44500,550,100,"unknown","13:47:53",1609500
44850,900,200,"bu","13:47:53",1609400
44800,850,5000,"unknown","13:47:53",1609200
44800,850,500,"unknown","13:47:53",1604200
44800,850,200,"unknown","13:47:53",1603700
44800,850,500,"bu","13:47:53",1603500
44800,850,100,"bu","13:47:53",1603000
44750,800,100,"bu","13:47:53",1602900
44650,700,1600,"bu","13:47:53",1602800
44650,700,100,"bu","13:47:52",1601200
44600,650,1000,"bu","13:47:52",1601100
44600,650,500,"bu","13:47:52",1600100
44500,550,100,"bu","13:47:52",1599600
44500,550,100,"bu","13:47:52",1599500
44500,550,900,"bu","13:47:50",1599400
44500,550,2300,"bu","13:47:50",1598500
44500,550,100,"bu","13:47:47",1596200
44500,550,500,"bu","13:47:47",1596100
44500,550,100,"bu","13:47:47",1595600
44500,550,200,"bu","13:47:47",1595500
44500,550,500,"bu","13:47:47",1595300
44450,500,100,"unknown","13:47:46",1594800
44450,500,1500,"bu","13:47:46",1594700
44400,450,1000,"sd","13:47:44",1593200
44400,450,100,"bu","13:47:44",1592200
44200,250,1000,"bu","13:47:44",1592100
44200,250,5000,"bu","13:47:44",1591100
44150,200,500,"bu","13:47:44",1586100
44150,200,600,"bu","13:47:44",1585600
44100,150,1000,"bu","13:47:44",1585000
44100,150,700,"bu","13:47:44",1584000
44100,150,200,"bu","13:47:44",1583300
44100,150,100,"bu","13:47:44",1583100
44100,150,4800,"bu","13:47:42",1583000
44100,150,3200,"bu","13:47:42",1578200
44100,150,100,"bu","13:47:41",1575000
44100,150,1000,"bu","13:47:39",1574900
44100,150,200,"bu","13:47:38",1573900
44100,150,500,"bu","13:47:34",1573700
44050,100,500,"sd","13:47:34",1573200
44050,100,300,"sd","13:47:34",1572700
44050,100,200,"bu","13:47:32",1572400
44000,50,100,"bu","13:47:28",1572200
44000,50,100,"bu","13:47:28",1572100
44000,50,4800,"bu","13:47:27",1572000
44000,50,2000,"bu","13:47:27",1567200
44000,50,2300,"bu","13:47:27",1565200
44000,50,500,"bu","13:47:27",1562900
44000,50,2000,"bu","13:47:27",1562400
44000,50,1800,"bu","13:47:26",1560400
44000,50,300,"bu","13:47:25",1558600
44000,50,300,"bu","13:47:25",1558300
44000,50,17500,"bu","13:47:24",1558000
44000,50,100,"bu","13:47:24",1540500
44000,50,100,"bu","13:47:24",1540400
44000,50,100,"bu","13:47:24",1540300
44000,50,200,"bu","13:47:24",1540200
44000,50,200,"bu","13:47:24",1540000
44000,50,1800,"bu","13:47:24",1539800
44000,50,1000,"bu","13:47:23",1538000
44000,50,2000,"bu","13:47:23",1537000
43950,0,2000,"sd","13:47:23",1535000
44000,50,600,"bu","13:47:23",1533000
44000,50,500,"bu","13:47:23",1532400
44000,50,200,"bu","13:47:23",1531900
44000,50,100,"bu","13:47:23",1531700
44000,50,500,"bu","13:47:23",1531600
44000,50,4600,"bu","13:47:23",1531100
44000,50,3500,"bu","13:47:22",1526500
44000,50,200,"bu","13:47:22",1523000
44000,50,500,"bu","13:47:22",1522800
44000,50,100,"bu","13:47:22",1522300
44000,50,100,"bu","13:47:22",1522200
44000,50,600,"bu","13:47:22",1522100
44000,50,100,"bu","13:47:21",1521500
44000,50,100,"bu","13:47:21",1521400
44000,50,4100,"bu","13:47:20",1521300
44000,50,100,"bu","13:47:19",1517200
43950,0,100,"sd","13:47:19",1517100
44000,50,100,"bu","13:47:19",1517000
44000,50,500,"bu","13:47:19",1516900
44000,50,2500,"bu","13:47:19",1516400
44000,50,500,"bu","13:47:19",1513900
44000,50,200,"bu","13:47:19",1513400
44000,50,500,"bu","13:47:19",1513200
44000,50,300,"bu","13:47:19",1512700
44000,50,5000,"bu","13:47:19",1512400
43950,0,100,"bu","13:47:14",1507400
43950,0,100,"bu","13:47:14",1507300
43950,0,900,"bu","13:47:14",1507200
43950,0,600,"bu","13:47:11",1506300
43950,0,3000,"bu","13:47:10",1505700
43950,0,200,"bu","13:47:07",1502700
43950,0,300,"bu","13:47:01",1502500
43950,0,200,"bu","13:47:01",1502200
43950,0,100,"bu","13:47:01",1502000
43950,0,200,"bu","13:47:00",1501900
43950,0,100,"bu","13:47:00",1501700
43900,-50,500,"bu","13:47:00",1501600
43900,-50,200,"bu","13:47:00",1501100
43900,-50,300,"bu","13:47:00",1500900
43900,-50,100,"bu","13:47:00",1500600
43800,-150,100,"bu","13:46:58",1500500
43800,-150,2000,"bu","13:46:58",1500400
43800,-150,200,"bu","13:46:58",1498400
43800,-150,100,"bu","13:46:58",1498200
43800,-150,300,"bu","13:46:58",1498100
43600,-350,900,"sd","13:46:57",1497800
43600,-350,200,"bu","13:46:57",1496900
43600,-350,400,"bu","13:46:56",1496700
43600,-350,100,"bu","13:46:56",1496300
43600,-350,500,"bu","13:46:56",1496200
43600,-350,2600,"bu","13:46:55",1495700
43600,-350,2400,"bu","13:46:55",1493100
43600,-350,300,"bu","13:46:54",1490700
43600,-350,1400,"bu","13:46:54",1490400
43600,-350,3000,"bu","13:46:53",1489000
43600,-350,1400,"bu","13:46:48",1486000
43600,-350,1000,"bu","13:46:48",1484600
43600,-350,2600,"bu","13:46:48",1483600
43600,-350,1000,"bu","13:46:45",1481000
43600,-350,700,"bu","13:46:43",1480000
43550,-400,200,"bu","13:46:42",1479300
43550,-400,100,"bu","13:46:42",1479100
43550,-400,400,"bu","13:46:41",1479000
43550,-400,12300,"bu","13:46:39",1478600
43550,-400,4000,"bu","13:46:39",1466300
43550,-400,1000,"bu","13:46:38",1462300
43550,-400,100,"bu","13:46:38",1461300
43550,-400,1100,"bu","13:46:31",1461200
43500,-450,500,"sd","13:46:17",1460100
43500,-450,100,"sd","13:46:16",1459600
43500,-450,100,"sd","13:46:15",1459500
43500,-450,100,"bu","13:46:06",1459400
43500,-450,100,"bu","13:46:06",1459300
43500,-450,500,"bu","13:46:06",1459200
43500,-450,200,"bu","13:46:06",1458700
43500,-450,500,"bu","13:46:06",1458500
43500,-450,2000,"bu","13:46:06",1458000
43450,-500,100,"bu","13:46:06",1456000
43450,-500,6500,"bu","13:46:06",1455900
43400,-550,700,"sd","13:45:49",1449400
43400,-550,100,"sd","13:45:30",1448700
43400,-550,1800,"bu","13:45:29",1448600
43400,-550,1200,"bu","13:45:29",1446800
43400,-550,100,"bu","13:45:27",1445600
43250,-700,100,"sd","13:45:15",1445500
43400,-550,2000,"bu","13:45:12",1445400
43200,-750,200,"sd","13:44:43",1443400
43200,-750,300,"sd","13:44:43",1443200
43350,-600,500,"bu","13:44:35",1442900
43350,-600,100,"bu","13:44:35",1442400
43200,-750,100,"sd","13:44:33",1442300
43200,-750,500,"sd","13:44:11",1442200
43200,-750,100,"bu","13:44:11",1441700
43200,-750,300,"sd","13:44:01",1441600
43200,-750,600,"sd","13:44:01",1441300
43200,-750,3400,"bu","13:43:49",1440700
43200,-750,100,"sd","13:43:25",1437300
43200,-750,100,"sd","13:43:07",1437200
43200,-750,500,"bu","13:42:57",1437100
43200,-750,800,"bu","13:42:57",1436600
43150,-800,100,"sd","13:42:33",1435800
43200,-750,100,"sd","13:42:21",1435700
43200,-750,200,"sd","13:42:21",1435600
43200,-750,100,"sd","13:42:21",1435400
43250,-700,100,"bu","13:42:07",1435300
43250,-700,200,"bu","13:41:56",1435200
43250,-700,2300,"bu","13:41:53",1435000
43250,-700,700,"bu","13:41:53",1432700
43250,-700,500,"bu","13:41:39",1432000
43250,-700,300,"sd","13:41:20",1431500
43250,-700,100,"sd","13:41:18",1431200
43250,-700,100,"sd","13:41:07",1431100
43250,-700,400,"bu","13:41:00",1431000
43250,-700,100,"bu","13:40:52",1430600
43250,-700,200,"bu","13:40:52",1430500
43250,-700,200,"bu","13:40:52",1430300
43250,-700,2000,"bu","13:40:52",1430100
43300,-650,500,"sd","13:40:46",1428100
43300,-650,800,"sd","13:40:00",1427600
43250,-700,100,"sd","13:40:00",1426800
43250,-700,100,"sd","13:40:00",1426700
43300,-650,500,"sd","13:39:53",1426600
43300,-650,100,"sd","13:39:53",1426100
43300,-650,400,"sd","13:39:53",1426000
43250,-700,400,"sd","13:39:17",1425600
43500,-450,100,"sd","13:39:17",1425200
43500,-450,500,"bu","13:39:16",1425100
43500,-450,1200,"bu","13:39:16",1424600
43500,-450,300,"sd","13:39:12",1423400
43500,-450,600,"bu","13:39:09",1423100
43500,-450,100,"bu","13:39:09",1422500
43500,-450,500,"bu","13:39:09",1422400
43450,-500,1000,"bu","13:39:09",1421900
43500,-450,1000,"bu","13:39:00",1420900
43500,-450,600,"bu","13:39:00",1419900
43500,-450,1500,"bu","13:39:00",1419300
43500,-450,100,"bu","13:39:00",1417800
43500,-450,400,"bu","13:39:00",1417700
43500,-450,200,"bu","13:39:00",1417300
43500,-450,2200,"bu","13:39:00",1417100
43350,-600,400,"unknown","13:38:49",1414900
43400,-550,500,"unknown","13:38:49",1414500
43400,-550,100,"sd","13:38:48",1414000
43500,-450,2900,"bu","13:38:48",1413900
43300,-650,200,"sd","13:38:48",1411000
43400,-550,200,"bu","13:38:48",1410800
43300,-650,2100,"bu","13:38:48",1410600
43300,-650,2000,"bu","13:38:48",1408500
43400,-550,600,"bu","13:38:48",1406500
43300,-650,500,"bu","13:38:48",1405900
43300,-650,200,"bu","13:38:48",1405400
43300,-650,500,"sd","13:38:47",1405200
43300,-650,400,"sd","13:38:47",1404700
43300,-650,1800,"sd","13:38:47",1404300
43350,-600,200,"sd","13:38:47",1402500
43350,-600,200,"sd","13:38:47",1402300
43350,-600,100,"sd","13:38:47",1402100
43500,-450,100,"bu","13:38:39",1402000
43500,-450,700,"bu","13:38:34",1401900
43500,-450,400,"bu","13:38:33",1401200
43500,-450,100,"bu","13:38:32",1400800
43500,-450,1600,"bu","13:38:31",1400700
43500,-450,400,"sd","13:38:26",1399100
43500,-450,600,"sd","13:38:26",1398700
43500,-450,200,"sd","13:38:22",1398100
43550,-400,300,"bu","13:38:21",1397900
43550,-400,200,"bu","13:38:21",1397600
43550,-400,500,"bu","13:38:21",1397400
43550,-400,100,"bu","13:38:20",1396900
43550,-400,900,"bu","13:38:20",1396800
43500,-450,200,"sd","13:38:18",1395900
43500,-450,4000,"sd","13:38:17",1395700
43550,-400,300,"bu","13:38:16",1391700
43500,-450,200,"unknown","13:38:16",1391400
43500,-450,100,"unknown","13:38:14",1391200
43500,-450,100,"unknown","13:38:14",1391100
43500,-450,1600,"unknown","13:38:14",1391000
43500,-450,500,"sd","13:38:10",1389400
43500,-450,400,"sd","13:38:09",1388900
43500,-450,1000,"sd","13:38:06",1388500
43550,-400,100,"bu","13:38:02",1387500
43550,-400,1900,"bu","13:38:02",1387400
43550,-400,100,"bu","13:38:00",1385500
43550,-400,200,"bu","13:37:59",1385400
43550,-400,500,"bu","13:37:46",1385200
43550,-400,100,"bu","13:37:36",1384700
43550,-400,200,"bu","13:37:36",1384600
43500,-450,2000,"unknown","13:37:17",1384400
43550,-400,1000,"bu","13:37:06",1382400
43550,-400,500,"bu","13:37:06",1381400
43550,-400,100,"bu","13:37:06",1380900
43500,-450,2000,"unknown","13:37:05",1380800
43500,-450,2000,"unknown","13:37:05",1378800
43500,-450,100,"unknown","13:37:05",1376800
43500,-450,2300,"unknown","13:37:04",1376700
43500,-450,500,"bu","13:37:04",1374400
43500,-450,400,"bu","13:36:49",1373900
43450,-500,100,"sd","13:36:40",1373500
43400,-550,600,"sd","13:36:31",1373400
43400,-550,200,"sd","13:36:31",1372800
43450,-500,700,"sd","13:36:31",1372600
43450,-500,200,"sd","13:36:30",1371900
43400,-550,100,"bu","13:36:20",1371700
43400,-550,100,"bu","13:36:18",1371600
43350,-600,1000,"sd","13:36:18",1371500
43400,-550,1500,"bu","13:36:16",1370500
43400,-550,800,"bu","13:36:16",1369000
43400,-550,200,"bu","13:36:15",1368200
43400,-550,10000,"bu","13:36:13",1368000
43400,-550,1000,"bu","13:36:08",1358000
43350,-600,300,"sd","13:35:54",1357000
43350,-600,100,"bu","13:35:52",1356700
43350,-600,500,"bu","13:35:52",1356600
43350,-600,400,"bu","13:35:51",1356100
43350,-600,100,"bu","13:35:44",1355700
43350,-600,500,"bu","13:35:44",1355600
43350,-600,1000,"bu","13:35:35",1355100
43350,-600,200,"bu","13:35:33",1354100
43350,-600,500,"bu","13:35:31",1353900
43350,-600,500,"bu","13:35:30",1353400
43350,-600,100,"bu","13:35:26",1352900
43350,-600,2000,"bu","13:35:23",1352800
43350,-600,100,"bu","13:35:23",1350800
43350,-600,2100,"bu","13:35:21",1350700
43350,-600,2400,"bu","13:35:20",1348600
43350,-600,400,"bu","13:35:19",1346200
43350,-600,2100,"bu","13:35:18",1345800
43300,-650,800,"sd","13:34:54",1343700
43300,-650,1000,"bu","13:34:53",1342900
43300,-650,800,"bu","13:34:52",1341900
43300,-650,200,"bu","13:34:48",1341100
43300,-650,200,"bu","13:34:46",1340900
43300,-650,200,"bu","13:34:43",1340700
43300,-650,100,"bu","13:34:39",1340500
43300,-650,100,"bu","13:34:39",1340400
43200,-750,2000,"sd","13:34:37",1340300
43300,-650,1500,"bu","13:34:35",1338300
43300,-650,600,"bu","13:34:32",1336800
43300,-650,100,"bu","13:34:31",1336200
43300,-650,100,"bu","13:34:29",1336100
43300,-650,1000,"bu","13:34:24",1336000
43300,-650,300,"bu","13:34:20",1335000
43300,-650,500,"bu","13:34:18",1334700
43300,-650,500,"bu","13:34:15",1334200
43300,-650,200,"bu","13:34:14",1333700
43000,-950,800,"sd","13:34:13",1333500
43300,-650,300,"bu","13:34:11",1332700
43300,-650,100,"bu","13:34:09",1332400
43000,-950,5800,"sd","13:34:07",1332300
43200,-750,400,"sd","13:34:06",1326500
43000,-950,100,"sd","13:34:00",1326100
43000,-950,400,"sd","13:33:58",1326000
43200,-750,400,"bu","13:33:56",1325600
43000,-950,200,"sd","13:33:56",1325200
43100,-850,600,"sd","13:33:56",1325000
43000,-950,2400,"sd","13:33:52",1324400
43000,-950,300,"sd","13:33:50",1322000
43200,-750,100,"bu","13:33:48",1321700
43100,-850,400,"sd","13:33:48",1321600
43000,-950,200,"sd","13:33:46",1321200
43000,-950,900,"sd","13:33:44",1321000
43000,-950,700,"sd","13:33:43",1320100
43000,-950,100,"sd","13:33:42",1319400
43000,-950,300,"sd","13:33:41",1319300
43000,-950,1700,"sd","13:33:40",1319000
43000,-950,100,"sd","13:33:34",1317300
43000,-950,800,"sd","13:33:33",1317200
43000,-950,200,"sd","13:33:32",1316400
42750,-1200,100,"sd","13:33:30",1316200
42950,-1000,100,"sd","13:33:29",1316100
43100,-850,100,"bu","13:33:29",1316000
43000,-950,200,"sd","13:33:24",1315900
43000,-950,200,"bu","13:33:14",1315700
43000,-950,400,"bu","13:33:09",1315500
42950,-1000,600,"sd","13:33:08",1315100
42800,-1150,200,"sd","13:33:02",1314500
42950,-1000,1800,"sd","13:33:01",1314300
43000,-950,100,"bu","13:32:59",1312500
43000,-950,2400,"bu","13:32:57",1312400
43000,-950,200,"bu","13:32:55",1310000
42850,-1100,500,"sd","13:32:54",1309800
42800,-1150,500,"sd","13:32:52",1309300
42900,-1050,100,"sd","13:32:49",1308800
43000,-950,300,"bu","13:32:46",1308700
43000,-950,100,"bu","13:32:45",1308400
43000,-950,100,"bu","13:32:44",1308300
42800,-1150,500,"sd","13:32:44",1308200
43000,-950,100,"bu","13:32:43",1307700
43000,-950,200,"bu","13:32:40",1307600
42800,-1150,200,"sd","13:32:39",1307400
42900,-1050,100,"sd","13:32:37",1307200
42850,-1100,1000,"sd","13:32:36",1307100
42800,-1150,900,"sd","13:32:36",1306100
42800,-1150,8000,"sd","13:32:33",1305200
42800,-1150,500,"sd","13:32:31",1297200
42800,-1150,900,"sd","13:32:30",1296700
42800,-1150,10000,"sd","13:32:29",1295800
43000,-950,100,"bu","13:32:24",1285800
42800,-1150,500,"sd","13:32:24",1285700
42800,-1150,100,"sd","13:32:23",1285200
42950,-1000,500,"sd","13:32:21",1285100
42750,-1200,400,"sd","13:32:18",1284600
42800,-1150,100,"sd","13:32:16",1284200
42800,-1150,1600,"sd","13:32:16",1284100
42800,-1150,600,"sd","13:32:15",1282500
42850,-1100,200,"sd","13:32:13",1281900
42800,-1150,400,"sd","13:32:12",1281700
42900,-1050,200,"sd","13:32:08",1281300
42800,-1150,300,"sd","13:32:08",1281100
42850,-1100,100,"sd","13:32:08",1280800
42800,-1150,200,"sd","13:32:02",1280700
42800,-1150,100,"sd","13:32:01",1280500
42800,-1150,100,"sd","13:32:00",1280400
42800,-1150,200,"sd","13:32:00",1280300
42800,-1150,10000,"sd","13:32:00",1280100
42800,-1150,100,"sd","13:31:59",1270100
42850,-1100,2500,"bu","13:31:59",1270000
42800,-1150,1000,"sd","13:31:58",1267500
42800,-1150,400,"sd","13:31:57",1266500
42800,-1150,500,"sd","13:31:50",1266100
42800,-1150,100,"sd","13:31:50",1265600
42750,-1200,300,"sd","13:31:49",1265500
42800,-1150,100,"sd","13:31:47",1265200
42800,-1150,100,"sd","13:31:45",1265100
42800,-1150,7500,"sd","13:31:44",1265000
42800,-1150,300,"sd","13:31:44",1257500
42750,-1200,100,"sd","13:31:42",1257200
42750,-1200,200,"sd","13:31:41",1257100
42800,-1150,3000,"sd","13:31:40",1256900
42800,-1150,200,"sd","13:31:38",1253900
42800,-1150,400,"sd","13:31:36",1253700
42800,-1150,1000,"sd","13:31:35",1253300
42800,-1150,100,"sd","13:31:31",1252300
42750,-1200,1500,"sd","13:31:26",1252200
42750,-1200,100,"sd","13:31:25",1250700
42800,-1150,500,"bu","13:31:23",1250600
42750,-1200,400,"sd","13:31:21",1250100
42750,-1200,500,"sd","13:31:09",1249700
42800,-1150,200,"bu","13:31:07",1249200
42750,-1200,1500,"sd","13:31:04",1249000
42750,-1200,1000,"sd","13:31:04",1247500
42800,-1150,100,"bu","13:30:59",1246500
42800,-1150,300,"bu","13:30:58",1246400
42750,-1200,200,"sd","13:30:55",1246100
42750,-1200,500,"sd","13:30:54",1245900
42750,-1200,100,"sd","13:30:54",1245400
42750,-1200,900,"sd","13:30:54",1245300
42750,-1200,100,"sd","13:30:53",1244400
42800,-1150,800,"bu","13:30:53",1244300
42800,-1150,100,"bu","13:30:50",1243500
42750,-1200,300,"sd","13:30:50",1243400
42800,-1150,300,"bu","13:30:50",1243100
42750,-1200,600,"sd","13:30:47",1242800
42750,-1200,100,"sd","13:30:41",1242200
42750,-1200,500,"sd","13:30:40",1242100
42800,-1150,100,"bu","13:30:39",1241600
42750,-1200,100,"sd","13:30:38",1241500
42800,-1150,200,"bu","13:30:38",1241400
42750,-1200,100,"sd","13:30:37",1241200
42750,-1200,900,"sd","13:30:37",1241100
42750,-1200,200,"sd","13:30:36",1240200
42750,-1200,100,"sd","13:30:33",1240000
42800,-1150,2500,"bu","13:30:32",1239900
42800,-1150,100,"bu","13:30:29",1237400
42750,-1200,500,"sd","13:30:28",1237300
42750,-1200,200,"bu","13:30:23",1236800
42750,-1200,200,"bu","13:30:22",1236600
42750,-1200,100,"bu","13:30:20",1236400
42750,-1200,100,"bu","13:30:19",1236300
42750,-1200,100,"bu","13:30:18",1236200
42650,-1300,200,"sd","13:30:10",1236100
42750,-1200,300,"bu","13:30:10",1235900
42750,-1200,200,"bu","13:30:04",1235600
42750,-1200,300,"bu","13:30:00",1235400
42750,-1200,100,"bu","13:30:00",1235100
42750,-1200,300,"bu","13:29:58",1235000
42750,-1200,900,"bu","13:29:56",1234700
42700,-1250,100,"sd","13:29:55",1233800
42700,-1250,200,"sd","13:29:52",1233700
42750,-1200,300,"bu","13:29:51",1233500
42750,-1200,200,"bu","13:29:51",1233200
42750,-1200,1200,"bu","13:29:46",1233000
42750,-1200,200,"bu","13:29:45",1231800
42700,-1250,800,"sd","13:29:39",1231600
42750,-1200,100,"bu","13:29:38",1230800
42700,-1250,100,"sd","13:29:34",1230700
42750,-1200,300,"bu","13:29:34",1230600
42750,-1200,100,"bu","13:29:30",1230300
42700,-1250,100,"sd","13:29:29",1230200
42750,-1200,200,"bu","13:29:27",1230100
42750,-1200,100,"bu","13:29:27",1229900
42750,-1200,100,"bu","13:29:22",1229800
42700,-1250,200,"sd","13:29:22",1229700
42700,-1250,500,"sd","13:29:17",1229500
42750,-1200,800,"sd","13:29:17",1229000
42750,-1200,100,"bu","13:29:15",1228200
42750,-1200,900,"bu","13:29:13",1228100
42700,-1250,900,"sd","13:29:12",1227200
42700,-1250,1000,"sd","13:29:12",1226300
42750,-1200,200,"sd","13:29:10",1225300
42750,-1200,100,"sd","13:29:05",1225100
42700,-1250,6000,"sd","13:29:04",1225000
42750,-1200,300,"sd","13:29:02",1219000
42750,-1200,500,"sd","13:29:00",1218700
42700,-1250,200,"sd","13:29:00",1218200
42700,-1250,400,"sd","13:28:55",1218000
42700,-1250,300,"sd","13:28:55",1217600
42750,-1200,400,"sd","13:28:54",1217300
42700,-1250,500,"sd","13:28:53",1216900
42750,-1200,500,"sd","13:28:52",1216400
42750,-1200,300,"sd","13:28:52",1215900
42750,-1200,100,"sd","13:28:51",1215600
42750,-1200,900,"sd","13:28:50",1215500
42750,-1200,3700,"sd","13:28:49",1214600
42750,-1200,500,"sd","13:28:49",1210900
42700,-1250,2000,"sd","13:28:48",1210400
42700,-1250,100,"sd","13:28:47",1208400
42750,-1200,100,"sd","13:28:47",1208300
42750,-1200,200,"sd","13:28:46",1208200
42700,-1250,1700,"sd","13:28:42",1208000
42800,-1150,500,"bu","13:28:41",1206300
42750,-1200,500,"bu","13:28:38",1205800
42700,-1250,200,"sd","13:28:37",1205300
42750,-1200,100,"bu","13:28:37",1205100
42700,-1250,4600,"sd","13:28:33",1205000
42750,-1200,1000,"bu","13:28:33",1200400
42750,-1200,1300,"bu","13:28:32",1199400
42600,-1350,200,"sd","13:28:31",1198100
42750,-1200,200,"bu","13:28:30",1197900
42700,-1250,100,"sd","13:28:29",1197700
42750,-1200,3000,"bu","13:28:29",1197600
42700,-1250,3000,"sd","13:28:25",1194600
42800,-1150,200,"bu","13:28:24",1191600
42700,-1250,3100,"sd","13:28:20",1191400
42700,-1250,2900,"sd","13:28:15",1188300
42750,-1200,100,"bu","13:28:15",1185400
42700,-1250,300,"sd","13:28:12",1185300
42700,-1250,100,"sd","13:28:11",1185000
42600,-1350,1900,"sd","13:28:07",1184900
42700,-1250,500,"sd","13:28:07",1183000
42750,-1200,400,"bu","13:28:02",1182500
42700,-1250,100,"sd","13:28:00",1182100
42700,-1250,1000,"sd","13:27:57",1182000
42700,-1250,200,"sd","13:27:54",1181000
42750,-1200,1000,"sd","13:27:53",1180800
42600,-1350,100,"sd","13:27:49",1179800
42700,-1250,500,"sd","13:27:49",1179700
42800,-1150,500,"bu","13:27:49",1179200
42700,-1250,500,"sd","13:27:48",1178700
42700,-1250,400,"sd","13:27:48",1178200
42750,-1200,300,"bu","13:27:45",1177800
42750,-1200,200,"bu","13:27:41",1177500
42700,-1250,100,"sd","13:27:40",1177300
42700,-1250,200,"sd","13:27:40",1177200
42750,-1200,500,"bu","13:27:40",1177000
42700,-1250,100,"sd","13:27:40",1176500
42700,-1250,3000,"sd","13:27:40",1176400
42700,-1250,1000,"sd","13:27:36",1173400
42750,-1200,200,"bu","13:27:32",1172400
42600,-1350,1000,"sd","13:27:32",1172200
42700,-1250,100,"sd","13:27:32",1171200
42800,-1150,500,"bu","13:27:26",1171100
42800,-1150,100,"bu","13:27:25",1170600
42700,-1250,200,"sd","13:27:25",1170500
42800,-1150,1400,"bu","13:27:21",1170300
42700,-1250,300,"bu","13:27:19",1168900
42600,-1350,1100,"sd","13:27:14",1168600
42700,-1250,200,"bu","13:27:14",1167500
42800,-1150,500,"bu","13:27:09",1167300
42800,-1150,100,"bu","13:27:08",1166800
42800,-1150,1600,"bu","13:27:04",1166700
42700,-1250,1000,"bu","13:27:03",1165100
42700,-1250,200,"bu","13:27:01",1164100
42700,-1250,100,"unknown","13:26:58",1163900
42700,-1250,2300,"unknown","13:26:57",1163800
42650,-1300,500,"sd","13:26:57",1161500
42700,-1250,100,"unknown","13:26:55",1161000
42750,-1200,100,"bu","13:26:55",1160900
42800,-1150,500,"bu","13:26:52",1160800
42600,-1350,300,"sd","13:26:51",1160300
42800,-1150,500,"bu","13:26:51",1160000
42750,-1200,300,"bu","13:26:46",1159500
42700,-1250,300,"sd","13:26:45",1159200
42750,-1200,400,"bu","13:26:40",1158900
42650,-1300,200,"sd","13:26:40",1158500
42750,-1200,500,"bu","13:26:37",1158300
42800,-1150,2000,"bu","13:26:35",1157800
42600,-1350,200,"sd","13:26:34",1155800
42800,-1150,500,"bu","13:26:34",1155600
42750,-1200,200,"bu","13:26:29",1155100
42700,-1250,500,"sd","13:26:28",1154900
42600,-1350,200,"sd","13:26:28",1154400
42750,-1200,200,"bu","13:26:23",1154200
42650,-1300,2400,"sd","13:26:23",1154000
42700,-1250,100,"sd","13:26:22",1151600
42800,-1150,100,"bu","13:26:19",1151500
42600,-1350,100,"sd","13:26:18",1151400
42800,-1150,1100,"bu","13:26:18",1151300
42800,-1150,100,"bu","13:26:15",1150200
42600,-1350,100,"sd","13:26:12",1149100
42700,-1250,1000,"sd","13:26:12",1150100
42750,-1200,100,"bu","13:26:10",1149000
42750,-1200,500,"bu","13:26:07",1148900
42650,-1300,1000,"sd","13:26:07",1148400
42700,-1250,300,"sd","13:26:06",1147400
42800,-1150,500,"bu","13:26:06",1147100
42800,-1150,300,"bu","13:26:06",1146600
42800,-1150,100,"bu","13:26:03",1146300
42700,-1250,1000,"sd","13:25:55",1146200
42650,-1300,500,"sd","13:25:55",1145200
42750,-1200,1100,"unknown","13:25:54",1144700
42650,-1300,1000,"sd","13:25:51",1143600
42750,-1200,500,"sd","13:25:51",1142600
42700,-1250,300,"sd","13:25:50",1142100
42800,-1150,1500,"bu","13:25:49",1141800
42700,-1250,700,"sd","13:25:49",1140300
42800,-1150,100,"bu","13:25:47",1139600
42650,-1300,100,"sd","13:25:40",1139500
42700,-1250,200,"sd","13:25:40",1139400
42750,-1200,1500,"sd","13:25:36",1139200
42650,-1300,100,"sd","13:25:36",1137700
42700,-1250,200,"sd","13:25:35",1137600
42750,-1200,100,"sd","13:25:34",1137400
42700,-1250,200,"sd","13:25:34",1137300
42800,-1150,100,"bu","13:25:31",1137100
42800,-1150,1000,"bu","13:25:31",1137000
42750,-1200,100,"sd","13:25:29",1136000
42750,-1200,100,"unknown","13:25:26",1135900
42650,-1300,1000,"unknown","13:25:25",1135800
42700,-1250,200,"unknown","13:25:25",1134800
42650,-1300,100,"unknown","13:25:21",1134600
42700,-1250,1000,"unknown","13:25:20",1134500
42750,-1200,100,"unknown","13:25:19",1133500
42700,-1250,500,"unknown","13:25:19",1133400
42800,-1150,500,"bu","13:25:17",1132900
42800,-1150,100,"bu","13:25:17",1132400
42750,-1200,300,"sd","13:25:13",1132300
42750,-1200,300,"sd","13:25:12",1132000
42750,-1200,100,"sd","13:25:11",1131700
42700,-1250,300,"sd","13:25:10",1131600
42800,-1150,100,"bu","13:25:10",1131300
42750,-1200,800,"sd","13:25:08",1131200
42700,-1250,300,"sd","13:25:06",1130400
42700,-1250,2000,"sd","13:25:05",1130100
42750,-1200,800,"sd","13:25:05",1128100
42750,-1200,100,"sd","13:25:04",1127300
42800,-1150,1200,"bu","13:25:02",1127200
42800,-1150,5000,"bu","13:25:02",1126000
42750,-1200,100,"sd","13:24:58",1121000
42700,-1250,200,"sd","13:24:56",1120900
42750,-1200,500,"sd","13:24:55",1120700
42750,-1200,200,"sd","13:24:55",1120200
42750,-1200,200,"sd","13:24:55",1120000
42750,-1200,600,"unknown","13:24:51",1119800
42800,-1150,1000,"bu","13:24:48",1119200
42800,-1150,100,"bu","13:24:48",1118200
42750,-1200,100,"bu","13:24:44",1118100
42700,-1250,100,"sd","13:24:42",1118000
42700,-1250,500,"sd","13:24:42",1117900
42800,-1150,300,"bu","13:24:41",1117400
42750,-1200,500,"bu","13:24:39",1117100
42850,-1100,100,"bu","13:24:39",1116600
42800,-1150,2200,"bu","13:24:35",1116500
42800,-1150,300,"bu","13:24:35",1114300
42750,-1200,200,"bu","13:24:30",1114000
42700,-1250,200,"sd","13:24:29",1113800
42700,-1250,400,"sd","13:24:29",1113600
42850,-1100,500,"bu","13:24:26",1113200
42800,-1150,100,"bu","13:24:21",1112700
42800,-1150,500,"bu","13:24:21",1112600
42750,-1200,100,"bu","13:24:17",1112100
42700,-1250,3000,"sd","13:24:16",1112000
42850,-1100,700,"bu","13:24:13",1109000
42800,-1150,300,"bu","13:24:12",1108300
42750,-1200,100,"bu","13:24:11",1108000
42800,-1150,1000,"bu","13:24:09",1107900
42800,-1150,500,"bu","13:24:09",1106900
42700,-1250,2500,"sd","13:24:03",1106400
42800,-1150,500,"bu","13:24:02",1103900
42850,-1100,300,"bu","13:24:00",1103400
42800,-1150,100,"bu","13:23:59",1103100
42800,-1150,10000,"bu","13:23:56",1103000
42800,-1150,400,"bu","13:23:56",1093000
42850,-1100,1100,"bu","13:23:53",1092600
42700,-1250,100,"sd","13:23:51",1091500
42700,-1250,100,"sd","13:23:51",1091400
42800,-1150,500,"bu","13:23:49",1091300
42750,-1200,100,"unknown","13:23:47",1090800
42800,-1150,300,"bu","13:23:44",1090700
42800,-1150,300,"bu","13:23:44",1090400
42850,-1100,400,"bu","13:23:41",1090100
42700,-1250,100,"unknown","13:23:39",1089700
42700,-1250,300,"unknown","13:23:39",1089600
42800,-1150,100,"bu","13:23:38",1089300
42700,-1250,2500,"unknown","13:23:38",1089200
42750,-1200,900,"unknown","13:23:36",1086700
42800,-1150,500,"bu","13:23:32",1085800
42800,-1150,100,"bu","13:23:32",1085300
42850,-1100,200,"bu","13:23:30",1085200
42800,-1150,100,"bu","13:23:29",1085000
42700,-1250,2000,"unknown","13:23:28",1084900
42700,-1250,5500,"unknown","13:23:28",1082900
42750,-1200,500,"unknown","13:23:27",1077400
42750,-1200,300,"sd","13:23:25",1076900
42800,-1150,1000,"bu","13:23:23",1076600
42800,-1150,200,"bu","13:23:21",1075600
42800,-1150,1500,"bu","13:23:21",1075400
42750,-1200,300,"sd","13:23:21",1073900
42850,-1100,500,"bu","13:23:19",1073600
42850,-1100,1000,"bu","13:23:19",1073100
42750,-1200,100,"unknown","13:23:14",1072100
42800,-1150,1000,"bu","13:23:12",1072000
42800,-1150,3700,"bu","13:23:11",1071000
42750,-1200,200,"sd","13:23:11",1067300
42850,-1100,100,"bu","13:23:09",1067100
42900,-1050,200,"bu","13:23:08",1067000
42800,-1150,500,"bu","13:23:08",1066800
42750,-1200,200,"sd","13:23:03",1066300
42750,-1200,1300,"sd","13:23:00",1066100
42850,-1100,300,"bu","13:22:58",1064800
42900,-1050,200,"bu","13:22:57",1064500
42750,-1200,100,"sd","13:22:52",1064300
42800,-1150,3000,"sd","13:22:50",1064200
42900,-1050,300,"bu","13:22:47",1061200
43000,-950,400,"bu","13:22:38",1060900
42900,-1050,300,"bu","13:22:38",1060500
42850,-1100,600,"sd","13:22:33",1060200
42850,-1100,3000,"sd","13:22:30",1059600
42900,-1050,100,"bu","13:22:29",1056600
43000,-950,800,"bu","13:22:25",1056500
42900,-1050,200,"bu","13:22:20",1055700
43000,-950,100,"bu","13:22:16",1055500
43000,-950,500,"bu","13:22:09",1055400
42950,-1000,100,"bu","13:22:09",1054900
43000,-950,1100,"bu","13:22:08",1054800
42950,-1000,100,"bu","13:22:03",1053700
42950,-1000,100,"bu","13:22:01",1053600
43000,-950,100,"bu","13:22:01",1053500
43000,-950,300,"bu","13:21:53",1053400
43000,-950,100,"bu","13:21:50",1053100
43000,-950,200,"bu","13:21:46",1053000
42900,-1050,100,"sd","13:21:43",1052800
43000,-950,100,"bu","13:21:40",1052700
42900,-1050,800,"sd","13:21:36",1052600
43000,-950,400,"bu","13:21:31",1051800
43000,-950,200,"bu","13:21:26",1051400
43000,-950,100,"unknown","13:21:22",1051200
43000,-950,200,"sd","13:21:20",1051100
43000,-950,1000,"sd","13:21:19",1050900
43000,-950,100,"sd","13:21:18",1049900
43000,-950,300,"sd","13:21:14",1049800
43000,-950,100,"sd","13:21:14",1049500
43000,-950,500,"sd","13:21:12",1049400
43000,-950,600,"sd","13:21:08",1048900
43000,-950,500,"sd","13:21:04",1048300
43000,-950,100,"sd","13:21:04",1047800
43000,-950,700,"sd","13:21:03",1047700
43000,-950,400,"sd","13:21:00",1047000
43000,-950,200,"sd","13:20:59",1046600
43000,-950,1700,"sd","13:20:57",1046400
43000,-950,2200,"sd","13:20:56",1044700
43000,-950,100,"sd","13:20:53",1042500
43000,-950,500,"sd","13:20:52",1042400
43000,-950,5000,"sd","13:20:51",1041900
43000,-950,100,"sd","13:20:48",1036900
43000,-950,100,"sd","13:20:47",1036800
43000,-950,1200,"sd","13:20:46",1036700
43000,-950,700,"sd","13:20:43",1035500
43000,-950,500,"sd","13:20:39",1034800
43000,-950,2800,"sd","13:20:34",1034300
43050,-900,300,"sd","13:20:29",1031500
43000,-950,700,"sd","13:20:24",1031200
43000,-950,500,"sd","13:20:20",1030500
43000,-950,2100,"sd","13:20:18",1030000
43000,-950,500,"sd","13:20:14",1027900
43000,-950,100,"sd","13:20:12",1027400
43000,-950,300,"sd","13:20:11",1027300
43000,-950,2100,"sd","13:20:08",1027000
43000,-950,2600,"sd","13:19:26",1024900
43050,-900,100,"unknown","13:19:26",1022300
43050,-900,100,"unknown","13:19:25",1022200
43100,-850,100,"unknown","13:19:25",1022100
43000,-950,2300,"sd","13:18:19",1022000
43000,-950,300,"sd","13:18:18",1019700
43000,-950,500,"sd","13:18:18",1019400
43050,-900,100,"sd","13:18:18",1018900
43050,-900,100,"sd","13:18:18",1018800
43100,-850,500,"sd","13:18:18",1018700
43150,-800,100,"sd","13:18:18",1018200
43050,-900,400,"sd","13:18:06",1018100
43050,-900,100,"sd","13:18:06",1017700
43100,-850,100,"sd","13:18:06",1017600
43100,-850,2000,"sd","13:18:06",1017500
43100,-850,100,"sd","13:18:06",1015500
43100,-850,1300,"sd","13:18:06",1015400
43150,-800,100,"sd","13:18:06",1014100
43150,-800,900,"sd","13:18:06",1014000
43150,-800,100,"sd","13:17:54",1013100
43150,-800,500,"bu","13:17:47",1013000
43150,-800,8000,"bu","13:17:47",1012500
43150,-800,100,"bu","13:17:47",1004500
43150,-800,400,"bu","13:17:47",1004400
43100,-850,1700,"sd","13:17:23",1004000
43100,-850,600,"sd","13:17:23",1002300
43100,-850,200,"sd","13:17:23",1001700
43100,-850,800,"bu","13:17:07",1001500
43100,-850,700,"sd","13:17:00",1000700
43100,-850,1300,"bu","13:16:46",1000000
43100,-850,100,"bu","13:16:39",998700
43100,-850,300,"unknown","13:16:35",998600
43100,-850,700,"sd","13:16:35",998300
43100,-850,1100,"sd","13:16:35",997600
43100,-850,100,"sd","13:16:32",996500
43200,-750,100,"bu","13:16:13",996400
43200,-750,300,"bu","13:15:56",996300
43200,-750,100,"bu","13:15:53",996000
43200,-750,100,"bu","13:15:40",995900
43000,-950,1000,"sd","13:14:49",995800
43200,-750,500,"bu","13:14:44",994800
43300,-650,100,"bu","13:13:50",994300
43300,-650,300,"bu","13:13:31",994200
43350,-600,300,"bu","13:13:14",993900
43000,-950,200,"sd","13:13:12",993600
43000,-950,200,"sd","13:13:12",993400
43000,-950,400,"bu","13:13:00",993200
43000,-950,500,"bu","13:12:58",992800
43000,-950,100,"bu","13:12:56",992300
43000,-950,100,"bu","13:12:47",992200
43000,-950,500,"bu","13:12:47",992100
43000,-950,1000,"bu","13:12:29",991600
43000,-950,100,"bu","13:12:29",990600
43000,-950,800,"bu","13:12:29",990500
43000,-950,7000,"bu","13:12:29",989700
43000,-950,100,"bu","13:12:29",982700
43000,-950,1000,"unknown","13:12:29",982600
43250,-700,300,"sd","13:12:29",981600
43250,-700,900,"sd","13:12:29",981300
43300,-650,2100,"sd","13:12:29",980400
43300,-650,100,"sd","13:12:29",978300
43300,-650,800,"sd","13:12:28",978200
43300,-650,100,"sd","13:12:28",977400
43300,-650,100,"sd","13:12:23",977300
43300,-650,400,"sd","13:12:23",977200
43300,-650,2100,"sd","13:11:20",976800
43300,-650,100,"sd","13:11:20",974700
43300,-650,800,"sd","13:11:20",974600
43300,-650,200,"sd","13:10:15",973800
43300,-650,300,"sd","13:10:15",973600
43350,-600,400,"bu","13:10:14",973300
43350,-600,100,"bu","13:10:06",972900
43350,-600,100,"sd","13:09:57",972800
43300,-650,600,"bu","13:09:39",972700
43300,-650,200,"bu","13:09:39",972100
43300,-650,200,"bu","13:09:33",971900
43250,-700,600,"bu","13:09:27",971700
43250,-700,200,"bu","13:09:26",971100
43250,-700,100,"bu","13:09:20",970900
43000,-950,500,"sd","13:09:20",970800
43000,-950,100,"sd","13:09:20",970300
43000,-950,600,"sd","13:09:20",970200
43200,-750,1400,"sd","13:09:20",969600
43200,-750,100,"sd","13:09:20",968200
43250,-700,100,"bu","13:09:18",968100
43200,-750,100,"bu","13:09:18",968000
43000,-950,300,"bu","13:09:04",967900
43000,-950,1100,"bu","13:09:04",967600
43000,-950,100,"bu","13:09:00",966500
42900,-1050,200,"bu","13:08:55",966400
42900,-1050,200,"unknown","13:08:50",966200
42900,-1050,100,"sd","13:08:50",966000
42900,-1050,500,"sd","13:08:50",965900
42900,-1050,1000,"sd","13:08:50",965400
42800,-1150,300,"sd","13:08:18",964400
42800,-1150,500,"sd","13:08:18",964100
42800,-1150,100,"sd","13:08:18",963600
42800,-1150,600,"sd","13:08:18",963500
42850,-1100,500,"sd","13:08:18",962900
42800,-1150,900,"sd","13:08:06",962400
42800,-1150,500,"sd","13:08:06",961500
42800,-1150,100,"sd","13:08:06",961000
42850,-1100,300,"sd","13:08:06",960900
42850,-1100,200,"sd","13:08:06",960600
42800,-1150,2900,"sd","13:07:53",960400
42800,-1150,500,"sd","13:07:53",957500
42800,-1150,100,"sd","13:07:53",957000
42800,-1150,400,"sd","13:07:53",956900
42800,-1150,100,"sd","13:07:53",956500
42800,-1150,1000,"sd","13:07:53",956400
42800,-1150,100,"sd","13:07:53",955400
42800,-1150,100,"sd","13:07:53",955300
42800,-1150,100,"sd","13:07:53",955200
42800,-1150,500,"sd","13:07:52",955100
42800,-1150,100,"sd","13:07:52",954600
42800,-1150,200,"sd","13:07:52",954500
42800,-1150,100,"sd","13:07:52",954300
42800,-1150,4300,"sd","13:07:52",954200
42800,-1150,100,"sd","13:07:34",949900
42850,-1100,100,"bu","13:07:31",949800
42800,-1150,100,"sd","13:07:29",949700
42800,-1150,600,"sd","13:07:28",949600
42800,-1150,200,"sd","13:07:28",949000
42800,-1150,1000,"sd","13:07:28",948800
42800,-1150,100,"sd","13:07:28",947800
42800,-1150,500,"sd","13:07:28",947700
42850,-1100,100,"bu","13:07:28",947200
42850,-1100,500,"bu","13:07:27",947100
42850,-1100,500,"bu","13:07:27",946600
42850,-1100,100,"bu","13:07:27",946100
42850,-1100,100,"bu","13:07:27",946000
42850,-1100,100,"sd","13:07:27",945900
42850,-1100,100,"sd","13:07:27",945800
42900,-1050,100,"sd","13:07:27",945700
42900,-1050,500,"sd","13:07:27",945600
42900,-1050,3000,"sd","13:07:27",945100
42900,-1050,3200,"sd","13:07:27",942100
42900,-1050,200,"sd","13:07:27",938900
42900,-1050,100,"sd","13:07:27",938700
42900,-1050,300,"sd","13:07:25",938600
42900,-1050,1000,"sd","13:07:25",938300
42900,-1050,500,"sd","13:07:25",937300
42900,-1050,100,"sd","13:07:25",936800
42900,-1050,200,"sd","13:07:24",936700
42900,-1050,100,"sd","13:07:24",936500
42900,-1050,100,"sd","13:07:23",936400
42900,-1050,900,"sd","13:07:23",936300
42950,-1000,100,"sd","13:07:11",935400
43000,-950,200,"bu","13:07:11",935300
43000,-950,200,"bu","13:07:11",935100
42950,-1000,500,"sd","13:07:09",934900
43000,-950,200,"bu","13:06:48",934400
43000,-950,1100,"bu","13:06:48",934200
43000,-950,100,"bu","13:06:48",933100
43000,-950,500,"bu","13:06:48",933000
43000,-950,1000,"bu","13:06:48",932500
43000,-950,800,"bu","13:06:48",931500
43000,-950,300,"bu","13:06:48",930700
43000,-950,200,"bu","13:06:48",930400
43000,-950,600,"bu","13:06:48",930200
43000,-950,100,"bu","13:06:48",929600
43000,-950,1100,"bu","13:06:48",929500
43000,-950,10000,"bu","13:06:48",928400
43000,-950,2000,"sd","13:06:48",918400
43000,-950,300,"sd","13:06:48",916400
43000,-950,1000,"sd","13:06:48",916100
43000,-950,300,"sd","13:06:48",915100
43000,-950,1300,"sd","13:06:48",914800
43050,-900,300,"sd","13:06:48",913500
43050,-900,500,"sd","13:06:48",913200
43050,-900,3300,"sd","13:06:48",912700
43050,-900,1500,"sd","13:06:44",909400
43050,-900,200,"sd","13:06:43",907900
43050,-900,300,"sd","13:06:43",907700
43050,-900,200,"sd","13:06:40",907400
43100,-850,200,"sd","13:06:39",907200
43100,-850,1200,"sd","13:06:39",907000
43100,-850,800,"sd","13:06:29",905800
43100,-850,200,"sd","13:06:29",905000
43100,-850,300,"sd","13:06:20",904800
43150,-800,500,"unknown","13:06:15",904500
43150,-800,500,"sd","13:06:14",904000
43150,-800,900,"sd","13:06:14",903500
43150,-800,500,"sd","13:05:57",902600
43150,-800,400,"sd","13:05:57",902100
43200,-750,100,"sd","13:05:42",901700
43200,-750,100,"sd","13:05:31",901600
43200,-750,100,"sd","13:05:13",901500
43200,-750,300,"bu","13:05:02",901400
43200,-750,200,"bu","13:04:59",901100
43200,-750,300,"bu","13:04:59",900900
43200,-750,300,"bu","13:04:56",900600
43200,-750,100,"bu","13:04:25",900300
43200,-750,200,"bu","13:04:16",900200
43100,-850,200,"unknown","13:04:15",900000
43100,-850,300,"unknown","13:04:15",899800
43200,-750,100,"bu","13:03:48",899500
43200,-750,100,"sd","13:03:29",899400
43300,-650,200,"bu","13:03:09",899300
43150,-800,100,"sd","13:03:04",899100
43150,-800,100,"sd","13:03:04",899000
43200,-750,100,"sd","13:03:04",898900
43200,-750,200,"sd","13:03:04",898800
43200,-750,300,"sd","13:02:42",898600
43300,-650,500,"sd","13:02:33",898300
43300,-650,1000,"sd","13:02:33",897800
43300,-650,100,"sd","13:02:33",896800
43300,-650,5200,"sd","13:02:33",896700
43300,-650,4800,"sd","13:02:31",891500
43300,-650,5200,"sd","13:02:31",886700
43300,-650,1200,"sd","13:02:19",881500
43350,-600,200,"unknown","13:02:19",880300
43300,-650,1300,"sd","13:02:09",880100
43300,-650,100,"sd","13:02:01",878800
43500,-450,1000,"sd","13:01:43",878700
43500,-450,500,"sd","13:01:39",877700
43500,-450,100,"sd","13:01:36",877200
43500,-450,100,"sd","13:01:35",877100
43500,-450,500,"sd","13:01:34",877000
43500,-450,900,"sd","13:01:30",876500
43500,-450,600,"sd","13:01:26",875600
43600,-350,700,"bu","13:01:19",875000
43500,-450,400,"sd","13:00:56",874300
43500,-450,600,"sd","13:00:42",873900
43600,-350,1500,"unknown","13:00:35",873300
43700,-250,200,"bu","13:00:32",871800
43700,-250,100,"bu","13:00:29",871600
43700,-250,1100,"bu","13:00:24",871500
43600,-350,400,"unknown","13:00:22",870400
43800,-150,200,"bu","13:00:06",870000
43800,-150,100,"bu","11:29:53",869800
43800,-150,100,"bu","11:29:45",869700
43700,-250,300,"sd","11:29:20",869600
43700,-250,200,"sd","11:29:20",869300
43700,-250,800,"bu","11:29:12",869100
43750,-200,200,"sd","11:28:38",868300
43800,-150,500,"bu","11:28:05",868100
43800,-150,200,"sd","11:27:36",867600
43800,-150,300,"sd","11:27:36",867400
43900,-50,1000,"bu","11:26:37",867100
43700,-250,100,"sd","11:26:19",866100
43700,-250,100,"sd","11:26:08",866000
43800,-150,1000,"sd","11:25:11",865900
43800,-150,1000,"sd","11:25:06",864900
43900,-50,400,"bu","11:24:53",863900
43900,-50,1500,"bu","11:24:46",863500
43900,-50,100,"sd","11:24:41",862000
43900,-50,200,"sd","11:24:30",861900
43900,-50,500,"sd","11:23:42",861700
43900,-50,100,"sd","11:23:27",861200
44000,50,2500,"bu","11:22:58",861100
44000,50,500,"bu","11:22:53",858600
44000,50,200,"bu","11:22:36",858100
44000,50,1000,"bu","11:22:36",857900
44000,50,2500,"bu","11:22:36",856900
44000,50,2300,"bu","11:22:36",854400
44000,50,200,"bu","11:22:36",852100
43950,0,100,"bu","11:22:36",851900
43950,0,400,"bu","11:22:31",851800
43900,-50,500,"unknown","11:22:31",851400
43800,-150,100,"unknown","11:22:31",850900
44000,50,800,"bu","11:21:57",850800
44000,50,200,"bu","11:21:57",850000
44000,50,1000,"bu","11:21:57",849800
44000,50,1100,"bu","11:21:57",848800
44000,50,200,"bu","11:21:57",847700
43800,-150,400,"bu","11:21:57",847500
44000,50,100,"bu","11:21:57",847100
43700,-250,200,"bu","11:21:57",847000
44000,50,200,"bu","11:21:57",846800
43700,-250,200,"bu","11:21:57",846600
44000,50,1000,"bu","11:21:57",846400
44000,50,100,"bu","11:21:57",845400
43950,0,500,"bu","11:21:57",845300
43950,0,500,"bu","11:21:57",844800
43950,0,100,"bu","11:21:57",844300
43950,0,100,"bu","11:21:57",844200
43950,0,1000,"bu","11:21:57",844100
43950,0,1000,"bu","11:21:57",843100
43900,-50,1000,"bu","11:21:57",842100
43850,-100,100,"bu","11:21:57",841100
43850,-100,100,"bu","11:21:57",841000
43800,-150,100,"bu","11:21:57",840900
43600,-350,4500,"bu","11:21:32",840800
43600,-350,500,"bu","11:21:22",836300
43500,-450,1000,"bu","11:21:22",835800
43500,-450,8500,"bu","11:21:22",834800
43500,-450,500,"bu","11:21:20",826300
43500,-450,500,"bu","11:21:18",825800
43500,-450,500,"bu","11:21:07",825300
43300,-650,2400,"bu","11:20:54",824800
43300,-650,4800,"bu","11:20:54",822400
43300,-650,200,"bu","11:20:47",817600
43200,-750,600,"bu","11:20:28",817400
43200,-750,1500,"bu","11:20:22",816800
43200,-750,100,"sd","11:20:21",815300
43200,-750,2800,"sd","11:20:21",815200
43200,-750,1000,"sd","11:20:12",812400
43200,-750,100,"sd","11:20:10",811400
43200,-750,300,"sd","11:20:05",811300
43150,-800,100,"bu","11:19:08",811000
43150,-800,500,"bu","11:19:08",810900
43150,-800,200,"bu","11:19:08",810400
43100,-850,100,"sd","11:19:03",810200
43150,-800,200,"bu","11:19:03",810100
43100,-850,400,"bu","11:18:54",809900
43100,-850,2000,"bu","11:18:54",809500
43100,-850,2500,"bu","11:18:54",807500
43100,-850,900,"bu","11:18:54",805000
43100,-850,1000,"bu","11:18:52",804100
43100,-850,200,"bu","11:18:42",803100
43000,-950,800,"bu","11:18:27",802900
43000,-950,100,"bu","11:18:22",802100
43000,-950,500,"bu","11:18:21",802000
43000,-950,100,"bu","11:18:21",801500
43000,-950,500,"bu","11:18:16",801400
43000,-950,1000,"bu","11:18:08",800900
42900,-1050,1000,"bu","11:17:58",799900
42850,-1100,100,"sd","11:17:37",798900
42850,-1100,800,"bu","11:17:31",798800
42850,-1100,5000,"bu","11:17:30",798000
42850,-1100,100,"bu","11:17:30",793000
42850,-1100,200,"bu","11:17:28",792900
42850,-1100,100,"bu","11:17:28",792700
42850,-1100,100,"bu","11:17:28",792600
42850,-1100,1500,"bu","11:17:27",792500
42850,-1100,100,"bu","11:17:17",791000
42800,-1150,300,"bu","11:17:05",790900
42800,-1150,1000,"bu","11:16:59",790600
42750,-1200,900,"sd","11:16:55",789600
42750,-1200,100,"sd","11:16:55",788700
42800,-1150,100,"sd","11:16:51",788600
42800,-1150,100,"sd","11:16:51",788500
42800,-1150,300,"sd","11:16:51",788400
42800,-1150,1200,"sd","11:16:51",788100
42850,-1100,500,"bu","11:16:50",786900
42850,-1100,1000,"bu","11:16:46",786400
42800,-1150,3800,"sd","11:16:45",785400
42800,-1150,100,"sd","11:16:45",781600
42800,-1150,600,"sd","11:16:45",781500
42800,-1150,500,"sd","11:16:44",780900
42850,-1100,200,"bu","11:16:44",780400
42800,-1150,100,"sd","11:16:38",780200
42850,-1100,400,"bu","11:16:37",780100
42800,-1150,500,"sd","11:16:33",779700
42750,-1200,5000,"sd","11:16:25",779200
42750,-1200,100,"sd","11:16:25",774200
42750,-1200,500,"sd","11:16:24",774100
42750,-1200,500,"sd","11:16:24",773600
42750,-1200,600,"sd","11:16:24",773100
42750,-1200,100,"sd","11:16:24",772500
42800,-1150,200,"sd","11:16:24",772400
42750,-1200,100,"sd","11:16:05",772200
42750,-1200,200,"sd","11:15:58",772100
42750,-1200,300,"sd","11:15:58",771900
42750,-1200,200,"sd","11:15:58",771600
42750,-1200,100,"sd","11:15:50",771400
42750,-1200,200,"sd","11:15:32",771300
42900,-1050,500,"bu","11:15:30",771100
43000,-950,600,"bu","11:15:25",770600
43000,-950,1400,"bu","11:15:25",770000
42900,-1050,100,"sd","11:15:18",768600
42900,-1050,2000,"sd","11:15:18",768500
42900,-1050,1000,"sd","11:15:18",766500
42900,-1050,1400,"sd","11:15:18",765500
42700,-1250,3500,"sd","11:15:15",764100
42700,-1250,5200,"sd","11:15:11",760600
42700,-1250,300,"sd","11:15:11",755400
42700,-1250,500,"sd","11:15:11",755100
42700,-1250,500,"sd","11:15:11",754600
42700,-1250,8500,"sd","11:15:11",754100
42850,-1100,100,"sd","11:15:07",745600
42700,-1250,400,"sd","11:15:05",745500
42700,-1250,300,"sd","11:15:05",745100
42700,-1250,900,"sd","11:14:58",744800
42850,-1100,100,"sd","11:14:58",743900
42850,-1100,200,"sd","11:14:58",743800
42700,-1250,5000,"sd","11:14:58",743600
42700,-1250,500,"sd","11:14:53",738600
42700,-1250,1200,"sd","11:14:41",738100
42700,-1250,400,"sd","11:14:41",736900
42700,-1250,200,"sd","11:14:41",736500
42800,-1150,200,"unknown","11:14:41",736300
42800,-1150,500,"sd","11:14:41",736100
42800,-1150,1000,"sd","11:14:41",735600
42800,-1150,100,"sd","11:14:40",734600
42800,-1150,500,"sd","11:14:40",734500
42900,-1050,200,"bu","11:14:40",734000
42800,-1150,500,"sd","11:14:40",733800
42850,-1100,200,"sd","11:14:40",733300
42850,-1100,100,"sd","11:14:40",733100
42850,-1100,100,"sd","11:14:36",733000
42850,-1100,500,"sd","11:14:27",732900
42950,-1000,200,"sd","11:14:21",732400
42900,-1050,100,"sd","11:14:21",732200
42950,-1000,400,"sd","11:14:21",732100
42900,-1050,400,"sd","11:14:21",731700
42900,-1050,100,"sd","11:14:20",731300
42900,-1050,500,"sd","11:14:20",731200
42900,-1050,300,"sd","11:14:20",730700
42900,-1050,1000,"sd","11:14:20",730400
42950,-1000,700,"sd","11:14:14",729400
42950,-1000,100,"sd","11:14:14",728700
42950,-1000,1000,"sd","11:14:14",728600
42950,-1000,200,"sd","11:14:14",727600
43000,-950,500,"bu","11:14:04",727400
42950,-1000,800,"sd","11:14:01",726900
42950,-1000,200,"sd","11:14:01",726100
43000,-950,100,"bu","11:14:01",725900
43000,-950,100,"bu","11:14:01",725800
43000,-950,300,"sd","11:13:45",725700
43000,-950,700,"sd","11:13:45",725400
43000,-950,1500,"sd","11:13:41",724700
43000,-950,800,"sd","11:13:41",723200
43000,-950,1000,"sd","11:13:41",722400
43000,-950,200,"sd","11:13:40",721400
43000,-950,200,"sd","11:13:40",721200
43000,-950,100,"sd","11:13:40",721000
43000,-950,500,"sd","11:13:40",720900
43000,-950,1000,"sd","11:13:40",720400
43000,-950,100,"sd","11:13:40",719400
43000,-950,1300,"sd","11:13:39",719300
43000,-950,2100,"sd","11:13:39",718000
43000,-950,300,"sd","11:13:39",715900
43000,-950,1000,"sd","11:13:39",715600
43000,-950,200,"sd","11:13:39",714600
43000,-950,200,"sd","11:13:39",714400
43000,-950,1000,"sd","11:13:38",714200
43000,-950,200,"sd","11:13:38",713200
43000,-950,100,"sd","11:13:38",713000
43000,-950,500,"sd","11:13:38",712900
43000,-950,100,"sd","11:13:37",712400
43000,-950,100,"sd","11:13:37",712300
43000,-950,200,"sd","11:13:37",712200
43000,-950,500,"sd","11:13:35",712000
43000,-950,100,"sd","11:13:35",711500
43000,-950,200,"sd","11:13:35",711400
43000,-950,100,"sd","11:13:35",711200
43000,-950,1000,"sd","11:13:35",711100
43000,-950,900,"sd","11:13:34",710100
43000,-950,200,"sd","11:13:34",709200
43000,-950,400,"sd","11:13:30",709000
43100,-850,100,"bu","11:13:25",708600
43000,-950,200,"sd","11:13:18",708500
43000,-950,100,"sd","11:13:17",708300
43100,-850,300,"bu","11:13:17",708200
43000,-950,500,"sd","11:13:17",707900
43100,-850,200,"bu","11:13:17",707400
43000,-950,100,"sd","11:13:17",707200
43000,-950,200,"sd","11:13:16",707100
43050,-900,300,"unknown","11:13:16",706900
43050,-900,1000,"unknown","11:13:16",706600
43000,-950,600,"sd","11:13:15",705600
43050,-900,500,"unknown","11:13:15",705000
43000,-950,1000,"sd","11:13:15",704500
43050,-900,300,"sd","11:13:13",703500
43100,-850,500,"bu","11:13:02",703200
43050,-900,700,"sd","11:12:34",702700
43050,-900,300,"sd","11:12:34",702000
43050,-900,1000,"sd","11:12:34",701700
43050,-900,100,"sd","11:12:34",700700
43050,-900,800,"sd","11:12:34",700600
43100,-850,100,"sd","11:12:34",699800
43100,-850,200,"sd","11:12:34",699700
43100,-850,800,"sd","11:12:34",699500
43100,-850,1500,"sd","11:12:14",698700
43100,-850,500,"bu","11:12:01",697200
43100,-850,500,"bu","11:12:01",696700
43100,-850,1700,"bu","11:12:01",696200
43050,-900,800,"sd","11:11:53",694500
43100,-850,300,"bu","11:11:37",693700
43100,-850,700,"bu","11:11:37",693400
43100,-850,100,"bu","11:11:33",692700
43100,-850,200,"bu","11:11:29",692600
43050,-900,7600,"sd","11:11:26",692400
43050,-900,10000,"sd","11:11:26",684800
43100,-850,300,"bu","11:11:19",674800
43100,-850,1000,"bu","11:11:19",674500
43100,-850,200,"bu","11:11:19",673500
43100,-850,2100,"bu","11:11:19",673300
43100,-850,1000,"bu","11:11:18",671200
43100,-850,200,"bu","11:11:18",670200
43100,-850,100,"bu","11:11:18",670000
43100,-850,200,"bu","11:11:18",669900
43100,-850,100,"bu","11:11:18",669700
43100,-850,100,"bu","11:11:18",669600
43100,-850,100,"bu","11:11:18",669500
43100,-850,100,"bu","11:11:18",669400
43100,-850,300,"bu","11:11:18",669300
43100,-850,100,"bu","11:11:18",669000
43100,-850,2000,"unknown","11:11:17",668900
43100,-850,200,"sd","11:11:17",666900
43100,-850,500,"sd","11:11:16",666700
43150,-800,200,"bu","11:11:06",666200
43100,-850,200,"sd","11:11:06",666000
43100,-850,5000,"sd","11:11:01",665800
43100,-850,200,"sd","11:10:52",660800
43100,-850,600,"sd","11:10:38",660600
43150,-800,100,"bu","11:10:05",660000
43150,-800,100,"bu","11:09:30",659900
43150,-800,500,"bu","11:09:15",659800
43150,-800,100,"sd","11:09:02",659300
43150,-800,100,"sd","11:09:02",659200
43200,-750,300,"bu","11:09:02",659100
43150,-800,1900,"sd","11:09:01",658800
43150,-800,100,"sd","11:09:01",656900
43150,-800,2000,"sd","11:09:01",656800
43200,-750,500,"sd","11:08:48",654800
43200,-750,300,"sd","11:08:48",654300
43200,-750,200,"sd","11:08:48",654000
43200,-750,200,"sd","11:08:48",653800
43200,-750,500,"sd","11:08:48",653600
43200,-750,100,"bu","11:08:03",653100
43200,-750,300,"bu","11:08:03",653000
43200,-750,200,"bu","11:08:03",652700
43200,-750,200,"bu","11:08:03",652500
43200,-750,100,"bu","11:07:54",652300
43200,-750,100,"bu","11:07:54",652200
43200,-750,500,"bu","11:07:41",652100
43200,-750,200,"bu","11:07:37",651600
43200,-750,100,"bu","11:07:31",651400
43200,-750,100,"bu","11:07:20",651300
43150,-800,100,"sd","11:07:12",651200
43150,-800,300,"sd","11:07:09",651100
43150,-800,100,"sd","11:07:09",650800
43150,-800,2900,"sd","11:06:57",650700
43150,-800,100,"sd","11:06:55",647800
43100,-850,200,"sd","11:06:37",647700
43100,-850,800,"sd","11:06:35",647500
43100,-850,1200,"sd","11:06:21",646700
43200,-750,200,"bu","11:06:20",645500
43100,-850,1400,"sd","11:06:13",645300
43100,-850,4300,"sd","11:05:58",643900
43100,-850,700,"sd","11:05:58",639600
43200,-750,200,"bu","11:05:57",638900
43200,-750,200,"bu","11:05:54",638700
43150,-800,900,"bu","11:05:54",638500
43150,-800,100,"sd","11:05:53",637600
43150,-800,400,"sd","11:05:53",637500
43150,-800,700,"sd","11:05:53",637100
43200,-750,200,"bu","11:05:51",636400
43150,-800,300,"sd","11:05:47",636200
43200,-750,2400,"bu","11:05:37",635900
43200,-750,300,"sd","11:05:30",633500
43200,-750,100,"sd","11:05:30",633200
43200,-750,400,"sd","11:05:30",633100
43200,-750,100,"sd","11:05:30",632700
43200,-750,200,"sd","11:05:30",632600
43200,-750,100,"sd","11:05:30",632400
43200,-750,1600,"sd","11:05:30",632300
43300,-650,500,"bu","11:05:25",630700
43200,-750,300,"sd","11:05:21",630200
43250,-700,600,"sd","11:05:21",629900
43200,-750,3100,"sd","11:05:18",629300
43200,-750,1000,"sd","11:05:18",626200
43200,-750,500,"sd","11:05:18",625200
43200,-750,300,"sd","11:05:18",624700
43200,-750,1000,"sd","11:05:18",624400
43200,-750,1000,"sd","11:05:18",623400
43200,-750,200,"sd","11:05:18",622400
43200,-750,100,"sd","11:05:18",622200
43200,-750,500,"sd","11:05:18",622100
43200,-750,300,"sd","11:05:18",621600
43200,-750,100,"sd","11:05:18",621300
43300,-650,100,"unknown","11:05:12",621200
43300,-650,100,"bu","11:05:10",621100
43200,-750,100,"sd","11:05:00",621000
43200,-750,100,"sd","11:05:00",620900
43200,-750,100,"sd","11:05:00",620800
43250,-700,300,"sd","11:05:00",620700
43250,-700,300,"sd","11:05:00",620400
43250,-700,300,"sd","11:05:00",620100
43250,-700,700,"sd","11:05:00",619800
43250,-700,500,"sd","11:05:00",619100
43250,-700,500,"sd","11:05:00",618600
43250,-700,100,"sd","11:05:00",618100
43300,-650,300,"bu","11:04:42",618000
43300,-650,100,"sd","11:04:41",617700
43300,-650,100,"sd","11:04:41",617600
43300,-650,500,"sd","11:04:41",617500
43300,-650,500,"sd","11:04:41",617000
43300,-650,3400,"sd","11:04:41",616500
43300,-650,1000,"sd","11:04:37",613100
43350,-600,100,"sd","11:04:33",612100
43300,-650,600,"sd","11:04:33",612000
43300,-650,500,"sd","11:04:33",611400
43300,-650,1000,"sd","11:04:33",610900
43300,-650,100,"sd","11:04:33",609900
43300,-650,100,"sd","11:04:32",609800
43300,-650,300,"sd","11:04:32",609700
43350,-600,100,"unknown","11:04:20",609400
43300,-650,700,"sd","11:04:12",609300
43300,-650,1000,"sd","11:04:12",608600
43300,-650,300,"sd","11:04:12",607600
43300,-650,200,"sd","11:04:12",607300
43300,-650,1000,"sd","11:04:12",607100
43300,-650,100,"sd","11:04:12",606100
43300,-650,200,"sd","11:04:12",606000
43300,-650,200,"sd","11:04:12",605800
43300,-650,200,"sd","11:04:12",605600
43300,-650,1000,"sd","11:04:12",605400
43300,-650,100,"sd","11:04:12",604400
43300,-650,200,"sd","11:04:12",604300
43400,-550,100,"bu","11:04:06",604100
43350,-600,100,"bu","11:04:05",604000
43350,-600,100,"bu","11:04:00",603900
43350,-600,200,"sd","11:03:41",603800
43350,-600,1000,"sd","11:03:41",603600
43350,-600,300,"sd","11:03:41",602600
43350,-600,100,"sd","11:03:41",602300
43400,-550,100,"sd","11:03:41",602200
43400,-550,100,"bu","11:02:52",602100
43400,-550,400,"bu","11:02:51",602000
43350,-600,100,"sd","11:02:29",601600
43350,-600,100,"sd","11:02:29",601500
43350,-600,200,"sd","11:02:29",601400
43350,-600,500,"sd","11:02:29",601200
43350,-600,100,"sd","11:02:29",600700
43500,-450,100,"bu","11:02:18",600600
43350,-600,300,"sd","11:02:12",600500
43400,-550,100,"sd","11:02:03",600200
43400,-550,500,"sd","11:02:03",600100
43400,-550,100,"sd","11:02:03",599600
43400,-550,200,"sd","11:02:03",599500
43400,-550,200,"sd","11:02:03",599300
43400,-550,300,"sd","11:02:03",599100
43400,-550,1200,"sd","11:02:02",598800
43400,-550,100,"sd","11:02:02",597600
43400,-550,200,"sd","11:02:02",597500
43450,-500,300,"sd","11:01:52",597300
43450,-500,300,"sd","11:01:52",597000
43450,-500,3500,"sd","11:01:52",596700
43500,-450,1000,"unknown","11:01:49",593200
43500,-450,100,"sd","11:01:49",592200
43500,-450,5000,"sd","11:01:49",592100
43500,-450,6700,"sd","11:01:49",587100
43500,-450,100,"sd","11:01:49",580400
43500,-450,100,"sd","11:01:49",580300
43500,-450,200,"sd","11:01:49",580200
43500,-450,500,"sd","11:01:49",580000
43500,-450,300,"sd","11:01:49",579500
43500,-450,100,"sd","11:01:49",579200
43550,-400,400,"sd","11:01:43",579100
43550,-400,500,"sd","11:01:43",578700
43550,-400,1100,"sd","11:01:42",578200
43550,-400,200,"bu","11:01:11",577100
43550,-400,100,"bu","11:01:11",576900
43550,-400,700,"bu","11:01:11",576800
43550,-400,100,"bu","11:01:11",576100
43550,-400,300,"bu","11:01:11",576000
43550,-400,200,"bu","10:59:00",575700
43550,-400,100,"bu","10:58:58",575500
43550,-400,100,"bu","10:58:26",575400
43550,-400,100,"bu","10:58:17",575300
43550,-400,200,"bu","10:58:13",575200
43550,-400,500,"sd","10:57:08",575000
43550,-400,400,"sd","10:56:42",574500
43500,-450,500,"sd","10:54:20",574100
43550,-400,300,"bu","10:53:28",573600
43500,-450,1500,"sd","10:53:21",573300
43500,-450,1000,"sd","10:52:36",571800
43500,-450,400,"sd","10:52:13",570800
43550,-400,100,"bu","10:51:52",570400
43550,-400,600,"sd","10:51:39",570300
43550,-400,900,"sd","10:51:32",569700
43550,-400,100,"sd","10:51:32",568800
43600,-350,200,"bu","10:50:57",568700
43600,-350,100,"bu","10:50:55",568500
43600,-350,100,"bu","10:50:31",568400
43600,-350,100,"bu","10:50:31",568300
43600,-350,100,"bu","10:50:25",568200
43600,-350,300,"bu","10:49:23",568100
43600,-350,100,"bu","10:49:02",567800
43600,-350,200,"bu","10:48:41",567700
43500,-450,1000,"sd","10:48:35",567500
43500,-450,100,"sd","10:48:35",566500
43500,-450,1600,"sd","10:48:35",566400
43500,-450,300,"sd","10:48:35",564800
43500,-450,1000,"sd","10:48:35",564500
43500,-450,100,"sd","10:48:35",563500
43500,-450,400,"sd","10:48:35",563400
43600,-350,200,"bu","10:48:16",563000
43600,-350,100,"bu","10:48:01",562800
43600,-350,100,"bu","10:47:51",562700
43500,-450,100,"bu","10:46:04",562600
43500,-450,200,"bu","10:45:59",562500
43500,-450,200,"bu","10:45:59",562300
43500,-450,100,"bu","10:45:59",562100
43500,-450,500,"bu","10:45:59",562000
43500,-450,100,"bu","10:45:53",561500
43500,-450,100,"bu","10:45:35",561400
43500,-450,100,"bu","10:45:31",561300
43500,-450,100,"bu","10:45:31",561200
43500,-450,100,"bu","10:45:29",561100
43500,-450,1000,"bu","10:45:22",561000
43450,-500,1000,"sd","10:45:18",560000
43500,-450,100,"bu","10:45:10",559000
43500,-450,100,"bu","10:45:10",558900
43450,-500,500,"sd","10:45:10",558800
43450,-500,300,"sd","10:45:10",558300
43450,-500,200,"sd","10:45:10",558000
43450,-500,3400,"sd","10:45:10",557800
43500,-450,300,"bu","10:45:08",554400
43500,-450,200,"bu","10:45:08",554100
43500,-450,100,"bu","10:45:05",553900
43450,-500,1000,"bu","10:44:32",553800
43450,-500,500,"bu","10:44:32",552800
43450,-500,100,"bu","10:44:32",552300
43450,-500,100,"bu","10:44:26",552200
43450,-500,100,"bu","10:43:54",552100
43400,-550,500,"sd","10:43:31",552000
43400,-550,100,"sd","10:43:31",551500
43400,-550,400,"sd","10:43:31",551400
43450,-500,600,"sd","10:43:12",551000
43450,-500,300,"unknown","10:42:10",550400
43400,-550,100,"bu","10:42:02",550100
43400,-550,500,"sd","10:41:48",550000
43450,-500,300,"sd","10:41:48",549500
43450,-500,100,"sd","10:41:48",549200
43450,-500,100,"sd","10:41:48",549100
43450,-500,400,"sd","10:41:48",549000
43450,-500,500,"sd","10:41:47",548600
43450,-500,300,"sd","10:41:47",548100
43450,-500,100,"sd","10:41:47",547800
43450,-500,300,"sd","10:41:23",547700
43450,-500,400,"sd","10:41:09",547400
43450,-500,500,"sd","10:41:08",547000
43450,-500,500,"bu","10:39:59",546500
43450,-500,200,"bu","10:39:49",546000
43450,-500,100,"bu","10:39:38",545800
43450,-500,200,"bu","10:39:14",545700
43500,-450,100,"bu","10:39:09",545500
43350,-600,600,"sd","10:39:08",545400
43350,-600,200,"sd","10:39:08",544800
43400,-550,100,"sd","10:39:08",544600
43400,-550,100,"sd","10:39:08",544500
43500,-450,900,"bu","10:38:52",544400
43500,-450,300,"sd","10:38:42",543500
43500,-450,400,"sd","10:38:42",543200
43500,-450,200,"sd","10:38:42",542800
43500,-450,1000,"sd","10:38:42",542600
43500,-450,5000,"sd","10:38:42",541600
43500,-450,400,"sd","10:38:42",536600
43500,-450,3800,"sd","10:38:42",536200
43500,-450,200,"sd","10:38:42",532400
43550,-400,200,"sd","10:38:42",532200
43550,-400,2000,"sd","10:38:42",532000
43550,-400,100,"sd","10:38:42",530000
43550,-400,100,"sd","10:38:42",529900
43600,-350,200,"bu","10:38:33",529800
43600,-350,100,"bu","10:37:35",529600
43600,-350,200,"bu","10:37:20",529500
43600,-350,700,"sd","10:37:14",529300
43600,-350,500,"sd","10:37:14",528600
43600,-350,200,"sd","10:37:14",528100
43600,-350,300,"sd","10:37:14",527900
43600,-350,100,"sd","10:37:14",527600
43600,-350,100,"sd","10:37:14",527500
43600,-350,100,"sd","10:36:58",527400
43650,-300,500,"bu","10:35:59",527300
43600,-350,700,"sd","10:35:38",526800
43650,-300,300,"bu","10:35:28",526100
43650,-300,100,"sd","10:35:17",525800
43700,-250,2000,"bu","10:34:29",525700
43700,-250,1000,"bu","10:34:29",523700
43700,-250,100,"sd","10:34:08",522700
43700,-250,1600,"sd","10:34:08",522600
43700,-250,200,"sd","10:34:08",521000
43700,-250,2100,"sd","10:34:08",520800
43700,-250,100,"sd","10:33:02",518700
43700,-250,800,"bu","10:32:20",518600
43650,-300,900,"sd","10:32:12",517800
43650,-300,100,"sd","10:32:12",516900
43650,-300,1000,"sd","10:32:12",516800
43700,-250,1000,"bu","10:31:43",515800
43700,-250,300,"bu","10:31:29",514800
43700,-250,500,"sd","10:31:29",514500
43700,-250,200,"sd","10:31:29",514000
43700,-250,200,"sd","10:31:29",513800
43700,-250,400,"sd","10:31:04",513600
43700,-250,2800,"sd","10:30:34",513200
43700,-250,100,"sd","10:30:34",510400
43700,-250,300,"sd","10:30:34",510300
43700,-250,1000,"sd","10:30:34",510000
43800,-150,400,"bu","10:29:58",509000
43800,-150,200,"unknown","10:29:51",508600
43800,-150,600,"unknown","10:29:51",508400
43800,-150,1000,"sd","10:29:51",507800
43800,-150,3000,"sd","10:29:40",506800
43800,-150,100,"sd","10:29:14",503800
43800,-150,100,"sd","10:29:08",503700
43800,-150,4000,"sd","10:28:14",503600
43800,-150,100,"sd","10:27:13",499600
43850,-100,200,"bu","10:26:53",499500
43850,-100,200,"bu","10:26:53",499300
43850,-100,100,"bu","10:26:30",499100
43850,-100,300,"bu","10:26:00",499000
43850,-100,100,"bu","10:26:00",498700
43850,-100,700,"bu","10:26:00",498600
43850,-100,100,"bu","10:25:58",497900
43800,-150,1000,"bu","10:25:13",497800
43750,-200,400,"bu","10:25:13",496800
43700,-250,500,"bu","10:25:13",496400
43700,-250,200,"bu","10:25:13",495900
43700,-250,300,"bu","10:25:10",495700
43700,-250,2300,"bu","10:25:10",495400
43700,-250,300,"bu","10:25:06",493100
43650,-300,100,"sd","10:24:26",492800
43650,-300,100,"sd","10:24:26",492700
43650,-300,300,"sd","10:24:26",492600
43650,-300,300,"sd","10:24:02",492300
43650,-300,100,"sd","10:24:02",492000
43650,-300,100,"sd","10:24:02",491900
43700,-250,1000,"bu","10:23:42",491800
43650,-300,200,"sd","10:23:38",490800
43650,-300,100,"sd","10:23:33",490600
43650,-300,100,"sd","10:23:28",490500
43650,-300,100,"sd","10:23:20",490400
43700,-250,200,"bu","10:23:16",490300
43700,-250,1700,"bu","10:23:16",490100
43700,-250,1200,"sd","10:23:16",488400
43700,-250,100,"sd","10:23:13",487200
43750,-200,500,"bu","10:22:45",487100
43700,-250,200,"sd","10:22:45",486600
43700,-250,200,"sd","10:22:45",486400
43750,-200,100,"sd","10:22:27",486200
43750,-200,100,"sd","10:22:24",486100
43750,-200,100,"sd","10:22:24",486000
43750,-200,400,"sd","10:21:45",485900
43750,-200,600,"sd","10:21:45",485500
43800,-150,100,"sd","10:21:30",484900
43800,-150,100,"sd","10:21:19",484800
43800,-150,900,"sd","10:21:19",484700
43800,-150,400,"sd","10:21:19",483800
43800,-150,100,"bu","10:20:52",483400
43800,-150,4800,"bu","10:20:52",483300
43800,-150,1100,"bu","10:20:46",478500
43800,-150,900,"bu","10:19:55",477400
43850,-100,200,"bu","10:19:09",476500
43850,-100,200,"bu","10:19:09",476300
43800,-150,500,"bu","10:19:08",476100
43850,-100,100,"bu","10:19:03",475600
43700,-250,500,"sd","10:18:13",475500
43700,-250,300,"bu","10:18:06",475000
43700,-250,100,"sd","10:18:02",474700
43700,-250,100,"sd","10:18:02",474600
43850,-100,100,"bu","10:17:58",474500
43700,-250,2600,"sd","10:17:54",474400
43700,-250,400,"sd","10:17:54",471800
43850,-100,100,"bu","10:17:38",471400
43700,-250,2400,"sd","10:17:35",471300
43700,-250,400,"sd","10:17:35",468900
43700,-250,200,"sd","10:17:35",468500
43700,-250,500,"sd","10:17:33",468300
43700,-250,500,"sd","10:17:24",467800
43700,-250,100,"sd","10:17:18",467300
43700,-250,400,"sd","10:17:12",467200
43700,-250,100,"sd","10:16:58",466800
43600,-350,300,"bu","10:15:22",466700
43500,-450,200,"bu","10:15:03",466400
43500,-450,200,"bu","10:15:03",466200
43400,-550,700,"bu","10:15:03",466000
43600,-350,1200,"bu","10:15:03",465300
43600,-350,300,"bu","10:15:03",464100
43600,-350,500,"bu","10:15:03",463800
43600,-350,1100,"bu","10:15:03",463300
43500,-450,500,"bu","10:15:03",462200
43500,-450,300,"bu","10:15:03",461700
43350,-600,100,"sd","10:14:58",461400
43400,-550,300,"bu","10:14:53",461300
43400,-550,500,"bu","10:14:53",461000
43400,-550,300,"bu","10:14:53",460500
43400,-550,100,"bu","10:14:49",460200
43400,-550,700,"bu","10:14:47",460100
43400,-550,100,"bu","10:14:47",459400
43400,-550,100,"bu","10:14:37",459300
43400,-550,200,"bu","10:14:37",459200
43400,-550,100,"bu","10:14:36",459000
43300,-650,800,"bu","10:14:26",458900
43300,-650,2400,"bu","10:14:26",458100
43300,-650,500,"bu","10:14:26",455700
43300,-650,100,"bu","10:14:24",455200
43300,-650,1000,"bu","10:14:23",455100
43300,-650,200,"bu","10:14:20",454100
43300,-650,200,"bu","10:14:19",453900
43300,-650,100,"bu","10:14:17",453700
43300,-650,500,"bu","10:14:15",453600
43300,-650,5000,"bu","10:14:04",453100
43200,-750,800,"bu","10:13:56",448100
43200,-750,400,"sd","10:13:49",447300
43200,-750,2000,"sd","10:13:49",446900
43200,-750,1000,"sd","10:13:49",444900
43250,-700,1000,"sd","10:13:49",443900
43250,-700,700,"sd","10:13:49",442900
43200,-750,500,"sd","10:13:49",442200
43200,-750,100,"sd","10:13:49",441700
43200,-750,800,"sd","10:13:49",441600
43200,-750,1000,"sd","10:13:49",440800
43250,-700,100,"sd","10:13:43",439800
43250,-700,200,"sd","10:13:43",439700
43300,-650,100,"bu","10:13:36",439500
43300,-650,100,"bu","10:13:34",439400
43300,-650,700,"bu","10:13:34",439300
43300,-650,200,"bu","10:13:30",438600
43300,-650,1000,"bu","10:13:29",438400
43300,-650,100,"bu","10:13:29",437400
43300,-650,200,"bu","10:13:26",437300
43300,-650,1000,"sd","10:13:26",437100
43300,-650,500,"sd","10:13:26",436100
43350,-600,1000,"sd","10:13:26",435600
43350,-600,300,"sd","10:13:26",434600
43400,-550,800,"sd","10:13:26",434300
43400,-550,200,"sd","10:13:26",433500
43400,-550,300,"bu","10:13:08",433300
43400,-550,200,"bu","10:13:03",433000
43500,-450,100,"bu","10:12:37",432800
43450,-500,1000,"sd","10:12:26",432700
43500,-450,1000,"bu","10:12:21",431700
43500,-450,1000,"bu","10:12:21",430700
43500,-450,100,"bu","10:12:18",429700
43500,-450,500,"bu","10:12:16",429600
43500,-450,1000,"bu","10:12:16",429100
43500,-450,2000,"bu","10:12:10",428100
43500,-450,100,"bu","10:12:10",426100
43500,-450,200,"bu","10:12:10",426000
43500,-450,100,"bu","10:12:10",425800
43600,-350,300,"bu","10:12:03",425700
43600,-350,400,"bu","10:11:54",425400
43600,-350,500,"bu","10:11:27",425000
43500,-450,1000,"sd","10:11:23",424500
43600,-350,200,"bu","10:11:20",423500
43500,-450,1000,"sd","10:11:11",423300
43500,-450,1200,"sd","10:11:10",422300
43500,-450,300,"sd","10:11:10",421100
43600,-350,200,"sd","10:11:02",420800
43600,-350,300,"sd","10:11:02",420600
43600,-350,300,"sd","10:10:59",420300
43600,-350,100,"sd","10:10:50",420000
43600,-350,300,"sd","10:10:39",419900
43700,-250,100,"sd","10:10:25",419600
43700,-250,1300,"sd","10:10:25",419500
43750,-200,200,"sd","10:10:25",418200
43800,-150,100,"bu","10:09:57",418000
43800,-150,500,"bu","10:09:57",417900
43800,-150,100,"bu","10:09:57",417400
43800,-150,1000,"bu","10:09:57",417300
43800,-150,2000,"bu","10:09:57",416300
43800,-150,100,"bu","10:09:57",414300
43800,-150,1000,"sd","10:09:57",414200
43800,-150,200,"sd","10:09:57",413200
43850,-100,200,"sd","10:09:44",413000
43850,-100,1000,"sd","10:09:44",412800
43850,-100,200,"sd","10:09:44",411800
43850,-100,700,"sd","10:09:44",411600
43850,-100,300,"sd","10:09:43",410900
43850,-100,600,"sd","10:09:43",410600
43850,-100,1000,"sd","10:09:43",410000
43850,-100,1100,"sd","10:09:43",409000
43850,-100,200,"sd","10:09:35",407900
43850,-100,2000,"sd","10:09:17",407700
43850,-100,1700,"sd","10:09:01",405700
43850,-100,300,"sd","10:09:01",404000
43900,-50,300,"unknown","10:08:50",403700
43900,-50,200,"sd","10:08:47",403400
43900,-50,100,"sd","10:08:47",403200
43900,-50,500,"sd","10:08:47",403100
43900,-50,200,"sd","10:08:47",402600
43900,-50,500,"sd","10:08:47",402400
43900,-50,500,"sd","10:08:47",401900
43900,-50,1000,"sd","10:08:30",401400
43950,0,1000,"bu","10:07:44",400400
43950,0,1600,"bu","10:07:44",399400
43900,-50,200,"sd","10:06:44",397800
43900,-50,300,"sd","10:06:44",397600
43900,-50,100,"sd","10:06:44",397300
43900,-50,1000,"sd","10:06:44",397200
43900,-50,800,"sd","10:06:44",396200
43900,-50,600,"sd","10:06:44",395400
43900,-50,1000,"sd","10:06:44",394800
43900,-50,700,"sd","10:06:43",393800
43900,-50,4000,"sd","10:06:43",393100
43900,-50,300,"sd","10:06:43",389100
43900,-50,1000,"sd","10:06:43",388800
43900,-50,100,"sd","10:05:49",387800
43900,-50,3000,"sd","10:05:46",387700
43900,-50,200,"sd","10:05:46",384700
43900,-50,100,"sd","10:05:46",384500
43900,-50,300,"sd","10:05:46",384400
43900,-50,100,"sd","10:05:46",384100
43900,-50,500,"sd","10:05:46",384000
43900,-50,800,"sd","10:05:46",383500
43950,0,1000,"bu","10:05:43",382700
43900,-50,200,"sd","10:05:20",381700
43900,-50,300,"sd","10:05:20",381500
43950,0,100,"bu","10:04:33",381200
43950,0,100,"bu","10:04:18",381100
43900,-50,100,"sd","10:04:03",381000
43900,-50,100,"sd","10:03:05",380900
43900,-50,100,"sd","10:03:05",380800
43900,-50,400,"bu","10:02:59",380700
43900,-50,300,"sd","10:02:56",380300
43900,-50,500,"sd","10:02:56",380000
43900,-50,500,"sd","10:02:56",379500
43900,-50,500,"sd","10:02:56",379000
43900,-50,1000,"sd","10:02:56",378500
43900,-50,100,"sd","10:02:56",377500
43900,-50,600,"sd","10:02:34",377400
43900,-50,100,"sd","10:02:25",376800
43900,-50,1200,"sd","10:02:18",376700
43900,-50,1000,"sd","10:02:18",375500
43900,-50,500,"sd","10:02:18",374500
43900,-50,2300,"sd","10:02:18",374000
43900,-50,400,"sd","10:02:14",371700
43900,-50,100,"sd","10:02:14",371300
43950,0,300,"bu","10:01:50",371200
43950,0,600,"bu","10:01:44",370900
43950,0,100,"sd","10:01:34",370300
43900,-50,300,"sd","10:01:25",370200
43900,-50,600,"sd","10:01:19",369900
43900,-50,100,"sd","10:01:19",369300
43950,0,100,"sd","10:01:19",369200
43950,0,900,"sd","10:01:19",369100
43950,0,1100,"sd","10:01:19",368200
43950,0,200,"bu","10:01:02",367100
43950,0,100,"bu","10:00:42",366900
43950,0,700,"sd","10:00:37",366800
43950,0,300,"bu","10:00:12",366100
43950,0,200,"bu","10:00:08",365800
43950,0,200,"bu","10:00:04",365600
43950,0,200,"sd","10:00:00",365400
43950,0,500,"sd","10:00:00",365200
43950,0,300,"sd","10:00:00",364700
43950,0,200,"sd","10:00:00",364400
43950,0,100,"sd","10:00:00",364200
43950,0,500,"sd","10:00:00",364100
43950,0,100,"sd","10:00:00",363600
43950,0,500,"sd","10:00:00",363500
43950,0,1900,"sd","10:00:00",363000
44000,50,1000,"bu","09:59:44",361100
44000,50,700,"sd","09:59:25",360100
44000,50,3800,"sd","09:59:24",359400
44000,50,500,"sd","09:59:24",355600
44000,50,3000,"sd","09:59:24",355100
44000,50,500,"sd","09:59:24",352100
44000,50,200,"sd","09:59:24",351600
44000,50,1000,"sd","09:59:18",351400
44000,50,500,"sd","09:59:18",350400
44000,50,400,"sd","09:59:18",349900
44000,50,100,"sd","09:59:18",349500
44000,50,2000,"sd","09:59:18",349400
44000,50,500,"sd","09:59:18",347400
44000,50,100,"sd","09:59:18",346900
44000,50,100,"sd","09:59:13",346800
44050,100,300,"sd","09:59:13",346700
44050,100,500,"sd","09:59:13",346400
