"price","change","match_qtty","side","time","total_vol"
7620,-390,46200,"sd","14:45:00",508200
7770,-240,2000,"sd","14:29:46",462000
7770,-240,900,"sd","14:29:07",460000
7770,-240,100,"sd","14:29:07",459100
7780,-230,1000,"sd","14:29:07",459000
7780,-230,1000,"sd","14:29:07",458000
7800,-210,2500,"bu","14:28:49",457000
7800,-210,4500,"bu","14:28:49",454500
7790,-220,500,"sd","14:27:59",450000
7800,-210,100,"sd","14:27:52",449500
7800,-210,2000,"sd","14:27:48",449400
7800,-210,1000,"sd","14:27:48",447400
7800,-210,100,"sd","14:27:48",446400
7800,-210,500,"sd","14:27:48",446300
7800,-210,500,"sd","14:27:48",445800
7800,-210,1000,"sd","14:27:48",445300
7800,-210,800,"sd","14:27:48",444300
7800,-210,100,"sd","14:27:48",443500
7800,-210,8100,"sd","14:27:48",443400
7800,-210,100,"sd","14:27:48",435300
7800,-210,1500,"sd","14:27:48",435200
7800,-210,100,"sd","14:27:48",433700
7810,-200,200,"bu","14:27:26",433600
7810,-200,100,"sd","14:27:12",433400
7810,-200,400,"sd","14:26:46",433300
7810,-200,3000,"sd","14:26:46",432900
7810,-200,500,"sd","14:25:45",429900
7800,-210,1900,"sd","14:22:40",429400
7800,-210,100,"sd","14:22:40",427500
7800,-210,200,"sd","14:22:40",427400
7800,-210,2000,"sd","14:22:40",427200
7800,-210,100,"sd","14:22:40",425200
7800,-210,1000,"sd","14:22:40",425100
7800,-210,1000,"sd","14:22:40",424100
7800,-210,400,"sd","14:22:40",423100
7810,-200,3900,"sd","14:22:24",422700
7810,-200,1000,"sd","14:22:24",418800
7810,-200,100,"sd","14:22:24",417800
7810,-200,1900,"sd","14:22:24",417700
7810,-200,1000,"sd","14:22:24",415800
7810,-200,300,"sd","14:22:24",414800
7830,-180,100,"sd","14:22:24",414500
7830,-180,200,"sd","14:21:22",414400
7810,-200,800,"sd","14:19:10",414200
7820,-190,100,"sd","14:19:10",413400
7820,-190,400,"sd","14:19:10",413300
7850,-160,2000,"bu","14:18:01",412900
7810,-200,900,"sd","14:17:02",410900
7820,-190,100,"sd","14:17:02",410000
7810,-200,1000,"sd","14:15:08",409900
7800,-210,600,"sd","14:15:08",408900
7800,-210,300,"sd","14:15:08",408300
7800,-210,1000,"sd","14:15:08",408000
7800,-210,400,"sd","14:15:08",407000
7800,-210,3800,"sd","14:14:52",406600
7810,-200,1200,"sd","14:14:52",402800
7800,-210,100,"sd","14:13:36",401600
7800,-210,3500,"sd","14:13:34",401500
7800,-210,3000,"sd","14:13:34",398000
7800,-210,500,"sd","14:13:34",395000
7800,-210,400,"sd","14:13:34",394500
7800,-210,100,"sd","14:13:34",394100
7800,-210,500,"sd","14:13:34",394000
7810,-200,100,"sd","14:13:34",393500
7810,-200,2000,"sd","14:13:34",393400
7810,-200,100,"sd","14:13:34",391400
7820,-190,2400,"sd","14:13:34",391300
7820,-190,100,"sd","14:13:34",388900
7830,-180,3500,"sd","14:13:34",388800
7830,-180,500,"sd","14:13:34",385300
7830,-180,100,"sd","14:13:34",384800
7840,-170,1000,"sd","14:13:34",384700
7840,-170,1200,"sd","14:13:34",383700
7800,-210,10700,"sd","14:13:34",382500
7800,-210,300,"sd","14:13:34",371800
7850,-160,200,"bu","14:13:30",371500
7840,-170,4900,"sd","14:11:56",371300
7840,-170,600,"sd","14:11:56",366400
7840,-170,500,"sd","14:11:56",365800
7850,-160,200,"bu","14:11:37",365300
7850,-160,500,"sd","14:11:36",365100
7850,-160,100,"sd","14:11:36",364600
7850,-160,1000,"sd","14:11:36",364500
7850,-160,500,"sd","14:11:36",363500
7850,-160,200,"sd","14:11:36",363000
7850,-160,5000,"sd","14:11:36",362800
7850,-160,1100,"sd","14:11:36",357800
7850,-160,900,"sd","14:10:57",356700
7850,-160,100,"sd","14:10:57",355800
7850,-160,200,"sd","14:10:03",355700
7850,-160,100,"sd","14:10:03",355500
7850,-160,200,"sd","14:10:03",355400
7850,-160,400,"sd","14:10:03",355200
7850,-160,200,"sd","14:09:39",354800
7850,-160,900,"sd","14:07:54",354600
7850,-160,100,"sd","14:07:54",353700
7850,-160,200,"sd","14:05:55",353600
7850,-160,2800,"sd","14:05:55",353400
7860,-150,5000,"sd","14:05:04",350600
7860,-150,2000,"sd","14:05:04",345600
7860,-150,600,"sd","14:05:04",343600
7860,-150,100,"sd","14:05:04",343000
7860,-150,200,"sd","14:05:04",342900
7870,-140,400,"bu","14:04:15",342700
7870,-140,100,"sd","14:03:26",342300
7870,-140,300,"sd","14:02:37",342200
7870,-140,600,"sd","14:02:22",341900
7860,-150,4400,"sd","14:00:41",341300
7860,-150,100,"sd","14:00:41",336900
7860,-150,400,"sd","14:00:41",336800
7870,-140,100,"sd","14:00:41",336400
7870,-140,600,"unknown","13:58:48",336300
7870,-140,1400,"unknown","13:58:48",335700
7870,-140,600,"bu","13:58:24",334300
7860,-150,4600,"sd","13:58:22",333700
7860,-150,200,"sd","13:58:22",329100
7860,-150,3000,"sd","13:58:22",328900
7860,-150,1000,"sd","13:58:22",325900
7860,-150,1200,"sd","13:58:22",324900
7870,-140,600,"bu","13:57:45",323700
7870,-140,3800,"sd","13:57:33",323100
7870,-140,300,"bu","13:57:06",319300
7870,-140,100,"bu","13:57:01",319000
7870,-140,100,"sd","13:56:42",318900
7870,-140,1000,"sd","13:56:42",318800
7880,-130,100,"sd","13:56:42",317800
7880,-130,200,"sd","13:56:42",317700
7890,-120,200,"sd","13:56:42",317500
7900,-110,3000,"bu","13:54:14",317300
7890,-120,1800,"bu","13:54:14",314300
7890,-120,200,"bu","13:54:14",312500
7860,-150,200,"sd","13:50:36",312300
7860,-150,400,"sd","13:49:20",312100
7860,-150,200,"sd","13:49:11",311700
7860,-150,500,"sd","13:49:11",311500
7870,-140,300,"sd","13:49:11",311000
7870,-140,700,"bu","13:49:09",310700
7870,-140,100,"bu","13:48:59",310000
7870,-140,200,"sd","13:48:31",309900
7870,-140,4000,"sd","13:48:31",309700
7870,-140,500,"sd","13:47:04",305700
7870,-140,500,"sd","13:46:18",305200
7870,-140,100,"bu","13:45:28",304700
7870,-140,100,"sd","13:43:48",304600
7870,-140,800,"sd","13:43:48",304500
7870,-140,400,"sd","13:41:18",303700
7870,-140,300,"sd","13:41:18",303300
7880,-130,600,"sd","13:41:18",303000
7880,-130,500,"sd","13:41:18",302400
7880,-130,200,"sd","13:41:18",301900
7880,-130,400,"sd","13:41:18",301700
7890,-120,100,"sd","13:41:18",301300
7890,-120,300,"sd","13:41:18",301200
7890,-120,1200,"sd","13:41:18",300900
7890,-120,500,"sd","13:41:18",299700
7890,-120,100,"sd","13:40:21",299200
7890,-120,1400,"sd","13:39:55",299100
7890,-120,100,"sd","13:39:55",297700
7890,-120,200,"sd","13:39:55",297600
7890,-120,300,"sd","13:39:55",297400
7900,-110,100,"sd","13:38:50",297100
7900,-110,100,"sd","13:38:09",297000
7900,-110,100,"sd","13:38:09",296900
7900,-110,100,"bu","13:35:38",296800
7900,-110,500,"bu","13:35:38",296700
7900,-110,400,"bu","13:35:38",296200
7900,-110,100,"bu","13:35:23",295800
7890,-120,100,"bu","13:31:23",295700
7890,-120,200,"bu","13:31:12",295600
7870,-140,300,"bu","13:29:29",295400
7870,-140,200,"bu","13:29:29",295100
7870,-140,300,"bu","13:29:29",294900
7870,-140,1000,"bu","13:29:29",294600
7850,-160,3500,"sd","13:28:46",293600
7850,-160,3700,"sd","13:28:00",290100
7850,-160,300,"sd","13:28:00",286400
7850,-160,1500,"sd","13:26:28",286100
7850,-160,5000,"sd","13:26:27",284600
7850,-160,300,"sd","13:26:13",279600
7850,-160,500,"sd","13:23:49",279300
7850,-160,2400,"sd","13:22:06",278800
7850,-160,200,"sd","13:22:06",276400
7850,-160,100,"sd","13:22:06",276200
7850,-160,500,"sd","13:22:06",276100
7850,-160,500,"sd","13:22:06",275600
7850,-160,500,"sd","13:22:06",275100
7860,-150,600,"sd","13:22:06",274600
7860,-150,100,"sd","13:22:06",274000
7860,-150,100,"sd","13:22:06",273900
7870,-140,5000,"sd","13:22:06",273800
7880,-130,100,"unknown","13:21:09",268800
7880,-130,2000,"unknown","13:21:09",268700
7880,-130,1000,"sd","13:20:59",266700
7880,-130,1000,"sd","13:20:41",265700
7890,-120,200,"sd","13:20:22",264700
7890,-120,500,"sd","13:20:22",264500
7890,-120,100,"sd","13:20:22",264000
7890,-120,400,"sd","13:20:22",263900
7890,-120,200,"sd","13:20:22",263500
7890,-120,500,"sd","13:20:22",263300
7900,-110,2100,"sd","13:19:24",262800
7900,-110,200,"sd","13:19:24",260700
7900,-110,900,"sd","13:19:24",260500
7900,-110,2500,"sd","13:19:24",259600
7900,-110,100,"sd","13:19:24",257100
7900,-110,100,"sd","13:19:24",257000
7900,-110,100,"sd","13:19:24",256900
7900,-110,200,"sd","13:19:24",256800
7900,-110,2700,"sd","13:19:24",256600
7900,-110,600,"sd","13:19:19",253900
7920,-90,100,"bu","13:18:53",253300
7910,-100,200,"sd","13:18:16",253200
7910,-100,300,"sd","13:18:16",253000
7910,-100,500,"sd","13:18:16",252700
7920,-90,400,"sd","13:17:18",252200
7920,-90,600,"sd","13:17:14",251800
7910,-100,500,"sd","13:16:59",251200
7910,-100,1000,"sd","13:15:41",250700
7900,-110,5000,"sd","13:14:00",249700
7900,-110,1700,"sd","13:12:30",244700
7900,-110,100,"sd","13:12:30",243000
7900,-110,5000,"sd","13:12:30",242900
7900,-110,200,"sd","13:12:30",237900
7900,-110,200,"sd","13:12:30",237700
7900,-110,1600,"sd","13:12:30",237500
7900,-110,200,"sd","13:11:24",235900
7900,-110,1200,"sd","13:06:21",235700
7900,-110,1000,"sd","13:06:21",234500
7900,-110,500,"sd","13:06:21",233500
7900,-110,4000,"sd","13:06:21",233000
7900,-110,5000,"sd","13:06:21",228800
7900,-110,200,"sd","13:06:21",229000
7910,-100,1000,"sd","13:06:21",223800
7910,-100,4500,"sd","13:06:21",222800
7910,-100,100,"sd","13:06:21",218300
7910,-100,500,"sd","13:06:21",218200
7910,-100,2000,"sd","13:06:21",217700
7910,-100,500,"sd","13:06:12",215700
7910,-100,500,"sd","13:06:12",215200
7920,-90,400,"sd","13:05:58",214700
7920,-90,700,"sd","13:05:58",214300
7920,-90,200,"sd","13:05:58",213600
7920,-90,300,"sd","13:05:58",213400
7920,-90,200,"sd","13:05:58",213100
7920,-90,200,"sd","13:05:58",212900
7920,-90,2500,"sd","13:05:58",212700
7920,-90,200,"sd","13:05:58",210200
7920,-90,400,"sd","13:05:58",210000
7920,-90,2600,"sd","13:05:58",209600
7920,-90,400,"sd","13:03:02",207000
7920,-90,100,"sd","13:03:02",206600
7930,-80,200,"bu","13:02:22",206500
7920,-90,100,"sd","13:01:51",206300
7920,-90,300,"sd","13:00:25",206200
7920,-90,700,"sd","13:00:25",205900
7930,-80,1000,"bu","13:00:23",205200
7930,-80,1000,"bu","13:00:04",204200
7930,-80,2000,"bu","13:00:04",203200
7930,-80,300,"unknown","13:00:04",201200
7930,-80,200,"bu","11:29:43",200900
7930,-80,100,"sd","11:29:23",200700
7930,-80,100,"sd","11:27:09",200600
7930,-80,100,"sd","11:27:09",200500
7930,-80,5000,"sd","11:27:09",200400
7930,-80,300,"sd","11:27:09",195400
7930,-80,500,"sd","11:27:09",195100
7930,-80,600,"sd","11:27:09",194600
7930,-80,200,"sd","11:27:09",194000
7930,-80,3200,"sd","11:27:09",193800
7940,-70,1000,"bu","11:19:42",190600
7930,-80,200,"sd","11:19:33",189600
7930,-80,2500,"sd","11:17:51",189400
7930,-80,5700,"sd","11:17:18",186900
7940,-70,1000,"sd","11:16:52",181200
7940,-70,500,"sd","11:16:52",180200
7940,-70,2800,"sd","11:16:52",179700
7940,-70,200,"sd","11:16:52",176900
7940,-70,1500,"sd","11:16:52",176700
7950,-60,500,"bu","11:11:57",175200
7950,-60,500,"bu","11:11:51",174700
7950,-60,1300,"sd","11:08:04",174200
7950,-60,1700,"sd","11:01:15",172900
7950,-60,1000,"sd","11:01:15",171200
7950,-60,1000,"sd","11:01:15",170200
7950,-60,200,"sd","11:01:15",169200
7950,-60,200,"sd","10:57:43",169000
7950,-60,100,"sd","10:56:07",168800
7940,-70,3300,"sd","10:53:06",168700
7940,-70,10600,"sd","10:52:42",165400
7950,-60,100,"sd","10:52:26",154800
7950,-60,5000,"sd","10:52:26",154700
7950,-60,300,"sd","10:52:26",149700
7950,-60,5000,"sd","10:52:26",149400
7960,-50,1500,"sd","10:52:09",144400
7960,-50,300,"sd","10:52:09",142900
7960,-50,900,"sd","10:52:09",142600
7960,-50,100,"sd","10:51:03",141700
7980,-30,100,"bu","10:45:15",141600
7980,-30,500,"bu","10:37:55",141500
7980,-30,500,"bu","10:35:13",141000
7980,-30,500,"bu","10:35:13",140500
7940,-70,14600,"sd","10:28:51",140000
7950,-60,200,"sd","10:28:51",125400
7950,-60,200,"sd","10:28:51",125200
7940,-70,100,"sd","10:21:54",125000
7930,-80,500,"unknown","10:20:13",124900
7930,-80,5000,"unknown","10:20:13",124400
7930,-80,2900,"unknown","10:20:13",119400
7930,-80,500,"bu","10:18:53",116500
7930,-80,100,"bu","10:18:39",116000
7930,-80,1000,"bu","10:18:20",115900
7930,-80,500,"bu","10:18:05",114900
7920,-90,300,"sd","10:16:40",114400
7920,-90,1000,"sd","10:16:40",114100
7920,-90,200,"sd","10:16:40",113100
7930,-80,1000,"bu","10:15:57",112900
7930,-80,300,"bu","10:15:49",111900
7930,-80,100,"bu","10:15:35",111600
7930,-80,100,"bu","10:15:20",111500
7930,-80,1000,"sd","10:14:57",111400
7930,-80,500,"sd","10:14:57",110400
7930,-80,100,"sd","10:14:34",109900
7930,-80,400,"bu","10:13:57",109800
7930,-80,100,"sd","10:13:30",109400
7930,-80,100,"bu","10:13:22",109300
7920,-90,1800,"sd","10:12:58",109200
7920,-90,5000,"sd","10:12:58",107400
7920,-90,100,"sd","10:12:58",102400
7920,-90,3000,"sd","10:12:58",102300
7920,-90,100,"sd","10:12:58",99300
7930,-80,200,"sd","10:11:43",99200
7930,-80,400,"sd","10:11:43",99000
7930,-80,100,"sd","10:11:43",98600
7930,-80,3000,"sd","10:11:43",98500
7930,-80,300,"sd","10:11:43",95500
7930,-80,500,"sd","10:11:43",95200
7930,-80,200,"sd","10:11:43",94700
7930,-80,200,"sd","10:11:43",94500
7940,-70,3500,"sd","10:09:47",94300
7940,-70,500,"sd","10:09:47",90800
7940,-70,2000,"sd","10:09:47",90300
7940,-70,100,"sd","10:09:47",88300
7940,-70,1600,"sd","10:09:47",88200
7940,-70,100,"sd","10:07:41",86600
7950,-60,800,"sd","10:05:51",86500
7950,-60,700,"sd","10:05:51",85700
7950,-60,1000,"sd","10:04:24",85000
7950,-60,300,"sd","10:03:02",84000
7950,-60,600,"sd","10:03:02",83700
7950,-60,1000,"sd","10:01:57",83100
7950,-60,3400,"sd","10:01:26",82100
7950,-60,3000,"sd","10:01:26",78700
7950,-60,100,"sd","10:01:26",75700
7950,-60,1000,"sd","10:01:26",75600
7960,-50,100,"sd","10:01:26",74600
7950,-60,500,"sd","10:01:26",74500
7980,-30,200,"sd","10:01:26",74000
7950,-60,1000,"sd","10:01:26",73800
7980,-30,100,"sd","10:01:26",72800
7980,-30,1200,"sd","10:01:26",72700
7950,-60,300,"sd","10:01:26",71500
7960,-50,1500,"sd","10:01:26",71200
7960,-50,500,"sd","10:01:26",69700
7960,-50,200,"sd","10:01:26",69200
7960,-50,1800,"sd","10:01:26",69000
7960,-50,100,"sd","10:01:26",67200
7980,-30,200,"sd","09:59:32",67100
8000,-10,100,"bu","09:58:28",66900
7990,-20,400,"bu","09:58:28",66800
7990,-20,100,"bu","09:58:01",66400
7990,-20,500,"bu","09:55:49",66300
8000,-10,200,"bu","09:54:05",65800
8000,-10,100,"bu","09:53:29",65600
8000,-10,300,"bu","09:51:38",65500
7990,-20,700,"bu","09:51:38",65200
7990,-20,100,"sd","09:49:43",64500
7990,-20,1200,"sd","09:49:43",64400
8000,-10,200,"bu","09:49:17",63200
8000,-10,800,"bu","09:49:17",63000
8000,-10,100,"bu","09:49:09",62200
8000,-10,1000,"bu","09:48:41",62100
8000,-10,1000,"bu","09:48:07",61100
8000,-10,300,"bu","09:47:36",60100
7990,-20,800,"sd","09:46:37",59800
7990,-20,200,"sd","09:46:37",59000
7990,-20,100,"sd","09:43:54",58800
7990,-20,900,"bu","09:43:24",58700
7990,-20,400,"bu","09:43:05",57800
7990,-20,700,"bu","09:42:39",57400
7980,-30,500,"bu","09:42:14",56700
7980,-30,1600,"bu","09:42:14",56200
7980,-30,1700,"bu","09:42:14",54600
7980,-30,500,"bu","09:41:32",52900
7980,-30,500,"bu","09:38:29",52400
7950,-60,500,"bu","09:31:40",51900
7940,-70,300,"bu","09:28:55",51400
7940,-70,1200,"sd","09:28:52",51100
7940,-70,2000,"sd","09:28:16",49900
7930,-80,300,"sd","09:27:04",47900
7930,-80,200,"sd","09:27:04",47600
7920,-90,500,"sd","09:23:47",47400
7920,-90,500,"sd","09:23:24",46900
7920,-90,200,"sd","09:22:14",46400
7930,-80,100,"sd","09:22:14",46200
7930,-80,3200,"bu","09:21:45",46100
7930,-80,500,"sd","09:21:36",42900
7930,-80,500,"bu","09:21:35",42400
7920,-90,1000,"unknown","09:21:27",41900
7920,-90,500,"unknown","09:21:27",40900
7930,-80,1000,"bu","09:21:26",40400
7930,-80,200,"bu","09:21:23",39400
7930,-80,800,"bu","09:21:23",39200
7930,-80,200,"sd","09:21:05",38400
7930,-80,1000,"sd","09:20:57",38200
7930,-80,400,"sd","09:20:57",37200
7930,-80,100,"sd","09:20:57",36800
7930,-80,700,"sd","09:20:57",36700
7950,-60,200,"sd","09:20:29",36000
7950,-60,1500,"sd","09:20:29",35800
7950,-60,100,"sd","09:20:29",34300
7950,-60,2000,"sd","09:20:29",34200
7950,-60,200,"sd","09:20:29",32200
7950,-60,4000,"sd","09:20:29",32000
7950,-60,1000,"sd","09:20:29",28000
7960,-50,100,"bu","09:20:09",27000
7960,-50,1500,"bu","09:19:57",26900
7960,-50,1200,"bu","09:19:57",25400
7960,-50,1700,"bu","09:19:57",24200
7960,-50,1200,"bu","09:19:44",22500
7950,-60,300,"sd","09:19:22",21300
7950,-60,200,"sd","09:17:26",21000
7950,-60,500,"sd","09:17:26",20800
7950,-60,1300,"sd","09:17:26",20300
8000,-10,200,"sd","09:16:54",19000
8000,-10,100,"sd","09:16:54",18800
8000,-10,1000,"sd","09:16:54",18700
8000,-10,400,"sd","09:16:54",17700
8000,-10,5000,"sd","09:16:54",17300
8000,-10,900,"sd","09:16:54",12300
8010,0,1000,"sd","09:16:30",11400
8000,-10,400,"sd","09:16:04",10400
8010,0,200,"bu","09:15:54",10000
8010,0,600,"sd","09:15:52",9800
8010,0,600,"sd","09:15:44",9200
8010,0,2400,"sd","09:15:44",8600
8030,20,1000,"sd","09:15:28",6200
8010,0,5200,"sd","09:15:00",5200
