"price","change","match_qtty","side","time","total_vol"
3400,-100,100,"bu","14:59:38",334400
3400,-100,200,"bu","14:58:28",334300
3400,-100,1000,"bu","14:57:58",334100
3400,-100,500,"bu","14:57:33",333100
3400,-100,3600,"bu","14:54:34",332600
3400,-100,100,"bu","14:53:13",329000
3400,-100,100,"bu","14:52:02",328900
3300,-200,100,"sd","14:48:17",328800
3300,-200,10000,"sd","14:47:56",328700
3300,-200,10000,"sd","14:47:44",318700
3400,-100,300,"bu","14:46:29",308700
3400,-100,200,"bu","14:42:43",308400
3400,-100,100,"bu","14:38:12",308200
3400,-100,100,"bu","14:38:10",308100
3400,-100,200,"bu","14:36:37",308000
3400,-100,16400,"bu","14:36:17",307800
3400,-100,3000,"sd","14:35:58",291400
3400,-100,200,"sd","14:35:44",288400
3400,-100,15000,"sd","14:35:35",288200
3400,-100,30000,"sd","14:35:20",273200
3500,0,300,"bu","14:34:39",243200
3400,-100,100,"sd","14:34:11",242900
3400,-100,3400,"sd","14:34:06",242800
3400,-100,3000,"sd","14:33:10",239400
3500,0,1000,"bu","14:23:42",236400
3500,0,100,"bu","14:19:36",235400
3400,-100,100,"sd","14:19:27",235300
3400,-100,3600,"sd","14:18:34",235200
3400,-100,10000,"sd","14:18:26",231600
3400,-100,3000,"sd","14:15:18",221600
3400,-100,8100,"sd","14:09:03",218600
3500,0,1000,"bu","13:54:32",210500
3500,0,2000,"bu","13:49:32",209500
3500,0,100,"bu","13:41:29",207500
3400,-100,100,"sd","13:41:20",207400
3400,-100,900,"sd","13:41:08",207300
3400,-100,15000,"sd","13:40:31",206400
3400,-100,1000,"sd","13:38:19",191400
3500,0,100,"bu","13:38:16",190400
3400,-100,100,"sd","13:38:07",190300
3400,-100,5000,"sd","13:35:47",190200
3500,0,100,"bu","13:35:45",185200
3400,-100,100,"sd","13:35:36",185100
3400,-100,2500,"sd","13:32:18",185000
3500,0,100,"bu","13:31:31",182500
3400,-100,100,"sd","13:31:20",182400
3400,-100,1000,"sd","13:30:51",182300
3400,-100,1000,"sd","13:30:39",181300
3400,-100,1000,"sd","13:30:34",180300
3400,-100,1000,"sd","13:30:21",179300
3400,-100,100,"sd","13:29:18",178300
3400,-100,10000,"sd","13:26:54",178200
3500,0,10000,"bu","13:20:23",168200
3500,0,800,"bu","13:18:53",158200
3500,0,300,"bu","13:11:17",157400
3500,0,10000,"bu","13:01:25",157100
3500,0,1000,"bu","13:00:13",147100
3500,0,3300,"bu","13:00:05",146100
3500,0,200,"bu","13:00:03",142800
3400,-100,2500,"sd","13:00:01",142600
3500,0,300,"bu","11:22:52",140100
3500,0,100,"bu","11:19:59",139800
3500,0,200,"bu","11:18:01",139700
3500,0,1900,"bu","11:15:04",139500
3500,0,1000,"bu","11:13:00",137600
3500,0,100,"bu","11:12:34",136600
3500,0,100,"bu","11:07:46",136500
3500,0,2900,"bu","11:07:00",136400
3500,0,5100,"bu","10:55:32",133500
3500,0,100,"bu","10:52:05",128400
3500,0,1000,"bu","10:50:14",128300
3500,0,100,"bu","10:41:59",127300
3400,-100,100,"sd","10:41:50",127200
3400,-100,300,"sd","10:35:12",127100
3500,0,1400,"sd","10:34:35",126800
3600,100,100,"bu","10:34:26",125400
3500,0,100,"sd","10:34:17",125300
3500,0,1900,"sd","10:32:42",125200
3600,100,100,"bu","10:32:33",123300
3500,0,800,"sd","10:31:42",123200
3600,100,300,"bu","10:29:47",122400
3600,100,100,"bu","10:28:06",122100
3500,0,100,"sd","10:27:57",122000
3500,0,400,"sd","10:23:36",121900
3600,100,100,"bu","10:20:40",121500
3500,0,100,"sd","10:20:30",121400
3500,0,1000,"sd","10:19:13",121300
3500,0,5000,"sd","10:19:06",120300
3500,0,20000,"sd","10:18:15",115300
3600,100,100,"bu","10:14:19",95300
3500,0,100,"sd","10:14:10",95200
3500,0,4000,"sd","10:12:41",95100
3500,0,1000,"sd","10:09:46",91100
3600,100,100,"bu","10:09:24",90100
3500,0,100,"sd","10:09:13",90000
3500,0,2000,"sd","10:07:40",89900
3600,100,100,"bu","10:04:44",87900
3500,0,100,"sd","10:04:34",87800
3500,0,7300,"sd","10:03:39",87700
3600,100,1100,"bu","09:55:44",80400
3600,100,100,"bu","09:54:05",79300
3500,0,100,"sd","09:53:56",79200
3500,0,3200,"sd","09:53:46",79100
3500,0,17400,"sd","09:50:44",75900
3500,0,16800,"bu","09:49:08",58500
3400,-100,100,"sd","09:48:24",41700
3400,-100,1800,"sd","09:44:09",41600
3500,0,3000,"bu","09:43:26",39800
3500,0,1000,"bu","09:32:00",36800
3500,0,11800,"sd","09:31:52",35800
3500,0,300,"sd","09:31:25",24000
3500,0,19000,"sd","09:28:21",23700
3600,100,100,"bu","09:13:57",4700
3600,100,2000,"bu","09:12:29",4600
3600,100,2400,"bu","09:00:33",2600
3500,0,200,"sd","09:00:24",200
