"price","change","match_qtty","side","time","total_vol"
5560,50,109900,"unknown","14:45:03",4095700
5580,70,200,"unknown","14:33:58",3985800
5510,0,400,"unknown","14:33:52",3985600
5580,70,7000,"bu","14:32:57",3985200
5500,-10,300,"unknown","14:32:50",3978200
5580,70,200,"bu","14:32:39",3977900
5510,0,3200,"bu","14:32:38",3977700
5580,70,1600,"bu","14:32:20",3974500
5510,0,1100,"bu","14:32:18",3972900
5500,-10,700,"sd","14:31:57",3971800
5510,0,100,"bu","14:31:19",3971100
5500,-10,1000,"bu","14:31:05",3971000
5510,0,1800,"bu","14:30:54",3970000
5500,-10,500,"bu","14:30:40",3968200
5540,30,600,"bu","14:30:27",3967700
5550,40,500,"bu","14:29:58",3967100
5510,0,2000,"bu","14:29:39",3966600
5560,50,200,"bu","14:29:32",3964600
5510,0,300,"bu","14:29:26",3964400
5510,0,3000,"bu","14:29:05",3964100
5580,70,200,"sd","14:27:29",3961100
5600,90,400,"bu","14:27:07",3960900
5600,90,1400,"bu","14:26:46",3960500
5600,90,1000,"bu","14:26:43",3959100
5600,90,100,"bu","14:26:37",3958100
5610,100,1000,"bu","14:26:03",3958000
5600,90,4700,"bu","14:26:02",3957000
5600,90,500,"bu","14:25:54",3952300
5600,90,25000,"bu","14:25:54",3951800
5600,90,5000,"bu","14:25:46",3926800
5600,90,3700,"sd","14:25:39",3921800
5600,90,100,"bu","14:25:21",3918100
5640,130,1000,"bu","14:25:05",3918000
5640,130,8600,"bu","14:24:58",3917000
5600,90,1000,"bu","14:24:48",3908400
5600,90,800,"bu","14:24:25",3907400
5640,130,5200,"bu","14:24:09",3906600
5600,90,500,"bu","14:24:08",3901400
5600,90,200,"bu","14:24:02",3900900
5640,130,100,"bu","14:24:00",3900700
5600,90,40400,"bu","14:23:59",3900600
5600,90,700,"bu","14:23:59",3860200
5600,90,1500,"bu","14:23:54",3859500
5600,90,3000,"unknown","14:23:52",3858000
5640,130,200,"bu","14:23:51",3855000
5610,100,19600,"unknown","14:23:50",3854800
5600,90,2700,"unknown","14:23:49",3835200
5600,90,4300,"bu","14:23:42",3832500
5640,130,4000,"bu","14:23:41",3828200
5600,90,10000,"bu","14:23:40",3824200
5600,90,2300,"bu","14:23:31",3814200
5640,130,500,"bu","14:23:30",3811900
5600,90,1100,"sd","14:23:20",3811400
5600,90,17800,"sd","14:23:09",3810300
5600,90,100,"sd","14:23:08",3792500
5640,130,5000,"bu","14:23:06",3792400
5600,90,5000,"sd","14:22:50",3787400
5600,90,1500,"sd","14:22:45",3782400
5590,80,500,"sd","14:22:31",3780900
5600,90,300,"sd","14:22:31",3780400
5600,90,100,"sd","14:22:27",3780100
5600,90,4500,"sd","14:22:18",3780000
5600,90,2000,"sd","14:22:04",3775500
5590,80,1100,"sd","14:22:00",3773500
5600,90,400,"bu","14:21:49",3772400
5590,80,500,"bu","14:21:32",3772000
5590,80,900,"bu","14:20:59",3771500
5550,40,300,"sd","14:20:39",3770600
5640,130,1700,"bu","14:20:02",3770300
5600,90,500,"bu","14:20:02",3768600
5600,90,1600,"bu","14:19:54",3768100
5600,90,100,"bu","14:19:50",3766500
5600,90,100,"bu","14:19:41",3766400
5620,110,3000,"bu","14:19:38",3766300
5590,80,600,"bu","14:19:32",3763300
5600,90,400,"bu","14:19:32",3762700
5600,90,2000,"bu","14:19:29",3762300
5600,90,200,"bu","14:19:25",3760300
5590,80,300,"bu","14:19:16",3760100
5600,90,100,"bu","14:19:16",3759800
5590,80,400,"bu","14:19:15",3759700
5600,90,2000,"bu","14:19:14",3759300
5600,90,300,"bu","14:19:13",3757300
5600,90,1600,"bu","14:19:03",3757000
5540,30,800,"sd","14:19:03",3755400
5600,90,2700,"bu","14:18:58",3754600
5590,80,100,"bu","14:18:53",3751900
5600,90,900,"bu","14:18:48",3751800
5590,80,1000,"bu","14:18:40",3750900
5540,30,200,"sd","14:18:34",3749900
5550,40,2600,"sd","14:18:30",3749700
5600,90,2000,"bu","14:18:29",3747100
5590,80,5000,"bu","14:18:26",3745100
5590,80,200,"sd","14:18:06",3740100
5510,0,1100,"sd","14:18:03",3739900
5590,80,1900,"sd","14:17:55",3738800
5590,80,3100,"sd","14:17:55",3736900
5600,90,2000,"bu","14:17:53",3733800
5590,80,300,"sd","14:17:49",3731800
5590,80,1300,"sd","14:17:43",3731500
5600,90,100,"bu","14:17:24",3730200
5590,80,3000,"sd","14:17:22",3730100
5540,30,1000,"sd","14:17:21",3727100
5590,80,200,"sd","14:17:04",3726100
5550,40,200,"sd","14:17:03",3725900
5540,30,100,"sd","14:16:55",3725700
5580,70,100,"sd","14:16:49",3725600
5540,30,900,"sd","14:16:48",3725500
5520,10,100,"sd","14:16:45",3724600
5510,0,200,"sd","14:16:42",3724500
5310,-200,1800,"sd","14:16:29",3724300
5500,-10,500,"sd","14:16:28",3722500
5250,-260,1000,"sd","14:16:26",3722000
5510,0,300,"sd","14:16:15",3721000
5510,0,3000,"sd","14:16:07",3720700
5380,-130,500,"sd","14:16:04",3717700
5310,-200,1000,"sd","14:15:52",3717200
5260,-250,3700,"sd","14:15:49",3716200
5540,30,5000,"sd","14:15:32",3712500
5380,-130,200,"sd","14:15:28",3707500
5490,-20,200,"sd","14:15:27",3707300
5540,30,1000,"sd","14:15:16",3707100
5310,-200,500,"sd","14:15:15",3706100
5270,-240,5000,"sd","14:15:12",3705600
5380,-130,1000,"sd","14:14:50",3700600
5490,-20,4000,"sd","14:14:50",3699600
5540,30,1000,"bu","14:14:39",3695600
5350,-160,2000,"sd","14:14:38",3694600
5270,-240,1000,"sd","14:14:35",3692600
5510,0,300,"sd","14:14:35",3691600
5500,-10,500,"sd","14:14:14",3691300
5360,-150,2000,"sd","14:14:01",3690800
5270,-240,2000,"sd","14:13:58",3688800
5480,-30,2000,"sd","14:13:53",3686800
5500,-10,500,"sd","14:13:32",3684800
5380,-130,500,"sd","14:13:25",3684300
5300,-210,2800,"sd","14:13:22",3683800
5510,0,500,"unknown","14:13:18",3681000
5480,-30,1000,"sd","14:13:16",3680500
5500,-10,2000,"unknown","14:12:53",3679500
5300,-210,1000,"sd","14:12:45",3677500
5500,-10,3000,"unknown","14:12:44",3676500
5500,-10,100,"unknown","14:12:41",3673500
5500,-10,2900,"unknown","14:12:17",3673400
5400,-110,1000,"unknown","14:12:13",3670500
5300,-210,5000,"sd","14:12:09",3669500
5500,-10,100,"unknown","14:12:07",3664500
5500,-10,1000,"unknown","14:12:05",3664400
5480,-30,1800,"unknown","14:11:53",3663400
5260,-250,500,"sd","14:11:38",3661600
5320,-190,10000,"unknown","14:11:34",3661100
5500,-10,100,"unknown","14:11:33",3651100
5500,-10,500,"sd","14:11:22",3651000
5400,-110,1000,"sd","14:11:09",3650500
5260,-250,4000,"sd","14:11:05",3649500
5330,-180,2500,"sd","14:11:01",3645500
5500,-10,4000,"sd","14:11:00",3643000
5260,-250,5000,"sd","14:10:33",3639000
5400,-110,100,"unknown","14:10:30",3634000
5350,-160,200,"unknown","14:10:30",3633900
5260,-250,100,"sd","14:10:03",3633700
5400,-110,300,"unknown","14:10:00",3633600
5350,-160,3800,"unknown","14:10:00",3633300
5250,-260,100,"sd","14:09:51",3629500
5270,-240,500,"sd","14:09:36",3629400
5400,-110,500,"unknown","14:09:33",3628900
5350,-160,100,"unknown","14:09:33",3628400
5250,-260,500,"sd","14:09:24",3628300
5300,-210,2000,"sd","14:09:10",3627800
5260,-250,1700,"sd","14:09:10",3625800
5350,-160,1500,"unknown","14:09:08",3624100
5390,-120,1100,"bu","14:09:08",3622600
5250,-260,3000,"sd","14:09:00",3621500
5360,-150,10000,"unknown","14:08:44",3618500
5390,-120,1000,"bu","14:08:37",3608500
5250,-260,300,"sd","14:08:37",3607500
5390,-120,400,"sd","14:08:28",3607200
5360,-150,5000,"unknown","14:08:23",3606800
5410,-100,800,"bu","14:08:16",3601800
5250,-260,500,"sd","14:08:16",3601000
5260,-250,900,"sd","14:08:12",3600500
5360,-150,100,"unknown","14:08:03",3599600
5420,-90,2000,"bu","14:07:56",3599500
5400,-110,100,"bu","14:07:53",3597500
5300,-210,1000,"unknown","14:07:53",3597400
5380,-130,300,"unknown","14:07:44",3596400
5420,-90,900,"bu","14:07:39",3596100
5400,-110,1000,"bu","14:07:36",3595200
5380,-130,300,"unknown","14:07:28",3594200
5420,-90,100,"bu","14:07:22",3593900
5410,-100,3900,"bu","14:07:20",3593800
5400,-110,2000,"bu","14:07:12",3589900
5400,-110,400,"bu","14:07:09",3587900
5430,-80,500,"bu","14:07:08",3587500
5490,-20,1000,"bu","14:07:05",3587000
5400,-110,3000,"bu","14:06:58",3586000
5410,-100,1100,"bu","14:06:57",3583000
5410,-100,100,"bu","14:06:56",3581900
5430,-80,400,"bu","14:06:53",3581800
5400,-110,100,"sd","14:06:45",3581400
5450,-60,500,"unknown","14:06:41",3581300
5250,-260,700,"sd","14:06:33",3580800
5250,-260,1000,"sd","14:06:33",3580100
5400,-110,1000,"sd","14:06:33",3579100
5450,-60,100,"unknown","14:06:29",3578100
5450,-60,1000,"unknown","14:06:19",3578000
5400,-110,1000,"sd","14:06:04",3577000
5400,-110,500,"sd","14:05:18",3576000
5400,-110,100,"sd","14:05:12",3575500
5400,-110,1000,"sd","14:05:07",3575400
5400,-110,1000,"sd","14:05:02",3574400
5400,-110,100,"sd","14:04:57",3573400
5410,-100,1000,"sd","14:04:53",3573300
5490,-20,100,"bu","14:04:41",3572300
5490,-20,100,"bu","14:02:30",3572200
5490,-20,400,"bu","14:02:21",3572100
5490,-20,600,"bu","14:02:17",3571700
5490,-20,400,"bu","14:02:15",3571100
5490,-20,100,"sd","14:02:14",3570700
5490,-20,4900,"sd","14:02:02",3570600
5500,-10,1000,"sd","14:01:45",3565700
5500,-10,2000,"sd","14:01:45",3564700
5500,-10,100,"sd","14:01:45",3562700
5500,-10,500,"sd","14:01:45",3562600
5500,-10,100,"sd","14:01:45",3562100
5510,0,200,"sd","14:01:45",3562000
5510,0,200,"sd","14:01:36",3561800
5510,0,4800,"sd","14:01:36",3561600
5510,0,200,"unknown","14:01:13",3556800
5510,0,900,"bu","14:00:11",3556600
5510,0,300,"bu","14:00:03",3555700
5510,0,600,"bu","13:59:57",3555400
5510,0,2900,"bu","13:59:04",3554800
5510,0,2000,"bu","13:58:43",3551900
5510,0,100,"bu","13:58:19",3549900
5510,0,100,"sd","13:58:17",3549800
5510,0,100,"sd","13:58:17",3549700
5510,0,13500,"sd","13:58:17",3549600
5510,0,4400,"sd","13:58:17",3536100
5510,0,600,"sd","13:57:50",3531700
5510,0,200,"sd","13:57:50",3531100
5510,0,2800,"sd","13:57:50",3530900
5510,0,1400,"sd","13:57:50",3528100
5510,0,600,"sd","13:57:41",3526700
5510,0,1000,"sd","13:57:41",3526100
5530,20,400,"sd","13:57:12",3525100
5590,80,1000,"bu","13:56:30",3524700
5590,80,1000,"bu","13:55:37",3523700
5530,20,100,"sd","13:55:36",3522700
5600,90,500,"sd","13:54:58",3522600
5600,90,400,"sd","13:54:58",3522100
5600,90,4000,"sd","13:54:58",3521700
5600,90,100,"sd","13:54:58",3517700
5610,100,100,"sd","13:54:58",3517600
5610,100,1000,"sd","13:54:58",3517500
5610,100,1000,"sd","13:54:58",3516500
5620,110,100,"sd","13:54:58",3515500
5640,130,500,"bu","13:54:39",3515400
5630,120,2000,"bu","13:54:39",3514900
5640,130,2300,"sd","13:54:20",3512900
5640,130,1000,"sd","13:54:15",3510600
5640,130,500,"sd","13:54:00",3509600
5640,130,100,"sd","13:54:00",3509100
5640,130,1400,"sd","13:54:00",3509000
5640,130,300,"sd","13:53:57",3507600
5630,120,1800,"bu","13:53:28",3507300
5640,130,200,"unknown","13:53:16",3505500
5640,130,1000,"sd","13:53:15",3505300
5640,130,800,"bu","13:53:01",3504300
5640,130,2000,"sd","13:52:49",3503500
5640,130,200,"sd","13:52:49",3501500
5650,140,700,"bu","13:52:49",3501300
5650,140,1300,"bu","13:52:49",3500600
5650,140,700,"bu","13:52:10",3499300
5640,130,1000,"sd","13:51:49",3498600
5620,110,800,"bu","13:51:49",3497600
5620,110,100,"bu","13:51:27",3496800
5620,110,2000,"unknown","13:51:09",3496700
5600,90,300,"sd","13:49:50",3494700
5600,90,3200,"sd","13:49:50",3494400
5600,90,100,"sd","13:49:50",3491200
5600,90,200,"sd","13:49:50",3491100
5600,90,100,"sd","13:49:49",3490900
5600,90,500,"sd","13:49:49",3490800
5600,90,1000,"bu","13:49:40",3490300
5600,90,400,"bu","13:49:36",3489300
5590,80,1900,"sd","13:49:28",3488900
5590,80,100,"bu","13:48:56",3487000
5550,40,1400,"unknown","13:48:56",3486900
5550,40,100,"bu","13:48:28",3485500
5550,40,600,"unknown","13:47:43",3485400
5550,40,400,"sd","13:46:53",3484800
5550,40,600,"sd","13:46:53",3484400
5550,40,500,"sd","13:46:45",3483800
5550,40,900,"sd","13:46:40",3483300
5550,40,100,"sd","13:46:40",3482400
5550,40,2000,"sd","13:44:43",3482300
5550,40,200,"bu","13:44:11",3480300
5550,40,2000,"bu","13:44:11",3480100
5550,40,800,"bu","13:44:11",3478100
5550,40,100,"sd","13:42:54",3477300
5550,40,100,"sd","13:42:54",3477200
5550,40,1000,"sd","13:42:54",3477100
5550,40,2000,"sd","13:42:54",3476100
5600,90,1000,"bu","13:42:52",3474100
5600,90,200,"sd","13:41:56",3473100
5600,90,2900,"sd","13:41:56",3472900
5600,90,1000,"bu","13:41:20",3470000
5600,90,500,"bu","13:41:20",3469000
5600,90,3000,"bu","13:41:20",3468500
5600,90,100,"bu","13:41:20",3465500
5600,90,10000,"bu","13:41:20",3465400
5600,90,3000,"bu","13:41:20",3455400
5600,90,200,"bu","13:40:54",3452400
5600,90,400,"bu","13:40:40",3452200
5570,60,600,"bu","13:40:07",3451800
5550,40,200,"bu","13:39:50",3451200
5550,40,800,"bu","13:39:28",3451000
5550,40,200,"bu","13:39:28",3450200
5540,30,100,"bu","13:39:28",3450000
5550,40,2100,"bu","13:38:40",3449900
5550,40,2000,"bu","13:38:19",3447800
5550,40,200,"bu","13:38:17",3445800
5550,40,900,"bu","13:38:11",3445600
5550,40,300,"bu","13:38:02",3444700
5510,0,900,"sd","13:35:21",3444400
5520,10,100,"sd","13:35:20",3443500
5510,0,100,"sd","13:35:01",3443400
5550,40,1300,"bu","13:34:59",3443300
5550,40,500,"bu","13:34:57",3442000
5510,0,1000,"sd","13:34:56",3441500
5550,40,4300,"bu","13:34:54",3440500
5510,0,1200,"sd","13:34:53",3436200
5500,-10,1200,"sd","13:34:53",3435000
5550,40,1000,"bu","13:34:52",3433800
5510,0,1000,"sd","13:34:49",3432800
5550,40,6000,"bu","13:34:48",3431800
5510,0,500,"sd","13:34:45",3425800
5550,40,6900,"bu","13:34:45",3425300
5510,0,900,"sd","13:34:40",3418400
5510,0,5000,"sd","13:34:30",3417500
5510,0,2500,"bu","13:34:26",3412500
5500,-10,1000,"sd","13:34:25",3410000
5500,-10,2000,"sd","13:34:24",3409000
5500,-10,400,"sd","13:34:24",3407000
5510,0,1300,"bu","13:34:23",3406600
5510,0,200,"bu","13:34:18",3405300
5510,0,1000,"bu","13:34:12",3405100
5500,-10,5000,"bu","13:34:05",3404100
5500,-10,200,"bu","13:34:00",3399100
5500,-10,200,"bu","13:33:53",3398900
5480,-30,500,"bu","13:33:00",3398700
5400,-110,1100,"sd","13:32:59",3398200
5360,-150,2100,"sd","13:32:56",3397100
5270,-240,8000,"sd","13:32:54",3395000
5350,-160,3500,"sd","13:32:53",3387000
5480,-30,500,"unknown","13:32:53",3383500
5270,-240,2000,"sd","13:32:42",3383000
5350,-160,100,"sd","13:32:42",3381000
5280,-230,400,"sd","13:32:30",3380900
5360,-150,2000,"sd","13:32:29",3380500
5280,-230,700,"sd","13:32:17",3378500
5360,-150,900,"sd","13:32:16",3377800
5290,-220,100,"sd","13:32:03",3376900
5360,-150,100,"sd","13:31:56",3376800
5400,-110,1100,"sd","13:31:53",3376700
5400,-110,1000,"sd","13:31:50",3375600
5360,-150,1000,"sd","13:31:49",3374600
5300,-210,500,"sd","13:31:48",3373600
5380,-130,300,"sd","13:31:48",3373100
5310,-200,1000,"sd","13:31:36",3372800
5360,-150,1900,"sd","13:31:34",3371800
5300,-210,2000,"sd","13:31:32",3369900
5400,-110,1300,"bu","13:31:31",3367900
5300,-210,1800,"sd","13:31:31",3366600
5400,-110,300,"bu","13:31:28",3364800
5350,-160,1000,"sd","13:31:27",3364500
5400,-110,500,"bu","13:31:26",3363500
5400,-110,2900,"bu","13:31:23",3363000
5360,-150,100,"sd","13:31:20",3360100
5310,-200,1400,"sd","13:31:20",3360000
5300,-210,1000,"sd","13:31:16",3358600
5300,-210,2000,"sd","13:31:14",3357600
5350,-160,500,"sd","13:31:11",3355600
5400,-110,2000,"bu","13:31:06",3355100
5360,-150,1000,"sd","13:31:03",3353100
5310,-200,300,"sd","13:31:03",3352100
5300,-210,1000,"sd","13:30:59",3351800
5300,-210,1000,"sd","13:30:58",3350800
5350,-160,100,"sd","13:30:54",3349800
5400,-110,8900,"bu","13:30:54",3349700
5310,-200,600,"sd","13:30:46",3340800
5300,-210,100,"sd","13:30:42",3340200
5300,-210,700,"sd","13:30:40",3340100
5350,-160,100,"sd","13:30:40",3339400
5350,-160,100,"sd","13:30:36",3339300
5380,-130,6100,"bu","13:30:36",3339200
5380,-130,100,"bu","13:30:36",3333100
5380,-130,700,"bu","13:30:33",3333000
5350,-160,3000,"sd","13:30:29",3332300
5300,-210,200,"sd","13:30:25",3329300
5300,-210,1400,"sd","13:30:23",3329100
5350,-160,200,"sd","13:30:19",3327700
5300,-210,1500,"sd","13:30:07",3327500
5300,-210,2000,"sd","13:30:05",3326000
5350,-160,1400,"sd","13:30:00",3324000
5360,-150,100,"bu","13:29:53",3322600
5310,-200,2500,"unknown","13:29:48",3322500
5300,-210,2000,"unknown","13:29:47",3320000
5310,-200,2400,"unknown","13:29:37",3318000
5360,-150,200,"bu","13:29:34",3315600
5350,-160,600,"unknown","13:29:34",3315400
5360,-150,900,"bu","13:29:33",3314800
5300,-210,500,"unknown","13:29:30",3313900
5300,-210,500,"unknown","13:29:29",3313400
5370,-140,2000,"bu","13:29:25",3312900
5310,-200,100,"unknown","13:29:19",3310900
5350,-160,500,"unknown","13:29:16",3310800
5300,-210,300,"sd","13:29:12",3310300
5300,-210,1000,"sd","13:29:12",3310000
5370,-140,500,"bu","13:29:07",3309000
5330,-180,1000,"sd","13:29:02",3308500
5360,-150,2900,"bu","13:29:00",3307500
5350,-160,300,"sd","13:28:59",3304600
5300,-210,200,"sd","13:28:55",3304300
5300,-210,300,"sd","13:28:54",3304100
5330,-180,700,"unknown","13:28:45",3303800
5350,-160,1000,"sd","13:28:42",3303100
5300,-210,1000,"sd","13:28:37",3302100
5380,-130,200,"bu","13:28:36",3301100
5330,-180,2500,"sd","13:28:27",3300900
5400,-110,200,"bu","13:28:18",3298400
5380,-130,1100,"bu","13:28:00",3298200
5370,-140,100,"bu","13:27:52",3297100
5370,-140,2700,"unknown","13:27:42",3297000
5380,-130,200,"bu","13:27:41",3294300
5360,-150,100,"sd","13:27:39",3294100
5400,-110,1300,"bu","13:27:21",3294000
5370,-140,200,"bu","13:27:20",3292700
5380,-130,500,"bu","13:27:15",3292500
5380,-130,1100,"sd","13:26:57",3292000
5400,-110,200,"bu","13:26:43",3290900
5380,-130,1000,"sd","13:26:41",3290700
5380,-130,100,"sd","13:26:25",3289700
5380,-130,100,"sd","13:26:24",3289600
5400,-110,500,"bu","13:26:08",3289500
5380,-130,200,"sd","13:26:08",3289000
5400,-110,4700,"bu","13:26:00",3288800
5400,-110,100,"bu","13:25:56",3284100
5400,-110,500,"bu","13:25:46",3284000
5400,-110,100,"bu","13:25:31",3283500
5400,-110,100,"bu","13:25:29",3283400
5400,-110,9700,"bu","13:25:26",3283300
5400,-110,200,"bu","13:25:22",3273600
5400,-110,300,"bu","13:25:11",3273400
5400,-110,500,"bu","13:25:07",3273100
5400,-110,200,"bu","13:25:02",3272600
5400,-110,2000,"bu","13:25:01",3272400
5400,-110,500,"bu","13:24:39",3270400
5400,-110,500,"bu","13:24:38",3269900
5400,-110,5000,"bu","13:24:26",3269400
5400,-110,1000,"bu","13:24:13",3264400
5400,-110,9700,"bu","13:24:06",3263400
5400,-110,1000,"bu","13:24:02",3253700
5400,-110,300,"bu","13:24:01",3252700
5410,-100,1000,"bu","13:23:53",3252400
5400,-110,17400,"bu","13:23:48",3251400
5420,-90,2000,"unknown","13:23:41",3234000
5400,-110,1000,"unknown","13:23:41",3232000
5400,-110,600,"sd","13:23:39",3231000
5450,-60,1000,"unknown","13:23:30",3230400
5400,-110,100,"sd","13:23:30",3229400
5450,-60,800,"unknown","13:23:19",3229300
5400,-110,2000,"sd","13:23:19",3228500
5400,-110,2300,"sd","13:23:16",3226500
5400,-110,2600,"sd","13:23:12",3224200
5460,-50,1000,"unknown","13:23:08",3221600
5400,-110,100,"sd","13:23:08",3220600
5400,-110,10000,"sd","13:23:01",3220500
5460,-50,100,"unknown","13:22:58",3210500
5400,-110,27400,"sd","13:22:51",3210400
5490,-20,100,"bu","13:22:48",3183000
5490,-20,1000,"bu","13:22:38",3182900
5500,-10,100,"bu","13:22:35",3181900
5490,-20,300,"bu","13:22:29",3181800
5490,-20,3000,"sd","13:22:20",3181500
5500,-10,1000,"bu","13:22:00",3178500
5500,-10,1000,"bu","13:21:52",3177500
5510,0,800,"bu","13:21:45",3176500
5500,-10,1000,"unknown","13:21:45",3175700
5500,-10,100,"sd","13:21:42",3174700
5500,-10,500,"bu","13:21:37",3174600
5500,-10,200,"bu","13:21:30",3174100
5500,-10,200,"bu","13:21:24",3173900
5500,-10,100,"bu","13:21:18",3173700
5510,0,800,"sd","13:20:46",3173600
5510,0,700,"sd","13:20:41",3172800
5510,0,1500,"sd","13:20:36",3172100
5510,0,300,"sd","13:19:19",3170600
5510,0,400,"sd","13:19:19",3170300
5510,0,1000,"sd","13:19:18",3169900
5510,0,1000,"sd","13:19:17",3168900
5550,40,100,"bu","13:18:25",3167900
5510,0,2000,"sd","13:18:07",3167800
5510,0,2000,"sd","13:17:10",3165800
5510,0,400,"sd","13:17:10",3163800
5510,0,4400,"sd","13:17:10",3163400
5520,10,200,"sd","13:17:10",3159000
5510,0,600,"sd","13:16:27",3158800
5510,0,1000,"sd","13:16:27",3158200
5510,0,100,"sd","13:16:27",3157200
5510,0,300,"sd","13:16:27",3157100
5510,0,100,"sd","13:15:49",3156800
5510,0,600,"bu","13:15:28",3156700
5510,0,200,"bu","13:15:24",3156100
5510,0,1000,"bu","13:15:23",3155900
5510,0,5300,"bu","13:15:19",3154900
5510,0,29600,"bu","13:15:14",3149600
5500,-10,700,"sd","13:15:05",3120000
5510,0,1000,"bu","13:14:51",3119300
5510,0,1000,"sd","13:14:50",3118300
5550,40,1300,"sd","13:14:50",3117300
5550,40,3700,"sd","13:14:42",3116000
5550,40,200,"sd","13:14:42",3112300
5560,50,100,"sd","13:14:42",3112100
5570,60,800,"bu","13:14:14",3112000
5560,50,900,"bu","13:14:14",3111200
5560,50,100,"sd","13:14:06",3110300
5560,50,100,"sd","13:14:06",3110200
5560,50,400,"sd","13:14:06",3110100
5560,50,1000,"sd","13:14:06",3109700
5560,50,200,"sd","13:14:06",3108700
5560,50,1100,"sd","13:14:06",3108500
5570,60,200,"sd","13:12:59",3107400
5570,60,100,"sd","13:12:59",3107200
5570,60,200,"sd","13:12:59",3107100
5570,60,700,"sd","13:12:32",3106900
5560,50,900,"sd","13:11:43",3106200
5650,140,3000,"bu","13:11:31",3105300
5650,140,100,"bu","13:11:06",3102300
5650,140,900,"bu","13:10:31",3102200
5650,140,1100,"bu","13:10:30",3101300
5650,140,900,"bu","13:10:03",3100200
5650,140,3000,"bu","13:10:03",3099300
5650,140,800,"bu","13:10:03",3096300
5630,120,2300,"bu","13:10:03",3095500
5630,120,100,"sd","13:09:55",3093200
5630,120,5000,"sd","13:09:50",3093100
5650,140,200,"bu","13:09:13",3088100
5630,120,3600,"sd","13:09:05",3087900
5650,140,200,"sd","13:08:46",3084300
5650,140,1200,"sd","13:08:46",3084100
5650,140,20000,"sd","13:08:42",3082900
5670,160,2100,"bu","13:08:42",3062900
5670,160,200,"bu","13:08:42",3060800
5650,140,2000,"sd","13:08:29",3060600
5650,140,5000,"sd","13:08:18",3058600
5650,140,5000,"sd","13:07:59",3053600
5670,160,100,"bu","13:07:47",3048600
5650,140,5000,"sd","13:07:36",3048500
5650,140,1000,"sd","13:07:11",3043500
5660,150,100,"bu","13:06:46",3042500
5650,140,500,"bu","13:06:35",3042400
5650,140,1300,"bu","13:06:35",3041900
5650,140,1000,"bu","13:06:35",3040600
5650,140,300,"bu","13:06:35",3039600
5640,130,300,"bu","13:06:35",3039300
5640,130,300,"bu","13:06:35",3039000
5640,130,500,"bu","13:06:35",3038700
5640,130,1600,"bu","13:06:35",3038200
5630,120,400,"sd","13:06:34",3036600
5640,130,200,"bu","13:06:14",3036200
5640,130,200,"bu","13:06:06",3036000
5640,130,400,"bu","13:06:06",3035800
5640,130,1300,"bu","13:06:04",3035400
5640,130,600,"bu","13:06:01",3034100
5640,130,600,"bu","13:05:58",3033500
5640,130,600,"bu","13:05:54",3032900
5640,130,600,"bu","13:05:51",3032300
5600,90,100,"sd","13:05:47",3031700
5600,90,700,"sd","13:05:33",3031600
5600,90,5000,"bu","13:05:33",3030900
5640,130,700,"bu","13:05:33",3025900
5590,80,300,"bu","13:05:33",3025200
5630,120,200,"bu","13:05:33",3024900
5590,80,1000,"sd","13:05:33",3024700
5620,110,3900,"bu","13:05:33",3023700
5590,80,1500,"sd","13:05:33",3019800
5610,100,200,"bu","13:05:33",3018300
5550,40,800,"bu","13:05:24",3018100
5520,10,100,"sd","13:04:17",3017300
5520,10,900,"bu","13:04:11",3017200
5520,10,400,"bu","13:04:11",3016300
5500,-10,800,"sd","13:03:16",3015900
5510,0,200,"sd","13:03:16",3015100
5500,-10,11300,"sd","13:03:09",3014900
5510,0,300,"sd","13:03:09",3003600
5510,0,400,"sd","13:03:09",3003300
5510,0,400,"sd","13:03:06",3002900
5510,0,200,"sd","13:02:58",3002500
5510,0,700,"sd","13:02:58",3002300
5510,0,1300,"bu","13:02:53",3001600
5500,-10,100,"sd","13:02:37",3000300
5510,0,600,"bu","13:02:36",3000200
5510,0,100,"bu","13:02:34",2999600
5500,-10,2000,"sd","13:02:26",2999500
5510,0,5800,"bu","13:02:25",2997500
5520,10,800,"bu","13:02:23",2991700
5510,0,2000,"sd","13:02:22",2990900
5520,10,4100,"bu","13:02:21",2988900
5520,10,100,"bu","13:02:20",2984800
5510,0,3500,"sd","13:02:16",2984700
5500,-10,5000,"sd","13:02:15",2981200
5510,0,2200,"bu","13:02:15",2976200
5500,-10,500,"sd","13:02:14",2974000
5500,-10,1000,"sd","13:02:13",2973500
5500,-10,3000,"sd","13:02:11",2972500
5500,-10,2900,"sd","13:02:10",2969500
5500,-10,4600,"sd","13:02:08",2966600
5500,-10,1000,"unknown","13:01:52",2962000
5500,-10,1000,"unknown","13:01:48",2961000
5520,10,1000,"bu","13:01:46",2960000
5500,-10,100,"unknown","13:01:45",2959000
5500,-10,500,"sd","13:01:41",2958900
5500,-10,400,"sd","13:01:39",2958400
5520,10,2000,"bu","13:01:37",2958000
5500,-10,8000,"sd","13:01:37",2956000
5500,-10,100,"sd","13:01:37",2948000
5500,-10,300,"sd","13:01:35",2947900
5500,-10,1000,"sd","13:01:31",2947600
5500,-10,300,"sd","13:01:26",2946600
5510,0,600,"bu","13:01:20",2946300
5510,0,100,"bu","13:01:16",2945700
5510,0,5000,"bu","13:01:15",2945600
5510,0,300,"bu","13:01:14",2940600
5500,-10,100,"sd","13:01:14",2940300
5510,0,200,"unknown","13:01:10",2940200
5510,0,100,"sd","13:01:09",2940000
5520,10,3200,"bu","13:01:05",2939900
5510,0,200,"sd","13:01:04",2936700
5520,10,100,"bu","13:01:04",2936500
5510,0,200,"sd","13:01:02",2936400
5520,10,500,"bu","13:00:58",2936200
5510,0,100,"sd","13:00:55",2935700
5520,10,200,"bu","13:00:51",2935600
5520,10,100,"bu","13:00:45",2935400
5520,10,400,"bu","13:00:44",2935300
5520,10,1000,"bu","13:00:44",2934900
5520,10,1000,"bu","13:00:41",2933900
5520,10,2500,"bu","13:00:40",2932900
5520,10,300,"bu","13:00:37",2930400
5520,10,100,"bu","13:00:36",2930100
5520,10,1000,"bu","13:00:35",2930000
5530,20,300,"bu","13:00:33",2929000
5520,10,700,"bu","13:00:31",2928700
5510,0,5000,"sd","13:00:29",2928000
5510,0,2000,"sd","13:00:25",2923000
5520,10,1000,"bu","13:00:24",2921000
5520,10,400,"bu","13:00:13",2920000
5520,10,200,"sd","13:00:04",2919600
5520,10,1000,"sd","11:29:53",2919400
5520,10,2300,"sd","11:29:47",2918400
5520,10,2000,"sd","11:29:38",2916100
5520,10,3700,"sd","11:29:30",2914100
5550,40,1000,"bu","11:29:08",2910400
5550,40,3100,"bu","11:29:08",2909400
5550,40,700,"sd","11:29:07",2906300
5550,40,1600,"bu","11:28:49",2905600
5550,40,1400,"bu","11:28:49",2904000
5550,40,200,"bu","11:28:49",2902600
5520,10,14300,"sd","11:28:48",2902400
5530,20,100,"sd","11:28:48",2888100
5530,20,800,"sd","11:28:48",2888000
5530,20,100,"sd","11:28:48",2887200
5550,40,100,"bu","11:28:20",2887100
5550,40,100,"bu","11:28:08",2887000
5550,40,600,"bu","11:27:53",2886900
5550,40,100,"sd","11:26:44",2886300
5550,40,2200,"sd","11:26:44",2886200
5550,40,300,"sd","11:26:44",2884000
5550,40,300,"sd","11:26:44",2883700
5550,40,100,"sd","11:26:44",2883400
5560,50,300,"sd","11:26:44",2883300
5560,50,100,"sd","11:26:44",2883000
5570,60,100,"sd","11:26:44",2882900
5570,60,1500,"sd","11:26:44",2882800
5590,80,200,"sd","11:25:09",2881300
5590,80,11200,"sd","11:25:09",2881100
5590,80,2700,"bu","11:24:57",2869900
5590,80,900,"bu","11:24:57",2867200
5590,80,3000,"sd","11:24:43",2866300
5590,80,2800,"bu","11:24:29",2863300
5590,80,500,"bu","11:24:29",2860500
5590,80,100,"bu","11:24:12",2860000
5590,80,100,"bu","11:23:26",2859900
5600,90,1000,"bu","11:22:48",2859800
5600,90,100,"bu","11:21:19",2858800
5600,90,200,"bu","11:20:07",2858700
5600,90,5200,"sd","11:19:48",2858500
5600,90,100,"sd","11:19:46",2853300
5600,90,1800,"bu","11:19:35",2853200
5600,90,2200,"sd","11:18:46",2851400
5600,90,500,"sd","11:18:41",2849200
5600,90,4700,"bu","11:18:35",2848700
5600,90,1300,"sd","11:18:28",2844000
5600,90,3000,"bu","11:18:16",2842700
5600,90,2000,"bu","11:18:16",2839700
5600,90,1000,"bu","11:18:16",2837700
5600,90,1000,"bu","11:18:16",2836700
5600,90,1700,"bu","11:18:16",2835700
5550,40,10000,"bu","11:17:38",2834000
5550,40,1500,"bu","11:17:38",2824000
5550,40,100,"bu","11:17:33",2822500
5540,30,2600,"bu","11:17:27",2822400
5540,30,100,"bu","11:17:19",2819800
5530,20,900,"bu","11:17:09",2819700
5530,20,100,"bu","11:16:40",2818800
5530,20,400,"bu","11:16:40",2818700
5530,20,100,"bu","11:16:15",2818300
5530,20,300,"bu","11:15:23",2818200
5520,10,100,"bu","11:15:23",2817900
5520,10,100,"bu","11:15:13",2817800
5510,0,1000,"sd","11:15:09",2817700
5520,10,300,"sd","11:14:44",2816700
5530,20,500,"sd","11:14:30",2816400
5530,20,500,"sd","11:14:30",2815900
5540,30,300,"sd","11:14:14",2815400
5550,40,400,"sd","11:14:03",2815100
5550,40,10000,"sd","11:14:03",2814700
5560,50,2500,"sd","11:13:54",2804700
5560,50,500,"sd","11:13:54",2802200
5560,50,500,"sd","11:13:54",2801700
5570,60,2000,"bu","11:13:35",2801200
5570,60,1000,"bu","11:13:35",2799200
5570,60,200,"bu","11:13:35",2798200
5600,90,100,"sd","11:13:22",2798000
5590,80,3400,"bu","11:13:11",2797900
5590,80,66600,"sd","11:12:39",2794500
5590,80,11700,"sd","11:12:39",2727900
5600,90,500,"bu","11:12:30",2716200
5600,90,2000,"bu","11:12:30",2715700
5600,90,200,"bu","11:12:30",2713700
5600,90,100,"bu","11:12:30",2713500
5600,90,400,"bu","11:12:30",2713400
5600,90,100,"bu","11:12:30",2713000
5600,90,500,"bu","11:12:16",2712900
5590,80,1700,"bu","11:11:47",2712400
5590,80,4000,"bu","11:11:08",2710700
5590,80,1000,"bu","11:10:56",2706700
5590,80,200,"bu","11:10:51",2705700
5590,80,1800,"bu","11:10:31",2705500
5590,80,100,"sd","11:10:03",2703700
5600,90,2400,"bu","11:09:33",2703600
5600,90,300,"bu","11:06:56",2701200
5600,90,800,"bu","11:06:56",2700900
5600,90,2000,"sd","11:06:24",2700100
5600,90,1900,"bu","11:06:06",2698100
5600,90,500,"bu","11:05:40",2696200
5600,90,500,"bu","11:05:40",2695700
5600,90,5000,"bu","11:05:40",2695200
5600,90,100,"bu","11:05:40",2690200
5600,90,15000,"unknown","11:05:40",2690100
5600,90,100,"sd","11:05:40",2675100
5600,90,6900,"sd","11:05:40",2675000
5620,110,500,"bu","11:05:26",2668100
5620,110,100,"sd","11:05:17",2667600
5620,110,1200,"sd","11:05:17",2667500
5630,120,200,"sd","11:05:00",2666300
5630,120,800,"bu","11:04:03",2666100
5630,120,200,"bu","11:04:00",2665300
5630,120,100,"bu","11:03:57",2665100
5630,120,100,"bu","11:03:57",2665000
5620,110,100,"bu","11:03:27",2664900
5620,110,300,"bu","11:03:20",2664800
5620,110,200,"bu","11:03:20",2664500
5600,90,1000,"sd","11:03:09",2664300
5620,110,1000,"bu","11:02:26",2663300
5620,110,100,"sd","11:02:02",2662300
5620,110,100,"bu","11:01:47",2662200
5620,110,1000,"bu","11:01:47",2662100
5620,110,2000,"bu","11:01:47",2661100
5620,110,800,"bu","11:01:47",2659100
5620,110,100,"bu","11:00:56",2658300
5620,110,100,"bu","10:59:34",2658200
5600,90,2000,"bu","10:58:13",2658100
5600,90,100,"bu","10:58:13",2656100
5600,90,2600,"bu","10:58:00",2656000
5600,90,100,"sd","10:57:33",2653400
5600,90,600,"sd","10:57:33",2653300
5600,90,4000,"sd","10:57:23",2652700
5600,90,2400,"bu","10:57:08",2648700
5600,90,5000,"sd","10:56:49",2646300
5600,90,100,"sd","10:56:49",2641300
5600,90,2200,"sd","10:56:49",2641200
5600,90,600,"sd","10:56:27",2639000
5600,90,2200,"sd","10:56:18",2638400
5600,90,800,"sd","10:56:18",2636200
5600,90,100,"sd","10:56:18",2635400
5600,90,6900,"sd","10:56:18",2635300
5600,90,10100,"sd","10:56:06",2628400
5610,100,9000,"sd","10:56:06",2618300
5610,100,500,"sd","10:56:06",2609300
5610,100,400,"sd","10:56:06",2608800
5630,120,3000,"bu","10:55:48",2608400
5630,120,1000,"sd","10:55:16",2605400
5640,130,200,"bu","10:54:50",2604400
5640,130,500,"bu","10:53:14",2604200
5640,130,9700,"sd","10:52:20",2603700
5650,140,300,"bu","10:51:45",2594000
5650,140,100,"bu","10:51:30",2593700
5650,140,400,"bu","10:51:30",2593600
5650,140,100,"sd","10:49:02",2593200
5650,140,4900,"bu","10:48:42",2593100
5650,140,100,"bu","10:48:42",2588200
5640,130,100,"sd","10:48:39",2588100
5640,130,200,"bu","10:48:21",2588000
5640,130,100,"bu","10:48:15",2587800
5610,100,100,"sd","10:47:49",2587700
5640,130,2000,"bu","10:47:48",2587600
5640,130,100,"bu","10:45:19",2585600
5640,130,100,"bu","10:44:39",2585500
5640,130,100,"bu","10:44:39",2585400
5600,90,1500,"sd","10:43:56",2585300
5600,90,1500,"sd","10:43:56",2583800
5600,90,200,"bu","10:43:42",2582300
5570,60,300,"sd","10:41:52",2582100
5570,60,400,"sd","10:41:52",2581800
5600,90,1000,"bu","10:41:14",2581400
5600,90,300,"sd","10:41:02",2580400
5600,90,1700,"sd","10:40:54",2580100
5600,90,200,"sd","10:40:54",2578400
5600,90,6600,"sd","10:40:54",2578200
5600,90,200,"sd","10:40:06",2571600
5640,130,100,"bu","10:39:31",2571400
5640,130,4200,"bu","10:38:36",2571300
5640,130,800,"bu","10:38:36",2567100
5600,90,300,"sd","10:38:31",2566300
5640,130,500,"bu","10:36:37",2566000
5640,130,1700,"bu","10:36:30",2565500
5650,140,102300,"bu","10:35:25",2563800
5660,150,100,"bu","10:35:25",2461500
5670,160,500,"bu","10:34:55",2461400
5670,160,500,"bu","10:34:47",2460900
5670,160,500,"bu","10:34:39",2460400
5650,140,3000,"sd","10:34:28",2459900
5650,140,200,"sd","10:34:21",2456900
5650,140,1000,"sd","10:34:10",2456700
5670,160,200,"bu","10:34:09",2455700
5650,140,1500,"bu","10:34:01",2455500
5650,140,100,"bu","10:33:43",2454000
5650,140,400,"sd","10:33:03",2453900
5650,140,400,"sd","10:31:58",2453500
5670,160,300,"sd","10:31:50",2453100
5670,160,100,"sd","10:31:06",2452800
5680,170,1000,"sd","10:30:50",2452700
5670,160,3100,"sd","10:30:10",2451700
5670,160,900,"sd","10:30:10",2448600
5700,190,4300,"bu","10:29:30",2447700
5690,180,5000,"bu","10:28:51",2443400
5670,160,100,"sd","10:28:22",2438400
5700,190,600,"sd","10:27:40",2438300
5700,190,700,"sd","10:27:40",2437700
5700,190,1000,"sd","10:27:40",2437000
5710,200,300,"bu","10:27:18",2436000
5710,200,1500,"sd","10:27:15",2435700
5710,200,2000,"bu","10:26:54",2434200
5680,170,2000,"bu","10:26:07",2432200
5700,190,1100,"bu","10:26:07",2430200
5700,190,38000,"bu","10:26:07",2429100
5700,190,3700,"bu","10:26:07",2391100
5700,190,100,"bu","10:26:07",2387400
5700,190,1000,"bu","10:26:07",2387300
5700,190,11800,"bu","10:26:06",2386300
5700,190,100,"bu","10:26:06",2374500
5700,190,1000,"bu","10:26:06",2374400
5700,190,2400,"bu","10:26:06",2373400
5700,190,1000,"bu","10:26:06",2371000
5670,160,1000,"bu","10:26:02",2370000
5670,160,2000,"bu","10:26:02",2369000
5670,160,700,"bu","10:26:02",2367000
5670,160,300,"bu","10:26:02",2366300
5670,160,100,"bu","10:24:29",2366000
5670,160,200,"bu","10:24:22",2365900
5670,160,2000,"bu","10:24:17",2365700
5670,160,400,"bu","10:24:01",2363700
5650,140,8100,"bu","10:23:37",2363300
5650,140,1900,"bu","10:23:29",2355200
5650,140,200,"bu","10:23:29",2353300
5650,140,1600,"bu","10:23:29",2353100
5620,110,3000,"bu","10:23:29",2351500
5620,110,3300,"bu","10:23:29",2348500
5620,110,100,"bu","10:23:22",2345200
5620,110,200,"bu","10:23:17",2345100
5600,90,500,"sd","10:23:05",2344900
5600,90,1000,"sd","10:23:05",2344400
5600,90,500,"sd","10:23:05",2343400
5590,80,100,"sd","10:23:05",2342900
5590,80,3000,"sd","10:23:05",2342800
5590,80,500,"sd","10:23:05",2339800
5590,80,300,"bu","10:23:05",2339300
5590,80,900,"bu","10:23:04",2339000
5570,60,200,"bu","10:23:04",2338100
5570,60,900,"bu","10:23:04",2337900
5600,90,1000,"bu","10:23:04",2337000
5600,90,3000,"bu","10:23:04",2336000
5600,90,1000,"bu","10:23:04",2333000
5570,60,500,"bu","10:23:02",2332000
5570,60,1000,"bu","10:23:02",2331500
5540,30,200,"sd","10:22:45",2330500
5530,20,1000,"bu","10:22:19",2330300
5530,20,4700,"bu","10:22:19",2329300
5530,20,2000,"bu","10:22:19",2324600
5530,20,700,"bu","10:22:17",2322600
5530,20,100,"bu","10:22:16",2321900
5530,20,300,"bu","10:22:15",2321800
5530,20,500,"bu","10:22:14",2321500
5530,20,500,"bu","10:22:12",2321000
5530,20,700,"bu","10:22:02",2320500
5530,20,4400,"bu","10:22:02",2319800
5530,20,5500,"bu","10:22:01",2315400
5530,20,100,"bu","10:21:47",2309900
5510,0,700,"sd","10:21:35",2309800
5520,10,300,"sd","10:21:35",2309100
5520,10,700,"bu","10:21:32",2308800
5520,10,300,"bu","10:21:31",2308100
5510,0,500,"sd","10:21:05",2307800
5520,10,5000,"unknown","10:20:59",2307300
5530,20,400,"bu","10:20:35",2302300
5510,0,600,"sd","10:20:34",2301900
5530,20,300,"bu","10:20:29",2301300
5530,20,4000,"bu","10:20:00",2301000
5530,20,200,"bu","10:19:43",2297000
5530,20,100,"sd","10:19:28",2296800
5530,20,1000,"sd","10:19:28",2296700
5530,20,500,"sd","10:19:28",2295700
5530,20,1200,"sd","10:19:28",2295200
5530,20,500,"bu","10:18:55",2294000
5530,20,300,"bu","10:18:07",2293500
5500,-10,100,"bu","10:17:40",2293200
5500,-10,1200,"bu","10:17:40",2293100
5500,-10,100,"sd","10:17:28",2291900
5500,-10,300,"sd","10:17:12",2291800
5500,-10,1700,"sd","10:17:12",2291500
5500,-10,5000,"sd","10:17:05",2289800
5500,-10,3300,"sd","10:16:39",2284800
5500,-10,1000,"sd","10:16:39",2281500
5500,-10,100,"sd","10:16:39",2280500
5500,-10,10500,"sd","10:16:39",2280400
5500,-10,500,"sd","10:16:39",2269900
5500,-10,1000,"sd","10:16:39",2269400
5500,-10,100,"sd","10:16:39",2268400
5500,-10,700,"sd","10:16:39",2268300
5500,-10,500,"sd","10:16:39",2267600
5500,-10,3200,"sd","10:16:39",2267100
5500,-10,19300,"sd","10:16:39",2263900
5500,-10,3000,"sd","10:16:39",2244600
5500,-10,1000,"sd","10:16:39",2241600
5500,-10,500,"sd","10:16:39",2240600
5500,-10,5000,"sd","10:16:39",2240100
5500,-10,300,"sd","10:16:39",2235100
5500,-10,300,"sd","10:16:18",2234800
5510,0,1200,"sd","10:16:05",2234500
5510,0,1000,"sd","10:15:53",2233300
5510,0,100,"sd","10:15:51",2232300
5510,0,900,"sd","10:15:51",2232200
5510,0,2700,"sd","10:15:51",2231300
5510,0,9100,"sd","10:15:48",2228600
5510,0,3000,"sd","10:15:48",2219500
5510,0,2000,"sd","10:15:48",2216500
5510,0,400,"sd","10:15:48",2214500
5510,0,5000,"sd","10:15:48",2214100
5520,10,500,"sd","10:15:48",2209100
5510,0,5000,"sd","10:15:17",2208600
5550,40,1000,"sd","10:15:17",2203600
5580,70,3000,"sd","10:15:17",2202600
5570,60,2000,"bu","10:14:34",2199600
5500,-10,7900,"sd","10:14:07",2197600
5500,-10,1700,"sd","10:13:57",2189700
5510,0,300,"sd","10:13:57",2188000
5510,0,100,"sd","10:13:57",2187700
5510,0,2500,"sd","10:13:57",2187600
5510,0,200,"sd","10:13:57",2185100
5520,10,2200,"sd","10:13:57",2184900
5520,10,200,"sd","10:13:57",2182700
5550,40,4100,"sd","10:13:57",2182500
5550,40,100,"sd","10:13:57",2178400
5580,70,200,"sd","10:13:57",2178300
5580,70,100,"sd","10:13:57",2178100
5590,80,100,"bu","10:13:56",2178000
5590,80,100,"bu","10:13:45",2177900
5590,80,100,"bu","10:12:51",2177800
5590,80,100,"sd","10:12:25",2177700
5600,90,700,"bu","10:12:24",2177600
5600,90,200,"bu","10:12:24",2176900
5600,90,3100,"bu","10:12:24",2176700
5600,90,100,"sd","10:11:55",2173600
5600,90,1000,"sd","10:11:55",2173500
5600,90,100,"sd","10:11:55",2172500
5600,90,100,"sd","10:11:55",2172400
5600,90,5000,"sd","10:11:55",2172300
5600,90,500,"sd","10:11:55",2167300
5600,90,2000,"sd","10:11:55",2166800
5600,90,1500,"sd","10:11:55",2164800
5600,90,500,"sd","10:11:55",2163300
5600,90,900,"sd","10:11:55",2162800
5600,90,1000,"sd","10:11:55",2161900
5600,90,500,"sd","10:11:55",2160900
5600,90,1000,"sd","10:11:55",2160400
5600,90,2100,"sd","10:11:55",2159400
5600,90,3000,"sd","10:11:55",2157300
5600,90,1000,"sd","10:11:55",2154300
5600,90,600,"sd","10:11:55",2153300
5600,90,1000,"sd","10:11:40",2152700
5610,100,2000,"sd","10:11:31",2151700
5610,100,500,"sd","10:11:31",2149700
5610,100,200,"sd","10:11:31",2149200
5610,100,500,"sd","10:11:31",2149000
5620,110,400,"sd","10:11:27",2148500
5650,140,5000,"bu","10:11:21",2148100
5620,110,300,"sd","10:11:08",2143100
5620,110,100,"sd","10:11:08",2142800
5620,110,600,"sd","10:11:08",2142700
5650,140,3400,"bu","10:10:56",2142100
5650,140,5000,"bu","10:10:56",2138700
5650,140,1000,"bu","10:10:56",2133700
5650,140,600,"bu","10:10:56",2132700
5620,110,2000,"sd","10:10:54",2132100
5650,140,4400,"bu","10:10:54",2130100
5650,140,200,"bu","10:10:54",2125700
5650,140,400,"bu","10:10:54",2125500
5620,110,1000,"sd","10:10:28",2125100
5620,110,1000,"sd","10:10:18",2124100
5650,140,600,"bu","10:09:25",2123100
5650,140,1000,"bu","10:09:25",2122500
5630,120,1100,"bu","10:09:25",2121500
5620,110,400,"sd","10:09:20",2120400
5620,110,1000,"sd","10:09:10",2120000
5630,120,500,"sd","10:09:08",2119000
5630,120,100,"sd","10:09:08",2118500
5630,120,300,"sd","10:09:08",2118400
5640,130,300,"bu","10:08:52",2118100
5640,130,300,"bu","10:08:41",2117800
5650,140,400,"bu","10:08:14",2117500
5630,120,100,"bu","10:07:41",2117100
5630,120,200,"bu","10:07:12",2117000
5650,140,600,"bu","10:07:02",2116800
5650,140,300,"bu","10:07:02",2116200
5650,140,100,"bu","10:07:02",2115900
5650,140,4900,"bu","10:06:47",2115800
5650,140,2100,"bu","10:06:47",2110900
5650,140,4900,"sd","10:06:27",2108800
5650,140,2000,"sd","10:06:22",2103900
5650,140,100,"bu","10:06:14",2101900
5650,140,100,"bu","10:06:10",2101800
5650,140,100,"bu","10:05:56",2101700
5650,140,500,"bu","10:05:50",2101600
5650,140,1000,"bu","10:05:50",2101100
5650,140,600,"bu","10:05:50",2100100
5650,140,6000,"bu","10:05:50",2099500
5660,150,1400,"bu","10:05:50",2093500
5660,150,800,"bu","10:05:50",2092100
5660,150,500,"bu","10:05:50",2091300
5660,150,800,"sd","10:05:50",2090800
5660,150,100,"sd","10:05:50",2090000
5680,170,100,"bu","10:05:30",2089900
5680,170,100,"bu","10:05:06",2089800
5680,170,2700,"bu","10:05:06",2089700
5690,180,2600,"bu","10:02:26",2087000
5690,180,700,"bu","10:02:26",2084400
5680,170,500,"bu","10:01:35",2083700
5680,170,200,"bu","10:01:33",2083200
5680,170,300,"sd","10:01:16",2083000
5680,170,200,"bu","10:01:13",2082700
5680,170,100,"bu","10:00:38",2082500
5690,180,500,"bu","10:00:15",2082400
5690,180,100,"bu","10:00:10",2081900
5690,180,2800,"bu","10:00:07",2081800
5690,180,1400,"bu","10:00:06",2079000
5690,180,1000,"bu","09:59:52",2077600
5690,180,1000,"bu","09:59:43",2076600
5690,180,200,"sd","09:59:35",2075600
5690,180,100,"sd","09:59:35",2075400
5690,180,200,"sd","09:59:35",2075300
5710,200,600,"bu","09:59:33",2075100
5700,190,1000,"bu","09:59:33",2074500
5700,190,200,"bu","09:59:33",2073500
5700,190,200,"bu","09:59:33",2073300
5690,180,100,"sd","09:59:20",2073100
5690,180,200,"sd","09:59:10",2073000
5700,190,3000,"bu","09:59:07",2072800
5700,190,100,"bu","09:59:00",2069800
5700,190,100,"bu","09:58:59",2069700
5700,190,200,"bu","09:58:58",2069600
5700,190,5000,"sd","09:58:50",2069400
5710,200,12900,"bu","09:58:29",2064400
5710,200,1000,"sd","09:58:20",2051500
5710,200,2300,"sd","09:58:20",2050500
5710,200,1000,"sd","09:58:05",2048200
5700,190,2500,"bu","09:58:02",2047200
5700,190,300,"bu","09:58:02",2044700
5700,190,100,"bu","09:57:59",2044400
5700,190,1000,"bu","09:57:57",2044300
5700,190,200,"bu","09:57:46",2043300
5700,190,2500,"sd","09:57:46",2043100
5700,190,200,"sd","09:57:46",2040600
5700,190,5700,"sd","09:57:46",2040400
5720,210,100,"bu","09:57:36",2034700
5720,210,100,"bu","09:57:32",2034600
5720,210,100,"bu","09:57:27",2034500
5720,210,1900,"bu","09:57:27",2034400
5720,210,100,"bu","09:57:00",2032500
5730,220,200,"bu","09:56:33",2032400
5730,220,100,"bu","09:56:10",2032200
5700,190,200,"bu","09:55:16",2032100
5700,190,100,"bu","09:55:13",2031900
5700,190,300,"sd","09:55:11",2031800
5700,190,400,"sd","09:55:11",2031500
5700,190,1600,"sd","09:55:10",2031100
5710,200,400,"sd","09:55:10",2029500
5730,220,4200,"bu","09:55:06",2029100
5710,200,200,"sd","09:55:04",2024900
5720,210,100,"bu","09:54:48",2024700
5730,220,700,"bu","09:54:29",2024600
5730,220,800,"bu","09:54:29",2023900
5730,220,1500,"bu","09:54:29",2023100
5730,220,500,"bu","09:54:18",2021600
5700,190,800,"bu","09:53:18",2021100
5700,190,200,"sd","09:53:02",2020300
5700,190,2300,"unknown","09:52:57",2020100
5700,190,200,"bu","09:52:46",2017800
5700,190,500,"sd","09:52:45",2017600
5700,190,500,"sd","09:52:26",2017100
5700,190,800,"sd","09:52:12",2016600
5710,200,200,"sd","09:52:12",2015800
5710,200,700,"bu","09:52:10",2015600
5710,200,200,"bu","09:52:09",2014900
5700,190,100,"sd","09:51:50",2014700
5700,190,100,"bu","09:51:37",2014600
5690,180,300,"bu","09:51:37",2014500
5690,180,200,"bu","09:51:27",2014200
5700,190,14800,"bu","09:51:22",2014000
5700,190,3200,"bu","09:51:22",1999200
5690,180,100,"sd","09:51:06",1996000
5700,190,1000,"bu","09:50:41",1995900
5700,190,500,"bu","09:50:15",1994900
5700,190,300,"bu","09:50:00",1994400
5700,190,1700,"bu","09:50:00",1994100
5700,190,700,"bu","09:49:28",1992400
5700,190,100,"bu","09:49:25",1991700
5700,190,100,"bu","09:49:25",1991600
5700,190,2000,"unknown","09:49:25",1991500
5700,190,400,"sd","09:49:25",1989500
5750,240,700,"sd","09:49:13",1989100
5750,240,600,"bu","09:49:12",1988400
5750,240,300,"sd","09:49:11",1987800
5750,240,100,"sd","09:49:11",1987500
5700,190,100,"sd","09:48:49",1987400
5700,190,1300,"sd","09:48:49",1987300
5750,240,100,"unknown","09:48:49",1986000
5750,240,100,"unknown","09:48:49",1985900
5750,240,200,"bu","09:48:32",1985800
5750,240,500,"bu","09:48:29",1985600
5750,240,300,"bu","09:48:19",1985100
5800,290,8500,"bu","09:48:04",1984800
5800,290,1000,"bu","09:48:04",1976300
5800,290,4000,"bu","09:48:04",1975300
5800,290,500,"bu","09:48:04",1971300
5800,290,1000,"bu","09:48:04",1970800
5800,290,5000,"bu","09:48:04",1969800
5790,280,100,"bu","09:47:44",1964800
5790,280,1000,"bu","09:47:44",1964700
5750,240,400,"bu","09:47:27",1963700
5700,190,700,"sd","09:47:27",1963300
5700,190,200,"bu","09:47:12",1962600
5650,140,3000,"bu","09:46:59",1962400
5650,140,100,"bu","09:46:59",1959400
5620,110,700,"bu","09:46:42",1959300
5620,110,2000,"bu","09:46:42",1958600
5620,110,1800,"bu","09:46:42",1956600
5620,110,200,"bu","09:46:42",1954800
5610,100,100,"sd","09:46:36",1954600
5610,100,7400,"bu","09:46:25",1954500
5600,90,5000,"sd","09:46:25",1947100
5600,90,7700,"sd","09:46:04",1942100
5610,100,200,"bu","09:46:02",1934400
5600,90,4000,"sd","09:46:01",1934200
5610,100,200,"bu","09:45:58",1930200
5610,100,200,"bu","09:45:54",1930000
5600,90,1000,"sd","09:45:53",1929800
5600,90,1000,"sd","09:45:51",1928800
5610,100,1000,"bu","09:45:49",1927800
5600,90,3900,"sd","09:45:34",1926800
5600,90,5000,"sd","09:45:34",1922900
5600,90,5000,"sd","09:45:09",1917900
5600,90,5000,"sd","09:44:58",1912900
5600,90,1000,"sd","09:44:51",1907900
5600,90,300,"sd","09:44:49",1906900
5600,90,1000,"sd","09:44:48",1906600
5610,100,1000,"bu","09:44:39",1905600
5620,110,200,"bu","09:44:23",1904600
5600,90,100,"sd","09:44:10",1904400
5600,90,16500,"sd","09:44:09",1904300
5620,110,900,"bu","09:44:09",1887800
5620,110,100,"bu","09:44:08",1886900
5600,90,200,"sd","09:43:56",1886800
5620,110,300,"bu","09:43:55",1886600
5600,90,800,"sd","09:43:54",1886300
5620,110,200,"bu","09:43:48",1885500
5620,110,100,"bu","09:43:42",1885300
5620,110,100,"bu","09:43:39",1885200
5600,90,300,"sd","09:43:38",1885100
5610,100,100,"sd","09:43:38",1884800
5610,100,100,"sd","09:43:38",1884700
5610,100,200,"sd","09:43:38",1884600
5610,100,100,"sd","09:43:38",1884400
5610,100,100,"sd","09:43:38",1884300
5620,110,300,"bu","09:43:32",1884200
5620,110,100,"bu","09:43:32",1883900
5620,110,500,"bu","09:43:23",1883800
5620,110,5900,"bu","09:43:23",1883300
5620,110,2200,"sd","09:43:23",1877400
5620,110,900,"sd","09:43:23",1875200
5620,110,100,"sd","09:43:23",1874300
5620,110,2000,"sd","09:43:23",1874200
5620,110,100,"sd","09:43:23",1872200
5620,110,100,"sd","09:43:03",1872100
5790,280,700,"bu","09:42:52",1872000
5620,110,5000,"sd","09:42:45",1871300
5620,110,1000,"sd","09:42:36",1866300
5790,280,300,"bu","09:42:31",1865300
5620,110,3000,"sd","09:42:31",1865000
5620,110,1000,"sd","09:42:30",1862000
5620,110,100,"sd","09:42:30",1861000
5620,110,200,"sd","09:42:26",1860900
5620,110,700,"sd","09:42:12",1860700
5620,110,7800,"sd","09:42:12",1860000
5620,110,3300,"sd","09:42:12",1852200
5620,110,2000,"sd","09:42:12",1848900
5620,110,500,"sd","09:42:12",1846900
5620,110,400,"sd","09:42:12",1846400
5630,120,200,"sd","09:42:11",1846000
5630,120,5000,"sd","09:42:11",1845800
5700,190,100,"sd","09:42:11",1840800
5800,290,300,"sd","09:41:34",1840700
5800,290,1000,"sd","09:41:24",1840400
5810,300,900,"sd","09:41:16",1839400
5820,310,300,"bu","09:41:12",1838500
5820,310,100,"bu","09:41:12",1838200
5820,310,900,"bu","09:41:12",1838100
5810,300,100,"bu","09:41:09",1837200
5820,310,500,"bu","09:40:56",1837100
5820,310,300,"bu","09:40:52",1836600
5820,310,3300,"sd","09:40:50",1836300
5820,310,300,"sd","09:40:46",1833000
5820,310,2500,"sd","09:40:46",1832700
5820,310,8000,"sd","09:40:44",1830200
5830,320,1000,"bu","09:40:43",1822200
5820,310,5000,"sd","09:40:43",1821200
5820,310,100,"sd","09:40:42",1816200
5820,310,1900,"bu","09:40:25",1816100
5820,310,2000,"bu","09:40:25",1814200
5810,300,1200,"bu","09:40:25",1812200
5830,320,100,"bu","09:39:55",1811000
5830,320,900,"bu","09:39:55",1810900
5830,320,200,"sd","09:39:42",1810000
5840,330,500,"bu","09:39:41",1809800
5840,330,100,"bu","09:39:29",1809300
5840,330,100,"bu","09:39:15",1809200
5850,340,900,"bu","09:39:03",1809100
5850,340,5400,"bu","09:38:53",1808200
5850,340,1100,"bu","09:38:53",1802800
5850,340,1000,"bu","09:38:53",1801700
5850,340,2500,"bu","09:38:53",1800700
5850,340,5000,"bu","09:38:50",1798200
5620,110,100,"sd","09:38:50",1793200
5820,310,1300,"unknown","09:38:50",1793100
5820,310,3600,"unknown","09:38:50",1791800
5850,340,2500,"bu","09:38:48",1788200
5820,310,4900,"sd","09:38:47",1785700
5840,330,100,"unknown","09:38:47",1780800
5850,340,500,"bu","09:38:46",1780700
5820,310,1300,"bu","09:38:39",1780200
5820,310,100,"sd","09:38:29",1778900
5820,310,500,"sd","09:38:29",1778800
5850,340,500,"bu","09:38:24",1778300
5850,340,300,"bu","09:38:23",1777800
5850,340,700,"bu","09:38:20",1777500
5850,340,1700,"bu","09:38:18",1776800
5820,310,1500,"sd","09:38:17",1775100
5820,310,2000,"sd","09:38:15",1773600
5820,310,1000,"sd","09:38:13",1771600
5850,340,300,"bu","09:38:09",1770600
5800,290,500,"unknown","09:38:00",1770300
5800,290,1000,"unknown","09:38:00",1769800
5800,290,100,"unknown","09:38:00",1768800
5800,290,400,"unknown","09:38:00",1768700
5820,310,3000,"sd","09:38:00",1768300
5850,340,100,"sd","09:38:00",1765300
5600,90,40900,"sd","09:38:00",1765200
5870,360,300,"sd","09:38:00",1724300
5660,150,700,"sd","09:38:00",1724000
5680,170,1000,"sd","09:38:00",1723300
5700,190,500,"sd","09:37:59",1722300
5710,200,300,"sd","09:37:59",1721800
5720,210,100,"sd","09:37:59",1721500
5800,290,100,"sd","09:37:59",1721400
5880,370,7000,"bu","09:37:59",1721300
5880,370,700,"bu","09:37:59",1714300
5880,370,4300,"bu","09:37:59",1713600
5850,340,100,"sd","09:37:53",1709300
5880,370,300,"sd","09:37:47",1709200
5880,370,700,"sd","09:37:47",1708900
5880,370,700,"sd","09:37:47",1708200
5880,370,300,"sd","09:37:39",1707500
5880,370,2700,"sd","09:37:39",1707200
5890,380,300,"bu","09:37:34",1704500
5890,380,24700,"bu","09:37:34",1704200
5890,380,1500,"bu","09:37:26",1679500
5890,380,100,"bu","09:37:24",1678000
5890,380,1000,"bu","09:37:18",1677900
5890,380,5000,"bu","09:37:17",1676900
5890,380,2000,"bu","09:37:14",1671900
5890,380,800,"bu","09:37:14",1669900
5890,380,100,"bu","09:37:12",1669100
5880,370,1100,"sd","09:37:11",1669000
5890,380,2000,"bu","09:37:11",1667900
5880,370,300,"sd","09:37:11",1665900
5890,380,1000,"bu","09:37:09",1665600
5880,370,200,"bu","09:37:09",1664600
5860,350,700,"bu","09:37:09",1664400
5880,370,800,"sd","09:37:08",1663700
5880,370,900,"sd","09:37:08",1662900
5880,370,2600,"sd","09:37:08",1662000
5880,370,200,"sd","09:37:04",1659400
5880,370,4000,"sd","09:37:03",1659200
5880,370,2000,"sd","09:37:01",1655200
5880,370,2000,"unknown","09:37:01",1653200
5880,370,17700,"unknown","09:37:01",1651200
5880,370,100,"bu","09:37:00",1633500
5880,370,5000,"bu","09:36:59",1633400
5850,340,200,"sd","09:36:59",1628400
5880,370,4700,"bu","09:36:53",1628200
5880,370,300,"bu","09:36:53",1623500
5880,370,8000,"bu","09:36:48",1623200
5880,370,1000,"bu","09:36:42",1615200
5880,370,100,"bu","09:36:41",1614200
5880,370,3000,"bu","09:36:41",1614100
5880,370,1000,"bu","09:36:40",1611100
5850,340,2000,"sd","09:36:38",1610100
5850,340,200,"sd","09:36:38",1608100
5880,370,2200,"bu","09:36:38",1607900
5880,370,3000,"bu","09:36:38",1605700
5880,370,100,"bu","09:36:38",1602700
5880,370,1700,"bu","09:36:38",1602600
5880,370,1000,"bu","09:36:38",1600900
5850,340,200,"sd","09:36:35",1599900
5850,340,4800,"sd","09:36:35",1599700
5870,360,100,"bu","09:36:32",1594900
5850,340,3100,"bu","09:36:30",1594800
5850,340,2100,"bu","09:36:30",1591700
5800,290,1500,"sd","09:36:29",1589600
5850,340,9700,"bu","09:36:25",1588100
5850,340,400,"bu","09:36:25",1578400
5840,330,5100,"bu","09:36:25",1578000
5840,330,100,"bu","09:36:25",1572900
5800,290,100,"sd","09:36:24",1572800
5840,330,100,"bu","09:36:20",1572700
5800,290,1500,"sd","09:36:19",1572600
5840,330,100,"sd","09:36:16",1571100
5850,340,2600,"bu","09:36:14",1571000
5850,340,1700,"bu","09:36:14",1568400
5840,330,5000,"sd","09:36:11",1566700
5850,340,500,"bu","09:36:10",1561700
5850,340,2000,"bu","09:36:09",1561200
5840,330,700,"sd","09:36:08",1559200
5840,330,100,"sd","09:36:08",1558500
5840,330,8300,"sd","09:36:08",1558400
5840,330,2900,"sd","09:36:08",1550100
5840,330,800,"sd","09:36:04",1547200
5850,340,1800,"bu","09:36:02",1546400
5850,340,1000,"bu","09:36:02",1544600
5850,340,200,"bu","09:36:02",1543600
5850,340,300,"bu","09:36:01",1543400
5850,340,1000,"bu","09:35:57",1543100
5840,330,1300,"bu","09:35:49",1542100
5840,330,2000,"bu","09:35:48",1540800
5840,330,5000,"bu","09:35:45",1538800
5850,340,4900,"bu","09:35:33",1533800
5850,340,1900,"bu","09:35:33",1528900
5850,340,100,"bu","09:35:26",1527000
5800,290,2900,"bu","09:35:24",1526900
5800,290,7500,"bu","09:35:24",1524000
5800,290,900,"bu","09:35:24",1516500
5800,290,1500,"bu","09:35:24",1515600
5800,290,1000,"bu","09:35:24",1514100
5800,290,1200,"bu","09:35:24",1513100
5800,290,300,"bu","09:35:23",1511900
5790,280,800,"bu","09:35:17",1511600
5790,280,1000,"bu","09:35:17",1510800
5680,170,3400,"unknown","09:35:04",1509800
5700,190,1600,"bu","09:35:03",1506400
5700,190,1000,"bu","09:35:03",1504800
5680,170,100,"bu","09:35:01",1503800
5670,160,100,"bu","09:35:01",1503700
5660,150,2100,"sd","09:35:00",1503600
5660,150,100,"sd","09:34:59",1501500
5660,150,100,"sd","09:34:59",1501400
5600,90,2100,"sd","09:34:57",1501300
5600,90,15800,"sd","09:34:57",1499200
5600,90,1200,"sd","09:34:55",1483400
5600,90,6000,"bu","09:34:42",1482200
5510,0,200,"sd","09:34:22",1476200
5500,-10,500,"bu","09:34:14",1476000
5500,-10,5000,"bu","09:34:14",1475500
5500,-10,2500,"bu","09:34:14",1470500
5500,-10,10000,"bu","09:34:14",1468000
5500,-10,2000,"bu","09:34:14",1458000
5500,-10,800,"bu","09:34:14",1456000
5500,-10,100,"bu","09:34:11",1455200
5500,-10,100,"bu","09:34:11",1455100
5500,-10,2000,"bu","09:34:11",1455000
5490,-20,100,"bu","09:34:11",1453000
5490,-20,2000,"bu","09:34:11",1452900
5490,-20,300,"bu","09:34:11",1450900
5490,-20,400,"bu","09:34:11",1450600
5400,-110,200,"bu","09:34:05",1450200
5400,-110,500,"bu","09:34:05",1450000
5400,-110,5000,"bu","09:34:05",1449500
5400,-110,1000,"bu","09:34:05",1444500
5400,-110,3900,"bu","09:34:05",1443500
5400,-110,6100,"bu","09:34:03",1439600
5400,-110,900,"bu","09:34:03",1433500
5400,-110,100,"bu","09:34:03",1432600
5400,-110,2900,"bu","09:34:03",1432500
5400,-110,700,"bu","09:34:00",1429600
5400,-110,4800,"bu","09:33:57",1428900
5380,-130,200,"bu","09:33:57",1424100
5380,-130,5000,"bu","09:33:54",1423900
5370,-140,2900,"bu","09:33:52",1418900
5400,-110,100,"bu","09:33:52",1416000
5370,-140,300,"sd","09:33:52",1415900
5370,-140,1000,"sd","09:33:52",1415600
5370,-140,600,"sd","09:33:52",1414600
5370,-140,10000,"sd","09:33:52",1414000
5370,-140,3000,"sd","09:33:52",1404000
5370,-140,2200,"sd","09:33:52",1401000
5400,-110,200,"bu","09:33:48",1398800
5400,-110,100,"bu","09:33:43",1398600
5370,-140,100,"sd","09:33:39",1398500
5370,-140,2000,"bu","09:33:35",1398400
5400,-110,11000,"bu","09:33:34",1396400
5370,-140,1000,"bu","09:33:31",1385400
5370,-140,1500,"sd","09:33:30",1384400
5370,-140,500,"sd","09:33:30",1382900
5400,-110,500,"bu","09:33:15",1382400
5400,-110,100,"bu","09:33:10",1381900
5400,-110,100,"bu","09:32:58",1381800
5400,-110,1000,"bu","09:32:58",1381700
5400,-110,5000,"bu","09:32:44",1380700
5400,-110,100,"bu","09:32:43",1375700
5400,-110,1000,"bu","09:32:42",1375600
5400,-110,6400,"sd","09:32:39",1374600
5490,-20,700,"bu","09:32:38",1368200
5400,-110,1000,"sd","09:32:29",1367500
5400,-110,8600,"sd","09:32:25",1366500
5400,-110,1300,"bu","09:32:24",1357900
5400,-110,100,"bu","09:32:20",1356600
5400,-110,400,"bu","09:32:20",1356500
5400,-110,100,"bu","09:32:16",1356100
5400,-110,200,"bu","09:32:16",1356000
5300,-210,1000,"sd","09:32:14",1355800
5400,-110,600,"bu","09:32:10",1354800
5400,-110,100,"bu","09:32:10",1354200
5400,-110,3400,"bu","09:32:09",1354100
5300,-210,9200,"bu","09:32:09",1350700
5280,-230,300,"bu","09:32:09",1341500
5280,-230,500,"unknown","09:32:07",1341200
5300,-210,500,"bu","09:32:00",1340700
5300,-210,200,"bu","09:31:52",1340200
5300,-210,100,"bu","09:31:49",1340000
5260,-250,100,"sd","09:31:45",1339900
5270,-240,100,"unknown","09:31:45",1339800
5400,-110,2200,"bu","09:31:43",1339700
5400,-110,100,"bu","09:31:43",1337500
5400,-110,300,"bu","09:31:43",1337400
5400,-110,900,"bu","09:31:43",1337100
5390,-120,500,"bu","09:31:43",1336200
5390,-120,400,"bu","09:31:41",1335700
5300,-210,600,"bu","09:31:41",1335300
5300,-210,900,"bu","09:31:41",1334700
5300,-210,500,"sd","09:31:39",1333800
5390,-120,100,"bu","09:31:36",1333300
5260,-250,4800,"sd","09:31:32",1333200
5300,-210,2000,"sd","09:31:32",1328400
5300,-210,3100,"sd","09:31:32",1326400
5300,-210,5100,"sd","09:31:32",1323300
5300,-210,4900,"bu","09:31:28",1318200
5260,-250,1000,"sd","09:31:25",1313300
5270,-240,2000,"sd","09:31:25",1312300
5300,-210,100,"bu","09:31:25",1310300
5300,-210,2900,"bu","09:31:25",1310200
5260,-250,3000,"sd","09:31:25",1307300
5260,-250,5000,"sd","09:31:22",1304300
5260,-250,500,"sd","09:31:19",1299300
5260,-250,11700,"sd","09:31:19",1298800
5260,-250,5000,"sd","09:31:19",1287100
5260,-250,500,"sd","09:31:11",1282100
5300,-210,100,"bu","09:31:11",1281600
5250,-260,200,"sd","09:31:03",1281500
5250,-260,100,"sd","09:31:03",1281300
5300,-210,900,"unknown","09:31:03",1281200
5250,-260,5000,"sd","09:31:03",1280300
5250,-260,300,"sd","09:31:03",1275300
5260,-250,1000,"sd","09:31:02",1275000
5290,-220,500,"sd","09:31:02",1274000
5300,-210,2200,"sd","09:31:01",1273500
5260,-250,9000,"bu","09:30:55",1271300
5260,-250,1000,"bu","09:30:54",1262300
5270,-240,400,"sd","09:30:49",1261300
5270,-240,400,"sd","09:30:49",1260900
5270,-240,3900,"sd","09:30:49",1260500
5280,-230,1000,"sd","09:30:49",1256600
5280,-230,2000,"sd","09:30:49",1255600
5280,-230,100,"sd","09:30:49",1253600
5290,-220,200,"sd","09:30:48",1253500
5270,-240,1000,"sd","09:30:35",1253300
5270,-240,100,"sd","09:30:33",1252300
5400,-110,1500,"bu","09:30:30",1252200
5400,-110,3600,"bu","09:30:27",1250700
5400,-110,400,"bu","09:30:27",1247100
5350,-160,1000,"bu","09:30:27",1246700
5400,-110,200,"bu","09:30:15",1245700
5400,-110,800,"bu","09:30:15",1245500
5400,-110,1000,"bu","09:30:10",1244700
5400,-110,600,"bu","09:30:03",1243700
5400,-110,4400,"bu","09:30:03",1243100
5400,-110,600,"sd","09:29:52",1238700
5400,-110,1400,"bu","09:29:39",1238100
5490,-20,900,"bu","09:29:33",1236700
5210,-300,4000,"sd","09:29:32",1235800
5210,-300,500,"sd","09:29:32",1231800
5490,-20,5700,"unknown","09:29:32",1231300
5210,-300,8800,"sd","09:29:31",1225600
5490,-20,1000,"sd","09:29:25",1216800
5390,-120,2000,"bu","09:29:25",1215800
5380,-130,4500,"bu","09:29:25",1213800
5490,-20,25600,"bu","09:29:25",1209300
5400,-110,600,"bu","09:29:25",1183700
5400,-110,600,"bu","09:29:25",1183100
5200,-310,1100,"sd","09:29:16",1182500
5200,-310,2000,"sd","09:29:13",1181400
5200,-310,200,"sd","09:29:12",1179400
5200,-310,100,"sd","09:29:08",1179200
5200,-310,100,"sd","09:29:06",1179100
5400,-110,400,"bu","09:29:01",1179000
5400,-110,1000,"bu","09:29:00",1178600
5150,-360,1000,"sd","09:28:53",1177600
5200,-310,100,"sd","09:28:53",1176600
5200,-310,100,"sd","09:28:53",1176500
5300,-210,100,"sd","09:28:53",1176400
5300,-210,1000,"sd","09:28:53",1176300
5400,-110,1000,"sd","09:28:53",1175300
5400,-110,100,"sd","09:28:53",1174300
5400,-110,100,"sd","09:28:53",1174200
5410,-100,10000,"sd","09:28:53",1174100
5150,-360,1000,"sd","09:28:53",1164100
5150,-360,2000,"sd","09:28:53",1163100
5490,-20,300,"bu","09:28:51",1161100
5490,-20,2500,"sd","09:28:49",1160800
5500,-10,1600,"sd","09:28:49",1158300
5500,-10,100,"sd","09:28:44",1156700
5510,0,500,"bu","09:28:44",1156600
5500,-10,100,"sd","09:28:41",1156100
5500,-10,1200,"sd","09:28:37",1156000
5500,-10,500,"sd","09:28:37",1154800
5500,-10,100,"sd","09:28:37",1154300
5500,-10,1000,"sd","09:28:36",1151300
5500,-10,2900,"sd","09:28:36",1154200
5510,0,200,"sd","09:28:36",1150300
5510,0,100,"sd","09:28:36",1150100
5510,0,3300,"sd","09:28:34",1150000
5680,170,100,"bu","09:28:32",1146700
5510,0,100,"sd","09:28:28",1146600
5510,0,300,"sd","09:28:28",1146500
5510,0,1300,"sd","09:28:28",1146200
5510,0,200,"sd","09:28:28",1144900
5510,0,200,"sd","09:28:28",1144700
5510,0,100,"sd","09:28:28",1144500
5520,10,200,"sd","09:28:28",1144400
5510,0,1600,"sd","09:28:28",1144200
5550,40,200,"sd","09:28:27",1142600
5580,70,100,"sd","09:28:27",1142400
5510,0,200,"sd","09:28:27",1142300
5590,80,500,"sd","09:28:27",1142100
5510,0,500,"sd","09:28:27",1141600
5510,0,2000,"sd","09:28:27",1141100
5510,0,1100,"sd","09:28:27",1139100
5660,150,800,"sd","09:28:27",1138000
5510,0,500,"sd","09:28:27",1137200
5510,0,100,"sd","09:28:27",1136700
5680,170,100,"bu","09:28:26",1136600
5670,160,300,"bu","09:28:26",1136500
5680,170,200,"sd","09:28:24",1136200
5680,170,200,"sd","09:28:22",1136000
5680,170,300,"sd","09:28:19",1135800
5680,170,300,"sd","09:28:07",1135500
5800,290,500,"unknown","09:28:07",1135200
5870,360,1000,"unknown","09:28:07",1134700
5880,370,200,"unknown","09:28:07",1133700
5880,370,3000,"unknown","09:28:07",1133500
5890,380,100,"sd","09:28:02",1130500
5890,380,1000,"sd","09:28:02",1130400
5890,380,2000,"sd","09:28:02",1129400
5890,380,100,"sd","09:28:02",1127400
5890,380,600,"sd","09:28:02",1127300
5890,380,3000,"sd","09:28:02",1126700
5890,380,3000,"sd","09:28:02",1123700
5890,380,5000,"sd","09:28:02",1120700
5890,380,500,"sd","09:28:02",1115700
5890,380,3000,"sd","09:28:02",1115200
5890,380,500,"sd","09:28:02",1112200
5890,380,1500,"sd","09:28:01",1111700
5890,380,7500,"sd","09:28:01",1110200
5890,380,500,"sd","09:28:00",1102700
5890,380,2500,"sd","09:28:00",1102200
5890,380,10000,"sd","09:28:00",1099700
5890,380,3500,"sd","09:28:00",1089700
5890,380,1000,"sd","09:28:00",1086200
5890,380,2200,"sd","09:28:00",1085200
5890,380,1000,"sd","09:28:00",1083000
5890,380,600,"sd","09:28:00",1082000
5890,380,300,"sd","09:28:00",1081400
5890,380,300,"sd","09:28:00",1081100
5890,380,500,"sd","09:28:00",1080800
5890,380,1000,"sd","09:28:00",1080300
5890,380,1000,"sd","09:27:59",1079300
5890,380,11000,"sd","09:27:59",1078300
5890,380,100,"sd","09:27:59",1067300
5890,380,2900,"sd","09:27:59",1067200
5890,380,500,"sd","09:27:59",1064300
5890,380,6000,"sd","09:27:59",1063800
5890,380,1000,"sd","09:27:59",1057800
5890,380,1700,"sd","09:27:59",1056800
5890,380,100,"sd","09:27:59",1055100
5890,380,500,"sd","09:27:59",1055000
5890,380,1500,"sd","09:27:59",1054500
5890,380,200,"sd","09:27:59",1053000
5890,380,1000,"sd","09:27:59",1052800
5890,380,100,"sd","09:27:59",1051800
5890,380,2200,"sd","09:27:59",1051700
5890,380,700,"sd","09:27:59",1049500
5890,380,500,"sd","09:27:59",1048800
5890,380,1600,"sd","09:27:59",1048300
5890,380,3000,"sd","09:27:59",1046700
5890,380,5000,"sd","09:27:59",1043700
5890,380,900,"sd","09:27:59",1038700
5890,380,100,"sd","09:27:59",1037800
5890,380,11000,"sd","09:27:59",1037700
5890,380,800,"sd","09:27:58",1026700
5890,380,3000,"sd","09:27:58",1025900
5890,380,6200,"sd","09:27:58",1022900
5890,380,1000,"sd","09:27:58",1016700
5890,380,400,"sd","09:27:57",1015700
5890,380,8000,"sd","09:27:57",1015300
5890,380,2400,"sd","09:27:57",1007300
5890,380,500,"sd","09:27:57",1004900
5890,380,4000,"sd","09:27:57",1004400
5890,380,4000,"sd","09:27:56",1000400
5890,380,3000,"sd","09:27:56",996400
5890,380,500,"sd","09:27:56",993400
5890,380,10500,"sd","09:27:56",992900
5890,380,900,"sd","09:27:56",982400
5890,380,200,"sd","09:27:56",981500
5890,380,500,"sd","09:27:56",981300
5890,380,200,"sd","09:27:56",980800
5890,380,1300,"sd","09:27:56",980600
5890,380,1000,"sd","09:27:56",979300
5890,380,900,"sd","09:27:56",978300
5890,380,3000,"sd","09:27:56",977400
5890,380,1000,"sd","09:27:56",974400
5890,380,18700,"sd","09:27:56",973400
5890,380,3000,"sd","09:27:56",954700
5890,380,500,"sd","09:27:56",951700
5890,380,1000,"sd","09:27:56",951200
5890,380,4000,"sd","09:27:56",950200
5890,380,10000,"sd","09:27:56",946200
5890,380,500,"sd","09:27:56",936200
5890,380,2500,"sd","09:27:56",935700
5890,380,400,"sd","09:27:56",933200
5890,380,5400,"sd","09:27:56",932800
5890,380,200,"sd","09:27:56",927400
5890,380,200,"sd","09:27:56",927200
5890,380,10000,"sd","09:27:56",927000
5890,380,2000,"sd","09:27:56",917000
5890,380,1100,"sd","09:27:56",915000
5890,380,2900,"sd","09:27:55",913900
5890,380,2000,"sd","09:27:55",911000
5890,380,3000,"sd","09:27:55",909000
5890,380,16000,"sd","09:27:55",906000
5890,380,200,"sd","09:27:55",890000
5890,380,3000,"sd","09:27:55",889800
5890,380,2000,"sd","09:27:55",886800
5890,380,500,"sd","09:27:55",884800
5890,380,5000,"sd","09:27:54",884300
5890,380,10000,"sd","09:27:54",879300
5890,380,3700,"sd","09:27:54",869300
5890,380,1000,"sd","09:27:54",865600
5890,380,7000,"sd","09:27:53",864600
5890,380,8700,"sd","09:27:52",857600
5890,380,2000,"sd","09:27:52",848900
5890,380,4800,"sd","09:27:51",846900
5890,380,5900,"sd","09:27:51",842100
5890,380,46000,"sd","09:27:51",836200
5890,380,1000,"sd","09:27:51",790200
5890,380,300,"sd","09:27:51",789200
5890,380,2700,"sd","09:27:51",788900
5890,380,1000,"sd","09:27:51",786200
5890,380,6300,"sd","09:27:50",785200
5890,380,200,"sd","09:27:50",778900
5890,380,1100,"sd","09:27:50",778700
5890,380,400,"sd","09:27:50",777600
5890,380,1100,"sd","09:27:49",777200
5890,380,1300,"sd","09:27:49",776100
5890,380,1000,"sd","09:27:48",774800
5890,380,400,"sd","09:27:48",773800
5890,380,600,"sd","09:27:48",773400
5890,380,8500,"sd","09:27:48",772800
5890,380,200,"sd","09:27:48",764300
5890,380,300,"sd","09:27:47",764100
5890,380,200,"sd","09:27:47",763800
5890,380,400,"sd","09:27:47",763600
5890,380,4100,"sd","09:27:47",763200
5890,380,1600,"sd","09:27:47",759100
5890,380,1100,"sd","09:27:46",757500
5890,380,20000,"sd","09:27:45",756400
5890,380,10000,"sd","09:27:44",736400
5890,380,48800,"sd","09:27:43",726400
5890,380,3000,"sd","09:27:43",677600
5890,380,1000,"sd","09:27:41",674600
5890,380,4500,"sd","09:27:40",673600
5890,380,500,"sd","09:27:40",669100
5890,380,3100,"sd","09:27:37",668600
5890,380,700,"sd","09:27:35",665500
5890,380,1600,"sd","09:27:33",664800
5890,380,2500,"sd","09:27:33",663200
5890,380,3100,"sd","09:27:33",660700
5890,380,200,"sd","09:27:33",657600
5890,380,2600,"sd","09:27:33",657400
5890,380,2400,"sd","09:27:32",654800
5890,380,7700,"sd","09:27:32",652400
5890,380,1000,"sd","09:27:28",644700
5890,380,500,"sd","09:27:21",643700
5890,380,3500,"sd","09:27:21",643200
5890,380,1000,"sd","09:27:21",639700
5890,380,300,"sd","09:27:18",638700
5890,380,5200,"sd","09:27:11",638400
5890,380,2000,"sd","09:27:11",633200
5890,380,1000,"sd","09:27:11",631200
5890,380,100,"sd","09:27:11",630200
5890,380,100,"sd","09:27:11",630100
5890,380,100,"sd","09:27:11",630000
5890,380,2000,"sd","09:27:11",629900
5890,380,89500,"sd","09:27:11",627900
5890,380,5000,"sd","09:27:05",538400
5890,380,2600,"sd","09:27:02",533400
5890,380,1600,"sd","09:26:59",530800
5890,380,1300,"sd","09:26:55",529200
5890,380,1200,"sd","09:26:55",527900
5890,380,20000,"sd","09:26:35",526700
5890,380,1700,"sd","09:26:24",506700
5890,380,100,"sd","09:26:21",505000
5890,380,400,"sd","09:26:21",504900
5890,380,2000,"sd","09:26:19",504500
5890,380,100,"sd","09:26:03",502500
5890,380,2500,"sd","09:25:41",502400
5890,380,3700,"sd","09:25:41",499900
5890,380,100,"sd","09:25:37",496200
5890,380,200,"sd","09:25:36",496100
5890,380,100,"sd","09:25:36",495900
5890,380,1000,"sd","09:25:36",495800
5890,380,2600,"sd","09:25:36",494800
5890,380,600,"sd","09:25:30",492200
5890,380,1300,"sd","09:25:30",491600
5890,380,2600,"sd","09:25:30",490300
5890,380,500,"sd","09:25:30",487700
5890,380,1000,"sd","09:25:25",487200
5890,380,1100,"sd","09:25:02",486200
5890,380,2000,"sd","09:24:38",485100
5890,380,3000,"sd","09:24:38",483100
5890,380,10000,"sd","09:24:29",480100
5890,380,5000,"sd","09:24:26",470100
5890,380,3900,"sd","09:24:09",465100
5890,380,1100,"sd","09:24:09",461200
5890,380,1000,"sd","09:23:59",460100
5890,380,300,"sd","09:23:53",459100
5890,380,4300,"sd","09:23:40",458800
5890,380,15700,"sd","09:23:40",454500
5890,380,100,"sd","09:23:31",438800
5890,380,2000,"sd","09:23:28",438700
5890,380,12200,"sd","09:23:12",436700
5890,380,2000,"sd","09:23:12",424500
5890,380,1000,"sd","09:23:12",422500
5890,380,900,"sd","09:22:58",421500
5890,380,1000,"sd","09:22:44",420600
5890,380,300,"sd","09:22:41",419600
5890,380,1700,"sd","09:22:41",419300
5890,380,1000,"sd","09:22:36",417600
5890,380,300,"sd","09:22:22",416600
5890,380,200,"sd","09:22:22",416300
5890,380,4800,"sd","09:22:12",416100
5890,380,5000,"sd","09:22:12",411300
5890,380,3000,"sd","09:22:12",406300
5890,380,100,"sd","09:22:12",403300
5890,380,1000,"sd","09:22:12",403200
5890,380,1100,"sd","09:22:12",402200
5890,380,5000,"sd","09:22:10",401100
5890,380,5000,"sd","09:22:07",396100
5890,380,18900,"sd","09:22:00",391100
5890,380,1100,"sd","09:22:00",372200
5890,380,1000,"sd","09:21:36",371100
5890,380,300,"sd","09:21:32",370100
5890,380,500,"sd","09:21:30",369800
5890,380,1500,"sd","09:21:02",369300
5890,380,400,"sd","09:20:59",367800
5890,380,200,"sd","09:20:51",367400
5890,380,800,"sd","09:20:51",367200
5890,380,500,"sd","09:20:35",366400
5890,380,1000,"sd","09:20:26",365900
5890,380,2100,"sd","09:20:24",364900
5890,380,600,"sd","09:20:13",362800
5890,380,900,"sd","09:20:12",362200
5890,380,100,"sd","09:19:58",361300
5890,380,3000,"sd","09:19:51",361200
5890,380,200,"sd","09:19:48",358200
5890,380,2000,"sd","09:19:29",358000
5890,380,20000,"sd","09:19:26",356000
5890,380,13200,"sd","09:19:21",336000
5890,380,300,"sd","09:19:08",322800
5890,380,300,"sd","09:19:05",322500
5890,380,200,"sd","09:19:05",322200
5890,380,4500,"sd","09:19:05",322000
5890,380,1000,"sd","09:18:32",317500
5890,380,5000,"sd","09:18:31",316500
5890,380,1000,"sd","09:18:26",311500
5890,380,1900,"sd","09:18:25",310500
5890,380,2000,"sd","09:18:04",308600
5890,380,1100,"sd","09:17:59",306600
5890,380,5000,"sd","09:17:54",305500
5890,380,2600,"sd","09:17:49",300500
5890,380,100,"sd","09:17:46",297900
5890,380,15000,"sd","09:17:33",297800
5890,380,100,"sd","09:17:15",282800
5890,380,1000,"sd","09:16:59",282700
5890,380,100,"sd","09:16:47",281700
5890,380,2000,"sd","09:16:09",281600
5890,380,500,"sd","09:15:53",279600
5890,380,400,"sd","09:15:40",279100
5890,380,100,"sd","09:15:32",278700
5890,380,5000,"sd","09:15:32",278600
5890,380,800,"sd","09:15:28",273600
5890,380,100,"sd","09:15:26",272800
5890,380,700,"sd","09:15:23",272700
5890,380,300,"sd","09:15:22",272000
5890,380,271700,"sd","09:15:05",271700
