"price","change","match_qtty","side","time","total_vol"
14300,-150,7000,"bu","14:45:08",261000
14100,-350,2000,"unknown","14:30:18",254000
14150,-300,200,"bu","14:22:30",252000
14150,-300,100,"bu","14:21:53",251800
14100,-350,300,"sd","14:07:46",251700
14100,-350,200,"sd","14:07:30",251400
14100,-350,3000,"sd","14:00:27",251200
14100,-350,1700,"sd","14:00:27",248200
14150,-300,2000,"sd","14:00:27",246500
14150,-300,500,"sd","14:00:27",244500
14150,-300,600,"sd","14:00:26",244000
14150,-300,100,"sd","13:59:07",243400
14150,-300,500,"unknown","13:48:39",243300
14200,-250,100,"unknown","13:37:25",242800
14200,-250,200,"sd","13:34:10",242700
14200,-250,300,"sd","13:25:39",242500
14200,-250,300,"bu","13:23:38",242200
14200,-250,4900,"bu","13:23:37",241900
14200,-250,600,"sd","13:23:21",237000
14200,-250,100,"sd","13:17:35",236400
14200,-250,1000,"sd","13:12:08",236300
14150,-300,100,"unknown","13:00:37",235300
14150,-300,500,"bu","11:25:12",235200
14150,-300,500,"bu","11:24:10",234700
14150,-300,500,"sd","11:22:21",234200
14100,-350,100,"sd","11:16:08",233700
14100,-350,200,"sd","11:10:12",233600
14100,-350,300,"sd","11:10:12",233400
14100,-350,500,"sd","11:10:12",233100
14150,-300,500,"unknown","11:10:12",232600
14100,-350,500,"sd","10:57:55",232100
14100,-350,1000,"sd","10:57:55",231600
14100,-350,100,"sd","10:57:55",230600
14150,-300,100,"sd","10:57:55",230500
14150,-300,500,"sd","10:57:55",230400
14150,-300,1000,"sd","10:57:55",229900
14150,-300,1900,"sd","10:57:55",228900
14150,-300,1700,"sd","10:57:55",227000
14200,-250,200,"sd","10:57:55",225300
14200,-250,100,"sd","10:57:27",225100
14200,-250,1100,"sd","10:37:52",225000
14200,-250,700,"bu","10:24:20",223900
14150,-300,100,"sd","10:20:18",223200
14150,-300,200,"sd","10:14:24",223100
14200,-250,300,"sd","10:09:00",222900
14200,-250,1700,"sd","10:08:52",222600
14200,-250,300,"sd","10:08:52",220900
14400,-50,100,"sd","09:54:14",220600
14400,-50,100,"sd","09:38:17",220500
14400,-50,100,"sd","09:30:53",220400
14400,-50,100,"sd","09:27:33",220300
14400,-50,1700,"sd","09:27:33",220200
14400,-50,100,"sd","09:27:03",218500
14400,-50,1500,"sd","09:25:52",218400
14400,-50,100,"sd","09:24:59",216900
14400,-50,500,"bu","09:21:04",216800
14350,-100,216000,"unknown","09:16:25",216300
14100,-350,300,"sd","09:15:05",300
