"price","change","match_qtty","side","time","total_vol"
12150,-550,30400,"sd","14:45:01",454000
12250,-450,100,"sd","14:29:53",423600
12250,-450,2000,"sd","14:29:32",423500
12250,-450,3000,"sd","14:29:32",421500
12300,-400,400,"sd","14:28:42",418500
12200,-500,400,"sd","14:28:34",418100
12250,-450,1600,"sd","14:28:34",417700
12250,-450,400,"bu","14:28:31",416100
12250,-450,100,"sd","14:28:22",415700
12250,-450,100,"sd","14:28:22",415600
12250,-450,2800,"sd","14:28:22",415500
12250,-450,200,"sd","14:28:14",412700
12250,-450,200,"sd","14:28:13",412500
12300,-400,1000,"sd","14:28:13",412300
12250,-450,500,"sd","14:27:32",411300
12250,-450,200,"sd","14:27:00",410800
12250,-450,500,"sd","14:27:00",410600
12250,-450,400,"sd","14:27:00",410100
12250,-450,100,"sd","14:27:00",409700
12250,-450,900,"sd","14:27:00",409600
12250,-450,600,"sd","14:25:32",408700
12250,-450,1000,"sd","14:25:32",408100
12250,-450,2000,"sd","14:25:32",407100
12250,-450,400,"sd","14:25:32",405100
12250,-450,2800,"sd","14:25:32",404700
12250,-450,1200,"sd","14:25:04",401900
12250,-450,200,"sd","14:25:04",400700
12250,-450,1600,"sd","14:25:04",400500
12300,-400,100,"bu","14:25:04",398900
12300,-400,100,"sd","14:23:25",398800
12250,-450,900,"sd","14:22:56",398700
12250,-450,500,"sd","14:22:56",397800
12250,-450,800,"sd","14:22:56",397300
12250,-450,400,"sd","14:22:56",396500
12300,-400,500,"sd","14:22:40",396100
12300,-400,1000,"sd","14:22:40",395600
12300,-400,2200,"sd","14:22:40",394600
12300,-400,500,"sd","14:22:40",392400
12300,-400,100,"sd","14:22:40",391900
12300,-400,4000,"sd","14:22:40",391800
12300,-400,1000,"sd","14:22:40",387800
12300,-400,1000,"sd","14:22:40",386800
12300,-400,100,"sd","14:22:40",385800
12400,-300,700,"bu","14:21:46",385700
12350,-350,900,"sd","14:21:19",385000
12400,-300,100,"bu","14:21:18",384100
12350,-350,1100,"bu","14:20:17",384000
12350,-350,3000,"bu","14:18:17",382900
12300,-400,500,"sd","14:18:03",379900
12300,-400,4300,"sd","14:17:53",379400
12300,-400,700,"sd","14:17:53",375100
12300,-400,500,"sd","14:17:00",374400
12300,-400,2000,"bu","14:16:53",373900
12300,-400,900,"bu","14:16:53",371900
12300,-400,900,"bu","14:16:53",371000
12300,-400,1100,"bu","14:16:53",370100
12300,-400,3900,"bu","14:16:53",369000
12300,-400,1000,"bu","14:16:28",365100
12300,-400,3000,"bu","14:16:17",364100
12300,-400,1100,"bu","14:15:49",361100
12300,-400,400,"bu","14:15:49",360000
12300,-400,3500,"bu","14:15:49",359600
12300,-400,500,"bu","14:15:48",356100
12300,-400,7600,"sd","14:11:41",355600
12300,-400,1000,"bu","14:11:22",348000
12300,-400,1400,"bu","14:11:22",347000
12300,-400,500,"bu","14:10:28",345600
12250,-450,100,"bu","14:10:21",345100
12200,-500,200,"sd","14:10:15",345000
12200,-500,1000,"sd","14:10:15",344800
12200,-500,100,"sd","14:10:15",343800
12200,-500,100,"sd","14:10:15",343700
12200,-500,500,"sd","14:10:15",343600
12200,-500,100,"sd","14:10:15",343100
12250,-450,1000,"bu","14:10:07",343000
12200,-500,100,"sd","14:10:02",342000
12200,-500,100,"sd","14:10:02",341900
12200,-500,1300,"sd","14:10:02",341800
12200,-500,100,"sd","14:09:52",340500
12250,-450,300,"bu","14:09:11",340400
12250,-450,500,"bu","14:08:39",340100
12250,-450,200,"bu","14:08:39",339600
12250,-450,1000,"bu","14:08:39",339400
12250,-450,100,"bu","14:08:39",338400
12250,-450,100,"bu","14:08:39",338300
12250,-450,200,"bu","14:08:39",338200
12250,-450,500,"bu","14:08:39",338000
12250,-450,2000,"sd","14:08:39",337500
12250,-450,1000,"sd","14:08:39",335500
12250,-450,500,"sd","14:08:09",334500
12250,-450,1000,"sd","14:08:09",334000
12250,-450,500,"sd","14:08:09",333000
12300,-400,300,"bu","14:07:38",332500
12300,-400,1000,"bu","14:07:27",332200
12300,-400,300,"sd","14:07:11",331200
12300,-400,1500,"sd","14:07:11",330900
12300,-400,100,"sd","14:07:10",329400
12300,-400,2000,"sd","14:07:10",329300
12300,-400,1000,"sd","14:07:10",327300
12300,-400,100,"sd","14:07:10",326300
12300,-400,100,"sd","14:07:10",326200
12300,-400,100,"sd","14:07:10",326100
12300,-400,1600,"sd","14:07:10",326000
12300,-400,400,"sd","14:06:41",324400
12300,-400,1000,"sd","14:06:41",324000
12300,-400,100,"sd","14:06:41",323000
12300,-400,1000,"sd","14:06:41",322900
12300,-400,1900,"sd","14:06:38",321900
12300,-400,1000,"sd","14:06:28",320000
12300,-400,100,"sd","14:06:16",319000
12300,-400,1000,"sd","14:06:16",318900
12300,-400,900,"sd","14:06:16",317900
12350,-350,500,"sd","14:05:44",317000
12350,-350,400,"sd","14:05:44",316500
12350,-350,100,"sd","14:05:36",316100
12350,-350,500,"sd","14:04:58",316000
12350,-350,100,"sd","14:04:58",315500
12350,-350,100,"sd","14:04:58",315400
12350,-350,100,"sd","14:04:58",315300
12350,-350,100,"sd","14:04:58",315200
12350,-350,1000,"sd","14:04:58",315100
12350,-350,900,"sd","14:04:58",314100
12350,-350,800,"sd","14:04:49",313200
12350,-350,300,"sd","14:04:46",312400
12350,-350,100,"sd","14:04:46",312100
12400,-300,2000,"bu","14:03:55",312000
12350,-350,200,"sd","13:59:49",310000
12350,-350,2000,"sd","13:59:49",309800
12400,-300,5000,"sd","13:58:42",307800
12400,-300,100,"sd","13:58:42",302800
12400,-300,100,"sd","13:58:42",302700
12400,-300,600,"sd","13:58:42",302600
12400,-300,200,"sd","13:58:42",302000
12400,-300,100,"sd","13:58:42",301800
12400,-300,500,"sd","13:58:42",301700
12400,-300,600,"sd","13:58:42",301200
12400,-300,2000,"sd","13:58:42",300600
12400,-300,1000,"sd","13:58:42",298600
12400,-300,200,"sd","13:58:42",297600
12500,-200,400,"bu","13:58:42",297400
12500,-200,100,"bu","13:57:53",297000
12500,-200,2000,"bu","13:57:08",296900
12400,-300,100,"bu","13:53:18",294900
12400,-300,200,"bu","13:53:18",294800
12400,-300,400,"bu","13:53:11",294600
12400,-300,100,"bu","13:52:53",294200
12400,-300,500,"bu","13:52:53",294100
12400,-300,400,"bu","13:52:53",293600
12400,-300,1000,"bu","13:52:43",293200
12400,-300,5000,"bu","13:52:40",292200
12400,-300,200,"bu","13:52:27",287200
12400,-300,100,"bu","13:51:57",287000
12400,-300,2000,"bu","13:51:25",286900
12400,-300,100,"sd","13:51:13",284900
12400,-300,100,"sd","13:51:13",284800
12400,-300,200,"sd","13:51:13",284700
12400,-300,900,"sd","13:50:56",284500
12400,-300,2100,"sd","13:50:56",283600
12400,-300,800,"sd","13:50:05",281500
12400,-300,200,"sd","13:50:05",280700
12400,-300,100,"bu","13:48:24",280500
12400,-300,200,"bu","13:48:24",280400
12400,-300,800,"bu","13:47:49",280200
12400,-300,100,"bu","13:47:49",279400
12400,-300,100,"bu","13:47:49",279300
12400,-300,400,"bu","13:47:44",279200
12400,-300,1000,"bu","13:47:40",278800
12400,-300,400,"bu","13:47:32",277800
12400,-300,100,"bu","13:47:27",277400
12400,-300,1000,"bu","13:47:04",277300
12350,-350,1000,"sd","13:45:36",276300
12350,-350,100,"sd","13:43:22",275300
12400,-300,1000,"bu","13:40:17",275200
12400,-300,1000,"sd","13:37:44",274200
12450,-250,300,"sd","13:37:21",273200
12450,-250,1000,"sd","13:37:18",272900
12450,-250,700,"sd","13:36:58",271900
12450,-250,2000,"sd","13:36:58",271200
12450,-250,2000,"sd","13:36:58",269200
12450,-250,200,"sd","13:36:58",267200
12450,-250,500,"sd","13:36:58",267000
12450,-250,300,"bu","13:34:25",266500
12450,-250,200,"sd","13:34:15",266200
12450,-250,300,"bu","13:33:52",266000
12350,-350,100,"sd","13:31:55",265700
12450,-250,200,"bu","13:31:05",265600
12400,-300,100,"bu","13:30:56",265400
12350,-350,100,"bu","13:30:45",265300
12300,-400,1100,"bu","13:28:51",265200
12300,-400,1000,"bu","13:27:59",264100
12300,-400,1000,"bu","13:26:56",263100
12250,-450,500,"sd","13:26:40",262100
12250,-450,500,"sd","13:26:40",261600
12250,-450,1000,"sd","13:26:40",261100
12300,-400,100,"bu","13:26:24",260100
12300,-400,1000,"bu","13:25:45",260000
12300,-400,100,"sd","13:24:49",259000
12300,-400,300,"sd","13:24:49",258900
12300,-400,200,"sd","13:24:29",258600
12300,-400,500,"bu","13:24:01",258400
12300,-400,1000,"bu","13:23:58",257900
12400,-300,1000,"bu","13:23:32",256900
12350,-350,100,"bu","13:23:30",255900
12400,-300,300,"bu","13:22:48",255800
12200,-500,600,"sd","13:20:33",255500
12200,-500,100,"sd","13:20:33",254900
12200,-500,100,"sd","13:20:33",254800
12200,-500,100,"sd","13:20:05",254700
12200,-500,500,"sd","13:19:16",254600
12200,-500,3000,"sd","13:19:09",254100
12200,-500,1000,"sd","13:18:47",251100
12200,-500,100,"sd","13:18:47",250100
12200,-500,300,"sd","13:18:47",250000
12200,-500,1000,"sd","13:18:47",249700
12250,-450,1000,"sd","13:18:47",248700
12250,-450,500,"sd","13:18:47",247700
12250,-450,1000,"sd","13:18:47",247200
12250,-450,100,"sd","13:18:47",246200
12250,-450,100,"sd","13:18:47",245600
12250,-450,500,"sd","13:18:47",246100
12300,-400,100,"sd","13:18:47",245500
12300,-400,100,"sd","13:18:47",245400
12300,-400,2000,"sd","13:18:47",245300
12300,-400,300,"sd","13:18:47",243300
12300,-400,500,"sd","13:18:47",243000
12300,-400,100,"sd","13:18:47",242500
12300,-400,300,"sd","13:18:47",242400
12300,-400,100,"sd","13:18:47",242100
12300,-400,400,"sd","13:18:47",242000
12300,-400,500,"sd","13:18:47",241600
12300,-400,500,"sd","13:18:27",241100
12300,-400,1000,"sd","13:18:27",240600
12300,-400,1000,"sd","13:18:27",239600
12300,-400,100,"sd","13:18:27",238600
12300,-400,1000,"sd","13:18:27",238500
12300,-400,1000,"sd","13:18:27",237500
12300,-400,400,"sd","13:18:27",236500
12300,-400,600,"sd","13:17:35",236100
12300,-400,100,"sd","13:17:35",235500
12350,-350,300,"sd","13:17:35",235400
12350,-350,200,"sd","13:17:35",235100
12350,-350,100,"sd","13:17:35",234900
12350,-350,1000,"sd","13:17:35",234800
12400,-300,500,"sd","13:17:35",233800
12400,-300,100,"sd","13:17:35",233300
12400,-300,200,"sd","13:17:35",233200
12400,-300,100,"sd","13:17:35",233000
12400,-300,500,"sd","13:17:35",232900
12400,-300,200,"sd","13:17:35",232400
12400,-300,1000,"sd","13:17:35",232200
12400,-300,100,"sd","13:17:35",231200
12450,-250,100,"sd","13:17:35",231100
12400,-300,5000,"sd","13:17:35",231000
12400,-300,1000,"sd","13:17:35",225900
12450,-250,100,"sd","13:17:35",226000
12450,-250,100,"sd","13:17:35",224900
12450,-250,1000,"sd","13:17:35",224800
12450,-250,100,"sd","13:17:35",223800
12450,-250,100,"sd","13:17:35",223700
12450,-250,500,"sd","13:17:35",223600
12450,-250,700,"sd","13:17:35",223100
12450,-250,200,"sd","13:17:35",222400
12450,-250,100,"sd","13:17:35",222200
12450,-250,800,"sd","13:17:35",222100
12450,-250,1000,"sd","13:17:35",221300
12450,-250,1800,"sd","13:17:35",220300
12450,-250,400,"sd","13:17:35",218500
12450,-250,400,"sd","13:17:18",218100
12500,-200,300,"bu","13:15:44",217700
12500,-200,1000,"bu","13:15:13",217400
12500,-200,100,"bu","13:13:53",216400
12500,-200,1600,"bu","13:11:44",216300
12500,-200,200,"bu","13:11:44",214700
12500,-200,200,"bu","13:11:44",214500
12500,-200,300,"sd","13:10:45",214300
12500,-200,700,"bu","13:10:33",214000
12450,-250,100,"sd","13:09:43",213300
12500,-200,1000,"bu","13:09:41",213200
12500,-200,100,"bu","13:09:26",212200
12500,-200,100,"bu","13:09:19",212100
12450,-250,100,"sd","13:07:32",212000
12450,-250,500,"sd","13:07:32",211900
12450,-250,200,"sd","13:07:32",211400
12500,-200,1000,"bu","13:07:14",211200
12450,-250,400,"sd","13:06:39",210200
12500,-200,500,"sd","13:06:39",209800
12500,-200,100,"sd","13:06:39",209300
12500,-200,1700,"sd","13:06:13",209200
12500,-200,100,"sd","13:05:57",207500
12500,-200,2000,"sd","13:05:36",207400
12500,-200,5300,"sd","13:05:29",205400
12500,-200,2000,"sd","13:05:29",200100
12500,-200,1000,"sd","13:05:29",198100
12500,-200,1000,"sd","13:05:29",197100
12500,-200,700,"sd","13:05:29",196100
12550,-150,100,"bu","13:04:28",195400
12500,-200,200,"sd","13:03:46",195300
12550,-150,100,"bu","13:02:51",195100
12550,-150,200,"bu","13:02:41",195000
12500,-200,100,"sd","13:01:35",194800
12500,-200,100,"sd","13:01:35",194700
12550,-150,200,"bu","13:00:22",194600
12550,-150,300,"bu","13:00:18",194400
12550,-150,1000,"bu","13:00:11",194100
12550,-150,1000,"bu","13:00:10",193100
12500,-200,1000,"sd","13:00:01",192100
12500,-200,700,"sd","13:00:01",191100
12500,-200,1000,"sd","13:00:00",190400
12500,-200,100,"sd","13:00:00",189400
12550,-150,100,"bu","11:29:37",189300
12500,-200,100,"sd","11:29:36",189200
12500,-200,500,"sd","11:29:36",189100
12500,-200,100,"sd","11:29:36",188600
12500,-200,200,"sd","11:29:36",188500
12500,-200,100,"sd","11:29:36",188300
12500,-200,100,"sd","11:29:36",188200
12500,-200,100,"sd","11:29:36",188100
12500,-200,100,"sd","11:29:36",188000
12500,-200,200,"sd","11:29:36",187900
12500,-200,200,"sd","11:29:36",187700
12500,-200,100,"sd","11:29:36",187500
12500,-200,200,"sd","11:29:36",187400
12500,-200,100,"sd","11:29:36",187200
12500,-200,100,"sd","11:29:36",187100
12500,-200,12800,"sd","11:29:36",187000
12500,-200,1000,"sd","11:26:30",174200
12550,-150,500,"bu","11:26:25",173200
12550,-150,100,"bu","11:26:03",172700
12550,-150,900,"bu","11:24:41",172600
12500,-200,1200,"sd","11:22:05",171700
12500,-200,2000,"sd","11:22:05",170500
12500,-200,800,"sd","11:22:05",168500
12500,-200,1000,"sd","11:22:05",167700
12500,-200,100,"sd","11:22:05",166700
12500,-200,300,"sd","11:22:05",166600
12500,-200,100,"sd","11:22:05",166300
12500,-200,2000,"sd","11:22:05",166200
12500,-200,400,"sd","11:22:05",164200
12500,-200,600,"sd","11:22:05",163800
12500,-200,1000,"sd","11:22:05",163200
12500,-200,100,"sd","11:22:05",162200
12500,-200,100,"sd","11:22:05",162100
12500,-200,3000,"sd","11:22:05",162000
12500,-200,100,"sd","11:22:05",159000
12500,-200,500,"sd","11:22:05",158900
12500,-200,2000,"sd","11:22:05",158400
12500,-200,500,"sd","11:22:05",156400
12500,-200,1000,"sd","11:22:05",155900
12500,-200,100,"sd","11:22:05",154900
12500,-200,1000,"sd","11:22:05",154800
12500,-200,200,"sd","11:22:05",153800
12500,-200,1000,"sd","11:22:05",153600
12500,-200,900,"sd","11:22:05",152600
12500,-200,100,"sd","11:14:33",151700
12500,-200,100,"sd","11:14:33",151600
12500,-200,1000,"sd","11:14:33",151500
12550,-150,500,"sd","11:14:33",150500
12550,-150,500,"sd","11:14:33",150000
12550,-150,500,"sd","11:14:33",149500
12550,-150,100,"sd","11:13:32",149000
12550,-150,300,"sd","11:12:26",148900
12550,-150,200,"sd","11:11:49",148600
12550,-150,500,"sd","11:11:49",148400
12550,-150,200,"sd","11:11:49",147900
12550,-150,100,"sd","11:11:49",147700
12550,-150,1000,"sd","11:11:49",147600
12550,-150,100,"sd","11:11:49",146600
12550,-150,500,"sd","11:11:49",146500
12550,-150,300,"sd","11:11:49",146000
12550,-150,100,"sd","11:11:49",145700
12550,-150,1000,"sd","11:11:07",145600
12550,-150,1800,"sd","11:10:01",144600
12550,-150,200,"sd","11:10:01",142800
12550,-150,100,"sd","11:09:20",142600
12550,-150,100,"sd","11:09:20",142500
12550,-150,3000,"sd","11:09:20",142400
12550,-150,400,"sd","11:09:20",139400
12550,-150,200,"sd","11:09:20",139000
12550,-150,200,"sd","11:09:20",138800
12550,-150,1000,"sd","11:08:57",138600
12550,-150,1800,"sd","11:02:34",137600
12550,-150,500,"sd","11:02:34",135800
12550,-150,200,"sd","11:02:34",135300
12550,-150,300,"sd","11:01:39",135100
12550,-150,200,"sd","11:01:39",134800
12550,-150,100,"sd","11:01:39",134600
12550,-150,600,"sd","11:01:39",134500
12600,-100,100,"bu","10:52:04",133900
12600,-100,2000,"bu","10:50:33",133800
12600,-100,900,"sd","10:50:14",131800
12650,-50,500,"bu","10:49:50",130900
12650,-50,500,"bu","10:49:25",130400
12600,-100,100,"sd","10:48:24",129900
12600,-100,1000,"sd","10:48:17",129800
12650,-50,100,"bu","10:45:36",128800
12650,-50,3000,"bu","10:45:16",128700
12600,-100,2500,"bu","10:38:04",125700
12600,-100,200,"bu","10:37:10",123200
12600,-100,1000,"unknown","10:37:10",123000
12600,-100,100,"sd","10:36:45",122000
12600,-100,2000,"bu","10:36:15",121900
12600,-100,100,"bu","10:36:15",119900
12600,-100,3800,"bu","10:36:15",119800
12600,-100,500,"bu","10:36:11",116000
12600,-100,100,"bu","10:36:10",115500
12600,-100,500,"bu","10:35:28",115400
12600,-100,1000,"bu","10:35:24",114900
12600,-100,100,"bu","10:34:43",113900
12600,-100,100,"bu","10:34:03",113800
12600,-100,200,"bu","10:33:45",113700
12600,-100,1000,"bu","10:33:16",113500
12600,-100,100,"bu","10:32:56",112500
12600,-100,100,"bu","10:32:03",112400
12600,-100,700,"bu","10:31:49",112300
12600,-100,100,"bu","10:28:37",111600
12600,-100,100,"bu","10:28:18",111500
12550,-150,200,"sd","10:27:57",111400
12550,-150,1300,"sd","10:27:54",111200
12600,-100,100,"bu","10:27:47",109900
12600,-100,500,"bu","10:26:22",109800
12600,-100,400,"sd","10:23:33",109300
12650,-50,1500,"bu","10:22:26",108900
12650,-50,500,"bu","10:22:26",107400
12600,-100,600,"sd","10:22:08",106900
12600,-100,500,"sd","10:22:08",106300
12600,-100,900,"sd","10:22:08",105800
12600,-100,100,"sd","10:21:44",104900
12600,-100,500,"sd","10:21:06",104800
12600,-100,3500,"bu","10:20:50",104300
12600,-100,1500,"bu","10:19:53",100800
12550,-150,100,"sd","10:17:20",99300
12550,-150,800,"sd","10:17:15",99200
12550,-150,200,"sd","10:17:15",98400
12600,-100,2000,"sd","10:14:58",98200
12600,-100,1000,"bu","10:14:12",96200
12550,-150,100,"sd","10:10:13",95200
12550,-150,100,"sd","10:10:13",95100
12550,-150,100,"sd","10:10:13",95000
12550,-150,300,"sd","10:10:13",94900
12550,-150,1000,"sd","10:10:13",94600
12550,-150,100,"sd","10:08:49",93600
12550,-150,100,"sd","10:08:49",93500
12550,-150,100,"sd","10:08:49",93400
12550,-150,1000,"sd","10:08:49",92500
12550,-150,800,"sd","10:08:49",93300
12600,-100,1000,"sd","10:08:05",91500
12600,-100,1000,"sd","10:07:39",90500
12600,-100,2000,"sd","10:07:39",89500
12600,-100,7000,"sd","10:06:35",87500
12600,-100,3000,"bu","10:06:11",80500
12600,-100,200,"sd","10:05:50",77500
12600,-100,500,"sd","10:05:50",77300
12600,-100,200,"sd","10:05:50",76800
12600,-100,1000,"sd","10:05:50",76600
12600,-100,2000,"sd","10:05:50",75600
12600,-100,200,"sd","10:05:50",73600
12600,-100,500,"sd","10:05:50",73400
12600,-100,100,"sd","10:05:50",72900
12600,-100,400,"sd","10:05:50",72800
12600,-100,1000,"sd","10:05:50",72400
12600,-100,2000,"sd","10:05:50",71400
12600,-100,800,"sd","10:05:50",69400
12600,-100,500,"sd","10:05:50",68600
12600,-100,400,"sd","10:05:50",68100
12600,-100,100,"sd","10:05:30",67700
12650,-50,5000,"sd","10:04:56",67600
12650,-50,500,"sd","10:04:56",62600
12650,-50,500,"sd","10:04:56",62100
12650,-50,100,"sd","10:00:40",61600
12650,-50,500,"bu","09:49:52",61500
12650,-50,1000,"bu","09:49:49",61000
12650,-50,500,"bu","09:48:57",60000
12650,-50,1500,"bu","09:48:57",59500
12600,-100,100,"sd","09:48:45",58000
12650,-50,100,"bu","09:48:27",57900
12600,-100,400,"sd","09:45:31",57800
12600,-100,600,"sd","09:45:31",57400
12600,-100,400,"sd","09:45:04",56800
12600,-100,200,"sd","09:45:04",56400
12600,-100,200,"sd","09:45:03",56200
12600,-100,500,"sd","09:45:03",56000
12600,-100,200,"sd","09:45:03",55500
12600,-100,200,"sd","09:44:51",55300
12600,-100,100,"sd","09:44:51",55100
12600,-100,500,"sd","09:44:51",55000
12600,-100,100,"sd","09:44:51",54500
12600,-100,100,"sd","09:44:51",54400
12600,-100,1000,"sd","09:44:51",54300
12600,-100,800,"sd","09:44:51",53300
12650,-50,100,"bu","09:44:49",52500
12650,-50,1000,"bu","09:44:27",52400
12650,-50,200,"bu","09:44:09",51400
12650,-50,100,"bu","09:43:55",51200
12650,-50,200,"sd","09:43:31",51100
12650,-50,5700,"sd","09:43:31",50900
12650,-50,100,"sd","09:43:31",45200
12650,-50,200,"sd","09:43:31",45100
12650,-50,100,"sd","09:43:31",44900
12650,-50,100,"sd","09:43:18",44800
12700,0,500,"bu","09:42:03",44700
12700,0,100,"bu","09:42:03",44200
12700,0,100,"bu","09:42:03",44100
12700,0,500,"bu","09:38:05",44000
12700,0,100,"bu","09:37:52",43500
12700,0,100,"bu","09:37:45",43400
12700,0,100,"bu","09:36:43",43300
12700,0,100,"bu","09:36:26",43200
12600,-100,1000,"sd","09:35:21",42800
12600,-100,200,"sd","09:35:21",43100
12600,-100,100,"sd","09:35:21",42900
12650,-50,100,"sd","09:35:21",41800
12650,-50,100,"sd","09:35:21",41700
12650,-50,100,"sd","09:35:21",41600
12650,-50,200,"sd","09:35:21",41500
12650,-50,100,"sd","09:35:21",41300
12650,-50,100,"sd","09:35:21",41200
12700,0,100,"sd","09:34:15",41100
12700,0,2000,"bu","09:31:20",41000
12700,0,2000,"bu","09:31:03",39000
12700,0,1000,"bu","09:30:30",37000
12700,0,100,"bu","09:29:37",36000
12700,0,100,"sd","09:29:16",35900
12700,0,200,"sd","09:29:16",35800
12700,0,2000,"sd","09:29:16",35600
12700,0,1000,"sd","09:29:16",33600
12700,0,1000,"sd","09:29:16",32600
12700,0,100,"sd","09:29:16",31600
12700,0,500,"sd","09:29:06",31500
12700,0,100,"sd","09:28:43",31000
12700,0,400,"sd","09:28:43",30900
12700,0,500,"sd","09:28:36",30500
12700,0,2500,"sd","09:28:36",30000
12700,0,500,"sd","09:28:22",27500
12750,50,100,"bu","09:28:20",27000
12750,50,1000,"sd","09:27:01",26900
12750,50,2600,"sd","09:27:01",25900
12750,50,2000,"sd","09:26:54",23300
12750,50,2000,"sd","09:26:51",21300
12750,50,1000,"sd","09:26:20",19300
12750,50,200,"sd","09:23:24",18300
12750,50,300,"sd","09:23:24",18100
12800,100,200,"sd","09:22:34",17800
12800,100,400,"sd","09:22:34",17600
12800,100,500,"sd","09:22:34",17200
12800,100,200,"sd","09:22:23",16700
12800,100,100,"sd","09:21:48",16500
12800,100,2000,"sd","09:21:48",16400
12800,100,1500,"sd","09:21:48",14400
12800,100,500,"sd","09:20:52",12900
12800,100,100,"sd","09:20:21",12400
12800,100,1000,"sd","09:19:08",12300
12850,150,1500,"bu","09:19:01",11300
12850,150,100,"bu","09:19:01",9800
12850,150,700,"bu","09:19:01",9700
12850,150,700,"bu","09:19:01",9000
12850,150,300,"bu","09:18:11",8300
12850,150,100,"bu","09:18:11",8000
12850,150,1600,"bu","09:18:11",7900
12850,150,400,"bu","09:15:51",6300
12850,150,200,"bu","09:15:51",5900
12800,100,100,"sd","09:15:21",5700
12850,150,5600,"bu","09:15:00",5600
