"price","change","match_qtty","side","time","total_vol"
31600,-900,2596700,"unknown","14:45:03",32699500
31600,-900,2000,"unknown","14:34:34",30102800
31700,-800,10000,"unknown","14:34:34",30100800
31700,-800,10000,"unknown","14:34:29",30090800
31650,-850,9400,"unknown","14:34:23",30080800
31700,-800,6000,"unknown","14:34:23",30071400
31700,-800,300,"unknown","14:34:16",30065400
31600,-900,3500,"unknown","14:34:16",30065100
31650,-850,2400,"unknown","14:34:13",30061600
31650,-850,100,"unknown","14:34:13",30059200
31700,-800,10000,"unknown","14:34:08",30059100
31650,-850,200,"unknown","14:34:08",30049100
31650,-850,600,"unknown","14:34:00",30048900
31700,-800,10000,"unknown","14:34:00",30048300
31650,-850,100,"unknown","14:33:59",30038300
31650,-850,1000,"unknown","14:33:59",30038200
31600,-900,500,"unknown","14:33:50",30037200
31700,-800,500,"unknown","14:33:50",30036700
31700,-800,800,"unknown","14:33:50",30036200
31650,-850,300,"unknown","14:33:49",30035400
31650,-850,5800,"unknown","14:33:49",30035100
31700,-800,1000,"unknown","14:33:44",30029300
31650,-850,300,"unknown","14:33:43",30028300
31700,-800,3000,"unknown","14:33:40",30028000
31600,-900,100,"unknown","14:33:39",30025000
31700,-800,30000,"unknown","14:33:38",30024900
31700,-800,9200,"unknown","14:33:38",29994900
31650,-850,200,"unknown","14:33:36",29985700
31650,-850,3500,"unknown","14:33:35",29985500
31650,-850,100,"unknown","14:33:32",29982000
31700,-800,1000,"unknown","14:33:32",29981900
31650,-850,30000,"unknown","14:33:30",29980900
31650,-850,200,"unknown","14:33:29",29950900
31700,-800,20000,"unknown","14:33:28",29950700
31600,-900,300,"unknown","14:33:26",29930700
31700,-800,800,"unknown","14:33:25",29930400
31700,-800,1000,"unknown","14:33:25",29929600
31700,-800,3300,"unknown","14:33:18",29928600
31700,-800,1900,"unknown","14:33:17",29925300
31650,-850,100,"unknown","14:33:17",29923400
31600,-900,200,"unknown","14:33:12",29923300
31700,-800,11000,"unknown","14:33:11",29923100
31600,-900,7200,"unknown","14:33:07",29912100
31650,-850,1000,"unknown","14:33:05",29904900
31700,-800,2100,"unknown","14:33:05",29903900
31650,-850,200,"unknown","14:33:05",29901800
31650,-850,1000,"unknown","14:33:03",29901600
31650,-850,1200,"unknown","14:33:01",29900600
31650,-850,1000,"unknown","14:33:01",29899400
31600,-900,9800,"unknown","14:33:00",29898400
31600,-900,5000,"unknown","14:33:00",29888600
31650,-850,5000,"unknown","14:32:59",29883600
31650,-850,4000,"unknown","14:32:59",29878600
31600,-900,200,"sd","14:32:56",29874600
31700,-800,10000,"unknown","14:32:56",29874400
31700,-800,2000,"unknown","14:32:55",29864400
31650,-850,1000,"sd","14:32:55",29862400
31650,-850,20000,"sd","14:32:48",29861400
31650,-850,100,"sd","14:32:47",29841400
31650,-850,200,"sd","14:32:44",29841300
31650,-850,5000,"sd","14:32:43",29841100
31650,-850,200,"sd","14:32:43",29836100
31600,-900,1500,"sd","14:32:40",29835900
31600,-900,1000,"sd","14:32:38",29834400
31600,-900,4400,"sd","14:32:38",29833400
31700,-800,2000,"unknown","14:32:37",29829000
31650,-850,10000,"sd","14:32:37",29827000
31650,-850,7900,"sd","14:32:33",29817000
31650,-850,200,"sd","14:32:32",29809100
31600,-900,100,"sd","14:32:31",29808900
31650,-850,500,"sd","14:32:28",29808800
31650,-850,200,"sd","14:32:25",29808300
31650,-850,700,"sd","14:32:25",29808100
31650,-850,300,"sd","14:32:22",29807400
31600,-900,200,"sd","14:32:21",29807100
31650,-850,100,"sd","14:32:20",29806900
31650,-850,2000,"sd","14:32:19",29806800
31600,-900,100,"unknown","14:32:18",29804800
31600,-900,500,"unknown","14:32:18",29804700
31650,-850,1000,"unknown","14:32:18",29804200
31700,-800,500,"unknown","14:32:17",29803200
31650,-850,1000,"unknown","14:32:17",29802700
31600,-900,2800,"unknown","14:32:17",29801700
31650,-850,400,"unknown","14:32:15",29798900
31600,-900,300,"unknown","14:32:11",29798500
31600,-900,100,"unknown","14:32:11",29798200
31650,-850,500,"unknown","14:32:10",29798100
31650,-850,200,"unknown","14:32:10",29797600
31650,-850,700,"unknown","14:32:08",29797400
31650,-850,500,"unknown","14:32:07",29796700
31600,-900,900,"unknown","14:32:06",29796200
31650,-850,300,"unknown","14:32:04",29795300
31600,-900,1200,"unknown","14:32:03",29795000
31650,-850,300,"unknown","14:32:03",29793800
31600,-900,1000,"unknown","14:31:59",29793500
31650,-850,400,"unknown","14:31:59",29792500
31600,-900,1000,"unknown","14:31:57",29792100
31600,-900,2000,"unknown","14:31:56",29791100
31650,-850,1000,"unknown","14:31:56",29789100
31700,-800,5000,"unknown","14:31:56",29788100
31650,-850,15000,"unknown","14:31:56",29783100
31600,-900,1000,"unknown","14:31:51",29768100
31600,-900,500,"unknown","14:31:49",29767100
31650,-850,200,"unknown","14:31:47",29766600
31650,-850,2700,"unknown","14:31:46",29766400
31650,-850,3200,"unknown","14:31:44",29763700
31650,-850,20000,"unknown","14:31:41",29760500
31650,-850,500,"unknown","14:31:41",29740500
31600,-900,20000,"unknown","14:31:41",29740000
31650,-850,100,"unknown","14:31:41",29720000
31650,-850,10000,"unknown","14:31:40",29719900
31700,-800,1000,"unknown","14:31:38",29709900
31600,-900,100,"unknown","14:31:36",29708900
31650,-850,500,"unknown","14:31:36",29708800
31600,-900,2200,"unknown","14:31:33",29708300
31600,-900,100,"unknown","14:31:33",29706100
31650,-850,200,"unknown","14:31:33",29706000
31700,-800,1000,"unknown","14:31:33",29705800
31700,-800,200,"unknown","14:31:32",29704800
31650,-850,3900,"unknown","14:31:32",29704600
31650,-850,500,"unknown","14:31:31",29700700
31700,-800,6000,"unknown","14:31:30",29700200
31650,-850,2800,"unknown","14:31:27",29694200
31700,-800,1000,"unknown","14:31:25",29691400
31600,-900,2000,"unknown","14:31:25",29690400
31650,-850,2500,"unknown","14:31:23",29688400
31650,-850,3000,"unknown","14:31:20",29685900
31650,-850,1600,"unknown","14:31:17",29682900
31650,-850,7700,"unknown","14:31:16",29681300
31650,-850,100,"unknown","14:31:16",29673600
31650,-850,700,"unknown","14:31:14",29673500
31650,-850,1000,"unknown","14:31:13",29672800
31650,-850,100,"unknown","14:31:12",29671800
31600,-900,500,"unknown","14:31:12",29671700
31650,-850,500,"unknown","14:31:11",29671200
31650,-850,300,"unknown","14:31:11",29670700
31650,-850,6200,"unknown","14:31:10",29670400
31600,-900,200,"unknown","14:31:09",29664200
31600,-900,5100,"unknown","14:31:09",29664000
31650,-850,500,"unknown","14:31:09",29658900
31700,-800,100,"unknown","14:31:09",29658400
31650,-850,10000,"unknown","14:31:09",29658300
31700,-800,200,"unknown","14:31:08",29648300
31650,-850,3000,"unknown","14:31:08",29648100
31700,-800,1800,"unknown","14:31:06",29645100
31650,-850,2200,"unknown","14:31:05",29643300
31600,-900,3000,"unknown","14:31:02",29641100
31650,-850,300,"unknown","14:31:01",29638100
31600,-900,500,"unknown","14:31:00",29637800
31650,-850,6200,"unknown","14:31:00",29637300
31650,-850,5000,"unknown","14:30:59",29631100
31600,-900,500,"unknown","14:30:59",29626100
31650,-850,5000,"unknown","14:30:58",29625600
31650,-850,500,"unknown","14:30:58",29620600
31600,-900,10000,"unknown","14:30:57",29620100
31650,-850,2800,"unknown","14:30:55",29610100
31650,-850,100,"unknown","14:30:55",29607300
31650,-850,1000,"unknown","14:30:55",29607200
31650,-850,1000,"unknown","14:30:52",29606200
31650,-850,200,"unknown","14:30:51",29605200
31650,-850,1000,"unknown","14:30:48",29605000
31700,-800,300,"unknown","14:30:48",29604000
31650,-850,100,"unknown","14:30:46",29603700
31600,-900,500,"unknown","14:30:46",29603600
31650,-850,500,"unknown","14:30:46",29603100
31650,-850,1500,"unknown","14:30:43",29602600
31600,-900,100,"unknown","14:30:43",29601100
31600,-900,2500,"unknown","14:30:43",29601000
31600,-900,500,"unknown","14:30:43",29598500
31700,-800,1000,"unknown","14:30:43",29598000
31650,-850,1000,"unknown","14:30:43",29597000
31700,-800,300,"unknown","14:30:43",29596000
31700,-800,2500,"unknown","14:30:42",29595700
31650,-850,2000,"unknown","14:30:42",29593200
31650,-850,1000,"unknown","14:30:42",29591200
31600,-900,6200,"unknown","14:30:41",29590200
31650,-850,1000,"unknown","14:30:39",29584000
31600,-900,1200,"unknown","14:30:38",29583000
31650,-850,1000,"unknown","14:30:37",29581800
31650,-850,5000,"unknown","14:30:36",29580800
31600,-900,500,"unknown","14:30:34",29575800
31600,-900,500,"unknown","14:30:34",29575300
31650,-850,500,"unknown","14:30:33",29574800
31650,-850,200,"unknown","14:30:32",29574300
31650,-850,200,"unknown","14:30:32",29574100
31700,-800,70000,"unknown","14:30:32",29573900
31650,-850,1000,"unknown","14:30:31",29503900
31650,-850,300,"unknown","14:30:30",29502900
31650,-850,200,"unknown","14:30:29",29502600
31650,-850,1000,"unknown","14:30:27",29502400
31650,-850,3000,"unknown","14:30:27",29501400
31700,-800,300,"unknown","14:30:26",29498400
31650,-850,200,"unknown","14:30:26",29498100
31650,-850,200,"unknown","14:30:24",29497900
31650,-850,2000,"unknown","14:30:23",29497700
31700,-800,200,"unknown","14:30:20",29495700
31600,-900,17400,"unknown","14:30:20",29495500
31600,-900,300,"unknown","14:30:17",29478100
31650,-850,100,"unknown","14:30:17",29477800
31600,-900,1000,"unknown","14:30:14",29477700
31600,-900,1000,"unknown","14:30:14",29476700
31700,-800,100,"unknown","14:30:14",29475700
31650,-850,1000,"unknown","14:30:14",29475600
31650,-850,1500,"unknown","14:30:14",29474600
31650,-850,2000,"unknown","14:30:14",29473100
31650,-850,2000,"unknown","14:30:14",29471100
31650,-850,600,"unknown","14:30:13",29469100
31650,-850,1000,"unknown","14:30:13",29468500
31600,-900,8000,"unknown","14:30:12",29467500
31650,-850,800,"unknown","14:30:12",29459500
31700,-800,500,"unknown","14:30:10",29458700
31650,-850,6800,"unknown","14:30:10",29458200
31650,-850,200,"unknown","14:30:08",29451400
31650,-850,900,"unknown","14:30:07",29451200
31600,-900,300,"unknown","14:30:04",29450300
31650,-850,5000,"unknown","14:30:04",29450000
31650,-850,200,"unknown","14:30:03",29445000
31650,-850,2000,"unknown","14:30:02",29444800
31650,-850,100,"unknown","14:30:02",29442800
31650,-850,900,"bu","14:29:59",29442700
31650,-850,5000,"bu","14:29:58",29441800
31650,-850,5000,"bu","14:29:58",29436800
31650,-850,400,"bu","14:29:57",29431800
31650,-850,500,"bu","14:29:57",29431400
31650,-850,2900,"bu","14:29:56",29430900
31650,-850,500,"bu","14:29:55",29428000
31600,-900,300,"unknown","14:29:55",29427500
31650,-850,200,"bu","14:29:54",29427200
31650,-850,2500,"bu","14:29:53",29427000
31600,-900,1000,"sd","14:29:49",29424500
31700,-800,1000,"bu","14:29:49",29423500
31650,-850,700,"bu","14:29:49",29422500
31600,-900,1000,"sd","14:29:47",29421800
31600,-900,200,"sd","14:29:46",29420800
31700,-800,20900,"bu","14:29:46",29420600
31650,-850,100,"bu","14:29:46",29399700
31650,-850,700,"bu","14:29:46",29399600
31700,-800,600,"bu","14:29:45",29398900
31650,-850,19000,"bu","14:29:45",29398300
31700,-800,500,"bu","14:29:45",29379300
31650,-850,5000,"bu","14:29:44",29378800
31650,-850,100,"bu","14:29:43",29373800
31700,-800,100,"bu","14:29:43",29373700
31650,-850,100,"bu","14:29:42",29373600
31650,-850,30000,"bu","14:29:41",29373500
31650,-850,4100,"bu","14:29:40",29343500
31600,-900,1300,"sd","14:29:38",29339400
31600,-900,800,"sd","14:29:38",29338100
31650,-850,500,"bu","14:29:37",29337300
31650,-850,2500,"bu","14:29:37",29336800
31650,-850,500,"bu","14:29:36",29334300
31650,-850,500,"bu","14:29:36",29333800
31650,-850,2600,"bu","14:29:34",29333300
31650,-850,9500,"bu","14:29:33",29330700
31650,-850,300,"bu","14:29:33",29321200
31650,-850,16600,"bu","14:29:32",29320900
31650,-850,5000,"bu","14:29:31",29304300
31650,-850,100,"bu","14:29:31",29299300
31650,-850,1000,"bu","14:29:30",29299200
31650,-850,5000,"bu","14:29:29",29298200
31600,-900,100,"sd","14:29:25",29293200
31650,-850,100,"bu","14:29:24",29293100
31600,-900,5000,"sd","14:29:22",29293000
31600,-900,3000,"sd","14:29:22",29288000
31600,-900,100,"sd","14:29:22",29285000
31650,-850,200,"bu","14:29:22",29284900
31700,-800,30000,"bu","14:29:21",29284700
31700,-800,10000,"bu","14:29:21",29254700
31650,-850,100,"bu","14:29:21",29244700
31700,-800,500,"bu","14:29:20",29244600
31650,-850,200,"bu","14:29:19",29244100
31700,-800,200,"bu","14:29:19",29243900
31600,-900,100,"sd","14:29:14",29243700
31600,-900,8800,"sd","14:29:14",29243600
31650,-850,2000,"bu","14:29:14",29234800
31650,-850,100,"bu","14:29:12",29232800
31650,-850,5000,"bu","14:29:12",29232700
31650,-850,2200,"bu","14:29:11",29227700
31600,-900,200,"sd","14:29:10",29225500
31650,-850,24500,"bu","14:29:10",29225300
31700,-800,500,"bu","14:29:10",29200800
31650,-850,1000,"bu","14:29:10",29200300
31650,-850,100,"bu","14:29:08",29199300
31650,-850,200,"bu","14:29:08",29199200
31650,-850,2800,"bu","14:29:07",29199000
31650,-850,2100,"bu","14:29:07",29196200
31650,-850,100,"bu","14:29:06",29194100
31700,-800,400,"sd","14:29:04",29194000
31600,-900,500,"sd","14:29:03",29193600
31600,-900,500,"sd","14:29:00",29193100
31600,-900,300,"sd","14:29:00",29192600
31650,-850,10000,"sd","14:29:00",29192300
31700,-800,100,"sd","14:28:59",29182300
31650,-850,900,"sd","14:28:59",29182200
31700,-800,1300,"sd","14:28:59",29181300
31650,-850,500,"sd","14:28:58",29180000
31700,-800,1300,"sd","14:28:58",29179500
31700,-800,100,"sd","14:28:57",29178200
31600,-900,600,"sd","14:28:53",29178100
31600,-900,1100,"sd","14:28:53",29177500
31700,-800,4000,"sd","14:28:53",29176400
31650,-850,1000,"sd","14:28:53",29172400
31650,-850,2800,"bu","14:28:52",29171400
31650,-850,200,"bu","14:28:52",29168600
31650,-850,100,"bu","14:28:50",29168400
31650,-850,2500,"bu","14:28:50",29168300
31650,-850,100,"bu","14:28:49",29165800
31600,-900,2000,"sd","14:28:49",29165700
31650,-850,100,"bu","14:28:49",29163700
31650,-850,200,"bu","14:28:47",29163600
31650,-850,1500,"bu","14:28:47",29163400
31650,-850,100,"bu","14:28:46",29161900
31600,-900,30000,"sd","14:28:45",29161800
31650,-850,500,"bu","14:28:43",29131800
31600,-900,5000,"sd","14:28:43",29131300
31600,-900,100,"sd","14:28:40",29126300
31700,-800,700,"bu","14:28:39",29126200
31650,-850,100,"bu","14:28:38",29125500
31700,-800,500,"bu","14:28:38",29125400
31650,-850,1000,"bu","14:28:37",29124900
31650,-850,9800,"bu","14:28:33",29123900
31650,-850,1000,"bu","14:28:32",29114100
31650,-850,700,"bu","14:28:31",29113100
31650,-850,1300,"bu","14:28:31",29112400
31650,-850,10000,"bu","14:28:30",29111100
31650,-850,100,"bu","14:28:30",29101100
31650,-850,1000,"bu","14:28:29",29101000
31650,-850,500,"bu","14:28:29",29100000
31650,-850,1000,"bu","14:28:29",29099500
31700,-800,1000,"bu","14:28:28",29098500
31600,-900,1400,"sd","14:28:28",29097500
31650,-850,100,"bu","14:28:28",29096100
31650,-850,500,"bu","14:28:27",29096000
31600,-900,8000,"sd","14:28:27",29095500
31600,-900,4300,"sd","14:28:24",29087500
31650,-850,500,"bu","14:28:23",29083200
31600,-900,500,"sd","14:28:22",29082700
31600,-900,600,"sd","14:28:20",29082200
31650,-850,500,"bu","14:28:20",29081600
31700,-800,200,"bu","14:28:20",29081100
31700,-800,2000,"bu","14:28:20",29080900
31650,-850,19500,"bu","14:28:20",29078900
31650,-850,2500,"bu","14:28:19",29059400
31650,-850,9600,"bu","14:28:16",29056900
31650,-850,5000,"bu","14:28:15",29047300
31650,-850,800,"bu","14:28:14",29042300
31650,-850,300,"bu","14:28:14",29041500
31650,-850,100,"bu","14:28:14",29041200
31650,-850,10000,"bu","14:28:13",29041100
31650,-850,500,"bu","14:28:13",29031100
31600,-900,2400,"sd","14:28:12",29030600
31650,-850,100,"bu","14:28:11",29028200
31650,-850,500,"bu","14:28:11",29028100
31650,-850,200,"bu","14:28:11",29027600
31650,-850,500,"bu","14:28:10",29027400
31650,-850,2600,"bu","14:28:10",29026900
31650,-850,200,"bu","14:28:08",29024300
31600,-900,400,"sd","14:28:06",29024100
31600,-900,200,"sd","14:28:06",29023700
31600,-900,1000,"sd","14:28:05",29023500
31600,-900,10000,"sd","14:28:05",29022500
31600,-900,1000,"sd","14:28:04",29012500
31600,-900,1000,"sd","14:28:04",29011500
31650,-850,200,"bu","14:28:04",29010500
31700,-800,1000,"bu","14:28:03",29010300
31700,-800,1000,"bu","14:28:03",29009300
31650,-850,500,"bu","14:28:03",29008300
31650,-850,100,"bu","14:28:02",29007800
31650,-850,200,"bu","14:28:01",29007700
31650,-850,400,"bu","14:27:59",29007500
31650,-850,300,"bu","14:27:59",29007100
31700,-800,9600,"bu","14:27:59",29006800
31650,-850,100,"bu","14:27:59",28997200
31650,-850,19600,"bu","14:27:58",28997100
31650,-850,200,"bu","14:27:58",28977500
31700,-800,5000,"bu","14:27:58",28977300
31650,-850,100,"bu","14:27:57",28972300
31650,-850,1000,"bu","14:27:57",28972200
31650,-850,1000,"bu","14:27:55",28971200
31650,-850,5000,"bu","14:27:55",28970200
31650,-850,300,"bu","14:27:55",28965200
31650,-850,20000,"bu","14:27:54",28964900
31650,-850,100,"bu","14:27:51",28944900
31650,-850,100,"bu","14:27:50",28944800
31600,-900,10000,"sd","14:27:50",28944700
31700,-800,1000,"bu","14:27:48",28934700
31650,-850,400,"bu","14:27:48",28933700
31700,-800,1000,"bu","14:27:48",28933300
31700,-800,500,"bu","14:27:48",28932300
31700,-800,500,"bu","14:27:48",28931800
31700,-800,2000,"bu","14:27:47",28931300
31650,-850,100,"bu","14:27:46",28929300
31650,-850,100,"bu","14:27:46",28929200
31650,-850,200,"bu","14:27:45",28929100
31700,-800,19700,"bu","14:27:44",28928900
31700,-800,500,"bu","14:27:44",28909200
31650,-850,4500,"bu","14:27:43",28908700
31700,-800,1000,"bu","14:27:43",28904200
31650,-850,2000,"bu","14:27:43",28903200
31600,-900,2400,"sd","14:27:43",28901200
31700,-800,500,"bu","14:27:43",28898800
31650,-850,100,"bu","14:27:43",28898300
31650,-850,1100,"bu","14:27:42",28898200
31650,-850,300,"bu","14:27:42",28897100
31650,-850,100,"bu","14:27:42",28896800
31650,-850,1000,"bu","14:27:40",28896700
31700,-800,500,"bu","14:27:40",28895700
31650,-850,6700,"bu","14:27:40",28895200
31650,-850,500,"bu","14:27:40",28888500
31650,-850,500,"bu","14:27:40",28888000
31650,-850,500,"bu","14:27:39",28887500
31650,-850,500,"bu","14:27:39",28887000
31650,-850,2200,"bu","14:27:38",28886500
31650,-850,100,"bu","14:27:35",28884300
31600,-900,500,"sd","14:27:35",28884200
31700,-800,5000,"bu","14:27:33",28883700
31700,-800,100,"bu","14:27:33",28878700
31700,-800,2700,"bu","14:27:33",28878600
31650,-850,100,"bu","14:27:33",28875900
31700,-800,1500,"bu","14:27:33",28875800
31650,-850,1000,"bu","14:27:32",28874300
31650,-850,500,"bu","14:27:32",28873300
31650,-850,400,"bu","14:27:31",28872800
31700,-800,100,"bu","14:27:30",28872400
31700,-800,100,"bu","14:27:29",28872300
31700,-800,200,"bu","14:27:29",28872200
31650,-850,500,"bu","14:27:28",28872000
31650,-850,25000,"bu","14:27:28",28871500
31650,-850,800,"bu","14:27:28",28846500
31650,-850,18000,"bu","14:27:28",28845700
31650,-850,600,"bu","14:27:27",28827700
31700,-800,300,"bu","14:27:26",28827100
31650,-850,200,"bu","14:27:26",28826800
31650,-850,1000,"bu","14:27:26",28826600
31650,-850,100,"bu","14:27:26",28825600
31650,-850,500,"bu","14:27:26",28825500
31650,-850,400,"bu","14:27:25",28825000
31650,-850,2800,"bu","14:27:25",28824600
31750,-750,300,"bu","14:27:24",28821800
31600,-900,22900,"sd","14:27:22",28821500
31600,-900,100,"sd","14:27:22",28798600
31700,-800,2600,"bu","14:27:21",28798500
31700,-800,100,"bu","14:27:21",28795900
31700,-800,15500,"bu","14:27:20",28795800
31700,-800,600,"bu","14:27:20",28780300
31700,-800,6900,"bu","14:27:20",28779700
31650,-850,4600,"bu","14:27:19",28772800
31650,-850,100,"bu","14:27:18",28768200
31700,-800,200,"bu","14:27:17",28768100
31700,-800,100,"bu","14:27:16",28767900
31650,-850,3300,"bu","14:27:16",28767800
31700,-800,1500,"bu","14:27:16",28764500
31650,-850,7100,"bu","14:27:15",28763000
31700,-800,200,"bu","14:27:14",28755900
31650,-850,100,"bu","14:27:13",28755700
31650,-850,1400,"bu","14:27:13",28755600
31650,-850,1000,"bu","14:27:13",28754200
31600,-900,3000,"sd","14:27:10",28753200
31600,-900,1500,"sd","14:27:10",28750200
31700,-800,1000,"bu","14:27:09",28748700
31700,-800,1000,"bu","14:27:08",28747700
31700,-800,100,"bu","14:27:08",28746700
31700,-800,1000,"bu","14:27:07",28746600
31700,-800,100,"bu","14:27:06",28745600
31700,-800,1500,"bu","14:27:04",28745500
31700,-800,1000,"bu","14:27:04",28744000
31650,-850,500,"unknown","14:27:03",28743000
31700,-800,14400,"bu","14:27:02",28742500
31650,-850,500,"sd","14:27:01",28728100
31750,-750,2000,"bu","14:27:01",28727600
31700,-800,500,"bu","14:27:01",28725600
31700,-800,3000,"bu","14:26:59",28725100
31600,-900,500,"sd","14:26:58",28722100
31650,-850,500,"sd","14:26:58",28721600
31700,-800,2000,"bu","14:26:58",28721100
31650,-850,3000,"sd","14:26:57",28719100
31700,-800,200,"bu","14:26:56",28716100
31700,-800,500,"bu","14:26:56",28715900
31700,-800,5000,"bu","14:26:56",28715400
31700,-800,100,"bu","14:26:53",28710400
31650,-850,8000,"sd","14:26:53",28710300
31650,-850,200,"sd","14:26:50",28702300
31750,-750,500,"bu","14:26:50",28702100
31700,-800,300,"bu","14:26:48",28701600
31700,-800,100,"bu","14:26:47",28701300
31650,-850,400,"sd","14:26:47",28701200
31700,-800,300,"bu","14:26:46",28700800
31700,-800,1000,"bu","14:26:46",28700500
31700,-800,2000,"bu","14:26:46",28699500
31700,-800,600,"bu","14:26:45",28697500
31700,-800,2000,"bu","14:26:45",28696900
31700,-800,3900,"bu","14:26:43",28694900
31750,-750,900,"bu","14:26:43",28691000
31700,-800,100,"bu","14:26:42",28690100
31700,-800,400,"bu","14:26:42",28690000
31700,-800,1600,"bu","14:26:42",28689600
31700,-800,100,"bu","14:26:40",28688000
31750,-750,5900,"bu","14:26:40",28687900
31650,-850,500,"sd","14:26:39",28682000
31700,-800,1000,"bu","14:26:38",28681500
31700,-800,100,"bu","14:26:38",28680500
31700,-800,200,"bu","14:26:37",28680400
31700,-800,2000,"bu","14:26:37",28680200
31650,-850,6300,"sd","14:26:37",28678200
31700,-800,200,"bu","14:26:36",28671900
31700,-800,100,"bu","14:26:36",28671700
31700,-800,500,"bu","14:26:36",28671600
31650,-850,400,"sd","14:26:35",28671100
31750,-750,100,"bu","14:26:33",28670700
31700,-800,500,"bu","14:26:33",28670600
31750,-750,100,"bu","14:26:33",28670100
31700,-800,100,"bu","14:26:32",28670000
31700,-800,100,"bu","14:26:27",28669900
31750,-750,600,"bu","14:26:26",28669800
31700,-800,100,"bu","14:26:26",28669200
31700,-800,3400,"bu","14:26:26",28669100
31700,-800,500,"unknown","14:26:24",28665700
31650,-850,6200,"sd","14:26:23",28665200
31650,-850,100,"sd","14:26:23",28659000
31700,-800,200,"unknown","14:26:23",28658900
31700,-800,8600,"unknown","14:26:23",28658700
31700,-800,400,"unknown","14:26:18",28650100
31700,-800,100,"unknown","14:26:18",28649700
31700,-800,6800,"unknown","14:26:17",28649600
31650,-850,600,"sd","14:26:17",28642800
31700,-800,500,"unknown","14:26:17",28642200
31700,-800,2000,"unknown","14:26:17",28641700
31700,-800,4700,"unknown","14:26:17",28639700
31700,-800,500,"bu","14:26:15",28635000
31700,-800,600,"bu","14:26:14",28634500
31700,-800,1300,"bu","14:26:14",28633900
31750,-750,500,"bu","14:26:14",28632600
31700,-800,200,"bu","14:26:13",28632100
31700,-800,500,"bu","14:26:13",28631900
31700,-800,1000,"bu","14:26:13",28631400
31650,-850,500,"sd","14:26:11",28630400
31650,-850,6000,"sd","14:26:11",28629900
31700,-800,100,"bu","14:26:11",28623900
31750,-750,100,"bu","14:26:11",28623800
31650,-850,5700,"sd","14:26:10",28623700
31700,-800,100,"bu","14:26:09",28618000
31700,-800,100,"bu","14:26:09",28617900
31650,-850,1000,"sd","14:26:09",28617800
31700,-800,6600,"bu","14:26:09",28616800
31700,-800,100,"bu","14:26:09",28610200
31700,-800,5000,"bu","14:26:08",28610100
31700,-800,500,"bu","14:26:08",28605100
31700,-800,300,"bu","14:26:08",28604600
31700,-800,2500,"bu","14:26:08",28604300
31750,-750,1000,"bu","14:26:08",28601800
31700,-800,2000,"bu","14:26:07",28600800
31700,-800,500,"bu","14:26:07",28598800
31750,-750,3000,"bu","14:26:05",28598300
31700,-800,10000,"bu","14:26:05",28595300
31700,-800,100,"bu","14:26:05",28585300
31700,-800,500,"bu","14:26:05",28585200
31700,-800,500,"bu","14:26:05",28584700
31700,-800,100,"bu","14:26:04",28584200
31700,-800,3700,"bu","14:26:04",28584100
31700,-800,1000,"bu","14:26:04",28580400
31700,-800,600,"bu","14:26:04",28579400
31700,-800,1000,"bu","14:26:03",28578800
31700,-800,600,"bu","14:26:03",28577800
31650,-850,1000,"sd","14:26:02",28577200
31700,-800,300,"bu","14:26:02",28576200
31700,-800,1000,"bu","14:26:01",28575900
31700,-800,3100,"bu","14:26:01",28574900
31650,-850,100,"sd","14:26:01",28571800
31700,-800,600,"bu","14:26:00",28571700
31700,-800,400,"bu","14:26:00",28571100
31700,-800,200,"bu","14:25:59",28570700
31750,-750,6300,"bu","14:25:58",28570500
31750,-750,1000,"bu","14:25:58",28564200
31750,-750,200,"bu","14:25:57",28563200
31700,-800,200,"bu","14:25:57",28563000
31700,-800,500,"bu","14:25:57",28562800
31700,-800,200,"bu","14:25:57",28562300
31700,-800,5900,"bu","14:25:57",28562100
31700,-800,9600,"bu","14:25:56",28556200
31700,-800,200,"bu","14:25:56",28546600
31700,-800,100,"bu","14:25:56",28546400
31700,-800,600,"bu","14:25:55",28546300
31650,-850,100,"sd","14:25:54",28545700
31700,-800,1000,"bu","14:25:54",28545600
31700,-800,200,"sd","14:25:53",28544600
31700,-800,100,"sd","14:25:53",28544400
31700,-800,200,"sd","14:25:53",28544300
31700,-800,20000,"sd","14:25:52",28544100
31800,-700,3000,"bu","14:25:52",28524100
31800,-700,100,"bu","14:25:52",28521100
31700,-800,600,"sd","14:25:51",28521000
31700,-800,900,"sd","14:25:50",28520400
31700,-800,500,"unknown","14:25:50",28519500
31750,-750,500,"bu","14:25:50",28519000
31750,-750,500,"bu","14:25:50",28518500
31700,-800,1000,"bu","14:25:49",28518000
31700,-800,200,"bu","14:25:49",28517000
31700,-800,5000,"bu","14:25:49",28516800
31700,-800,2000,"bu","14:25:49",28511800
31700,-800,500,"bu","14:25:49",28509800
31700,-800,300,"bu","14:25:48",28509300
31700,-800,200,"bu","14:25:48",28509000
31750,-750,300,"bu","14:25:48",28508800
31700,-800,5000,"bu","14:25:48",28508500
31650,-850,100,"sd","14:25:47",28503500
31750,-750,1800,"bu","14:25:46",28503400
31700,-800,500,"bu","14:25:46",28501600
31700,-800,200,"bu","14:25:46",28501100
31700,-800,200,"bu","14:25:45",28500900
31700,-800,300,"bu","14:25:45",28500700
31750,-750,200,"bu","14:25:45",28500400
31700,-800,200,"bu","14:25:44",28500200
31700,-800,100,"bu","14:25:44",28500000
31800,-700,100,"bu","14:25:44",28499900
31800,-700,500,"bu","14:25:44",28499800
31650,-850,6500,"sd","14:25:44",28499300
31700,-800,3100,"bu","14:25:43",28492800
31700,-800,600,"bu","14:25:43",28489700
31750,-750,100,"bu","14:25:42",28489100
31700,-800,2000,"bu","14:25:42",28489000
31700,-800,300,"bu","14:25:42",28487000
31700,-800,300,"bu","14:25:41",28486700
31700,-800,200,"bu","14:25:41",28486400
31750,-750,200,"bu","14:25:41",28486200
31700,-800,100,"bu","14:25:41",28486000
31700,-800,1000,"bu","14:25:41",28485900
31700,-800,500,"bu","14:25:40",28484900
31750,-750,200,"bu","14:25:39",28484400
31700,-800,200,"bu","14:25:39",28484200
31700,-800,6200,"bu","14:25:39",28484000
31700,-800,500,"bu","14:25:38",28477800
31700,-800,3800,"bu","14:25:37",28477300
31800,-700,200,"bu","14:25:37",28473500
31800,-700,200,"bu","14:25:37",28473300
31750,-750,10000,"bu","14:25:37",28473100
31700,-800,200,"bu","14:25:37",28463100
31700,-800,100,"bu","14:25:36",28462900
31700,-800,5000,"bu","14:25:35",28462800
31700,-800,100,"bu","14:25:35",28457800
31750,-750,1000,"bu","14:25:35",28457700
31700,-800,100,"bu","14:25:35",28456700
31700,-800,1000,"sd","14:25:34",28456600
31700,-800,9800,"sd","14:25:34",28455600
31700,-800,200,"sd","14:25:34",28445800
31700,-800,2000,"sd","14:25:34",28445600
31700,-800,1000,"sd","14:25:33",28443600
31700,-800,500,"sd","14:25:33",28442600
31700,-800,1000,"sd","14:25:32",28442100
31700,-800,400,"sd","14:25:31",28441100
31700,-800,2000,"sd","14:25:30",28440700
31700,-800,3500,"sd","14:25:30",28438700
31700,-800,5000,"sd","14:25:30",28435200
31800,-700,1000,"bu","14:25:29",28430200
31800,-700,300,"bu","14:25:29",28429200
31700,-800,1000,"sd","14:25:29",28428900
31750,-750,1000,"bu","14:25:28",28427900
31700,-800,3000,"sd","14:25:27",28426900
31700,-800,100,"sd","14:25:27",28423900
31700,-800,1600,"bu","14:25:27",28423800
31700,-800,1800,"bu","14:25:26",28422200
31700,-800,2900,"bu","14:25:26",28420400
31750,-750,100,"bu","14:25:26",28417500
31700,-800,1000,"bu","14:25:26",28417400
31700,-800,6100,"bu","14:25:25",28416400
31750,-750,200,"bu","14:25:25",28410300
31750,-750,100,"bu","14:25:25",28410100
31700,-800,18000,"bu","14:25:24",28410000
31700,-800,400,"bu","14:25:24",28392000
31700,-800,1000,"bu","14:25:24",28391600
31700,-800,200,"unknown","14:25:23",28390600
31800,-700,20000,"bu","14:25:22",28390400
31800,-700,100,"bu","14:25:22",28370400
31750,-750,1900,"bu","14:25:21",28370300
31700,-800,200,"unknown","14:25:21",28368400
31750,-750,200,"bu","14:25:20",28368200
31700,-800,100,"sd","14:25:20",28368000
31750,-750,400,"bu","14:25:20",28367900
31700,-800,200,"sd","14:25:20",28367500
31700,-800,100,"sd","14:25:19",28367300
31700,-800,500,"sd","14:25:19",28367200
31700,-800,100,"sd","14:25:19",28366700
31700,-800,800,"sd","14:25:18",28366600
31700,-800,500,"sd","14:25:18",28365800
31750,-750,200,"bu","14:25:17",28365300
31700,-800,400,"sd","14:25:17",28365100
31750,-750,100,"bu","14:25:16",28364700
31800,-700,1000,"bu","14:25:14",28364600
31800,-700,1100,"bu","14:25:14",28363600
31750,-750,900,"bu","14:25:13",28362500
31700,-800,500,"sd","14:25:13",28361600
31750,-750,100,"bu","14:25:12",28361100
31700,-800,100,"sd","14:25:12",28361000
31750,-750,200,"bu","14:25:12",28360900
31700,-800,100,"sd","14:25:12",28360700
31700,-800,1000,"sd","14:25:11",28360600
31700,-800,5000,"sd","14:25:11",28359600
31750,-750,500,"bu","14:25:11",28354600
31750,-750,1500,"bu","14:25:11",28354100
31750,-750,500,"bu","14:25:11",28352600
31850,-650,200,"bu","14:25:11",28352100
31700,-800,1000,"sd","14:25:11",28351900
31750,-750,1400,"bu","14:25:11",28350900
31700,-800,1000,"sd","14:25:09",28349500
31750,-750,400,"bu","14:25:09",28348500
31700,-800,500,"sd","14:25:08",28348100
31700,-800,5700,"sd","14:25:07",28347600
31700,-800,9600,"sd","14:25:07",28341900
31800,-700,1000,"bu","14:25:06",28332300
31800,-700,300,"bu","14:25:06",28331300
31750,-750,300,"bu","14:25:06",28331000
31700,-800,2000,"sd","14:25:06",28330700
31750,-750,100,"bu","14:25:05",28328700
31750,-750,200,"bu","14:25:05",28328600
31700,-800,200,"sd","14:25:04",28328400
31700,-800,1000,"sd","14:25:04",28328200
31700,-800,100,"sd","14:25:04",28327200
31700,-800,1200,"sd","14:25:04",28327100
31700,-800,500,"sd","14:25:04",28325900
31700,-800,7800,"sd","14:25:03",28325400
31750,-750,500,"bu","14:25:03",28317600
31700,-800,600,"sd","14:25:01",28317100
31700,-800,400,"sd","14:25:01",28316500
31700,-800,1200,"sd","14:24:59",28316100
31750,-750,30000,"bu","14:24:59",28314900
31750,-750,22300,"bu","14:24:59",28284900
31800,-700,2000,"bu","14:24:59",28262600
31800,-700,500,"bu","14:24:59",28260600
31750,-750,400,"bu","14:24:58",28260100
31700,-800,3000,"sd","14:24:58",28259700
31750,-750,200,"bu","14:24:57",28256700
31750,-750,200,"bu","14:24:57",28256500
31750,-750,100,"bu","14:24:57",28256300
31700,-800,2200,"sd","14:24:56",28256200
31700,-800,5000,"sd","14:24:56",28254000
31750,-750,500,"bu","14:24:56",28249000
31900,-600,3900,"bu","14:24:55",28248500
31900,-600,100,"bu","14:24:55",28244600
31800,-700,900,"bu","14:24:54",28244500
31700,-800,1000,"sd","14:24:53",28243600
31700,-800,400,"sd","14:24:52",28242600
31800,-700,100,"bu","14:24:51",28242200
31800,-700,1000,"bu","14:24:51",28242100
31800,-700,2800,"bu","14:24:51",28241100
31750,-750,1000,"bu","14:24:51",28238300
31750,-750,500,"bu","14:24:50",28237300
31750,-750,200,"bu","14:24:49",28236800
31750,-750,300,"bu","14:24:49",28236600
31700,-800,9600,"sd","14:24:48",28236300
31700,-800,1000,"sd","14:24:48",28226700
31750,-750,1000,"bu","14:24:48",28225700
31900,-600,500,"bu","14:24:47",28224700
31900,-600,1000,"bu","14:24:47",28224200
31700,-800,5000,"sd","14:24:46",28223200
31700,-800,1000,"sd","14:24:45",28218200
31700,-800,400,"sd","14:24:43",28217200
31800,-700,100,"bu","14:24:43",28216800
31800,-700,100,"bu","14:24:43",28216700
31800,-700,100,"bu","14:24:43",28216600
31750,-750,1000,"bu","14:24:42",28216500
31750,-750,500,"bu","14:24:42",28215500
31750,-750,1000,"bu","14:24:41",28215000
31750,-750,400,"bu","14:24:41",28214000
31750,-750,100,"bu","14:24:41",28213600
31750,-750,700,"bu","14:24:41",28213500
31900,-600,100,"bu","14:24:40",28212800
31700,-800,900,"sd","14:24:40",28212700
31750,-750,800,"bu","14:24:40",28211800
31750,-750,6200,"bu","14:24:39",28211000
31900,-600,500,"bu","14:24:39",28204800
31900,-600,500,"bu","14:24:39",28204300
31850,-650,2800,"bu","14:24:36",28203800
31800,-700,2000,"bu","14:24:35",28201000
31800,-700,400,"bu","14:24:35",28199000
31700,-800,800,"sd","14:24:34",28198600
31750,-750,1000,"bu","14:24:34",28197800
31750,-750,4000,"bu","14:24:34",28196800
31750,-750,1000,"bu","14:24:33",28192800
31750,-750,1000,"bu","14:24:33",28191800
31750,-750,1000,"bu","14:24:33",28190800
31750,-750,300,"bu","14:24:32",28189800
31700,-800,100,"sd","14:24:32",28189500
31750,-750,1000,"bu","14:24:31",28189400
31900,-600,4700,"bu","14:24:31",28188400
31900,-600,300,"bu","14:24:30",28183700
31750,-750,3000,"bu","14:24:30",28183400
31850,-650,200,"bu","14:24:28",28180400
31750,-750,100,"bu","14:24:27",28180200
31800,-700,200,"bu","14:24:26",28180100
31800,-700,100,"bu","14:24:26",28179900
31800,-700,500,"bu","14:24:26",28179800
31700,-800,1200,"sd","14:24:26",28179300
31750,-750,100,"bu","14:24:26",28178100
31750,-750,1100,"bu","14:24:26",28178000
31750,-750,400,"bu","14:24:25",28176900
31750,-750,300,"bu","14:24:25",28176500
31800,-700,100,"bu","14:24:24",28176200
31750,-750,200,"bu","14:24:24",28176100
31700,-800,200,"sd","14:24:24",28175900
31850,-650,100,"bu","14:24:23",28175700
31750,-750,3000,"bu","14:24:22",28175600
31800,-700,100,"bu","14:24:22",28172600
31900,-600,100,"bu","14:24:22",28172500
31750,-750,500,"bu","14:24:22",28172400
31850,-650,2200,"bu","14:24:22",28171900
31850,-650,1000,"bu","14:24:20",28169700
31750,-750,300,"bu","14:24:19",28168700
31750,-750,100,"bu","14:24:19",28168400
31800,-700,200,"bu","14:24:18",28168300
31800,-700,200,"bu","14:24:18",28168100
31800,-700,100,"bu","14:24:18",28167900
31750,-750,100,"bu","14:24:18",28167800
31750,-750,100,"bu","14:24:17",28167700
31900,-600,6700,"bu","14:24:17",28167600
31800,-700,200,"bu","14:24:17",28160900
31800,-700,1000,"bu","14:24:16",28160700
31800,-700,100,"bu","14:24:15",28159700
31750,-750,100,"bu","14:24:14",28159600
31900,-600,200,"bu","14:24:14",28159500
31750,-750,2000,"bu","14:24:14",28159300
31850,-650,5500,"bu","14:24:14",28157300
31750,-750,10000,"bu","14:24:13",28151800
31750,-750,3000,"bu","14:24:13",28141800
31750,-750,300,"bu","14:24:13",28138800
31800,-700,100,"bu","14:24:12",28138500
31850,-650,700,"bu","14:24:12",28138400
31750,-750,500,"bu","14:24:10",28137700
31800,-700,200,"bu","14:24:10",28137200
31800,-700,800,"bu","14:24:10",28137000
31800,-700,100,"bu","14:24:10",28136200
31850,-650,1000,"bu","14:24:10",28136100
31900,-600,100,"bu","14:24:09",28135100
31750,-750,100,"bu","14:24:09",28135000
31750,-750,10000,"bu","14:24:08",28134900
31900,-600,1000,"bu","14:24:08",28124900
31800,-700,500,"bu","14:24:08",28123900
31750,-750,100,"bu","14:24:06",28123400
31750,-750,1800,"bu","14:24:06",28123300
31900,-600,1000,"bu","14:24:06",28121500
31750,-750,5000,"bu","14:24:05",28120500
31750,-750,1000,"bu","14:24:05",28115500
31850,-650,1400,"bu","14:24:05",28114500
31750,-750,1000,"bu","14:24:04",28113100
31800,-700,200,"bu","14:24:03",28112100
31850,-650,5000,"bu","14:24:03",28111900
31750,-750,300,"bu","14:24:02",28106900
31800,-700,400,"bu","14:24:01",28106600
31800,-700,1000,"bu","14:24:01",28106200
31800,-700,20000,"bu","14:24:01",28105200
31850,-650,500,"bu","14:24:01",28085200
31900,-600,2000,"bu","14:24:01",28084700
31750,-750,100,"bu","14:24:01",28082700
31800,-700,200,"bu","14:24:00",28082600
31750,-750,2000,"unknown","14:24:00",28082400
31900,-600,500,"bu","14:23:59",28080400
31800,-700,200,"bu","14:23:59",28079900
31850,-650,16900,"bu","14:23:59",28079700
31800,-700,3000,"bu","14:23:58",28062800
31800,-700,1000,"bu","14:23:58",28059800
31900,-600,300,"bu","14:23:57",28058800
31750,-750,200,"unknown","14:23:56",28058500
31750,-750,100,"unknown","14:23:56",28058300
31800,-700,1500,"bu","14:23:56",28058200
31750,-750,100,"unknown","14:23:55",28056700
31950,-550,200,"bu","14:23:54",28056600
31850,-650,400,"bu","14:23:54",28056400
31800,-700,1200,"bu","14:23:52",28056000
31800,-700,5700,"bu","14:23:52",28054800
31850,-650,100,"bu","14:23:51",28049100
31900,-600,1000,"bu","14:23:51",28049000
31750,-750,500,"sd","14:23:50",28048000
31900,-600,200,"bu","14:23:50",28047500
31800,-700,1700,"bu","14:23:50",28047300
31800,-700,1000,"bu","14:23:48",28045600
31800,-700,5000,"bu","14:23:48",28044600
31900,-600,200,"bu","14:23:47",28039600
31750,-750,4900,"sd","14:23:47",28039400
31900,-600,500,"bu","14:23:46",28034500
31750,-750,100,"sd","14:23:45",28034000
31750,-750,600,"sd","14:23:45",28033900
31850,-650,100,"bu","14:23:44",28033300
31950,-550,500,"bu","14:23:43",28033200
31800,-700,10000,"bu","14:23:43",28032700
31800,-700,3000,"bu","14:23:42",28022700
31800,-700,100,"bu","14:23:42",28019700
31800,-700,100,"bu","14:23:42",28019600
31800,-700,100,"bu","14:23:42",28019500
31850,-650,100,"bu","14:23:41",28019400
31900,-600,100,"bu","14:23:40",28019300
31800,-700,500,"bu","14:23:38",28019200
31800,-700,500,"bu","14:23:38",28018700
31800,-700,1000,"bu","14:23:37",28018200
31850,-650,500,"bu","14:23:37",28017200
31750,-750,3800,"sd","14:23:37",28016700
31900,-600,400,"bu","14:23:36",28012900
31900,-600,500,"bu","14:23:36",28012500
31800,-700,300,"bu","14:23:36",28012000
31800,-700,200,"bu","14:23:36",28011700
31750,-750,100,"sd","14:23:35",28011500
31850,-650,100,"bu","14:23:33",28011400
31800,-700,100,"bu","14:23:32",28011300
31800,-700,1000,"bu","14:23:31",28011200
31800,-700,200,"bu","14:23:31",28010200
31800,-700,500,"bu","14:23:31",28010000
31800,-700,3400,"bu","14:23:31",28009500
31850,-650,100,"bu","14:23:30",28006100
31900,-600,1000,"bu","14:23:30",28006000
31800,-700,200,"bu","14:23:30",28005000
31850,-650,1500,"bu","14:23:30",28004800
31800,-700,500,"bu","14:23:29",28003300
31950,-550,1100,"bu","14:23:29",28002800
31800,-700,100,"bu","14:23:27",28001700
31900,-600,9600,"bu","14:23:26",28001600
31750,-750,300,"sd","14:23:26",27992000
31900,-600,100,"bu","14:23:25",27991700
31750,-750,100,"sd","14:23:24",27991600
31800,-700,300,"unknown","14:23:22",27991500
31850,-650,300,"bu","14:23:22",27991200
32000,-500,800,"bu","14:23:22",27990900
31850,-650,1000,"bu","14:23:21",27990100
31800,-700,400,"sd","14:23:21",27989100
31800,-700,100,"sd","14:23:20",27988700
31800,-700,200,"sd","14:23:20",27988600
31800,-700,100,"sd","14:23:20",27988400
31900,-600,500,"bu","14:23:20",27988300
31800,-700,16600,"sd","14:23:20",27987800
31850,-650,200,"bu","14:23:19",27971200
31850,-650,900,"bu","14:23:19",27971000
31900,-600,1000,"bu","14:23:19",27970100
31850,-650,200,"bu","14:23:19",27969100
31800,-700,1000,"sd","14:23:18",27968900
31850,-650,1000,"bu","14:23:17",27967900
31850,-650,600,"bu","14:23:16",27966900
31800,-700,186300,"sd","14:23:16",27966300
31750,-750,1000,"sd","14:23:16",27780000
31900,-600,300,"bu","14:23:14",27779000
31750,-750,2000,"sd","14:23:14",27778700
31900,-600,200,"bu","14:23:13",27776700
31750,-750,1000,"sd","14:23:12",27776500
31800,-700,100,"sd","14:23:12",27775500
32050,-450,1000,"bu","14:23:11",27775400
31750,-750,600,"sd","14:23:11",27774400
31800,-700,500,"sd","14:23:11",27773800
31850,-650,3000,"bu","14:23:11",27773300
31850,-650,400,"bu","14:23:11",27770300
31750,-750,4900,"sd","14:23:10",27769900
31850,-650,2100,"bu","14:23:09",27765000
31800,-700,3000,"sd","14:23:08",27762900
31800,-700,100,"sd","14:23:08",27759900
31800,-700,500,"sd","14:23:08",27759800
31900,-600,100,"bu","14:23:08",27759300
31850,-650,400,"bu","14:23:08",27759200
31800,-700,4100,"sd","14:23:08",27758800
31900,-600,1000,"bu","14:23:08",27754700
31850,-650,500,"bu","14:23:07",27753700
31800,-700,1000,"sd","14:23:07",27753200
31800,-700,300,"sd","14:23:07",27752200
32000,-500,9600,"bu","14:23:07",27751900
31850,-650,500,"bu","14:23:06",27742300
31750,-750,1500,"sd","14:23:04",27741800
32000,-500,1000,"bu","14:23:03",27740300
31850,-650,1000,"bu","14:23:03",27739300
31900,-600,100,"bu","14:23:02",27738300
31750,-750,2000,"sd","14:23:02",27738200
31900,-600,500,"bu","14:23:02",27736200
31800,-700,1000,"unknown","14:23:01",27735700
31900,-600,300,"bu","14:23:01",27734700
31750,-750,2000,"sd","14:23:01",27734400
31950,-550,800,"bu","14:23:00",27732400
31850,-650,100,"bu","14:22:59",27731600
31850,-650,2600,"bu","14:22:59",27731500
31850,-650,1000,"bu","14:22:57",27728900
31800,-700,300,"unknown","14:22:57",27727900
31800,-700,1500,"unknown","14:22:56",27727600
31800,-700,200,"unknown","14:22:56",27726100
31900,-600,100,"bu","14:22:56",27725900
31850,-650,100,"bu","14:22:56",27725800
31900,-600,500,"bu","14:22:56",27725700
31800,-700,400,"unknown","14:22:55",27725200
31850,-650,300,"bu","14:22:55",27724800
31850,-650,500,"bu","14:22:54",27724500
31800,-700,500,"unknown","14:22:52",27724000
32000,-500,100,"bu","14:22:52",27723500
31900,-600,3300,"bu","14:22:50",27723400
31750,-750,100,"sd","14:22:50",27720100
31900,-600,100,"bu","14:22:50",27720000
31750,-750,16700,"sd","14:22:49",27719900
31950,-550,1200,"bu","14:22:48",27703200
31850,-650,2600,"bu","14:22:47",27702000
31850,-650,200,"bu","14:22:47",27699400
31850,-650,100,"bu","14:22:47",27699200
31800,-700,1000,"bu","14:22:46",27699100
31800,-700,300,"bu","14:22:44",27698100
31900,-600,200,"bu","14:22:44",27697800
31800,-700,2500,"bu","14:22:44",27697600
31800,-700,2000,"bu","14:22:44",27695100
31900,-600,1100,"bu","14:22:44",27693100
31900,-600,1500,"bu","14:22:43",27692000
31850,-650,200,"bu","14:22:43",27690500
31850,-650,500,"bu","14:22:42",27690300
31900,-600,100,"bu","14:22:41",27689800
32000,-500,400,"bu","14:22:39",27689700
31850,-650,700,"bu","14:22:39",27689300
31950,-550,500,"bu","14:22:38",27688600
31900,-600,400,"bu","14:22:37",27688100
32050,-450,100,"bu","14:22:35",27687700
31800,-700,100,"bu","14:22:35",27687600
31850,-650,500,"bu","14:22:34",27687500
32000,-500,7000,"bu","14:22:32",27687000
31900,-600,300,"bu","14:22:32",27680000
31800,-700,400,"bu","14:22:31",27679700
31800,-700,1000,"bu","14:22:31",27679300
31800,-700,1000,"bu","14:22:31",27678300
31900,-600,3000,"bu","14:22:31",27677300
31900,-600,200,"bu","14:22:30",27674300
31850,-650,200,"bu","14:22:29",27674100
31850,-650,100,"bu","14:22:27",27673900
31900,-600,1000,"bu","14:22:26",27673800
32000,-500,100,"bu","14:22:25",27672800
31850,-650,2300,"bu","14:22:25",27672700
31850,-650,300,"bu","14:22:25",27670400
32000,-500,1700,"bu","14:22:25",27670100
31850,-650,100,"bu","14:22:24",27668400
31950,-550,200,"bu","14:22:24",27668300
31950,-550,500,"bu","14:22:24",27668100
31900,-600,100,"bu","14:22:23",27667600
31800,-700,10000,"sd","14:22:23",27667500
31850,-650,400,"bu","14:22:21",27657500
31850,-650,600,"bu","14:22:20",27657100
31900,-600,100,"bu","14:22:19",27656500
32000,-500,2600,"bu","14:22:19",27656400
31900,-600,100,"bu","14:22:18",27653800
31900,-600,100,"bu","14:22:17",27653700
32000,-500,700,"bu","14:22:17",27653600
31900,-600,1300,"bu","14:22:17",27652900
31950,-550,100,"bu","14:22:16",27651600
31850,-650,9600,"unknown","14:22:16",27651500
31850,-650,500,"unknown","14:22:16",27641900
31800,-700,100,"sd","14:22:15",27641400
31950,-550,3200,"bu","14:22:14",27641300
31850,-650,4600,"sd","14:22:14",27638100
31900,-600,400,"bu","14:22:13",27633500
32000,-500,16200,"bu","14:22:12",27633100
32000,-500,2000,"bu","14:22:12",27616900
31850,-650,2700,"sd","14:22:11",27614900
32000,-500,300,"bu","14:22:11",27612200
31850,-650,8600,"sd","14:22:10",27611900
31900,-600,1300,"bu","14:22:09",27603300
31850,-650,100,"sd","14:22:07",27602000
31900,-600,100,"bu","14:22:04",27601900
31850,-650,9600,"sd","14:22:04",27601800
31750,-750,2000,"sd","14:22:03",27592200
32000,-500,300,"bu","14:22:03",27590200
31850,-650,600,"sd","14:22:02",27589900
31950,-550,4000,"bu","14:22:02",27589300
31850,-650,800,"sd","14:22:01",27585300
31900,-600,7000,"bu","14:22:01",27584500
31900,-600,300,"bu","14:22:01",27577500
31950,-550,100,"bu","14:21:59",27577200
31950,-550,500,"bu","14:21:59",27577100
31900,-600,400,"bu","14:21:58",27576600
32000,-500,500,"bu","14:21:58",27576200
32000,-500,1000,"bu","14:21:57",27575700
32000,-500,3000,"bu","14:21:56",27574700
31950,-550,300,"bu","14:21:55",27571700
31850,-650,100,"sd","14:21:55",27571400
32000,-500,200,"bu","14:21:55",27571300
31900,-600,500,"bu","14:21:54",27571100
31900,-600,200,"bu","14:21:54",27570600
31750,-750,400,"sd","14:21:53",27570400
31950,-550,100,"bu","14:21:51",27570000
31750,-750,600,"sd","14:21:48",27569900
31750,-750,2000,"sd","14:21:47",27569300
32000,-500,200,"bu","14:21:47",27567300
32000,-500,21100,"bu","14:21:47",27567100
32050,-450,300,"bu","14:21:47",27546000
31950,-550,1200,"bu","14:21:46",27545700
31950,-550,3000,"bu","14:21:46",27544500
31900,-600,500,"bu","14:21:46",27541500
31900,-600,1000,"bu","14:21:46",27541000
31900,-600,100,"bu","14:21:45",27540000
31900,-600,200,"bu","14:21:45",27539900
31950,-550,9100,"bu","14:21:45",27539700
31950,-550,200,"bu","14:21:44",27530600
31950,-550,2400,"bu","14:21:44",27530400
31900,-600,6100,"bu","14:21:42",27528000
32000,-500,400,"bu","14:21:42",27521900
31900,-600,1400,"bu","14:21:41",27521500
32000,-500,200,"bu","14:21:41",27520100
31950,-550,700,"bu","14:21:41",27519900
31850,-650,300,"sd","14:21:39",27519200
31900,-600,500,"bu","14:21:39",27518900
31950,-550,500,"bu","14:21:38",27518400
31900,-600,9600,"unknown","14:21:38",27517900
31950,-550,500,"bu","14:21:36",27508300
31950,-550,600,"bu","14:21:35",27507800
31950,-550,500,"bu","14:21:34",27507200
31950,-550,100,"bu","14:21:34",27506700
31950,-550,500,"bu","14:21:32",27506600
32000,-500,400,"bu","14:21:31",27506100
31750,-750,100,"sd","14:21:31",27505700
32000,-500,100,"bu","14:21:31",27505600
32000,-500,300,"bu","14:21:30",27505500
32050,-450,200,"bu","14:21:30",27505200
31950,-550,3700,"bu","14:21:30",27505000
31900,-600,100,"sd","14:21:30",27501300
31900,-600,100,"sd","14:21:29",27501200
31950,-550,1100,"bu","14:21:29",27501100
32000,-500,500,"bu","14:21:28",27500000
31950,-550,800,"bu","14:21:27",27499500
32050,-450,9800,"bu","14:21:26",27498700
32000,-500,1000,"bu","14:21:26",27488900
31950,-550,100,"bu","14:21:25",27487900
32000,-500,700,"bu","14:21:25",27487800
31900,-600,500,"sd","14:21:25",27487100
31900,-600,100,"sd","14:21:24",27486600
31850,-650,100,"sd","14:21:23",27486500
32000,-500,9600,"bu","14:21:23",27486400
31900,-600,500,"sd","14:21:22",27476800
31950,-550,300,"bu","14:21:21",27476300
31950,-550,500,"bu","14:21:21",27476000
31950,-550,1000,"bu","14:21:19",27475500
31950,-550,200,"bu","14:21:19",27474500
31900,-600,9600,"sd","14:21:18",27474300
31950,-550,16200,"bu","14:21:17",27464700
31900,-600,1000,"sd","14:21:17",27448500
31950,-550,1000,"bu","14:21:16",27447500
32000,-500,100,"bu","14:21:14",27446500
32000,-500,500,"bu","14:21:14",27446400
32000,-500,1100,"bu","14:21:13",27445900
32050,-450,100,"bu","14:21:13",27444800
31900,-600,400,"sd","14:21:13",27444700
31900,-600,200,"sd","14:21:12",27444300
31950,-550,500,"bu","14:21:12",27444100
31950,-550,3200,"bu","14:21:12",27443600
31950,-550,4100,"bu","14:21:11",27440400
31950,-550,400,"bu","14:21:10",27436300
32050,-450,20000,"bu","14:21:09",27435900
32000,-500,5000,"bu","14:21:09",27415900
31800,-700,600,"sd","14:21:08",27410900
31950,-550,300,"bu","14:21:08",27410300
31850,-650,100,"sd","14:21:08",27410000
32000,-500,1000,"bu","14:21:08",27409900
31900,-600,9600,"sd","14:21:06",27408900
31950,-550,300,"bu","14:21:06",27399300
31900,-600,200,"sd","14:21:05",27399000
31950,-550,2000,"bu","14:21:04",27398800
31800,-700,1000,"sd","14:21:03",27396800
31950,-550,5000,"bu","14:21:02",27395800
31950,-550,200,"bu","14:21:01",27390800
31950,-550,100,"bu","14:21:01",27390600
32000,-500,100,"bu","14:20:57",27390500
32000,-500,200,"bu","14:20:56",27390400
31950,-550,600,"unknown","14:20:56",27390200
32000,-500,5000,"bu","14:20:56",27389600
32050,-450,200,"bu","14:20:56",27384600
31950,-550,100,"unknown","14:20:55",27384400
31900,-600,1000,"sd","14:20:55",27384300
31900,-600,500,"sd","14:20:54",27383300
31800,-700,100,"sd","14:20:54",27382800
31900,-600,700,"sd","14:20:54",27382700
31950,-550,900,"bu","14:20:53",27382000
31950,-550,1000,"bu","14:20:52",27381100
32050,-450,1000,"bu","14:20:51",27380100
31950,-550,500,"bu","14:20:50",27379100
32000,-500,2000,"bu","14:20:50",27378600
31800,-700,3000,"sd","14:20:50",27376600
31950,-550,100,"bu","14:20:49",27373600
32000,-500,200,"bu","14:20:49",27373500
31950,-550,6300,"bu","14:20:45",27373300
32000,-500,9600,"bu","14:20:43",27367000
31900,-600,200,"sd","14:20:43",27357400
31950,-550,500,"bu","14:20:42",27357200
32050,-450,100,"bu","14:20:41",27356700
31950,-550,100,"bu","14:20:41",27356600
32000,-500,1000,"bu","14:20:37",27356500
32000,-500,1400,"bu","14:20:37",27355500
32000,-500,300,"bu","14:20:37",27354100
32000,-500,5100,"bu","14:20:36",27353800
31900,-600,100,"sd","14:20:35",27348700
31900,-600,100,"sd","14:20:34",27348600
32000,-500,400,"bu","14:20:34",27348500
31900,-600,2000,"sd","14:20:34",27348100
31800,-700,200,"sd","14:20:34",27346100
31950,-550,100,"bu","14:20:32",27345900
32050,-450,600,"bu","14:20:32",27345800
31950,-550,5000,"bu","14:20:31",27345200
31900,-600,600,"sd","14:20:31",27340200
32050,-450,9500,"bu","14:20:31",27339600
32000,-500,100,"bu","14:20:30",27330100
31800,-700,200,"sd","14:20:29",27330000
32000,-500,1000,"bu","14:20:29",27329800
31950,-550,1000,"bu","14:20:25",27328800
32000,-500,500,"bu","14:20:24",27327800
31900,-600,600,"sd","14:20:24",27327300
31950,-550,500,"bu","14:20:21",27326700
32050,-450,100,"bu","14:20:21",27326200
31900,-600,1000,"sd","14:20:21",27326100
31900,-600,200,"sd","14:20:21",27325100
32050,-450,800,"bu","14:20:20",27324900
32000,-500,9600,"bu","14:20:18",27324100
31950,-550,100,"bu","14:20:18",27314500
32000,-500,500,"bu","14:20:17",27314400
31900,-600,300,"sd","14:20:16",27313900
32000,-500,600,"bu","14:20:16",27313600
32000,-500,200,"bu","14:20:16",27313000
32000,-500,100,"bu","14:20:15",27312800
31900,-600,100,"sd","14:20:14",27312700
31950,-550,1700,"bu","14:20:13",27312600
31950,-550,100,"bu","14:20:13",27310900
31900,-600,100,"sd","14:20:13",27310800
31950,-550,100,"bu","14:20:13",27310700
31800,-700,200,"sd","14:20:12",27310600
31950,-550,300,"bu","14:20:10",27310400
31950,-550,100,"bu","14:20:09",27310100
32000,-500,1000,"bu","14:20:08",27310000
31800,-700,100,"sd","14:20:08",27309000
32000,-500,500,"bu","14:20:07",27308900
31950,-550,1600,"bu","14:20:04",27308400
31900,-600,200,"sd","14:20:04",27306800
31800,-700,1700,"sd","14:20:03",27306600
31900,-600,400,"sd","14:20:02",27304900
32000,-500,400,"bu","14:20:01",27304500
31900,-600,500,"sd","14:20:01",27304100
31700,-800,1000,"sd","14:20:01",27303600
31950,-550,1400,"bu","14:20:00",27302600
32050,-450,200,"bu","14:19:57",27301200
31950,-550,1900,"bu","14:19:56",27301000
31900,-600,400,"sd","14:19:55",27299100
31950,-550,2500,"bu","14:19:54",27298700
31900,-600,5000,"sd","14:19:53",27296200
32000,-500,3900,"bu","14:19:53",27291200
32000,-500,7000,"bu","14:19:52",27287300
32000,-500,100,"bu","14:19:51",27280300
31900,-600,500,"sd","14:19:51",27280200
31950,-550,600,"bu","14:19:50",27279700
31900,-600,300,"sd","14:19:49",27279100
31900,-600,200,"sd","14:19:49",27278800
31900,-600,12200,"sd","14:19:49",27278600
32000,-500,5700,"bu","14:19:48",27266400
31900,-600,3000,"sd","14:19:47",27260700
32050,-450,200,"bu","14:19:46",27257700
31950,-550,100,"bu","14:19:45",27257500
32000,-500,200,"bu","14:19:44",27257400
31800,-700,200,"sd","14:19:44",27257200
31950,-550,400,"bu","14:19:43",27257000
31800,-700,100,"sd","14:19:42",27256600
31900,-600,10000,"sd","14:19:41",27256500
31950,-550,1000,"bu","14:19:40",27246500
31900,-600,100,"sd","14:19:40",27245500
31800,-700,600,"sd","14:19:39",27245400
31900,-600,4000,"sd","14:19:37",27244800
31750,-750,1000,"sd","14:19:37",27240800
32000,-500,49800,"bu","14:19:37",27239800
32050,-450,200,"bu","14:19:36",27190000
32000,-500,3000,"bu","14:19:36",27189800
31800,-700,1000,"sd","14:19:34",27186800
31950,-550,3000,"unknown","14:19:30",27185800
31900,-600,100,"sd","14:19:28",27182800
31900,-600,200,"sd","14:19:27",27182700
32000,-500,200,"unknown","14:19:27",27182500
31900,-600,100,"sd","14:19:26",27182300
32000,-500,1600,"unknown","14:19:26",27182200
31900,-600,100,"sd","14:19:25",27180600
31900,-600,100,"sd","14:19:25",27180500
32050,-450,200,"unknown","14:19:23",27180400
31950,-550,100,"sd","14:19:22",27180200
31750,-750,200,"sd","14:19:20",27180100
31950,-550,1000,"sd","14:19:20",27179900
32000,-500,2500,"unknown","14:19:19",27178900
31800,-700,600,"sd","14:19:18",27176400
31900,-600,3000,"sd","14:19:18",27175800
31950,-550,5000,"sd","14:19:18",27172800
31950,-550,7400,"sd","14:19:15",27167800
31850,-650,100,"sd","14:19:14",27160400
31800,-700,2700,"sd","14:19:13",27160300
31900,-600,1000,"sd","14:19:11",27157600
31900,-600,2000,"sd","14:19:09",27156600
32000,-500,1200,"sd","14:19:08",27154600
31950,-550,400,"sd","14:19:08",27153400
32050,-450,500,"bu","14:19:07",27153000
31950,-550,2900,"sd","14:19:07",27152500
31900,-600,100,"sd","14:19:05",27149600
32050,-450,100,"bu","14:19:02",27149500
31900,-600,200,"sd","14:19:02",27149400
31900,-600,2000,"sd","14:19:01",27149200
31950,-550,1600,"sd","14:19:00",27147200
31750,-750,500,"sd","14:19:00",27145600
32000,-500,300,"sd","14:19:00",27145100
31700,-800,7300,"sd","14:19:00",27144800
31900,-600,100,"sd","14:18:59",27137500
32000,-500,2000,"sd","14:18:59",27137400
31900,-600,1200,"sd","14:18:58",27135400
31950,-550,100,"sd","14:18:58",27134200
31900,-600,2000,"sd","14:18:58",27134100
31750,-750,1000,"sd","14:18:54",27132100
31750,-750,3000,"sd","14:18:53",27131100
32000,-500,1000,"sd","14:18:52",27128100
31850,-650,500,"sd","14:18:51",27127100
31800,-700,2000,"sd","14:18:51",27126600
32000,-500,100,"sd","14:18:49",27124600
31900,-600,1000,"sd","14:18:49",27124500
31950,-550,600,"sd","14:18:48",27123500
31850,-650,200,"sd","14:18:47",27122900
31950,-550,2000,"sd","14:18:45",27122700
31900,-600,3500,"sd","14:18:43",27120700
32000,-500,5000,"sd","14:18:40",27117200
31950,-550,7100,"bu","14:18:38",27112200
31850,-650,100,"sd","14:18:34",27105100
31900,-600,50000,"sd","14:18:33",27105000
31900,-600,1000,"sd","14:18:33",27055000
32050,-450,300,"bu","14:18:33",27054000
31900,-600,300,"sd","14:18:33",27053700
32000,-500,1100,"bu","14:18:31",27053400
31700,-800,2100,"sd","14:18:31",27052300
31950,-550,4400,"bu","14:18:31",27050200
31900,-600,300,"sd","14:18:30",27045800
32000,-500,800,"bu","14:18:30",27045500
31700,-800,100,"sd","14:18:30",27044700
31950,-550,500,"bu","14:18:29",27044600
31900,-600,3000,"sd","14:18:29",27044100
31900,-600,200,"sd","14:18:29",27041100
31950,-550,300,"bu","14:18:28",27040900
31900,-600,1000,"sd","14:18:25",27040600
31750,-750,1500,"sd","14:18:24",27039600
31800,-700,100,"sd","14:18:24",27038100
31950,-550,100,"bu","14:18:23",27038000
32000,-500,100,"bu","14:18:23",27037900
31850,-650,2000,"sd","14:18:22",27037800
31800,-700,1000,"sd","14:18:22",27035800
32000,-500,3300,"bu","14:18:20",27034800
31700,-800,1300,"sd","14:18:19",27031500
31950,-550,1000,"bu","14:18:19",27030200
31900,-600,2600,"sd","14:18:19",27029200
31850,-650,500,"sd","14:18:17",27026600
31900,-600,3000,"sd","14:18:17",27026100
31900,-600,500,"sd","14:18:16",27023100
31900,-600,1000,"sd","14:18:16",27022600
31750,-750,200,"sd","14:18:15",27021600
31650,-850,3000,"sd","14:18:14",27021400
31900,-600,200,"sd","14:18:13",27018400
31700,-800,7300,"sd","14:18:11",27018200
32000,-500,1300,"bu","14:18:10",27010900
31750,-750,200,"sd","14:18:08",27009600
31750,-750,300,"sd","14:18:08",27009400
31950,-550,1500,"bu","14:18:06",27009100
31700,-800,200,"sd","14:18:05",27007600
31700,-800,1000,"sd","14:18:04",27007400
31950,-550,200,"bu","14:18:03",27006400
31900,-600,600,"sd","14:18:03",27006200
31900,-600,1000,"sd","14:18:02",27005600
32000,-500,2000,"bu","14:18:01",27004600
31900,-600,500,"sd","14:17:59",27002600
31700,-800,8000,"sd","14:17:59",27002100
31900,-600,100,"sd","14:17:58",26994100
31900,-600,5400,"sd","14:17:58",26994000
31700,-800,9500,"sd","14:17:57",26988600
31950,-550,500,"bu","14:17:57",26979100
31900,-600,600,"sd","14:17:56",26978600
31900,-600,2000,"sd","14:17:55",26978000
31750,-750,1500,"sd","14:17:53",26976000
31900,-600,3000,"sd","14:17:52",26974500
31850,-650,20000,"sd","14:17:51",26971500
31800,-700,200,"sd","14:17:51",26951500
31950,-550,300,"unknown","14:17:48",26951300
31750,-750,3700,"sd","14:17:48",26951000
31900,-600,400,"sd","14:17:48",26947300
31900,-600,3000,"sd","14:17:47",26946900
31950,-550,100,"unknown","14:17:47",26943900
31850,-650,800,"sd","14:17:46",26943800
31900,-600,6600,"sd","14:17:45",26943000
31900,-600,100,"sd","14:17:44",26936400
31750,-750,9100,"sd","14:17:43",26936300
31950,-550,200,"unknown","14:17:42",26927200
31950,-550,200,"sd","14:17:39",26927000
32000,-500,2000,"bu","14:17:38",26926800
31900,-600,100,"sd","14:17:37",26924800
31950,-550,1000,"bu","14:17:33",26924700
31700,-800,100,"sd","14:17:33",26923700
31700,-800,4500,"sd","14:17:32",26923600
31900,-600,200,"sd","14:17:30",26919100
31900,-600,2000,"sd","14:17:29",26918900
31900,-600,6500,"sd","14:17:27",26916900
31700,-800,100,"sd","14:17:26",26910400
31750,-750,400,"sd","14:17:26",26910300
31700,-800,10100,"sd","14:17:26",26909900
31900,-600,300,"sd","14:17:25",26899800
31750,-750,500,"sd","14:17:25",26899500
31900,-600,1100,"sd","14:17:25",26899000
31750,-750,300,"sd","14:17:20",26897900
31850,-650,2500,"sd","14:17:18",26897600
31900,-600,500,"sd","14:17:18",26895100
31800,-700,1500,"sd","14:17:18",26894600
31900,-600,500,"sd","14:17:13",26893100
31850,-650,1500,"sd","14:17:13",26892600
31850,-650,800,"sd","14:17:13",26891100
31900,-600,500,"sd","14:17:13",26890300
31900,-600,100,"sd","14:17:11",26889800
31850,-650,1800,"sd","14:17:11",26889700
31750,-750,700,"sd","14:17:10",26887900
31950,-550,1900,"bu","14:17:09",26887200
31900,-600,500,"sd","14:17:07",26885300
31900,-600,1000,"sd","14:17:05",26884800
31950,-550,200,"bu","14:17:03",26883800
31900,-600,100,"sd","14:17:01",26883600
31700,-800,1000,"sd","14:17:00",26883500
31700,-800,5000,"sd","14:16:59",26882500
31900,-600,29400,"sd","14:16:56",26877500
31800,-700,500,"sd","14:16:56",26848100
31800,-700,800,"sd","14:16:55",26847600
31900,-600,400,"sd","14:16:53",26846800
31700,-800,100,"sd","14:16:53",26846400
31750,-750,5000,"sd","14:16:53",26846300
31700,-800,300,"sd","14:16:53",26841300
31900,-600,500,"sd","14:16:52",26841000
31900,-600,1000,"sd","14:16:51",26840500
31750,-750,2000,"sd","14:16:50",26839500
31950,-550,200,"bu","14:16:49",26837500
31700,-800,5000,"sd","14:16:48",26837300
31900,-600,500,"bu","14:16:47",26832300
31700,-800,4400,"sd","14:16:47",26831800
31750,-750,1000,"sd","14:16:46",26827400
31750,-750,500,"sd","14:16:46",26826400
31700,-800,800,"sd","14:16:45",26825900
31900,-600,100,"bu","14:16:44",26825100
31900,-600,500,"bu","14:16:44",26825000
31800,-700,30000,"sd","14:16:44",26824500
31700,-800,100,"sd","14:16:44",26794500
31750,-750,500,"sd","14:16:42",26794400
31900,-600,10000,"bu","14:16:42",26793900
31950,-550,100,"bu","14:16:40",26783900
31950,-550,800,"bu","14:16:40",26783800
31850,-650,800,"sd","14:16:39",26783000
31850,-650,1000,"sd","14:16:38",26782200
31950,-550,500,"bu","14:16:35",26781200
31750,-750,500,"sd","14:16:34",26780700
31700,-800,500,"sd","14:16:33",26780200
31850,-650,500,"sd","14:16:33",26779700
31900,-600,100,"bu","14:16:32",26779200
31700,-800,2000,"sd","14:16:32",26779100
31700,-800,500,"sd","14:16:31",26777100
31700,-800,5700,"sd","14:16:31",26776600
31900,-600,100,"bu","14:16:30",26770900
31900,-600,500,"bu","14:16:30",26770800
31950,-550,500,"bu","14:16:29",26770300
31900,-600,1500,"bu","14:16:28",26769800
31650,-850,400,"sd","14:16:25",26768300
31700,-800,400,"sd","14:16:24",26767900
31700,-800,2000,"sd","14:16:24",26767500
31800,-700,5300,"sd","14:16:20",26765500
31800,-700,500,"sd","14:16:20",26760200
31950,-550,100,"bu","14:16:18",26759700
31900,-600,200,"sd","14:16:18",26759600
31700,-800,5000,"sd","14:16:17",26759400
31800,-700,1000,"sd","14:16:17",26754400
31750,-750,1000,"sd","14:16:17",26753400
31700,-800,300,"sd","14:16:17",26752400
31900,-600,2000,"sd","14:16:17",26752100
31850,-650,300,"sd","14:16:16",26750100
31900,-600,3000,"sd","14:16:16",26749800
31900,-600,100,"sd","14:16:16",26746800
31750,-750,2000,"sd","14:16:11",26746700
31700,-800,100,"sd","14:16:10",26744700
31700,-800,100,"sd","14:16:10",26744600
31750,-750,1000,"sd","14:16:10",26744500
31800,-700,100,"sd","14:16:10",26743500
31700,-800,300,"sd","14:16:10",26743400
31800,-700,1000,"sd","14:16:08",26743100
31750,-750,1900,"sd","14:16:04",26742100
31750,-750,1000,"sd","14:16:02",26740200
31850,-650,800,"sd","14:16:02",26739200
31850,-650,500,"sd","14:16:02",26738400
31950,-550,600,"bu","14:15:58",26737900
31850,-650,500,"sd","14:15:58",26737300
31950,-550,1800,"bu","14:15:58",26736800
31750,-750,300,"sd","14:15:57",26735000
31700,-800,700,"sd","14:15:57",26734700
31900,-600,100,"sd","14:15:56",26734000
31900,-600,500,"sd","14:15:56",26733900
31750,-750,1500,"sd","14:15:56",26733400
31700,-800,100,"sd","14:15:55",26731900
31850,-650,100,"sd","14:15:52",26731800
31850,-650,100,"sd","14:15:51",26731700
31700,-800,100,"sd","14:15:50",26731600
31650,-850,100,"sd","14:15:49",26731500
31750,-750,1000,"sd","14:15:48",26731400
31900,-600,1000,"sd","14:15:48",26730400
31700,-800,100,"sd","14:15:48",26729400
31700,-800,30000,"sd","14:15:47",26729300
31700,-800,6300,"sd","14:15:46",26699300
31800,-700,100,"sd","14:15:44",26693000
31800,-700,700,"sd","14:15:43",26692900
31900,-600,1900,"sd","14:15:42",26692200
31950,-550,200,"bu","14:15:42",26690300
31700,-800,1000,"sd","14:15:41",26690100
31750,-750,2000,"sd","14:15:40",26689100
31700,-800,200,"sd","14:15:40",26687100
31700,-800,1800,"sd","14:15:40",26686900
31850,-650,100,"sd","14:15:40",26685100
31700,-800,3400,"sd","14:15:39",26685000
31750,-750,5000,"sd","14:15:37",26681600
31900,-600,10000,"sd","14:15:35",26676600
31700,-800,100,"sd","14:15:34",26666600
31700,-800,200,"sd","14:15:34",26666500
31750,-750,1000,"sd","14:15:33",26666300
31800,-700,1000,"sd","14:15:33",26665300
31700,-800,200,"sd","14:15:33",26664300
31750,-750,100,"sd","14:15:33",26664100
31850,-650,50000,"sd","14:15:32",26664000
31800,-700,10000,"sd","14:15:31",26614000
31700,-800,2000,"sd","14:15:28",26604000
31750,-750,100,"sd","14:15:27",26602000
31650,-850,100,"sd","14:15:23",26601900
31800,-700,1800,"sd","14:15:22",26601800
31750,-750,100,"sd","14:15:22",26600000
31850,-650,100,"sd","14:15:21",26599900
31750,-750,2000,"sd","14:15:21",26599800
31950,-550,200,"bu","14:15:21",26597800
31750,-750,1000,"sd","14:15:20",26597600
31900,-600,3200,"sd","14:15:20",26596600
31900,-600,4100,"sd","14:15:19",26593400
31900,-600,5600,"sd","14:15:19",26589300
31700,-800,300,"sd","14:15:18",26583700
31950,-550,2400,"bu","14:15:17",26583400
31700,-800,10000,"sd","14:15:16",26581000
31750,-750,700,"sd","14:15:14",26571000
31700,-800,500,"sd","14:15:13",26570300
31700,-800,2000,"sd","14:15:11",26569800
31700,-800,12400,"sd","14:15:10",26567800
31800,-700,2500,"sd","14:15:09",26555400
31700,-800,3700,"sd","14:15:09",26552900
31900,-600,5000,"sd","14:15:08",26549200
31900,-600,100,"sd","14:15:07",26544200
31850,-650,500,"sd","14:15:07",26544100
31750,-750,400,"sd","14:15:07",26543600
31800,-700,100,"sd","14:15:07",26543200
31950,-550,1000,"bu","14:15:07",26543100
31850,-650,100,"sd","14:15:06",26542100
31750,-750,100,"sd","14:15:05",26542000
31950,-550,300,"bu","14:15:05",26541900
31900,-600,800,"sd","14:15:04",26541600
31700,-800,200,"sd","14:15:04",26540800
31750,-750,9600,"sd","14:15:04",26540600
31750,-750,7600,"sd","14:15:04",26531000
31700,-800,1000,"sd","14:15:03",26523400
31750,-750,1000,"sd","14:15:03",26522400
31700,-800,600,"sd","14:15:02",26521400
31750,-750,5000,"sd","14:15:02",26520800
31750,-750,500,"sd","14:15:00",26515800
31750,-750,100,"sd","14:14:59",26515300
31900,-600,100,"sd","14:14:58",26515200
31700,-800,300,"sd","14:14:57",26515100
31700,-800,200,"sd","14:14:57",26514800
31750,-750,1000,"sd","14:14:57",26514600
31700,-800,700,"sd","14:14:56",26513600
31750,-750,1100,"sd","14:14:54",26512900
31800,-700,21200,"sd","14:14:54",26511800
31750,-750,1000,"sd","14:14:53",26490600
31800,-700,5000,"sd","14:14:50",26489600
31700,-800,1000,"sd","14:14:49",26484600
31750,-750,1000,"sd","14:14:48",26483600
31750,-750,1800,"sd","14:14:48",26482600
31650,-850,100,"sd","14:14:46",26480800
31800,-700,100,"sd","14:14:45",26480700
31750,-750,5800,"sd","14:14:44",26480600
31750,-750,1200,"sd","14:14:43",26474800
31850,-650,500,"sd","14:14:43",26473600
31700,-800,200,"sd","14:14:43",26473100
31900,-600,500,"bu","14:14:42",26472900
31700,-800,1500,"sd","14:14:42",26472400
31900,-600,200,"bu","14:14:42",26470900
31700,-800,500,"sd","14:14:41",26470700
31700,-800,1200,"sd","14:14:41",26470200
31900,-600,1000,"bu","14:14:41",26469000
31900,-600,1000,"bu","14:14:39",26468000
31900,-600,100,"bu","14:14:38",26467000
31750,-750,100,"sd","14:14:37",26466900
31750,-750,1600,"sd","14:14:37",26466800
31900,-600,400,"bu","14:14:36",26465200
31700,-800,500,"sd","14:14:36",26464800
31700,-800,600,"sd","14:14:34",26464300
31700,-800,2300,"sd","14:14:33",26463700
31800,-700,2500,"sd","14:14:31",26461400
31750,-750,500,"sd","14:14:31",26458900
31800,-700,3000,"sd","14:14:30",26458400
31600,-900,3800,"sd","14:14:28",26455400
31700,-800,200,"sd","14:14:26",26451600
31700,-800,800,"sd","14:14:26",26451400
31750,-750,500,"sd","14:14:24",26450600
31750,-750,500,"sd","14:14:23",26450100
31750,-750,900,"sd","14:14:22",26449600
31700,-800,1000,"sd","14:14:20",26448700
31700,-800,100,"sd","14:14:20",26447700
31700,-800,5300,"sd","14:14:19",26447600
31700,-800,1000,"sd","14:14:19",26442300
31700,-800,2200,"sd","14:14:17",26441300
31800,-700,15000,"sd","14:14:17",26439100
31850,-650,500,"sd","14:14:17",26424100
31700,-800,100,"sd","14:14:16",26423600
31750,-750,600,"sd","14:14:15",26423500
31700,-800,1000,"sd","14:14:15",26422900
31700,-800,100,"sd","14:14:12",26421900
31750,-750,800,"sd","14:14:12",26421800
31750,-750,1400,"sd","14:14:11",26421000
31750,-750,2000,"sd","14:14:10",26419600
31650,-850,1000,"sd","14:14:09",26417600
31800,-700,300,"sd","14:14:09",26416600
31700,-800,5000,"sd","14:14:09",26416300
31800,-700,1100,"sd","14:14:08",26411300
31700,-800,6900,"sd","14:14:08",26410200
31750,-750,600,"sd","14:14:07",26403300
31800,-700,900,"sd","14:14:06",26402700
31700,-800,500,"sd","14:14:06",26401800
31700,-800,200,"sd","14:14:04",26401300
31700,-800,600,"sd","14:14:04",26401100
31900,-600,1000,"bu","14:14:02",26400500
31600,-900,4700,"sd","14:14:01",26399500
31750,-750,4200,"sd","14:14:01",26394800
31750,-750,1400,"sd","14:14:00",26390600
31700,-800,100,"sd","14:13:59",26389200
31700,-800,500,"sd","14:13:57",26389100
31650,-850,10000,"sd","14:13:57",26388600
31700,-800,900,"sd","14:13:56",26378600
31800,-700,100,"sd","14:13:55",26377700
31850,-650,2000,"sd","14:13:54",26377600
31750,-750,800,"sd","14:13:54",26375600
31750,-750,10000,"sd","14:13:53",26374800
31800,-700,4000,"sd","14:13:53",26364800
31800,-700,500,"sd","14:13:52",26360800
31600,-900,100,"sd","14:13:52",26360300
31600,-900,100,"sd","14:13:52",26360200
31750,-750,30000,"sd","14:13:51",26360100
31700,-800,5000,"sd","14:13:50",26330100
31750,-750,4000,"sd","14:13:50",26325100
31700,-800,400,"sd","14:13:47",26321100
31800,-700,100,"sd","14:13:46",26320700
31750,-750,3000,"sd","14:13:45",26320600
31700,-800,20000,"sd","14:13:44",26317600
31750,-750,500,"sd","14:13:44",26297600
31650,-850,400,"sd","14:13:43",26297100
31700,-800,100,"sd","14:13:43",26296700
31800,-700,37000,"sd","14:13:43",26296600
31700,-800,200,"sd","14:13:43",26259600
31700,-800,500,"sd","14:13:42",26259400
31700,-800,900,"sd","14:13:41",26258900
31750,-750,500,"sd","14:13:41",26258000
31700,-800,300,"sd","14:13:39",26257500
31700,-800,300,"sd","14:13:39",26257200
31700,-800,6400,"sd","14:13:37",26256900
31750,-750,3000,"sd","14:13:36",26250500
31700,-800,28300,"sd","14:13:36",26247500
31750,-750,200,"sd","14:13:35",26219200
31800,-700,100,"sd","14:13:35",26219000
31750,-750,100,"sd","14:13:34",26218900
31750,-750,1000,"sd","14:13:33",26218800
31650,-850,1000,"sd","14:13:32",26217800
31700,-800,1000,"sd","14:13:30",26216800
31700,-800,1500,"sd","14:13:28",26215800
31700,-800,6400,"sd","14:13:27",26214300
31700,-800,2000,"sd","14:13:26",26207900
31700,-800,8200,"sd","14:13:26",26205900
31750,-750,3000,"sd","14:13:24",26197700
31750,-750,1000,"sd","14:13:23",26194700
31700,-800,2900,"sd","14:13:22",26193700
31750,-750,100,"sd","14:13:21",26190800
31700,-800,5000,"sd","14:13:20",26190700
31650,-850,100,"sd","14:13:20",26185700
31700,-800,23200,"sd","14:13:20",26185600
31750,-750,400,"sd","14:13:20",26162400
31750,-750,500,"sd","14:13:17",26162000
31800,-700,500,"bu","14:13:16",26161500
31750,-750,200,"sd","14:13:15",26161000
31600,-900,1000,"sd","14:13:15",26160800
31600,-900,100,"sd","14:13:15",26159800
31700,-800,5000,"sd","14:13:14",26159700
31750,-750,2000,"sd","14:13:13",26154700
31700,-800,300,"sd","14:13:13",26152700
31750,-750,3300,"sd","14:13:13",26152400
31700,-800,5000,"sd","14:13:12",26149100
31700,-800,200,"sd","14:13:10",26144100
31750,-750,1800,"sd","14:13:09",26143900
31750,-750,1500,"sd","14:13:09",26142100
31750,-750,10000,"sd","14:13:08",26140600
31800,-700,100,"bu","14:13:08",26130600
31700,-800,6400,"sd","14:13:06",26130500
31700,-800,300,"sd","14:13:06",26124100
31800,-700,1100,"bu","14:13:06",26123800
31700,-800,1000,"sd","14:13:06",26122700
31750,-750,1000,"sd","14:13:06",26121700
31700,-800,1400,"sd","14:13:06",26120700
31700,-800,1000,"sd","14:13:05",26119300
31700,-800,100,"sd","14:13:05",26118300
31700,-800,500,"sd","14:13:04",26118200
31750,-750,3400,"sd","14:13:04",26117700
31800,-700,200,"bu","14:13:02",26114300
31700,-800,10000,"sd","14:13:02",26114100
31700,-800,100,"sd","14:13:02",26104100
31750,-750,1000,"sd","14:12:59",26104000
31750,-750,1700,"sd","14:12:59",26103000
31750,-750,1400,"sd","14:12:57",26101300
31750,-750,400,"sd","14:12:56",26099900
31650,-850,500,"sd","14:12:55",26099500
31750,-750,2000,"sd","14:12:52",26099000
31750,-750,1000,"sd","14:12:52",26097000
31700,-800,100,"sd","14:12:51",26096000
31700,-800,600,"sd","14:12:51",26095900
31700,-800,2000,"sd","14:12:50",26095300
31700,-800,1000,"sd","14:12:49",26093300
31650,-850,500,"sd","14:12:49",26092300
31750,-750,6800,"sd","14:12:49",26091800
31700,-800,500,"sd","14:12:47",26085000
31700,-800,2000,"sd","14:12:45",26084500
31750,-750,100,"sd","14:12:45",26082500
31750,-750,2000,"sd","14:12:45",26082400
31750,-750,3000,"sd","14:12:44",26080400
31700,-800,100,"sd","14:12:43",26077400
31650,-850,2100,"sd","14:12:43",26077300
31750,-750,4000,"sd","14:12:41",26075200
31700,-800,800,"sd","14:12:41",26071200
31750,-750,2000,"sd","14:12:40",26070400
31750,-750,100,"sd","14:12:39",26068400
31700,-800,6400,"sd","14:12:39",26068300
31650,-850,100,"sd","14:12:38",26061900
31600,-900,500,"sd","14:12:38",26061800
31600,-900,20000,"sd","14:12:38",26061300
31750,-750,1200,"sd","14:12:37",26041300
31700,-800,100,"sd","14:12:36",26040100
31700,-800,200,"sd","14:12:33",26040000
31750,-750,100,"sd","14:12:33",26039800
31750,-750,300,"sd","14:12:32",26039700
31700,-800,6400,"sd","14:12:32",26039400
31750,-750,100,"sd","14:12:31",26033000
31800,-700,300,"bu","14:12:30",26032900
31700,-800,10600,"sd","14:12:30",26032600
31750,-750,100,"sd","14:12:29",26022000
31700,-800,500,"sd","14:12:29",26021900
31700,-800,5000,"sd","14:12:29",26021400
31700,-800,1500,"sd","14:12:29",26016400
31700,-800,1000,"sd","14:12:26",26014900
31700,-800,1500,"sd","14:12:26",26013900
31700,-800,8000,"sd","14:12:24",26012400
31750,-750,4300,"unknown","14:12:23",26004400
31750,-750,5000,"unknown","14:12:22",26000100
31750,-750,1100,"unknown","14:12:22",25995100
31700,-800,5700,"sd","14:12:21",25994000
31750,-750,1000,"unknown","14:12:20",25988300
31750,-750,1800,"unknown","14:12:20",25987300
31750,-750,200,"unknown","14:12:20",25985500
31650,-850,1600,"sd","14:12:19",25985300
31650,-850,23000,"sd","14:12:19",25983700
31750,-750,2000,"unknown","14:12:19",25960700
31750,-750,4800,"unknown","14:12:17",25958700
31650,-850,2000,"sd","14:12:16",25953900
31700,-800,1000,"sd","14:12:14",25951900
31750,-750,5000,"unknown","14:12:13",25950900
31700,-800,1300,"sd","14:12:10",25945900
31750,-750,20000,"unknown","14:12:10",25944600
31700,-800,200,"sd","14:12:09",25924600
31800,-700,300,"bu","14:12:08",25924400
31750,-750,100,"bu","14:12:08",25924100
31750,-750,5000,"bu","14:12:08",25924000
31700,-800,100,"sd","14:12:07",25919000
31750,-750,800,"bu","14:12:04",25918900
31750,-750,500,"bu","14:12:04",25918100
31700,-800,600,"sd","14:12:03",25917600
31750,-750,1000,"bu","14:12:03",25917000
31600,-900,2200,"sd","14:12:02",25916000
31750,-750,1500,"bu","14:12:02",25913800
31750,-750,1000,"bu","14:12:01",25912300
31700,-800,500,"sd","14:12:00",25911300
31650,-850,700,"sd","14:12:00",25910800
31700,-800,100,"sd","14:11:59",25910100
31700,-800,500,"sd","14:11:58",25910000
31700,-800,3000,"sd","14:11:57",25909500
31700,-800,2000,"sd","14:11:56",25906500
31750,-750,100,"bu","14:11:56",25904500
31700,-800,500,"sd","14:11:56",25904400
31700,-800,4400,"sd","14:11:54",25903900
31750,-750,2200,"bu","14:11:54",25899500
31700,-800,200,"sd","14:11:54",25897300
31700,-800,3600,"sd","14:11:53",25897100
31750,-750,300,"sd","14:11:51",25893500
31700,-800,4100,"sd","14:11:50",25893200
31700,-800,100,"sd","14:11:50",25889100
31700,-800,10000,"sd","14:11:49",25889000
31750,-750,500,"sd","14:11:46",25879000
31700,-800,400,"sd","14:11:46",25878500
31750,-750,1000,"sd","14:11:45",25878100
31750,-750,20000,"sd","14:11:45",25877100
31700,-800,18800,"sd","14:11:45",25857100
31650,-850,500,"sd","14:11:44",25838300
31650,-850,1000,"sd","14:11:44",25837800
31750,-750,800,"sd","14:11:42",25836800
31700,-800,500,"sd","14:11:42",25836000
31700,-800,1800,"sd","14:11:41",25835500
31750,-750,300,"sd","14:11:40",25833700
31700,-800,100,"sd","14:11:40",25833400
31800,-700,300,"bu","14:11:35",25833300
31750,-750,900,"bu","14:11:35",25833000
31700,-800,8500,"sd","14:11:35",25832100
31750,-750,100,"bu","14:11:34",25823600
31750,-750,2000,"bu","14:11:34",25823500
31750,-750,3000,"bu","14:11:34",25821500
31700,-800,200,"sd","14:11:31",25818500
31750,-750,500,"bu","14:11:30",25818300
31550,-950,4700,"sd","14:11:29",25817800
31600,-900,300,"sd","14:11:28",25813100
31700,-800,200,"sd","14:11:27",25812800
31750,-750,1000,"bu","14:11:26",25812600
31700,-800,500,"sd","14:11:26",25811600
31700,-800,1000,"sd","14:11:24",25811100
31700,-800,1900,"sd","14:11:23",25810100
31700,-800,4000,"sd","14:11:22",25808200
31750,-750,200,"bu","14:11:22",25804200
31700,-800,2500,"sd","14:11:21",25804000
31700,-800,1000,"sd","14:11:20",25801500
31700,-800,100,"sd","14:11:20",25800500
31700,-800,500,"sd","14:11:20",25800400
31700,-800,300,"sd","14:11:19",25799900
31750,-750,2200,"bu","14:11:17",25799600
31700,-800,400,"sd","14:11:17",25797400
31800,-700,1000,"bu","14:11:15",25797000
31600,-900,700,"sd","14:11:14",25796000
31750,-750,2400,"bu","14:11:12",25795300
31700,-800,1000,"sd","14:11:11",25792900
31650,-850,500,"sd","14:11:11",25791900
31700,-800,100,"sd","14:11:10",25791400
31750,-750,1200,"bu","14:11:09",25791300
31700,-800,5000,"sd","14:11:07",25790100
31750,-750,700,"bu","14:11:06",25785100
31700,-800,100,"sd","14:11:06",25784400
31700,-800,1000,"sd","14:11:05",25784300
31700,-800,5000,"sd","14:11:05",25783300
31750,-750,2000,"bu","14:11:05",25778300
31650,-850,8000,"sd","14:11:05",25776300
31700,-800,9900,"sd","14:11:04",25768300
31750,-750,19700,"bu","14:11:02",25758400
31750,-750,500,"bu","14:11:01",25738700
31750,-750,20200,"bu","14:11:00",25738200
31750,-750,3000,"bu","14:11:00",25718000
31750,-750,18900,"bu","14:11:00",25715000
31650,-850,1000,"sd","14:11:00",25696100
31700,-800,500,"sd","14:10:59",25695100
31750,-750,600,"bu","14:10:58",25694600
31750,-750,100,"bu","14:10:57",25694000
31550,-950,2000,"sd","14:10:56",25693900
31600,-900,800,"sd","14:10:55",25691900
31600,-900,100,"sd","14:10:55",25691100
31700,-800,10000,"sd","14:10:55",25691000
31750,-750,1000,"bu","14:10:54",25681000
31700,-800,100,"sd","14:10:54",25680000
31700,-800,300,"sd","14:10:53",25679900
31750,-750,400,"bu","14:10:52",25679600
31750,-750,2000,"bu","14:10:52",25679200
31700,-800,1400,"sd","14:10:51",25677200
31800,-700,800,"bu","14:10:50",25675800
31700,-800,15400,"sd","14:10:50",25675000
31700,-800,300,"sd","14:10:50",25659600
31750,-750,100,"bu","14:10:50",25659300
31700,-800,1000,"sd","14:10:48",25659200
31700,-800,10000,"sd","14:10:47",25658200
31700,-800,200,"sd","14:10:46",25648200
31700,-800,2500,"sd","14:10:46",25648000
31700,-800,1800,"sd","14:10:44",25645500
31800,-700,4900,"bu","14:10:43",25643700
31800,-700,500,"bu","14:10:43",25638800
31750,-750,200,"bu","14:10:41",25638300
31700,-800,200,"sd","14:10:39",25638100
31650,-850,2000,"sd","14:10:39",25637900
31550,-950,6300,"sd","14:10:37",25635900
31750,-750,1800,"bu","14:10:37",25629600
31700,-800,100,"sd","14:10:36",25627800
31750,-750,700,"bu","14:10:35",25627700
31750,-750,100,"bu","14:10:32",25627000
31700,-800,500,"sd","14:10:31",25626900
31700,-800,500,"sd","14:10:31",25626400
31750,-750,500,"bu","14:10:30",25625900
31750,-750,100,"bu","14:10:29",25625400
31750,-750,1700,"bu","14:10:29",25625300
31750,-750,1000,"bu","14:10:27",25623600
31700,-800,1500,"bu","14:10:25",25622600
31700,-800,600,"bu","14:10:24",25621100
31550,-950,200,"sd","14:10:24",25620500
31600,-900,6000,"sd","14:10:24",25620300
31750,-750,500,"bu","14:10:24",25614300
31700,-800,100,"bu","14:10:23",25613800
31700,-800,1100,"bu","14:10:22",25613700
31750,-750,1500,"bu","14:10:21",25612600
31700,-800,1000,"bu","14:10:20",25611100
31700,-800,200,"bu","14:10:20",25610100
31800,-700,500,"bu","14:10:19",25609900
31700,-800,100,"bu","14:10:19",25609400
31700,-800,100,"bu","14:10:19",25609300
31750,-750,100,"bu","14:10:19",25609200
31650,-850,5000,"sd","14:10:18",25609100
31700,-800,500,"bu","14:10:17",25604100
31700,-800,500,"bu","14:10:17",25603600
31700,-800,1500,"bu","14:10:16",25603100
31600,-900,10000,"sd","14:10:15",25601600
31800,-700,100,"bu","14:10:13",25591600
31800,-700,200,"bu","14:10:13",25591500
31700,-800,20000,"bu","14:10:12",25591300
31750,-750,800,"bu","14:10:11",25571300
31750,-750,100,"bu","14:10:11",25570500
31700,-800,600,"bu","14:10:10",25570400
31700,-800,700,"bu","14:10:10",25569800
31650,-850,500,"sd","14:10:09",25569100
31600,-900,100,"sd","14:10:07",25568600
31700,-800,1000,"unknown","14:10:05",25568500
31700,-800,100,"unknown","14:10:05",25567500
31750,-750,2000,"bu","14:10:04",25567400
31700,-800,300,"unknown","14:10:03",25565400
31750,-750,4900,"bu","14:10:03",25565100
31750,-750,2300,"bu","14:10:00",25560200
31750,-750,400,"bu","14:10:00",25557900
31750,-750,1300,"bu","14:09:59",25557500
31750,-750,600,"bu","14:09:58",25556200
31750,-750,400,"bu","14:09:58",25555600
31700,-800,400,"sd","14:09:56",25555200
31550,-950,100,"sd","14:09:55",25554800
31600,-900,2000,"sd","14:09:55",25554700
31600,-900,70000,"sd","14:09:55",25552700
31700,-800,29000,"sd","14:09:54",25482700
31750,-750,10000,"bu","14:09:52",25453700
31700,-800,500,"sd","14:09:52",25443700
31800,-700,700,"bu","14:09:51",25443200
31700,-800,200,"sd","14:09:51",25442500
31700,-800,200,"sd","14:09:50",25442300
31750,-750,100,"bu","14:09:50",25442100
31700,-800,500,"sd","14:09:48",25442000
31700,-800,300,"sd","14:09:48",25441500
31750,-750,300,"bu","14:09:48",25441200
31600,-900,1000,"sd","14:09:47",25440900
31700,-800,200,"sd","14:09:47",25439900
31800,-700,200,"bu","14:09:45",25439700
31800,-700,100,"bu","14:09:45",25439500
31700,-800,100,"sd","14:09:44",25439400
31750,-750,2000,"bu","14:09:43",25439300
31700,-800,1000,"sd","14:09:42",25437300
31700,-800,1000,"sd","14:09:40",25436300
31650,-850,100,"sd","14:09:39",25435300
31700,-800,100,"sd","14:09:38",25435200
31750,-750,1000,"bu","14:09:38",25435100
31700,-800,11500,"sd","14:09:37",25434100
31700,-800,5900,"sd","14:09:36",25422600
31750,-750,700,"bu","14:09:32",25416700
31600,-900,400,"sd","14:09:31",25416000
31550,-950,6300,"sd","14:09:29",25415600
31700,-800,9000,"sd","14:09:29",25409300
31750,-750,500,"bu","14:09:29",25400300
31600,-900,16500,"sd","14:09:29",25399800
31550,-950,100,"sd","14:09:28",25383300
31600,-900,100,"sd","14:09:28",25383200
31600,-900,300,"sd","14:09:28",25383100
31750,-750,200,"bu","14:09:25",25382800
31700,-800,400,"sd","14:09:24",25382600
31700,-800,700,"sd","14:09:24",25382200
31750,-750,100,"bu","14:09:23",25381500
31700,-800,100,"sd","14:09:22",25381400
31700,-800,300,"sd","14:09:22",25381300
31800,-700,1600,"bu","14:09:18",25381000
31700,-800,1000,"sd","14:09:18",25379400
31750,-750,500,"bu","14:09:17",25378400
31750,-750,2000,"bu","14:09:17",25377900
31700,-800,5000,"sd","14:09:16",25375900
31700,-800,100,"sd","14:09:14",25370900
31700,-800,200,"sd","14:09:11",25370800
31700,-800,100,"sd","14:09:10",25370600
31800,-700,5000,"bu","14:09:08",25370500
31750,-750,600,"bu","14:09:07",25365500
31750,-750,200,"bu","14:09:07",25364900
31650,-850,500,"sd","14:09:06",25364700
31750,-750,6700,"bu","14:09:06",25364200
31600,-900,500,"sd","14:09:04",25357500
31750,-750,200,"bu","14:09:04",25357000
31750,-750,100,"bu","14:09:04",25356800
31550,-950,100,"sd","14:09:04",25356700
31600,-900,2000,"sd","14:09:03",25356600
31600,-900,20000,"sd","14:09:03",25354600
31750,-750,2900,"bu","14:09:01",25334600
31650,-850,5000,"sd","14:09:01",25331700
31700,-800,100,"sd","14:09:00",25326700
31700,-800,200,"sd","14:08:59",25326600
31750,-750,200,"bu","14:08:59",25326400
31600,-900,1000,"sd","14:08:59",25326200
31700,-800,100,"sd","14:08:59",25325200
31650,-850,500,"sd","14:08:58",25325100
31700,-800,200,"sd","14:08:58",25324600
31700,-800,100,"sd","14:08:57",25324400
31700,-800,700,"sd","14:08:57",25324300
31700,-800,9000,"sd","14:08:55",25323600
31800,-700,3600,"bu","14:08:54",25314600
31800,-700,200,"bu","14:08:54",25311000
31800,-700,5000,"bu","14:08:54",25310800
31750,-750,2200,"bu","14:08:53",25305800
31750,-750,2000,"bu","14:08:53",25303600
31700,-800,6000,"sd","14:08:52",25301600
31750,-750,1100,"bu","14:08:52",25295600
31700,-800,5500,"sd","14:08:50",25294500
31700,-800,1100,"sd","14:08:50",25289000
31700,-800,2000,"sd","14:08:48",25287900
31700,-800,100,"sd","14:08:47",25285900
31650,-850,800,"sd","14:08:45",25285800
31800,-700,700,"bu","14:08:44",25285000
31750,-750,100,"unknown","14:08:44",25284300
31700,-800,2000,"sd","14:08:42",25284200
31700,-800,28500,"sd","14:08:42",25282200
31600,-900,900,"sd","14:08:41",25253700
31700,-800,2500,"sd","14:08:41",25252800
31550,-950,1000,"sd","14:08:40",25250300
31600,-900,2000,"sd","14:08:40",25249300
31600,-900,1000,"sd","14:08:40",25247300
31600,-900,6400,"sd","14:08:39",25246300
31650,-850,500,"sd","14:08:38",25239900
31700,-800,4000,"sd","14:08:38",25239400
31600,-900,1200,"sd","14:08:37",25235400
31700,-800,200,"sd","14:08:37",25234200
31600,-900,1400,"sd","14:08:36",25234000
31750,-750,200,"unknown","14:08:36",25232600
31750,-750,200,"unknown","14:08:36",25232400
31600,-900,29900,"sd","14:08:36",25232200
31650,-850,2700,"sd","14:08:35",25202300
31700,-800,200,"sd","14:08:35",25199600
31700,-800,500,"sd","14:08:35",25199400
31800,-700,200,"bu","14:08:32",25198900
31800,-700,400,"bu","14:08:32",25198700
31650,-850,1000,"sd","14:08:31",25198300
31700,-800,300,"sd","14:08:30",25197300
31600,-900,700,"sd","14:08:30",25197000
31700,-800,1000,"sd","14:08:30",25196300
31700,-800,1000,"sd","14:08:30",25195300
31700,-800,500,"sd","14:08:28",25194300
31650,-850,1000,"sd","14:08:27",25193800
31800,-700,2000,"bu","14:08:27",25192800
31700,-800,2000,"sd","14:08:26",25190800
31700,-800,100,"sd","14:08:26",25188800
31700,-800,300,"sd","14:08:25",25188700
31700,-800,1200,"sd","14:08:25",25188400
31700,-800,1000,"sd","14:08:24",25187200
31650,-850,400,"sd","14:08:23",25186200
31750,-750,300,"bu","14:08:22",25185800
31700,-800,200,"sd","14:08:22",25185500
31750,-750,100,"bu","14:08:22",25185300
31800,-700,600,"bu","14:08:22",25185200
31600,-900,1000,"sd","14:08:20",25184600
31550,-950,1000,"sd","14:08:19",25183600
31600,-900,200,"sd","14:08:19",25182600
31600,-900,500,"sd","14:08:19",25182400
31700,-800,6400,"sd","14:08:18",25181900
31650,-850,1000,"sd","14:08:18",25175500
31750,-750,200,"bu","14:08:17",25174500
31850,-650,4500,"bu","14:08:17",25174300
31650,-850,300,"sd","14:08:17",25169800
31700,-800,1300,"sd","14:08:17",25169500
31750,-750,3000,"bu","14:08:17",25168200
31600,-900,1000,"sd","14:08:16",25165200
31700,-800,1000,"sd","14:08:15",25164200
31700,-800,200,"sd","14:08:15",25163200
31750,-750,200,"bu","14:08:15",25163000
31850,-650,100,"bu","14:08:15",25162800
31700,-800,2000,"sd","14:08:15",25162700
31750,-750,900,"bu","14:08:15",25160700
31650,-850,100,"sd","14:08:14",25159800
31700,-800,100,"sd","14:08:14",25159700
31750,-750,400,"bu","14:08:14",25159600
31700,-800,100,"sd","14:08:14",25159200
31700,-800,5000,"sd","14:08:13",25159100
31800,-700,100,"bu","14:08:11",25154100
31800,-700,600,"bu","14:08:11",25154000
31800,-700,2000,"bu","14:08:11",25153400
31750,-750,1800,"bu","14:08:11",25151400
31650,-850,600,"sd","14:08:10",25149600
31750,-750,200,"bu","14:08:09",25149000
31700,-800,700,"sd","14:08:09",25148800
31700,-800,5000,"sd","14:08:08",25148100
31700,-800,2000,"sd","14:08:08",25143100
31700,-800,40200,"sd","14:08:08",25141100
31700,-800,600,"sd","14:08:07",25100900
31800,-700,14000,"bu","14:08:07",25100300
31700,-800,12000,"sd","14:08:06",25086300
31650,-850,1500,"sd","14:08:03",25074300
31700,-800,800,"sd","14:08:02",25072800
31750,-750,100,"bu","14:08:02",25072000
31800,-700,1000,"bu","14:08:02",25071900
31800,-700,1000,"bu","14:08:00",25070900
31600,-900,300,"sd","14:08:00",25069900
31550,-950,100,"sd","14:07:59",25069600
31600,-900,500,"sd","14:07:59",25069500
31600,-900,100,"sd","14:07:59",25069000
31600,-900,700,"sd","14:07:58",25068900
31800,-700,400,"bu","14:07:57",25068200
31600,-900,100,"sd","14:07:57",25067800
31600,-900,1000,"sd","14:07:56",25067700
31700,-800,5000,"sd","14:07:56",25066700
31700,-800,2000,"sd","14:07:56",25061700
31600,-900,500,"sd","14:07:56",25059700
31750,-750,100,"bu","14:07:56",25059200
31700,-800,500,"sd","14:07:56",25059100
31650,-850,100,"sd","14:07:54",25058600
31700,-800,2000,"sd","14:07:54",25058500
31700,-800,1000,"sd","14:07:54",25056500
31550,-950,2000,"sd","14:07:54",25055500
31600,-900,100,"sd","14:07:53",25053500
31700,-800,600,"sd","14:07:52",25053400
31800,-700,1000,"bu","14:07:52",25052800
31800,-700,700,"bu","14:07:52",25051800
31800,-700,5000,"bu","14:07:52",25051100
31750,-750,100,"bu","14:07:50",25046100
31700,-800,10200,"sd","14:07:50",25046000
31700,-800,500,"sd","14:07:49",25035800
31700,-800,500,"sd","14:07:49",25035300
31750,-750,100,"bu","14:07:48",25034800
31700,-800,3200,"sd","14:07:47",25034700
31650,-850,300,"sd","14:07:45",25031500
31750,-750,100,"bu","14:07:44",25031200
31800,-700,100,"bu","14:07:43",25031100
31600,-900,100,"sd","14:07:42",25031000
31550,-950,200,"sd","14:07:41",25030900
31600,-900,200,"sd","14:07:41",25030700
31600,-900,5000,"sd","14:07:41",25030500
31750,-750,100,"bu","14:07:41",25025500
31700,-800,200,"sd","14:07:40",25025400
31800,-700,600,"bu","14:07:39",25025200
31600,-900,500,"sd","14:07:39",25024600
31650,-850,2500,"bu","14:07:38",25024100
31700,-800,100,"bu","14:07:38",25021600
31700,-800,2000,"bu","14:07:38",25021500
31750,-750,100,"bu","14:07:38",25019500
31700,-800,100,"bu","14:07:38",25019400
31700,-800,700,"bu","14:07:37",25019300
31650,-850,1000,"bu","14:07:37",25018600
31700,-800,700,"bu","14:07:37",25017600
31700,-800,2000,"bu","14:07:37",25016900
31600,-900,4600,"sd","14:07:35",25014900
31800,-700,1000,"bu","14:07:35",25010300
31800,-700,800,"bu","14:07:35",25009300
31800,-700,1000,"bu","14:07:35",25008500
31650,-850,400,"bu","14:07:33",25007500
31700,-800,3500,"bu","14:07:32",25007100
31700,-800,1500,"bu","14:07:32",25003600
31700,-800,3000,"bu","14:07:31",25002100
31800,-700,1000,"bu","14:07:30",24999100
31800,-700,500,"bu","14:07:29",24998100
31650,-850,2000,"bu","14:07:28",24997600
31700,-800,100,"bu","14:07:28",24995600
31750,-750,5000,"bu","14:07:27",24995500
31800,-700,800,"bu","14:07:27",24990500
31700,-800,1000,"bu","14:07:26",24989700
31600,-900,600,"sd","14:07:25",24988700
31600,-900,100,"sd","14:07:25",24988100
31550,-950,2000,"sd","14:07:25",24988000
31600,-900,200,"sd","14:07:25",24986000
31600,-900,500,"sd","14:07:25",24985800
31700,-800,600,"bu","14:07:24",24985300
31800,-700,200,"bu","14:07:23",24984700
31650,-850,500,"bu","14:07:22",24984500
31700,-800,100,"bu","14:07:22",24984000
31700,-800,100,"bu","14:07:22",24983900
31750,-750,100,"bu","14:07:22",24983800
31700,-800,1000,"bu","14:07:21",24983700
31650,-850,10000,"bu","14:07:21",24982700
31700,-800,1000,"bu","14:07:21",24972700
31700,-800,600,"bu","14:07:21",24971700
31600,-900,1000,"sd","14:07:19",24971100
31800,-700,500,"bu","14:07:19",24970100
31800,-700,200,"bu","14:07:19",24969600
31800,-700,500,"bu","14:07:19",24969400
31600,-900,200,"sd","14:07:17",24968900
31700,-800,2400,"bu","14:07:16",24968700
31650,-850,100,"bu","14:07:16",24966300
31800,-700,800,"bu","14:07:15",24966200
31800,-700,500,"bu","14:07:15",24965400
31700,-800,6400,"bu","14:07:14",24964900
31850,-650,1000,"bu","14:07:14",24958500
31800,-700,2000,"bu","14:07:14",24957500
31750,-750,500,"bu","14:07:12",24955500
31800,-700,100,"bu","14:07:12",24955000
31600,-900,20100,"sd","14:07:11",24954900
31600,-900,500,"sd","14:07:10",24934800
31800,-700,200,"bu","14:07:10",24934300
31600,-900,100,"sd","14:07:10",24934100
31600,-900,3500,"sd","14:07:10",24934000
31550,-950,10000,"sd","14:07:10",24930500
31600,-900,300,"sd","14:07:10",24920500
31600,-900,1000,"sd","14:07:10",24920200
31700,-800,1800,"bu","14:07:09",24919200
31700,-800,2000,"bu","14:07:09",24917400
31700,-800,700,"bu","14:07:08",24915400
31700,-800,3300,"bu","14:07:08",24914700
31650,-850,5200,"unknown","14:07:08",24911400
31700,-800,100,"bu","14:07:07",24906200
31600,-900,100,"sd","14:07:07",24906100
31700,-800,1000,"bu","14:07:07",24906000
31750,-750,1000,"bu","14:07:07",24905000
31700,-800,2900,"bu","14:07:07",24904000
31650,-850,75000,"unknown","14:07:06",24901100
31700,-800,1000,"bu","14:07:06",24826100
31700,-800,200,"bu","14:07:06",24825100
31800,-700,50000,"bu","14:07:05",24824900
31600,-900,800,"sd","14:07:05",24774900
31700,-800,2000,"bu","14:07:04",24774100
31800,-700,100,"bu","14:07:04",24772100
31800,-700,100,"bu","14:07:04",24772000
31800,-700,100,"bu","14:07:04",24771900
31600,-900,5300,"sd","14:07:04",24771800
31800,-700,1000,"bu","14:07:03",24766500
31700,-800,1000,"bu","14:07:02",24765500
31800,-700,24400,"bu","14:07:00",24764500
31800,-700,4800,"bu","14:07:00",24740100
31800,-700,100,"bu","14:06:59",24735300
31600,-900,1800,"sd","14:06:59",24735200
31650,-850,700,"unknown","14:06:58",24733400
31700,-800,100,"bu","14:06:58",24732700
31600,-900,200,"sd","14:06:58",24732600
31700,-800,800,"bu","14:06:58",24732400
31750,-750,30000,"bu","14:06:58",24731600
31600,-900,200,"sd","14:06:57",24701600
31800,-700,300,"bu","14:06:57",24701400
31700,-800,1000,"bu","14:06:57",24701100
31600,-900,200,"sd","14:06:56",24700100
31550,-950,5000,"sd","14:06:55",24699900
31600,-900,100,"sd","14:06:55",24694900
31600,-900,100,"sd","14:06:55",24694800
31700,-800,1000,"bu","14:06:54",24694700
31700,-800,100,"bu","14:06:54",24693700
31650,-850,1000,"unknown","14:06:53",24693600
31700,-800,500,"bu","14:06:53",24692600
31700,-800,20000,"bu","14:06:53",24692100
31750,-750,1000,"bu","14:06:53",24672100
31700,-800,3700,"bu","14:06:53",24671100
31600,-900,500,"sd","14:06:52",24667400
31650,-850,10000,"unknown","14:06:52",24666900
31700,-800,100,"bu","14:06:52",24656900
31700,-800,500,"bu","14:06:52",24656800
31800,-700,1400,"bu","14:06:51",24656300
31800,-700,1000,"bu","14:06:50",24654900
31800,-700,300,"bu","14:06:50",24653900
31800,-700,300,"bu","14:06:50",24653600
31800,-700,4300,"bu","14:06:50",24653300
31800,-700,1900,"bu","14:06:50",24649000
31800,-700,200,"bu","14:06:48",24647100
31700,-800,10600,"bu","14:06:48",24646900
31800,-700,10000,"bu","14:06:48",24636300
31800,-700,9000,"bu","14:06:47",24626300
31800,-700,500,"bu","14:06:47",24617300
31800,-700,2000,"bu","14:06:46",24616800
31650,-850,100,"unknown","14:06:45",24614800
31650,-850,300,"unknown","14:06:45",24614700
31800,-700,3000,"bu","14:06:45",24614400
31700,-800,100,"bu","14:06:45",24611400
31750,-750,30000,"bu","14:06:45",24611300
31800,-700,100,"bu","14:06:44",24581300
31800,-700,300,"bu","14:06:44",24581200
31550,-950,1000,"sd","14:06:43",24580900
31650,-850,500,"sd","14:06:43",24579900
31550,-950,1000,"sd","14:06:43",24579400
31650,-850,2500,"sd","14:06:42",24578400
31650,-850,100,"sd","14:06:42",24575900
31800,-700,400,"bu","14:06:42",24575800
31700,-800,9200,"unknown","14:06:41",24575400
31800,-700,1000,"bu","14:06:41",24566200
31650,-850,400,"sd","14:06:41",24565200
31800,-700,4000,"bu","14:06:41",24564800
31800,-700,700,"bu","14:06:41",24560800
31700,-800,5000,"unknown","14:06:40",24560100
31700,-800,300,"unknown","14:06:40",24555100
31750,-750,1800,"bu","14:06:40",24554800
31800,-700,1600,"bu","14:06:40",24553000
31650,-850,500,"sd","14:06:39",24551400
31700,-800,500,"bu","14:06:39",24550900
31700,-800,100,"bu","14:06:39",24550400
31800,-700,100,"bu","14:06:38",24550300
31800,-700,500,"bu","14:06:38",24550200
31800,-700,100,"bu","14:06:38",24549700
31800,-700,200,"bu","14:06:38",24549600
31800,-700,300,"bu","14:06:38",24549400
31800,-700,500,"bu","14:06:37",24549100
31800,-700,600,"bu","14:06:37",24548600
31800,-700,10000,"bu","14:06:36",24548000
31800,-700,200,"bu","14:06:36",24538000
31700,-800,1600,"bu","14:06:36",24537800
31800,-700,20000,"bu","14:06:35",24536200
31800,-700,100,"bu","14:06:35",24516200
31800,-700,2000,"bu","14:06:35",24516100
31800,-700,200,"bu","14:06:34",24514100
31700,-800,8900,"bu","14:06:33",24513900
31750,-750,100,"bu","14:06:33",24505000
31800,-700,100,"bu","14:06:32",24504900
31800,-700,1000,"bu","14:06:32",24504800
31550,-950,1300,"sd","14:06:32",24503800
31600,-900,3000,"sd","14:06:31",24502500
31650,-850,100,"sd","14:06:31",24499500
31600,-900,500,"sd","14:06:31",24499400
31800,-700,10000,"bu","14:06:30",24498900
31700,-800,1500,"bu","14:06:30",24488900
31700,-800,500,"bu","14:06:30",24487400
31650,-850,100,"sd","14:06:30",24486900
31650,-850,100,"sd","14:06:29",24486800
31800,-700,100,"bu","14:06:29",24486700
31700,-800,500,"bu","14:06:29",24486600
31800,-700,4000,"bu","14:06:29",24486100
31700,-800,1000,"bu","14:06:29",24482100
31800,-700,100,"bu","14:06:29",24481100
31750,-750,300,"bu","14:06:29",24481000
31800,-700,3000,"bu","14:06:28",24480700
31700,-800,2900,"bu","14:06:28",24477700
31650,-850,200,"sd","14:06:28",24474800
31700,-800,50100,"bu","14:06:28",24474600
31800,-700,100,"bu","14:06:27",24424500
31800,-700,300,"bu","14:06:27",24424400
31800,-700,300,"bu","14:06:27",24424100
31800,-700,200,"bu","14:06:27",24423800
31800,-700,200,"bu","14:06:27",24423600
31800,-700,1000,"bu","14:06:27",24423400
31800,-700,20000,"bu","14:06:25",24422400
31800,-700,15000,"bu","14:06:24",24402400
31800,-700,1500,"bu","14:06:24",24387400
31800,-700,200,"bu","14:06:24",24385900
31800,-700,5000,"bu","14:06:23",24385700
31800,-700,1000,"bu","14:06:22",24380700
31800,-700,2000,"bu","14:06:22",24379700
31750,-750,20000,"unknown","14:06:22",24377700
31850,-650,2000,"bu","14:06:22",24357700
31800,-700,100,"bu","14:06:22",24355700
31800,-700,14800,"bu","14:06:21",24355600
31700,-800,1800,"sd","14:06:21",24340800
31600,-900,3800,"sd","14:06:20",24339000
31650,-850,1000,"sd","14:06:20",24335200
31600,-900,2000,"sd","14:06:20",24334200
31800,-700,800,"bu","14:06:19",24332200
31650,-850,100,"sd","14:06:19",24331400
31800,-700,500,"bu","14:06:19",24331300
31800,-700,1200,"bu","14:06:19",24330800
31700,-800,2000,"sd","14:06:19",24329600
31700,-800,2000,"sd","14:06:18",24327600
31750,-750,200,"unknown","14:06:18",24325600
31800,-700,100,"bu","14:06:18",24325400
31800,-700,200,"bu","14:06:18",24325300
31700,-800,300,"sd","14:06:18",24325100
31650,-850,2000,"sd","14:06:18",24324800
31800,-700,1000,"bu","14:06:17",24322800
31800,-700,1000,"bu","14:06:17",24321800
31800,-700,100,"bu","14:06:16",24320800
31800,-700,200,"bu","14:06:16",24320700
31800,-700,400,"bu","14:06:16",24320500
31800,-700,9600,"bu","14:06:16",24320100
31800,-700,1000,"bu","14:06:15",24310500
31800,-700,100,"bu","14:06:15",24309500
31800,-700,1000,"bu","14:06:14",24309400
31800,-700,19700,"bu","14:06:14",24308400
31800,-700,300,"bu","14:06:14",24288700
31800,-700,27200,"bu","14:06:14",24288400
31800,-700,300,"bu","14:06:13",24261200
31850,-650,200,"bu","14:06:12",24260900
31800,-700,2000,"bu","14:06:12",24260700
31750,-750,100,"sd","14:06:12",24258700
31800,-700,100,"unknown","14:06:12",24258600
31800,-700,200,"unknown","14:06:11",24258500
31600,-900,100,"sd","14:06:10",24258300
31650,-850,50000,"sd","14:06:10",24258200
31800,-700,1600,"sd","14:06:09",24208200
31800,-700,500,"sd","14:06:09",24206600
31650,-850,200,"sd","14:06:09",24206100
31800,-700,100,"sd","14:06:09",24205900
31800,-700,300,"sd","14:06:09",24205800
31800,-700,100,"sd","14:06:09",24205500
31700,-800,1000,"sd","14:06:09",24205400
31700,-800,100,"sd","14:06:08",24204400
31750,-750,11000,"sd","14:06:08",24204300
31700,-800,7200,"sd","14:06:08",24193300
31650,-850,1000,"sd","14:06:08",24186100
31700,-800,100,"sd","14:06:08",24185100
31800,-700,2400,"sd","14:06:07",24185000
31800,-700,300,"sd","14:06:07",24182600
31800,-700,200,"sd","14:06:06",24182300
31800,-700,100,"sd","14:06:06",24182100
31800,-700,100,"sd","14:06:06",24182000
31800,-700,3000,"sd","14:06:06",24181900
31800,-700,1700,"sd","14:06:06",24178900
31750,-750,100,"sd","14:06:05",24177200
31800,-700,400,"sd","14:06:05",24177100
31800,-700,500,"sd","14:06:04",24176700
31800,-700,2000,"sd","14:06:04",24176200
31800,-700,200,"sd","14:06:03",24174200
31750,-750,500,"sd","14:06:02",24174000
31800,-700,100,"sd","14:06:02",24173500
31800,-700,300,"sd","14:06:02",24173400
31800,-700,500,"sd","14:06:02",24173100
31750,-750,200,"sd","14:06:01",24172600
31600,-900,5000,"sd","14:06:01",24172400
31600,-900,34900,"sd","14:06:01",24167400
31800,-700,300,"sd","14:06:00",24132500
31800,-700,100,"sd","14:06:00",24132200
31700,-800,1000,"sd","14:05:59",24132100
31700,-800,100,"sd","14:05:59",24131100
31800,-700,5000,"sd","14:05:59",24131000
31650,-850,1000,"sd","14:05:59",24126000
31700,-800,100,"sd","14:05:59",24125000
31800,-700,1000,"sd","14:05:58",24124900
31800,-700,4100,"sd","14:05:57",24123900
31800,-700,2000,"sd","14:05:57",24119800
31800,-700,1000,"sd","14:05:57",24117800
31800,-700,200,"sd","14:05:57",24116800
31800,-700,600,"sd","14:05:57",24116600
31800,-700,8900,"bu","14:05:56",24116000
31800,-700,1300,"bu","14:05:56",24107100
31800,-700,100,"bu","14:05:56",24105800
31800,-700,100,"bu","14:05:56",24105700
31800,-700,900,"bu","14:05:55",24105600
31800,-700,5000,"bu","14:05:55",24104700
31800,-700,10000,"bu","14:05:55",24099700
31700,-800,6200,"sd","14:05:55",24089700
31750,-750,1000,"sd","14:05:54",24083500
31800,-700,1000,"bu","14:05:54",24082500
31800,-700,100,"bu","14:05:54",24081500
31800,-700,100,"bu","14:05:53",24081400
31750,-750,800,"sd","14:05:53",24081300
31800,-700,100,"bu","14:05:52",24080500
31800,-700,1000,"bu","14:05:52",24080400
31700,-800,800,"sd","14:05:51",24079400
31700,-800,1000,"sd","14:05:51",24078600
31750,-750,200,"sd","14:05:51",24077600
31800,-700,4700,"bu","14:05:51",24077400
31800,-700,200,"bu","14:05:51",24072700
31700,-800,1000,"sd","14:05:51",24072500
31700,-800,300,"sd","14:05:51",24071500
31750,-750,300,"sd","14:05:50",24071200
31800,-700,500,"bu","14:05:50",24070900
31800,-700,100,"bu","14:05:50",24070400
31800,-700,200,"bu","14:05:50",24070300
31850,-650,500,"bu","14:05:49",24070100
31800,-700,100,"bu","14:05:49",24069600
31800,-700,200,"bu","14:05:48",24069500
31800,-700,400,"bu","14:05:48",24069300
31750,-750,100,"sd","14:05:48",24068900
