"price","change","match_qtty","side","time","total_vol"
82200,-2200,1746400,"unknown","14:45:07",2530300
83900,-500,500,"sd","14:29:43",783900
84000,-400,100,"bu","14:29:40",783400
84000,-400,100,"bu","14:29:40",783300
83900,-500,5000,"sd","14:28:58",783200
83800,-600,400,"sd","14:28:47",778200
83800,-600,100,"sd","14:28:47",777800
83800,-600,400,"sd","14:28:47",777700
83800,-600,200,"sd","14:28:47",777300
83800,-600,100,"sd","14:28:47",777100
83800,-600,100,"sd","14:28:47",777000
83800,-600,100,"sd","14:28:47",776900
83800,-600,100,"sd","14:28:47",776800
83800,-600,400,"sd","14:28:47",776700
83800,-600,100,"sd","14:28:47",776300
83800,-600,100,"sd","14:28:41",776200
83800,-600,200,"sd","14:28:41",776100
83800,-600,100,"sd","14:28:41",775900
83800,-600,100,"sd","14:28:41",775800
83800,-600,100,"sd","14:28:41",775700
83800,-600,200,"sd","14:28:40",775600
83800,-600,1200,"sd","14:28:40",775400
83800,-600,500,"sd","14:28:37",774200
83800,-600,2000,"sd","14:28:34",773700
84000,-400,100,"bu","14:28:33",771700
83800,-600,500,"sd","14:28:31",771600
83800,-600,500,"sd","14:28:28",771100
83800,-600,100,"sd","14:28:26",770600
83800,-600,100,"sd","14:28:26",770500
83900,-500,100,"sd","14:28:26",770400
83800,-600,300,"sd","14:28:26",770300
83800,-600,100,"sd","14:28:26",770000
83800,-600,500,"sd","14:28:26",769900
83800,-600,500,"sd","14:28:26",769400
83800,-600,200,"sd","14:28:26",768900
83800,-600,500,"sd","14:28:26",768700
83800,-600,600,"sd","14:28:26",768200
84000,-400,100,"bu","14:28:24",767600
83800,-600,100,"sd","14:28:20",767500
83800,-600,100,"sd","14:28:20",767400
83800,-600,700,"sd","14:28:20",767300
83800,-600,200,"sd","14:28:20",766600
83800,-600,100,"sd","14:28:20",766400
83800,-600,100,"sd","14:28:20",766300
83800,-600,900,"sd","14:28:20",766200
83800,-600,100,"sd","14:28:20",765300
83800,-600,100,"sd","14:28:12",765200
83800,-600,100,"sd","14:28:12",765100
83800,-600,200,"sd","14:28:12",765000
83800,-600,200,"sd","14:28:12",764800
83800,-600,100,"sd","14:28:12",764600
83800,-600,100,"sd","14:28:12",764500
83800,-600,200,"sd","14:28:12",764400
83800,-600,200,"sd","14:28:12",764200
83800,-600,100,"sd","14:28:12",764000
83800,-600,300,"sd","14:28:12",763900
83800,-600,400,"sd","14:28:12",763600
83900,-500,200,"bu","14:28:12",763200
83800,-600,100,"sd","14:28:12",763000
83800,-600,200,"sd","14:28:12",762900
83900,-500,500,"bu","14:28:04",762700
83900,-500,500,"bu","14:28:04",762200
83800,-600,300,"sd","14:27:55",761700
83800,-600,100,"sd","14:27:55",761400
83800,-600,100,"sd","14:27:37",761300
83900,-500,100,"bu","14:27:37",761200
83900,-500,100,"bu","14:27:24",761100
83800,-600,1400,"sd","14:27:11",761000
83800,-600,100,"sd","14:27:11",759600
83800,-600,500,"sd","14:27:11",759500
83800,-600,2000,"sd","14:27:08",759000
83900,-500,100,"bu","14:26:54",757000
83800,-600,100,"sd","14:26:29",756900
83800,-600,100,"sd","14:26:21",756800
83800,-600,3000,"sd","14:26:16",756700
83800,-600,200,"sd","14:25:59",753700
83800,-600,300,"sd","14:25:59",753500
83800,-600,1300,"sd","14:25:59",753200
83800,-600,100,"sd","14:25:59",751900
83800,-600,700,"sd","14:25:51",751800
83800,-600,1000,"sd","14:25:51",751100
83800,-600,300,"sd","14:25:51",750100
83800,-600,100,"sd","14:25:51",749800
83900,-500,100,"bu","14:25:50",749700
83800,-600,100,"sd","14:25:42",749600
83800,-600,100,"sd","14:25:42",749500
83800,-600,600,"sd","14:25:42",749400
83800,-600,500,"sd","14:25:42",748800
83800,-600,200,"sd","14:25:42",748300
83800,-600,100,"sd","14:25:42",748100
83800,-600,700,"sd","14:25:42",748000
83800,-600,500,"sd","14:25:42",747300
83800,-600,100,"sd","14:25:42",746800
83800,-600,100,"sd","14:25:42",746700
83800,-600,500,"sd","14:25:42",746600
83800,-600,2000,"sd","14:25:40",746100
83800,-600,500,"sd","14:25:35",744100
83800,-600,2000,"sd","14:25:33",743600
83800,-600,1400,"sd","14:25:22",741600
83800,-600,100,"sd","14:25:22",740200
83800,-600,400,"sd","14:25:22",740100
83800,-600,100,"sd","14:25:22",739700
83800,-600,900,"sd","14:25:17",739600
83800,-600,1400,"sd","14:25:17",738700
83800,-600,100,"sd","14:25:16",737300
83800,-600,100,"sd","14:25:16",737200
83800,-600,100,"sd","14:25:16",737100
83800,-600,1000,"sd","14:25:16",737000
83800,-600,100,"sd","14:25:16",736000
83800,-600,100,"sd","14:25:16",735900
83800,-600,100,"sd","14:25:16",735800
83800,-600,100,"sd","14:25:16",735700
83800,-600,100,"sd","14:25:16",735600
83900,-500,100,"bu","14:25:13",735500
83800,-600,1400,"sd","14:25:09",735400
83800,-600,300,"sd","14:25:09",734000
83800,-600,1000,"sd","14:25:01",733700
83900,-500,100,"sd","14:25:01",732700
83900,-500,300,"sd","14:25:01",732600
84000,-400,200,"bu","14:24:59",732300
84000,-400,100,"bu","14:24:59",732100
84000,-400,400,"bu","14:24:59",732000
83800,-600,1900,"sd","14:24:51",731600
83900,-500,100,"sd","14:24:51",729700
83900,-500,100,"bu","14:24:41",729600
83900,-500,100,"bu","14:24:41",729500
83800,-600,1800,"sd","14:24:34",729400
83900,-500,200,"sd","14:24:22",727600
83900,-500,100,"sd","14:24:22",727400
83800,-600,200,"sd","14:23:51",727300
83800,-600,500,"sd","14:23:51",727100
83800,-600,100,"sd","14:23:51",726600
83800,-600,100,"sd","14:23:51",726500
83800,-600,400,"sd","14:23:51",726400
83900,-500,500,"sd","14:23:51",726000
83900,-500,100,"sd","14:23:51",725500
84000,-400,600,"bu","14:23:43",725400
83800,-600,100,"sd","14:23:09",724800
83800,-600,100,"sd","14:23:08",724700
83800,-600,100,"sd","14:23:08",724600
83800,-600,100,"sd","14:23:08",724500
83800,-600,1000,"sd","14:23:08",724400
83800,-600,400,"sd","14:23:08",723400
83900,-500,100,"sd","14:23:08",723000
84000,-400,200,"bu","14:23:03",722900
84000,-400,300,"bu","14:23:03",722700
84000,-400,200,"bu","14:22:28",722400
84000,-400,100,"bu","14:22:28",722200
84000,-400,100,"bu","14:22:28",722100
84000,-400,200,"bu","14:22:28",722000
83800,-600,1800,"sd","14:22:25",721800
83800,-600,200,"sd","14:22:16",720000
83800,-600,100,"sd","14:22:10",719800
83800,-600,100,"sd","14:22:04",719700
83800,-600,200,"sd","14:21:59",719600
83900,-500,100,"sd","14:21:59",719400
83800,-600,200,"sd","14:21:43",719300
83800,-600,100,"sd","14:21:43",719100
83800,-600,100,"sd","14:21:43",719000
83800,-600,100,"sd","14:21:43",718900
83800,-600,100,"sd","14:21:43",718800
83800,-600,100,"sd","14:21:43",718700
83800,-600,700,"sd","14:21:43",718600
83900,-500,500,"sd","14:21:43",717900
84000,-400,200,"bu","14:21:20",717400
84000,-400,600,"bu","14:21:12",717200
83800,-600,300,"sd","14:21:00",716600
83800,-600,1600,"sd","14:21:00",716300
84000,-400,400,"bu","14:20:55",714700
83800,-600,100,"sd","14:20:17",714300
83900,-500,100,"sd","14:20:17",714200
83900,-500,100,"sd","14:20:17",714100
83900,-500,500,"sd","14:20:17",714000
83900,-500,1000,"sd","14:20:17",713500
84000,-400,100,"bu","14:19:56",712500
84000,-400,100,"bu","14:19:56",712400
84000,-400,200,"bu","14:19:56",712300
84000,-400,100,"bu","14:19:56",712100
84000,-400,100,"bu","14:19:56",712000
84000,-400,100,"bu","14:19:56",711900
84000,-400,100,"bu","14:19:35",711800
83900,-500,1900,"sd","14:19:34",711700
84000,-400,400,"bu","14:19:17",709800
84000,-400,100,"bu","14:18:54",709400
83800,-600,1900,"sd","14:18:52",709300
84000,-400,100,"bu","14:18:51",707400
84000,-400,100,"bu","14:18:50",707300
84000,-400,600,"bu","14:18:41",707200
84000,-400,100,"bu","14:18:38",706600
83800,-600,300,"sd","14:18:36",706500
84000,-400,100,"bu","14:18:35",706200
84000,-400,100,"bu","14:18:28",706100
83800,-600,400,"sd","14:18:23",706000
84000,-400,200,"bu","14:18:22",705600
83800,-600,1200,"sd","14:18:09",705400
83900,-500,200,"sd","14:18:09",704200
83900,-500,500,"sd","14:18:09",704000
83800,-600,5600,"sd","14:17:43",703500
83800,-600,3900,"sd","14:17:43",697900
83900,-500,400,"sd","14:17:43",694000
83900,-500,900,"sd","14:17:43",693600
83900,-500,3700,"sd","14:17:43",692700
83900,-500,100,"sd","14:17:43",689000
83900,-500,100,"sd","14:17:43",688900
83900,-500,500,"sd","14:17:43",688800
83900,-500,1000,"sd","14:17:43",688300
83900,-500,100,"sd","14:17:43",687300
83900,-500,400,"sd","14:17:43",687200
83900,-500,600,"sd","14:17:26",686800
83900,-500,100,"sd","14:17:26",686200
84000,-400,700,"bu","14:17:25",686100
84000,-400,300,"bu","14:17:23",685400
84000,-400,100,"bu","14:16:58",685100
84000,-400,600,"bu","14:16:09",685000
83900,-500,100,"sd","14:14:58",684400
83900,-500,100,"sd","14:14:58",684300
84000,-400,600,"bu","14:14:54",684200
83900,-500,500,"sd","14:14:08",683600
83900,-500,100,"sd","14:14:08",683100
83900,-500,100,"sd","14:14:08",683000
83900,-500,100,"sd","14:14:08",682900
83900,-500,100,"sd","14:14:03",682800
83900,-500,900,"sd","14:14:03",682700
83900,-500,100,"sd","14:13:40",681800
83900,-500,100,"sd","14:13:40",681700
83900,-500,100,"sd","14:13:40",681600
84000,-400,700,"bu","14:13:38",681500
84000,-400,100,"bu","14:13:33",680800
83900,-500,500,"bu","14:13:24",680700
83900,-500,300,"bu","14:13:17",680200
83900,-500,500,"sd","14:13:11",679900
83900,-500,100,"sd","14:13:11",679400
83900,-500,500,"sd","14:13:11",679300
83900,-500,100,"sd","14:13:11",678800
83900,-500,4000,"sd","14:13:11",678700
83900,-500,1000,"sd","14:13:11",674700
83900,-500,200,"sd","14:13:11",673700
83900,-500,1200,"sd","14:13:11",673500
83900,-500,100,"sd","14:13:11",672300
83900,-500,100,"sd","14:13:11",672200
83900,-500,200,"sd","14:13:11",672100
83900,-500,200,"sd","14:13:11",671900
83900,-500,100,"sd","14:13:11",671700
83900,-500,600,"sd","14:13:11",671600
83900,-500,300,"sd","14:13:11",671000
83900,-500,100,"sd","14:12:31",670700
83900,-500,1600,"sd","14:12:28",670600
83900,-500,100,"sd","14:12:28",669000
83900,-500,100,"sd","14:12:28",668900
83900,-500,600,"sd","14:12:28",668800
83900,-500,100,"sd","14:12:28",668200
83900,-500,400,"sd","14:12:28",668100
84000,-400,700,"sd","14:12:28",667700
84000,-400,400,"sd","14:12:28",667000
84000,-400,200,"sd","14:12:07",666600
84000,-400,600,"sd","14:11:55",666400
84000,-400,200,"sd","14:11:55",665800
84000,-400,100,"sd","14:11:55",665600
84000,-400,700,"sd","14:11:55",665500
84000,-400,400,"sd","14:11:55",664800
84000,-400,500,"sd","14:11:51",664400
84000,-400,2000,"sd","14:11:36",663900
84000,-400,100,"sd","14:11:25",661900
84000,-400,200,"sd","14:11:25",661800
84000,-400,2000,"sd","14:11:22",661600
84000,-400,2000,"sd","14:10:41",659600
84000,-400,4500,"sd","14:10:21",657600
84000,-400,100,"sd","14:10:06",653100
84000,-400,1000,"bu","14:09:16",653000
84000,-400,700,"bu","14:08:44",652000
84000,-400,100,"bu","14:08:43",651300
84000,-400,500,"sd","14:08:28",651200
84000,-400,200,"sd","14:08:28",650700
84000,-400,1000,"sd","14:08:28",650500
84100,-300,100,"sd","14:08:28",649500
84100,-300,100,"sd","14:08:28",649400
84100,-300,300,"sd","14:08:28",649300
84100,-300,700,"sd","14:08:19",649000
84100,-300,200,"sd","14:08:19",648300
84100,-300,200,"sd","14:08:19",648100
84100,-300,2900,"sd","14:08:19",647900
84100,-300,100,"sd","14:08:05",645000
84100,-300,3000,"sd","14:08:05",644900
84100,-300,500,"sd","14:08:05",641900
84100,-300,400,"sd","14:08:05",641400
84100,-300,300,"sd","14:07:56",641000
84100,-300,2000,"sd","14:07:45",640700
84200,-200,500,"bu","14:07:35",638700
84200,-200,500,"bu","14:06:25",638200
84200,-200,100,"bu","14:06:25",637700
84200,-200,100,"bu","14:05:53",637600
84200,-200,600,"bu","14:05:16",637500
84200,-200,100,"bu","14:05:08",636900
84200,-200,200,"bu","14:05:06",636800
84200,-200,100,"bu","14:04:59",636600
84100,-300,200,"sd","14:04:35",636500
84200,-200,1500,"bu","14:04:09",636300
84200,-200,500,"bu","14:04:09",634800
84200,-200,400,"bu","14:04:09",634300
84200,-200,300,"bu","14:04:09",633900
84200,-200,100,"bu","14:04:09",633600
84200,-200,1400,"bu","14:04:09",633500
84200,-200,600,"bu","14:04:06",632100
84200,-200,100,"bu","14:03:46",631500
84200,-200,600,"bu","14:02:58",631400
84200,-200,400,"bu","14:02:58",630800
84100,-300,100,"bu","14:02:56",630400
84100,-300,1800,"bu","14:02:55",630300
84100,-300,500,"bu","14:02:55",628500
84100,-300,3400,"bu","14:02:55",628000
84100,-300,3000,"bu","14:02:42",624600
84100,-300,200,"bu","14:02:29",621600
84100,-300,3000,"bu","14:02:28",621400
84100,-300,400,"bu","14:02:26",618400
84100,-300,100,"bu","14:02:26",618000
84100,-300,100,"bu","14:02:26",617900
84100,-300,1300,"bu","14:02:26",617800
84100,-300,1700,"bu","14:02:14",616500
84100,-300,1000,"bu","14:02:14",614800
84100,-300,300,"bu","14:02:14",613800
84100,-300,700,"bu","14:02:12",613500
84100,-300,1500,"bu","14:02:12",612800
84100,-300,200,"bu","14:02:12",611300
84100,-300,800,"bu","14:02:11",611100
84100,-300,300,"bu","14:02:11",610300
84000,-400,600,"bu","14:02:11",610000
84000,-400,800,"bu","14:02:11",609400
84000,-400,500,"bu","14:02:11",608600
84000,-400,1200,"bu","14:02:03",608100
84000,-400,100,"bu","14:02:03",606900
84000,-400,1000,"bu","14:02:03",606800
84000,-400,100,"bu","14:02:03",605800
84000,-400,600,"bu","14:02:03",605700
84000,-400,2300,"bu","14:02:02",605100
84000,-400,2100,"bu","14:01:56",602800
84000,-400,200,"bu","14:01:56",600700
83900,-500,200,"sd","14:00:59",600500
84000,-400,300,"bu","14:00:58",600300
83900,-500,2000,"sd","14:00:36",600000
84000,-400,300,"bu","14:00:12",598000
84000,-400,100,"bu","14:00:05",597700
83900,-500,400,"sd","14:00:00",597600
83900,-500,200,"sd","14:00:00",597200
83900,-500,200,"sd","14:00:00",597000
83800,-600,1500,"sd","13:58:54",596800
83900,-500,1000,"sd","13:58:54",595300
83900,-500,3000,"sd","13:58:54",594300
83900,-500,200,"sd","13:58:54",591300
84000,-400,100,"bu","13:58:48",591100
84000,-400,500,"bu","13:58:34",591000
84000,-400,600,"bu","13:58:18",590500
84000,-400,1200,"bu","13:58:09",589900
84000,-400,1000,"bu","13:58:09",588700
84000,-400,500,"bu","13:58:09",587700
84000,-400,300,"bu","13:58:09",587200
84000,-400,500,"bu","13:57:56",586900
84000,-400,1000,"bu","13:57:56",586400
84000,-400,800,"bu","13:57:56",585400
84000,-400,700,"bu","13:57:56",584600
83900,-500,100,"sd","13:57:23",583900
83900,-500,600,"sd","13:57:23",583800
83900,-500,100,"sd","13:57:23",583200
83900,-500,300,"sd","13:57:23",583100
83900,-500,500,"sd","13:57:23",582800
83900,-500,300,"sd","13:57:23",582300
83900,-500,800,"sd","13:57:22",582000
83900,-500,400,"sd","13:56:40",581200
83900,-500,300,"sd","13:56:40",580800
83900,-500,300,"sd","13:56:21",580500
83900,-500,400,"bu","13:55:46",580200
83900,-500,600,"bu","13:55:46",579800
83900,-500,700,"bu","13:55:46",579200
83900,-500,100,"bu","13:55:46",578500
83900,-500,1800,"bu","13:55:46",578400
83900,-500,200,"bu","13:55:38",576600
83800,-600,100,"sd","13:55:37",576400
83800,-600,400,"sd","13:55:30",576300
83800,-600,2000,"sd","13:55:30",575900
83800,-600,100,"sd","13:55:30",573900
83800,-600,100,"sd","13:55:30",573800
83800,-600,500,"sd","13:55:30",573700
83800,-600,300,"sd","13:55:30",573200
83800,-600,100,"sd","13:55:30",572900
83800,-600,100,"sd","13:55:30",572800
83800,-600,100,"sd","13:55:30",572700
83800,-600,300,"sd","13:55:30",572600
83800,-600,100,"sd","13:55:29",572300
83800,-600,100,"sd","13:55:29",572200
83800,-600,100,"sd","13:55:29",572100
83800,-600,200,"sd","13:55:29",572000
83800,-600,100,"sd","13:55:29",571800
83800,-600,100,"sd","13:55:29",571700
83800,-600,200,"sd","13:55:29",571600
83800,-600,200,"sd","13:55:29",571400
83800,-600,100,"sd","13:55:29",571200
83800,-600,400,"sd","13:55:29",571100
83800,-600,500,"sd","13:55:29",570700
83800,-600,200,"sd","13:55:29",570200
83800,-600,1400,"sd","13:55:29",570000
83800,-600,3600,"sd","13:55:29",568600
83800,-600,300,"sd","13:55:29",565000
83800,-600,700,"sd","13:55:29",564700
83800,-600,100,"sd","13:54:14",564000
83900,-500,200,"bu","13:54:00",563900
83800,-600,300,"sd","13:53:49",563700
83900,-500,600,"bu","13:53:40",563400
83900,-500,100,"bu","13:53:09",562800
83900,-500,200,"bu","13:52:30",562700
83900,-500,400,"bu","13:52:30",562500
83900,-500,100,"bu","13:52:14",562100
83900,-500,100,"bu","13:51:45",562000
83900,-500,200,"bu","13:51:27",561900
83900,-500,600,"bu","13:51:20",561700
83900,-500,100,"sd","13:51:07",561100
83900,-500,100,"bu","13:50:53",561000
83900,-500,100,"bu","13:50:22",560900
83900,-500,700,"bu","13:50:22",560800
83900,-500,1300,"bu","13:50:22",560100
83800,-600,200,"sd","13:50:18",558800
83900,-500,500,"bu","13:50:11",558600
83900,-500,100,"bu","13:50:07",558100
83900,-500,100,"bu","13:49:49",558000
83900,-500,1000,"bu","13:49:44",557900
83900,-500,100,"bu","13:49:43",556900
83900,-500,1800,"bu","13:49:43",556800
83800,-600,100,"sd","13:48:59",555000
83900,-500,200,"sd","13:48:45",554900
83900,-500,700,"sd","13:48:45",554700
83900,-500,900,"sd","13:48:45",554000
83900,-500,500,"sd","13:48:45",553100
83900,-500,600,"sd","13:48:45",552600
83900,-500,100,"sd","13:48:45",552000
83900,-500,100,"sd","13:48:22",551900
83900,-500,100,"sd","13:48:03",551800
83900,-500,500,"sd","13:48:03",551700
83900,-500,100,"sd","13:48:03",551200
83900,-500,400,"sd","13:48:03",551100
83900,-500,500,"sd","13:48:03",550700
83900,-500,200,"sd","13:48:03",550200
83900,-500,500,"sd","13:48:03",550000
83900,-500,1700,"sd","13:48:03",549500
84000,-400,300,"bu","13:48:01",547800
84000,-400,1900,"bu","13:47:58",547500
84000,-400,300,"bu","13:47:58",545600
83900,-500,1200,"sd","13:47:57",545300
84000,-400,600,"bu","13:47:51",544100
84000,-400,300,"bu","13:46:54",543500
84000,-400,300,"bu","13:46:50",543200
83900,-500,700,"sd","13:46:40",542900
83900,-500,300,"sd","13:46:38",542200
83900,-500,100,"sd","13:45:57",541900
83900,-500,200,"bu","13:45:20",541800
83900,-500,1400,"bu","13:45:20",541600
83900,-500,100,"bu","13:45:04",540200
83900,-500,100,"bu","13:44:35",540100
83900,-500,400,"bu","13:44:23",540000
83900,-500,200,"bu","13:44:23",539600
83900,-500,100,"bu","13:43:42",539400
83900,-500,1000,"bu","13:43:31",539300
83800,-600,800,"sd","13:43:20",538300
83800,-600,200,"sd","13:43:15",537500
83900,-500,100,"bu","13:43:13",537300
83900,-500,500,"bu","13:43:13",537200
83900,-500,100,"bu","13:42:55",536700
83800,-600,400,"sd","13:42:21",536600
83900,-500,300,"bu","13:42:11",536200
83900,-500,200,"bu","13:42:04",535900
83900,-500,300,"bu","13:41:55",535700
83900,-500,100,"bu","13:41:47",535400
83800,-600,200,"sd","13:41:42",535300
83900,-500,100,"bu","13:41:38",535100
83900,-500,200,"bu","13:41:28",535000
83900,-500,400,"bu","13:41:13",534800
83900,-500,1800,"sd","13:40:55",534400
84000,-400,1500,"bu","13:40:55",532600
84000,-400,1500,"bu","13:40:55",531100
83900,-500,1200,"sd","13:40:51",529600
83900,-500,300,"sd","13:40:51",528400
83900,-500,300,"sd","13:40:51",528100
83900,-500,200,"sd","13:40:51",527800
83900,-500,400,"sd","13:40:51",527600
83900,-500,200,"sd","13:40:51",527200
83900,-500,100,"sd","13:40:51",527000
83900,-500,200,"sd","13:40:51",526900
83900,-500,100,"sd","13:40:51",526700
83900,-500,100,"sd","13:40:51",526600
83900,-500,900,"sd","13:40:51",526500
83900,-500,1100,"sd","13:40:50",525600
83900,-500,500,"sd","13:40:50",524500
83900,-500,200,"sd","13:40:50",524000
83900,-500,300,"sd","13:40:50",523800
83900,-500,400,"sd","13:40:50",523500
83900,-500,300,"sd","13:40:50",523100
83900,-500,100,"sd","13:40:50",522800
83900,-500,300,"sd","13:40:50",522700
83900,-500,100,"sd","13:40:50",522400
83900,-500,300,"sd","13:40:50",522300
83900,-500,100,"sd","13:40:50",522000
83900,-500,100,"sd","13:40:50",521900
83900,-500,200,"sd","13:40:50",521800
83900,-500,700,"sd","13:40:00",521600
83900,-500,300,"sd","13:39:40",520900
83900,-500,2400,"sd","13:38:57",520600
84000,-400,100,"bu","13:38:56",518200
84000,-400,100,"sd","13:38:43",518100
84000,-400,200,"bu","13:38:33",518000
84000,-400,100,"bu","13:37:53",517800
84000,-400,200,"bu","13:37:51",517700
84000,-400,100,"bu","13:37:51",517500
84000,-400,100,"bu","13:37:20",517400
84000,-400,400,"bu","13:37:11",517300
84000,-400,100,"sd","13:36:40",516900
84000,-400,200,"sd","13:36:37",516800
84000,-400,200,"sd","13:36:37",516600
84000,-400,100,"sd","13:36:37",516400
84000,-400,200,"sd","13:36:29",516300
84000,-400,100,"sd","13:36:21",516100
84000,-400,100,"sd","13:36:18",516000
84000,-400,100,"sd","13:36:07",515900
84000,-400,200,"sd","13:36:07",515800
84000,-400,100,"sd","13:36:00",515600
84000,-400,200,"sd","13:35:17",515500
84100,-300,300,"bu","13:35:10",515300
84100,-300,100,"bu","13:34:52",515000
84100,-300,1800,"bu","13:34:36",514900
84100,-300,1200,"bu","13:34:36",513100
84000,-400,2000,"bu","13:34:18",511900
84000,-400,100,"bu","13:34:18",509900
84000,-400,300,"bu","13:34:18",509800
84000,-400,100,"bu","13:34:18",509500
83900,-500,2000,"sd","13:34:02",509400
84000,-400,1000,"bu","13:33:58",507400
84000,-400,300,"bu","13:33:58",506400
84000,-400,700,"bu","13:33:58",506100
84000,-400,2000,"bu","13:33:52",505400
83900,-500,100,"sd","13:33:48",503400
83900,-500,700,"sd","13:33:20",503300
83900,-500,200,"sd","13:32:41",502600
83900,-500,3000,"sd","13:32:26",502400
83900,-500,300,"sd","13:32:14",499400
83900,-500,200,"sd","13:32:14",499100
83900,-500,3500,"sd","13:32:14",498900
83900,-500,1100,"sd","13:31:51",495400
84000,-400,300,"bu","13:31:48",494300
84000,-400,100,"bu","13:31:43",494000
84000,-400,300,"sd","13:31:10",493900
84000,-400,100,"sd","13:31:10",493600
84000,-400,500,"sd","13:31:10",493500
84000,-400,200,"sd","13:30:52",493000
84000,-400,300,"sd","13:30:52",492800
84000,-400,500,"bu","13:30:19",492500
84000,-400,300,"sd","13:30:01",492000
84000,-400,100,"bu","13:29:22",491700
84000,-400,500,"bu","13:29:22",491600
83900,-500,200,"sd","13:29:19",491100
84000,-400,1700,"bu","13:29:07",490900
84000,-400,400,"bu","13:29:07",489200
84000,-400,200,"sd","13:29:01",488800
84000,-400,200,"sd","13:29:01",488600
84100,-300,200,"bu","13:28:31",488400
84100,-300,300,"bu","13:28:27",488200
84100,-300,300,"bu","13:28:27",487900
84100,-300,100,"bu","13:28:19",487600
84100,-300,300,"bu","13:28:13",487500
84100,-300,300,"bu","13:27:46",487200
84100,-300,100,"bu","13:27:06",486900
84100,-300,200,"bu","13:27:06",486800
84100,-300,300,"bu","13:26:25",486600
84200,-200,200,"bu","13:26:02",486300
83900,-500,200,"sd","13:25:49",486100
83900,-500,100,"sd","13:25:49",485900
84200,-200,300,"bu","13:25:45",485800
84200,-200,100,"bu","13:25:04",485500
84200,-200,100,"bu","13:25:04",485400
84100,-300,200,"bu","13:25:04",485300
84200,-200,200,"bu","13:24:44",485100
84200,-200,300,"bu","13:24:29",484900
84200,-200,700,"bu","13:24:29",484600
84200,-200,200,"bu","13:24:28",483900
84100,-300,100,"bu","13:24:28",483700
84100,-300,500,"bu","13:24:28",483600
84100,-300,1000,"bu","13:24:28",483100
84200,-200,700,"bu","13:24:28",482100
84100,-300,500,"bu","13:24:28",481400
84100,-300,300,"bu","13:24:24",480900
84100,-300,1000,"bu","13:24:13",480600
84000,-400,700,"unknown","13:23:54",479600
84000,-400,100,"unknown","13:23:54",478900
84100,-300,200,"bu","13:23:54",478800
84100,-300,400,"bu","13:23:54",478600
84100,-300,100,"bu","13:23:54",478200
84100,-300,500,"bu","13:23:54",478100
84100,-300,1000,"bu","13:23:54",477600
84000,-400,2000,"bu","13:23:49",476600
84000,-400,300,"bu","13:23:44",474600
84000,-400,1600,"bu","13:23:39",474300
84000,-400,1400,"bu","13:23:39",472700
84000,-400,600,"bu","13:23:23",471300
84000,-400,100,"bu","13:23:23",470700
84000,-400,2000,"bu","13:23:23",470600
84000,-400,300,"bu","13:23:23",468600
84000,-400,100,"bu","13:23:17",468300
84000,-400,200,"bu","13:23:14",468200
84000,-400,1400,"bu","13:23:09",468000
84000,-400,600,"bu","13:23:09",466600
84000,-400,300,"bu","13:23:04",466000
84000,-400,100,"bu","13:22:59",465700
84000,-400,1800,"bu","13:22:59",465600
84000,-400,200,"bu","13:22:51",463800
84000,-400,1100,"bu","13:22:51",463600
84000,-400,200,"bu","13:22:41",462500
84000,-400,300,"bu","13:22:24",462300
83900,-500,100,"sd","13:22:23",462000
83900,-500,100,"sd","13:22:23",461900
84000,-400,2000,"bu","13:22:19",461800
84000,-400,300,"bu","13:21:42",459800
84000,-400,2000,"bu","13:21:06",459500
84000,-400,400,"bu","13:21:03",457500
84000,-400,2000,"bu","13:20:39",457100
84000,-400,300,"bu","13:20:22",455100
84000,-400,400,"bu","13:20:09",454800
84000,-400,800,"bu","13:20:09",454400
84000,-400,100,"bu","13:20:09",453600
83900,-500,700,"bu","13:20:09",453500
83900,-500,100,"bu","13:19:54",452800
83900,-500,100,"bu","13:19:54",452700
83900,-500,800,"bu","13:19:54",452600
83900,-500,300,"bu","13:19:42",451800
83900,-500,1900,"bu","13:19:18",451500
83900,-500,100,"bu","13:19:17",449600
83800,-600,300,"sd","13:18:49",449500
83800,-600,200,"sd","13:18:26",449200
83800,-600,400,"sd","13:18:26",449000
83800,-600,600,"sd","13:17:53",448600
83800,-600,1000,"sd","13:17:53",448000
83800,-600,200,"sd","13:17:53",447000
83800,-600,100,"sd","13:17:53",446800
83800,-600,200,"sd","13:17:53",446700
83800,-600,2900,"sd","13:17:53",446500
83800,-600,2100,"sd","13:17:46",443600
83800,-600,300,"sd","13:17:46",441500
83800,-600,1600,"sd","13:17:46",441200
83900,-500,300,"bu","13:17:41",439600
83900,-500,100,"bu","13:17:29",439300
83900,-500,100,"bu","13:17:29",439200
83900,-500,100,"bu","13:17:26",439100
83900,-500,500,"bu","13:17:23",439000
83900,-500,2900,"bu","13:17:15",438500
83900,-500,100,"bu","13:17:15",435600
83900,-500,100,"bu","13:17:05",435500
83900,-500,400,"bu","13:17:01",435400
83900,-500,400,"bu","13:16:49",435000
83900,-500,1000,"bu","13:16:49",434600
83900,-500,1500,"bu","13:16:49",433600
83900,-500,100,"bu","13:16:49",432100
83900,-500,100,"bu","13:16:48",432000
83900,-500,100,"bu","13:16:41",431900
83800,-600,700,"sd","13:16:41",431800
83800,-600,700,"bu","13:16:17",431100
83800,-600,100,"bu","13:16:17",430400
83800,-600,100,"bu","13:15:50",430300
83800,-600,500,"bu","13:15:44",430200
83800,-600,200,"sd","13:15:41",429700
83800,-600,300,"sd","13:15:41",429500
83800,-600,1000,"sd","13:15:41",429200
83800,-600,100,"sd","13:15:41",428200
83800,-600,2900,"sd","13:15:36",428100
83800,-600,100,"sd","13:15:36",425200
83800,-600,900,"sd","13:15:31",425100
83800,-600,300,"sd","13:15:31",424200
83800,-600,1000,"sd","13:15:31",423900
83800,-600,100,"sd","13:15:31",422900
83800,-600,200,"sd","13:15:31",422800
83800,-600,100,"sd","13:15:31",422600
83800,-600,100,"sd","13:15:31",422500
83800,-600,1000,"sd","13:15:31",422400
83800,-600,100,"sd","13:15:31",421400
83800,-600,100,"sd","13:15:31",421300
83800,-600,100,"sd","13:15:31",421200
83800,-600,300,"sd","13:15:29",421100
83800,-600,100,"sd","13:15:29",420800
83800,-600,200,"sd","13:15:29",420700
83800,-600,100,"sd","13:15:29",420500
83800,-600,300,"sd","13:15:29",420400
83800,-600,1000,"sd","13:15:29",420100
83800,-600,100,"sd","13:15:29",419100
83800,-600,1900,"sd","13:15:29",419000
83800,-600,100,"sd","13:15:28",417100
83800,-600,1000,"sd","13:15:28",417000
83800,-600,200,"sd","13:15:28",416000
83800,-600,100,"sd","13:15:28",415800
83800,-600,500,"sd","13:15:28",415700
83800,-600,1000,"sd","13:15:28",415200
83800,-600,100,"sd","13:15:28",414200
83800,-600,1000,"sd","13:15:28",414100
83800,-600,2000,"sd","13:15:19",413100
83800,-600,400,"sd","13:15:19",411100
83800,-600,300,"sd","13:15:19",410700
83800,-600,100,"sd","13:15:19",410400
83800,-600,300,"sd","13:15:19",410300
83800,-600,100,"sd","13:15:19",410000
83800,-600,100,"sd","13:15:19",409900
83800,-600,100,"sd","13:15:19",409800
83800,-600,600,"sd","13:15:19",409700
83800,-600,300,"sd","13:15:09",409100
83800,-600,2000,"sd","13:15:02",408800
83800,-600,100,"sd","13:14:34",406800
83800,-600,1800,"sd","13:14:28",406700
83900,-500,100,"bu","13:14:25",404900
83800,-600,1000,"sd","13:14:21",404800
83900,-500,100,"bu","13:14:18",403800
83900,-500,200,"bu","13:14:18",403700
83900,-500,600,"bu","13:14:04",403500
83900,-500,400,"bu","13:14:04",402900
83900,-500,300,"bu","13:13:39",402500
83900,-500,200,"bu","13:13:22",402200
83900,-500,100,"bu","13:13:20",402000
83900,-500,500,"bu","13:13:18",401900
83900,-500,200,"bu","13:13:15",401400
83900,-500,100,"bu","13:13:06",401200
83900,-500,400,"bu","13:12:57",401100
83900,-500,500,"bu","13:12:52",400700
83900,-500,300,"sd","13:12:47",400200
83900,-500,1000,"sd","13:12:47",399900
83900,-500,100,"bu","13:12:11",398900
83900,-500,500,"bu","13:12:11",398800
83900,-500,500,"bu","13:12:11",398300
83900,-500,2400,"bu","13:12:11",397800
83900,-500,500,"bu","13:12:11",395400
83900,-500,100,"bu","13:12:05",394900
83900,-500,100,"bu","13:11:53",394800
83900,-500,900,"bu","13:11:53",394700
83900,-500,300,"bu","13:11:53",393800
83800,-600,200,"sd","13:11:46",393500
83900,-500,1000,"bu","13:11:42",393300
83800,-600,100,"sd","13:10:53",392300
83900,-500,200,"bu","13:10:30",392200
83800,-600,200,"sd","13:10:25",392000
83800,-600,100,"sd","13:10:25",391800
83800,-600,100,"sd","13:10:25",391700
83800,-600,600,"sd","13:10:25",391600
83900,-500,300,"bu","13:10:16",391000
83900,-500,100,"bu","13:10:05",390700
83900,-500,100,"bu","13:10:01",390600
83900,-500,100,"bu","13:09:59",390500
83900,-500,100,"sd","13:09:51",390400
83900,-500,300,"sd","13:09:51",390300
83900,-500,200,"sd","13:09:51",390000
83900,-500,100,"sd","13:09:51",389800
83900,-500,100,"sd","13:09:51",389700
83900,-500,100,"sd","13:09:45",389600
83900,-500,400,"sd","13:09:14",389500
83900,-500,300,"sd","13:09:14",389100
83900,-500,400,"bu","13:08:38",388800
83900,-500,100,"bu","13:08:28",388400
83900,-500,100,"bu","13:08:28",388300
83900,-500,300,"bu","13:08:28",388200
83800,-600,300,"sd","13:08:13",387900
83900,-500,400,"bu","13:08:01",387600
83900,-500,600,"bu","13:08:01",387200
83900,-500,100,"bu","13:07:54",386600
83900,-500,100,"bu","13:07:50",386500
83900,-500,300,"bu","13:07:48",386400
83900,-500,200,"bu","13:07:42",386100
83900,-500,500,"bu","13:07:40",385900
83900,-500,200,"bu","13:07:40",385400
83900,-500,100,"bu","13:07:40",385200
83900,-500,2700,"bu","13:07:40",385100
83900,-500,300,"bu","13:07:39",382400
83900,-500,500,"bu","13:07:39",382100
83900,-500,200,"bu","13:07:36",381600
83900,-500,100,"bu","13:07:36",381400
83900,-500,2000,"bu","13:07:35",381300
83900,-500,2400,"bu","13:07:17",379300
83900,-500,400,"bu","13:06:58",376900
83900,-500,100,"bu","13:06:57",376500
83900,-500,500,"bu","13:06:56",376400
83900,-500,300,"bu","13:06:55",375900
83900,-500,500,"bu","13:06:49",375600
83900,-500,100,"bu","13:06:24",375100
83900,-500,2400,"bu","13:06:24",375000
83900,-500,1900,"bu","13:06:18",372600
83900,-500,300,"bu","13:06:14",370700
83900,-500,600,"bu","13:06:09",370400
83900,-500,1900,"bu","13:06:06",369800
83900,-500,2400,"bu","13:05:54",367900
83800,-600,2000,"sd","13:05:54",365500
83800,-600,100,"sd","13:05:49",363500
83800,-600,100,"sd","13:05:49",363400
83800,-600,1000,"sd","13:05:49",363300
83800,-600,100,"sd","13:05:49",362300
83800,-600,100,"sd","13:05:49",362200
83800,-600,100,"sd","13:05:49",362100
83800,-600,100,"sd","13:05:49",362000
83800,-600,1000,"sd","13:05:49",361900
83800,-600,400,"sd","13:05:49",360900
83900,-500,1700,"bu","13:05:45",360500
83800,-600,600,"sd","13:05:40",358800
83800,-600,500,"sd","13:05:40",358200
83800,-600,500,"sd","13:05:40",357700
83800,-600,100,"sd","13:05:40",357200
83800,-600,1300,"sd","13:05:40",357100
83900,-500,300,"bu","13:05:34",355800
83900,-500,1700,"bu","13:05:31",355500
83800,-600,100,"sd","13:04:55",353800
83800,-600,300,"sd","13:04:34",353700
83800,-600,300,"sd","13:04:17",353400
83800,-600,100,"sd","13:04:17",353100
83800,-600,2600,"sd","13:04:17",353000
83900,-500,100,"bu","13:04:13",350400
83900,-500,400,"bu","13:04:13",350300
83900,-500,1000,"bu","13:04:02",349900
83900,-500,2200,"bu","13:04:01",348900
83900,-500,3000,"bu","13:04:00",346700
83900,-500,100,"bu","13:03:47",343700
83900,-500,800,"bu","13:03:35",343600
83900,-500,300,"bu","13:03:32",342800
83900,-500,200,"bu","13:03:31",342500
83800,-600,2000,"sd","13:03:28",342300
83900,-500,1600,"bu","13:03:19",340300
83800,-600,400,"sd","13:03:13",338700
83800,-600,100,"sd","13:03:13",338300
83800,-600,100,"sd","13:03:13",338200
83800,-600,100,"sd","13:03:12",338100
83800,-600,1000,"sd","13:03:12",338000
83800,-600,500,"sd","13:03:12",337000
83800,-600,100,"sd","13:03:12",336500
83800,-600,2000,"sd","13:03:12",336400
83800,-600,200,"sd","13:03:12",334400
83800,-600,100,"sd","13:03:12",334200
83800,-600,100,"sd","13:03:12",334100
83800,-600,1100,"sd","13:03:12",334000
83800,-600,1000,"sd","13:03:12",332900
83800,-600,100,"sd","13:03:12",331900
83800,-600,200,"sd","13:03:12",331800
83800,-600,100,"sd","13:03:12",331600
83800,-600,100,"sd","13:03:12",331500
83800,-600,100,"sd","13:03:12",331400
83800,-600,100,"sd","13:03:12",331300
83800,-600,500,"sd","13:03:12",331200
83800,-600,100,"sd","13:03:12",330700
83800,-600,100,"sd","13:03:12",330600
83800,-600,200,"sd","13:03:12",330500
83800,-600,100,"sd","13:03:12",330300
83800,-600,100,"sd","13:03:12",330200
83900,-500,2000,"bu","13:03:11",330100
83900,-500,200,"sd","13:03:00",328100
83900,-500,300,"sd","13:03:00",327900
83900,-500,100,"sd","13:03:00",327600
83900,-500,100,"sd","13:03:00",327500
83900,-500,3000,"sd","13:03:00",327400
83900,-500,100,"sd","13:03:00",324400
83900,-500,300,"sd","13:03:00",324300
83900,-500,1000,"sd","13:03:00",324000
83900,-500,100,"sd","13:03:00",323000
83900,-500,800,"sd","13:03:00",322900
83900,-500,100,"sd","13:03:00",322100
83900,-500,100,"sd","13:03:00",322000
83900,-500,1000,"sd","13:03:00",321900
83900,-500,900,"sd","13:03:00",320900
83900,-500,100,"sd","13:03:00",320000
83900,-500,100,"sd","13:03:00",319900
83900,-500,200,"sd","13:03:00",319800
83900,-500,100,"sd","13:03:00",319600
83900,-500,100,"sd","13:03:00",319500
83900,-500,100,"sd","13:02:52",319400
83900,-500,200,"sd","13:02:52",319300
83900,-500,400,"sd","13:02:52",319100
83900,-500,300,"sd","13:02:52",318700
83900,-500,100,"sd","13:02:52",318400
83900,-500,300,"sd","13:02:52",318300
83900,-500,100,"sd","13:02:52",318000
83900,-500,300,"sd","13:02:52",317900
83900,-500,300,"sd","13:02:52",317600
83900,-500,100,"sd","13:02:52",317300
83900,-500,300,"sd","13:02:52",317200
83900,-500,300,"sd","13:02:36",316900
83900,-500,3000,"sd","13:02:35",316600
83900,-500,400,"sd","13:02:35",313600
83900,-500,200,"sd","13:02:35",313200
83900,-500,100,"sd","13:02:30",313000
83900,-500,900,"sd","13:02:24",312900
83900,-500,200,"sd","13:02:24",312000
83900,-500,100,"sd","13:02:24",311800
83900,-500,100,"sd","13:02:24",311700
83900,-500,100,"sd","13:02:24",311600
83900,-500,300,"sd","13:02:24",311500
83900,-500,100,"sd","13:02:24",311200
83900,-500,100,"sd","13:02:24",311100
83900,-500,100,"sd","13:02:24",311000
83900,-500,1000,"sd","13:02:24",310900
83900,-500,1100,"sd","13:02:09",309900
84000,-400,100,"bu","13:02:04",308800
83900,-500,1500,"sd","13:02:00",308700
84000,-400,300,"bu","13:01:31",307200
84000,-400,1000,"bu","13:01:31",306900
84000,-400,100,"bu","13:01:08",305900
84000,-400,100,"bu","13:01:08",305800
83900,-500,300,"sd","13:01:01",305700
84000,-400,300,"bu","13:00:51",305400
84000,-400,1400,"bu","13:00:47",305100
84000,-400,100,"bu","13:00:37",303700
84000,-400,1900,"bu","13:00:37",303600
84000,-400,100,"bu","13:00:27",301700
84000,-400,100,"bu","13:00:11",301600
84000,-400,400,"bu","13:00:11",301500
84000,-400,100,"bu","13:00:10",301100
84000,-400,200,"bu","13:00:07",301000
83900,-500,100,"sd","13:00:03",300800
84000,-400,100,"bu","13:00:02",300700
84000,-400,500,"bu","13:00:02",300600
84000,-400,300,"bu","13:00:02",300100
84000,-400,100,"bu","13:00:02",299800
84000,-400,100,"bu","13:00:02",299700
84000,-400,300,"bu","13:00:01",299600
84000,-400,1000,"unknown","13:00:01",299300
84000,-400,500,"unknown","13:00:01",298300
84000,-400,400,"sd","13:00:01",297800
84000,-400,200,"sd","11:29:15",297400
84000,-400,300,"sd","11:29:15",297200
84200,-200,300,"bu","11:28:49",296900
84200,-200,500,"bu","11:28:21",296600
84200,-200,1000,"bu","11:28:21",296100
84200,-200,500,"bu","11:28:21",295100
84000,-400,700,"bu","11:27:36",294600
84000,-400,100,"bu","11:27:36",293900
84000,-400,1000,"bu","11:27:36",293800
84000,-400,1000,"bu","11:27:36",292800
84000,-400,700,"bu","11:27:36",291800
84000,-400,1900,"bu","11:27:36",291100
84000,-400,300,"bu","11:27:30",289200
84000,-400,300,"bu","11:26:49",288900
84000,-400,200,"bu","11:26:47",288600
84000,-400,1000,"bu","11:26:13",288400
83900,-500,200,"sd","11:25:58",287400
84000,-400,200,"bu","11:25:50",287200
83900,-500,500,"sd","11:25:07",287000
83900,-500,500,"sd","11:24:29",286500
83900,-500,500,"sd","11:24:13",286000
83900,-500,500,"sd","11:24:00",285500
83900,-500,800,"sd","11:23:54",285000
83900,-500,1000,"sd","11:23:44",284200
84000,-400,100,"bu","11:23:43",283200
83900,-500,200,"sd","11:22:32",283100
83900,-500,1800,"sd","11:22:00",282900
83900,-500,2200,"sd","11:22:00",281100
83900,-500,2800,"sd","11:21:59",278900
83900,-500,300,"sd","11:21:59",276100
83900,-500,100,"sd","11:21:59",275800
83900,-500,500,"sd","11:21:59",275700
83900,-500,300,"sd","11:21:59",275200
83900,-500,200,"sd","11:21:59",274900
83900,-500,100,"sd","11:21:59",274700
83900,-500,100,"sd","11:21:59",274600
83900,-500,300,"sd","11:21:59",274500
83900,-500,100,"sd","11:21:59",274200
83900,-500,100,"sd","11:21:59",274100
83900,-500,100,"sd","11:21:59",274000
83900,-500,100,"sd","11:21:59",273900
83900,-500,1000,"sd","11:21:59",273800
83900,-500,500,"sd","11:21:59",272800
83900,-500,100,"sd","11:21:59",272300
83900,-500,300,"sd","11:21:59",272200
83900,-500,1000,"sd","11:21:59",271900
84000,-400,300,"bu","11:21:25",270900
84000,-400,100,"bu","11:20:48",270600
84000,-400,300,"bu","11:20:46",270500
84000,-400,3000,"bu","11:20:26",270200
84100,-300,300,"bu","11:20:05",267200
84100,-300,100,"bu","11:19:56",266900
84000,-400,1000,"bu","11:19:56",266800
84100,-300,4000,"bu","11:19:56",265800
84000,-400,1800,"bu","11:19:56",261800
84000,-400,200,"bu","11:19:46",260000
84000,-400,300,"bu","11:19:24",259800
84000,-400,100,"bu","11:19:16",259500
84000,-400,100,"bu","11:19:16",259400
83900,-500,200,"sd","11:19:04",259300
84000,-400,200,"sd","11:18:53",259100
84000,-400,300,"sd","11:18:53",258900
84000,-400,200,"sd","11:18:53",258600
84000,-400,100,"sd","11:18:53",258400
84000,-400,400,"sd","11:18:53",258300
84000,-400,1000,"bu","11:17:34",257900
84000,-400,400,"bu","11:17:34",256900
84000,-400,300,"bu","11:17:24",256500
84000,-400,300,"sd","11:17:17",256200
84000,-400,200,"sd","11:17:01",255900
84000,-400,100,"sd","11:16:44",255700
84000,-400,100,"sd","11:16:44",255600
84000,-400,100,"sd","11:16:43",255500
84000,-400,300,"sd","11:16:43",255400
84000,-400,100,"sd","11:16:43",255100
84000,-400,300,"sd","11:16:43",255000
84000,-400,300,"sd","11:16:43",254700
84000,-400,100,"sd","11:16:43",254400
84000,-400,400,"sd","11:16:43",254300
84000,-400,100,"sd","11:16:43",253900
84000,-400,100,"sd","11:16:43",253800
84000,-400,100,"sd","11:16:36",253700
84000,-400,300,"sd","11:16:29",253600
84000,-400,300,"sd","11:16:29",253300
84000,-400,100,"sd","11:16:29",253000
84000,-400,300,"sd","11:16:29",252900
84000,-400,300,"sd","11:16:29",252600
84000,-400,100,"sd","11:16:29",252300
84000,-400,300,"sd","11:16:29",252200
84000,-400,300,"sd","11:16:29",251900
84000,-400,100,"sd","11:16:29",251600
84000,-400,400,"sd","11:16:29",251500
84000,-400,100,"sd","11:16:29",251100
84000,-400,300,"sd","11:16:29",251000
84000,-400,100,"sd","11:16:29",250700
84000,-400,300,"sd","11:16:29",250600
84000,-400,100,"sd","11:16:29",250300
84000,-400,100,"sd","11:16:29",250200
84000,-400,100,"sd","11:16:29",250100
84000,-400,1300,"sd","11:16:29",250000
84000,-400,1000,"sd","11:16:29",248700
84000,-400,1000,"sd","11:16:29",247700
84000,-400,200,"sd","11:16:13",246700
84000,-400,200,"sd","11:16:13",246500
84000,-400,100,"sd","11:16:13",246300
84000,-400,200,"sd","11:15:24",246200
84000,-400,100,"sd","11:15:24",246000
84000,-400,300,"sd","11:15:21",245900
84000,-400,200,"sd","11:15:21",245600
84000,-400,500,"sd","11:14:43",245400
84000,-400,800,"sd","11:13:59",244900
84000,-400,1700,"sd","11:12:31",244100
84000,-400,100,"sd","11:12:31",242400
84000,-400,200,"sd","11:12:31",242300
84000,-400,100,"sd","11:12:31",242100
84000,-400,400,"sd","11:12:31",242000
84000,-400,500,"sd","11:12:31",241600
84000,-400,500,"sd","11:12:31",241100
84000,-400,300,"sd","11:12:31",240600
84000,-400,200,"sd","11:12:31",240300
84000,-400,3000,"sd","11:12:25",240100
84000,-400,200,"sd","11:12:25",237100
84000,-400,100,"sd","11:12:25",236900
84000,-400,500,"sd","11:12:25",236800
84000,-400,200,"sd","11:12:25",236300
84000,-400,100,"sd","11:11:58",236100
84000,-400,100,"sd","11:11:49",236000
84000,-400,200,"sd","11:11:49",235900
84000,-400,300,"sd","11:10:49",235700
84000,-400,100,"sd","11:10:49",235400
84000,-400,600,"sd","11:10:49",235300
84100,-300,300,"sd","11:10:41",234700
84100,-300,700,"bu","11:10:04",234400
84100,-300,1400,"bu","11:10:04",233700
84000,-400,100,"sd","11:08:37",232300
84000,-400,200,"sd","11:08:28",232200
84100,-300,300,"bu","11:07:58",232000
84100,-300,300,"sd","11:07:20",231700
84100,-300,200,"sd","11:07:20",231400
84100,-300,300,"sd","11:07:20",231200
84100,-300,300,"sd","11:07:20",230900
84100,-300,300,"sd","11:07:20",230600
84100,-300,300,"sd","11:07:20",230300
84100,-300,100,"sd","11:07:20",230000
84100,-300,400,"sd","11:07:20",229900
84100,-300,100,"sd","11:07:20",229500
84100,-300,300,"sd","11:07:19",229400
84100,-300,500,"sd","11:07:19",229100
84100,-300,500,"sd","11:07:19",228600
84100,-300,300,"sd","11:07:19",228100
84100,-300,300,"sd","11:07:19",227800
84100,-300,300,"sd","11:07:19",227500
84100,-300,300,"sd","11:07:19",227200
84100,-300,100,"sd","11:07:19",226900
84100,-300,400,"sd","11:07:19",226800
84100,-300,500,"sd","11:07:19",226400
84100,-300,300,"sd","11:07:19",225900
84100,-300,200,"sd","11:07:19",225600
84100,-300,100,"sd","11:07:14",225400
84100,-300,200,"sd","11:07:14",225300
84200,-200,200,"sd","11:06:50",225100
84200,-200,100,"sd","11:06:49",224900
84200,-200,200,"bu","11:06:37",224800
84200,-200,200,"bu","11:06:26",224600
84200,-200,400,"sd","11:06:09",224400
84200,-200,200,"sd","11:06:09",224000
84200,-200,100,"sd","11:05:35",223800
84200,-200,300,"sd","11:04:48",223700
84200,-200,700,"bu","11:04:26",223400
84200,-200,1500,"bu","11:04:26",222700
84200,-200,500,"bu","11:04:26",221200
84200,-200,200,"bu","11:04:26",220700
84200,-200,300,"bu","11:03:57",220500
84200,-200,200,"bu","11:03:50",220200
84200,-200,300,"bu","11:03:15",220000
84200,-200,200,"bu","11:03:12",219700
84200,-200,300,"bu","11:02:35",219500
84200,-200,400,"bu","11:01:55",219200
84200,-200,100,"bu","11:01:32",218800
84200,-200,300,"bu","11:01:15",218700
84200,-200,200,"bu","11:01:01",218400
84200,-200,1800,"bu","11:01:01",218200
84200,-200,200,"bu","11:00:54",216400
84100,-300,300,"sd","11:00:46",216200
84100,-300,200,"sd","11:00:46",215900
84100,-300,300,"sd","11:00:46",215700
84100,-300,100,"sd","10:59:23",215400
84100,-300,100,"sd","10:59:23",215300
84100,-300,200,"sd","10:57:28",215200
84100,-300,500,"sd","10:57:28",215000
84100,-300,100,"sd","10:55:31",214500
84100,-300,100,"sd","10:54:56",214400
84100,-300,100,"sd","10:54:09",214300
84100,-300,400,"sd","10:54:09",214200
84100,-300,200,"sd","10:54:09",213800
84100,-300,100,"sd","10:51:46",213600
84100,-300,3000,"sd","10:51:46",213500
84100,-300,200,"sd","10:51:46",210500
84100,-300,300,"sd","10:51:46",210300
84100,-300,2400,"sd","10:51:46",210000
84100,-300,600,"sd","10:51:36",207600
84100,-300,100,"sd","10:51:36",207000
84100,-300,300,"sd","10:51:36",206900
84100,-300,400,"sd","10:51:36",206600
84100,-300,3000,"sd","10:51:36",206200
84100,-300,1600,"sd","10:51:36",203200
84300,-100,2000,"bu","10:51:09",201600
84200,-200,300,"bu","10:51:08",199600
84300,-100,2000,"bu","10:50:42",199300
84300,-100,2000,"bu","10:50:31",197300
84300,-100,300,"bu","10:50:28",195300
84300,-100,300,"bu","10:49:52",195000
84300,-100,2000,"bu","10:49:44",194700
84300,-100,2000,"bu","10:49:27",192700
84300,-100,1700,"bu","10:49:12",190700
84300,-100,300,"bu","10:49:11",189000
84300,-100,200,"bu","10:49:08",188700
84300,-100,200,"bu","10:49:07",188500
84300,-100,300,"bu","10:48:49",188300
84300,-100,300,"bu","10:48:49",188000
84300,-100,200,"bu","10:48:49",187700
84300,-100,800,"bu","10:48:49",187500
84300,-100,100,"bu","10:48:49",186700
84200,-200,300,"bu","10:48:49",186600
84200,-200,200,"bu","10:48:31",186300
84200,-200,200,"bu","10:48:27",186100
84200,-200,100,"bu","10:48:27",185900
84200,-200,100,"bu","10:48:25",185800
84200,-200,500,"bu","10:48:25",185700
84200,-200,1000,"bu","10:48:25",185200
84200,-200,400,"bu","10:48:25",184200
84200,-200,600,"bu","10:48:13",183800
84200,-200,100,"bu","10:48:13",183200
84200,-200,1000,"bu","10:48:13",183100
84200,-200,200,"bu","10:48:13",182100
84200,-200,100,"bu","10:48:13",181900
84200,-200,900,"bu","10:47:59",181800
84200,-200,100,"bu","10:47:59",180900
84200,-200,300,"bu","10:47:46",180800
84200,-200,600,"bu","10:47:44",180500
84200,-200,400,"bu","10:47:44",179900
84200,-200,100,"bu","10:47:06",179500
84200,-200,200,"bu","10:47:06",179400
84200,-200,500,"bu","10:47:02",179200
84200,-200,500,"bu","10:47:02",178700
84200,-200,300,"bu","10:46:32",178200
84200,-200,500,"bu","10:46:32",177900
84200,-200,200,"bu","10:46:32",177400
84200,-200,300,"bu","10:46:26",177200
84200,-200,1000,"bu","10:46:17",176900
84200,-200,500,"bu","10:46:03",175900
84200,-200,500,"bu","10:46:03",175400
84200,-200,300,"bu","10:45:46",174900
84200,-200,1000,"bu","10:45:44",174600
84200,-200,1000,"bu","10:45:10",173600
84100,-300,700,"sd","10:44:14",172600
84100,-300,300,"sd","10:43:48",171900
84200,-200,300,"bu","10:43:44",171600
84200,-200,500,"bu","10:43:29",171300
84200,-200,200,"bu","10:43:05",170800
84200,-200,100,"bu","10:43:05",170600
84200,-200,200,"bu","10:43:03",170500
84200,-200,300,"bu","10:42:23",170300
84200,-200,100,"bu","10:41:47",170000
84200,-200,300,"bu","10:41:44",169900
84200,-200,400,"bu","10:41:04",169600
84200,-200,300,"bu","10:40:23",169200
84200,-200,1000,"bu","10:40:07",168900
84200,-200,100,"bu","10:39:48",167900
84200,-200,300,"bu","10:39:42",167800
84200,-200,3000,"bu","10:39:37",167500
84200,-200,300,"bu","10:39:03",164500
84200,-200,200,"bu","10:38:45",164200
84200,-200,200,"bu","10:38:33",164000
84100,-300,400,"sd","10:38:14",163800
84100,-300,100,"sd","10:38:14",163400
84100,-300,200,"sd","10:37:54",163300
84100,-300,300,"sd","10:37:54",163100
84200,-200,300,"bu","10:37:41",162800
84200,-200,400,"bu","10:37:00",162500
84200,-200,300,"bu","10:36:20",162100
84200,-200,100,"bu","10:36:09",161800
84200,-200,100,"bu","10:35:40",161700
84200,-200,100,"bu","10:35:40",161600
84200,-200,100,"bu","10:35:40",161500
84200,-200,500,"bu","10:35:20",161400
84200,-200,700,"bu","10:35:20",160900
84200,-200,200,"bu","10:35:20",160200
84200,-200,100,"bu","10:35:20",160000
84200,-200,300,"bu","10:34:59",159900
84200,-200,300,"bu","10:34:19",159600
84200,-200,300,"sd","10:33:58",159300
84200,-200,500,"sd","10:33:39",159000
84200,-200,200,"sd","10:33:38",158500
84200,-200,300,"sd","10:33:23",158300
84200,-200,200,"sd","10:33:23",158000
84200,-200,800,"sd","10:33:16",157800
84200,-200,400,"sd","10:33:16",157000
84200,-200,200,"sd","10:33:16",156600
84200,-200,100,"bu","10:32:59",156400
84200,-200,100,"bu","10:32:59",156300
84200,-200,300,"bu","10:32:19",156200
84200,-200,200,"bu","10:31:50",155900
84200,-200,200,"bu","10:31:50",155700
84200,-200,100,"bu","10:31:50",155500
84200,-200,1000,"bu","10:31:50",155400
84200,-200,100,"bu","10:31:50",154400
84200,-200,400,"bu","10:31:50",154300
84200,-200,600,"bu","10:31:50",153900
84200,-200,400,"bu","10:31:50",153300
84200,-200,300,"bu","10:31:37",152900
84200,-200,300,"bu","10:31:30",152600
84200,-200,700,"bu","10:31:30",152300
84200,-200,100,"bu","10:31:30",151600
84200,-200,700,"bu","10:31:30",151500
84200,-200,200,"bu","10:31:30",150800
84200,-200,700,"bu","10:31:30",150600
84200,-200,300,"bu","10:31:30",149900
84100,-300,600,"sd","10:31:01",149600
84100,-300,100,"sd","10:31:01",149000
84100,-300,100,"sd","10:27:58",148900
84100,-300,600,"sd","10:27:46",148800
84100,-300,200,"sd","10:27:46",148200
84100,-300,100,"sd","10:26:56",148000
84200,-200,200,"bu","10:26:55",147900
84200,-200,100,"bu","10:26:55",147700
84200,-200,300,"bu","10:26:15",147600
84200,-200,200,"bu","10:25:34",147300
84200,-200,100,"bu","10:25:34",147100
84200,-200,400,"bu","10:25:27",147000
84200,-200,2600,"bu","10:25:27",146600
84200,-200,400,"bu","10:25:27",144000
84200,-200,1000,"bu","10:25:27",143600
84200,-200,3900,"bu","10:25:27",142600
84200,-200,400,"bu","10:24:54",138700
84200,-200,3000,"bu","10:24:38",138300
84200,-200,300,"bu","10:24:15",135300
84200,-200,2400,"bu","10:23:45",135000
84200,-200,300,"bu","10:23:34",132600
84200,-200,300,"bu","10:22:53",132300
84200,-200,1000,"bu","10:22:35",132000
84100,-300,300,"sd","10:21:57",131000
84100,-300,100,"sd","10:21:57",130700
84100,-300,200,"sd","10:21:57",130600
84100,-300,100,"sd","10:21:07",130400
84100,-300,100,"sd","10:21:06",130300
84100,-300,500,"sd","10:21:06",130200
84100,-300,100,"sd","10:21:06",129700
84100,-300,200,"sd","10:20:27",129600
84100,-300,100,"sd","10:20:27",129400
84100,-300,300,"sd","10:20:27",129300
84200,-200,1000,"bu","10:20:27",129000
84100,-300,100,"sd","10:20:17",128000
84100,-300,100,"sd","10:19:07",127900
84100,-300,300,"sd","10:19:07",127800
84100,-300,100,"sd","10:19:07",127500
84100,-300,100,"bu","10:18:10",127400
84100,-300,100,"bu","10:18:10",127300
84100,-300,700,"bu","10:17:59",127200
84100,-300,100,"bu","10:17:59",126500
84100,-300,200,"bu","10:17:59",126400
84100,-300,300,"bu","10:17:29",126200
84100,-300,200,"bu","10:17:06",125900
84100,-300,800,"bu","10:17:06",125700
84100,-300,400,"bu","10:16:50",124900
84100,-300,300,"bu","10:16:10",124500
84100,-300,200,"bu","10:15:33",124200
84100,-300,300,"bu","10:15:28",124000
84100,-300,300,"sd","10:14:58",123700
84100,-300,200,"sd","10:14:58",123400
84100,-300,100,"sd","10:14:58",123200
84100,-300,200,"sd","10:14:31",123100
84100,-300,200,"sd","10:14:31",122900
84100,-300,100,"sd","10:14:31",122700
84100,-300,200,"sd","10:14:29",122600
84100,-300,300,"sd","10:14:29",122400
84100,-300,300,"sd","10:14:29",122100
84100,-300,200,"sd","10:14:29",121800
84200,-200,300,"bu","10:14:09",121600
84200,-200,300,"bu","10:13:28",121300
84200,-200,400,"bu","10:12:48",121000
84200,-200,300,"bu","10:12:07",120600
84200,-200,1000,"bu","10:11:43",120300
84100,-300,200,"sd","10:11:11",119300
84100,-300,400,"sd","10:11:11",119100
84100,-300,100,"sd","10:11:11",118700
84100,-300,200,"sd","10:10:50",118600
84100,-300,300,"sd","10:10:50",118400
84100,-300,300,"sd","10:10:21",118100
84100,-300,100,"sd","10:08:37",117800
84100,-300,100,"sd","10:07:53",117700
84100,-300,300,"sd","10:07:53",117600
84100,-300,300,"sd","10:07:53",117300
84100,-300,400,"sd","10:05:57",117000
84100,-300,100,"sd","10:05:56",116600
84100,-300,200,"sd","10:04:35",116500
84100,-300,600,"sd","10:04:35",116300
84100,-300,100,"bu","10:03:57",115700
84100,-300,100,"bu","10:03:34",115600
84100,-300,300,"bu","10:03:21",115500
84100,-300,200,"sd","10:02:55",115200
84100,-300,300,"sd","10:02:55",115000
84200,-200,100,"bu","10:02:42",114700
84200,-200,200,"bu","10:02:42",114600
84200,-200,600,"bu","10:02:21",114400
84200,-200,1000,"bu","10:02:21",113800
84200,-200,400,"bu","10:02:21",112800
84100,-300,700,"bu","10:01:31",112400
84100,-300,500,"bu","10:01:31",111700
84100,-300,2000,"bu","10:01:31",111200
84100,-300,300,"bu","10:01:31",109200
84100,-300,300,"bu","10:01:31",108900
84100,-300,1000,"bu","10:01:31",108600
84100,-300,1000,"bu","10:01:31",107600
84100,-300,700,"bu","10:01:31",106600
84100,-300,7500,"bu","10:01:31",105900
84000,-400,100,"sd","10:01:18",98400
84000,-400,100,"sd","10:01:18",98300
84000,-400,100,"sd","10:01:18",98200
84100,-300,300,"bu","10:00:41",98100
84100,-300,400,"bu","10:00:01",97800
84100,-300,300,"bu","09:59:19",97400
84100,-300,300,"bu","09:58:40",97100
84100,-300,3000,"bu","09:58:29",96800
84100,-300,300,"bu","09:57:58",93800
84100,-300,300,"sd","09:57:30",93500
84100,-300,200,"sd","09:57:30",93200
84100,-300,200,"sd","09:57:30",93000
84100,-300,100,"sd","09:57:12",92800
84100,-300,200,"sd","09:57:12",92700
84100,-300,200,"bu","09:55:58",92500
84100,-300,300,"sd","09:55:45",92300
84100,-300,200,"sd","09:55:45",92000
84100,-300,100,"sd","09:54:40",91800
84100,-300,300,"sd","09:54:40",91700
84100,-300,300,"sd","09:54:40",91400
84100,-300,100,"sd","09:54:40",91100
84100,-300,100,"sd","09:54:19",91000
84100,-300,300,"sd","09:54:19",90900
84100,-300,100,"sd","09:54:19",90600
84100,-300,100,"sd","09:52:55",90500
84100,-300,100,"bu","09:52:36",90400
84100,-300,400,"sd","09:52:18",90300
84100,-300,200,"sd","09:51:40",89900
84100,-300,200,"sd","09:51:40",89700
84100,-300,100,"sd","09:51:34",89500
84100,-300,400,"sd","09:51:34",89400
84100,-300,300,"sd","09:51:34",89000
84100,-300,200,"sd","09:51:34",88700
84200,-200,300,"bu","09:51:15",88500
84200,-200,300,"bu","09:50:34",88200
84200,-200,500,"sd","09:50:21",87900
84200,-200,300,"sd","09:50:21",87400
84200,-200,200,"sd","09:50:21",87100
84200,-200,1000,"sd","09:50:19",86900
84300,-100,100,"bu","09:49:54",85900
84300,-100,200,"bu","09:49:54",85800
84300,-100,200,"bu","09:49:23",85600
84300,-100,100,"bu","09:49:14",85400
84300,-100,200,"bu","09:49:14",85300
84300,-100,100,"bu","09:48:34",85100
84300,-100,200,"bu","09:48:34",85000
84300,-100,400,"bu","09:47:54",84800
84200,-200,300,"sd","09:47:48",84400
84200,-200,100,"sd","09:46:47",84100
84200,-200,200,"sd","09:46:34",84000
84200,-200,200,"bu","09:46:33",83800
84100,-300,200,"sd","09:46:29",83600
84100,-300,100,"sd","09:46:24",83400
84100,-300,100,"sd","09:46:24",83300
84200,-200,100,"sd","09:46:04",83200
84200,-200,200,"bu","09:45:53",83100
84200,-200,300,"bu","09:45:12",82900
84200,-200,100,"sd","09:44:47",82600
84200,-200,200,"sd","09:44:47",82500
84200,-200,100,"bu","09:44:32",82300
84200,-200,100,"sd","09:44:14",82200
84300,-100,400,"bu","09:43:51",82100
84300,-100,300,"bu","09:43:11",81700
84300,-100,600,"bu","09:42:50",81400
84400,0,300,"bu","09:42:31",80800
84400,0,500,"bu","09:42:06",80500
84400,0,300,"bu","09:41:50",80000
84400,0,100,"bu","09:41:20",79700
84400,0,200,"bu","09:41:19",79600
84400,0,300,"bu","09:41:10",79400
84400,0,100,"bu","09:40:34",79100
84400,0,300,"bu","09:40:30",79000
84400,0,1000,"bu","09:40:25",78700
84400,0,1000,"bu","09:39:56",77700
84400,0,400,"bu","09:39:49",76700
84300,-100,100,"bu","09:39:43",76300
84300,-100,100,"bu","09:39:43",76200
84400,0,800,"bu","09:39:43",76100
84300,-100,700,"bu","09:39:34",75300
84300,-100,300,"bu","09:39:34",74600
84300,-100,1000,"bu","09:39:20",74300
84300,-100,300,"bu","09:39:08",73300
84300,-100,200,"bu","09:38:29",73000
84300,-100,100,"bu","09:38:29",72800
84300,-100,300,"bu","09:37:48",72700
84300,-100,100,"bu","09:37:37",72400
84000,-400,100,"sd","09:37:32",72300
84000,-400,100,"sd","09:37:32",72200
84000,-400,100,"sd","09:37:32",72100
84300,-100,100,"bu","09:37:07",72000
84300,-100,200,"bu","09:37:07",71900
84300,-100,100,"bu","09:37:01",71700
84300,-100,600,"bu","09:37:01",71600
84300,-100,300,"bu","09:37:01",71000
84300,-100,200,"bu","09:36:50",70700
84300,-100,100,"bu","09:36:50",70500
84300,-100,100,"bu","09:36:50",70400
84300,-100,100,"bu","09:36:50",70300
84300,-100,100,"bu","09:36:50",70200
84300,-100,400,"bu","09:36:50",70100
84300,-100,300,"bu","09:36:27",69700
84300,-100,100,"bu","09:35:53",69400
84100,-300,500,"bu","09:35:53",69300
84100,-300,100,"bu","09:35:53",68800
84100,-300,300,"bu","09:35:53",68700
84100,-300,400,"bu","09:35:47",68400
84100,-300,1000,"bu","09:35:41",68000
84100,-300,1000,"bu","09:35:33",67000
84100,-300,1000,"bu","09:35:18",66000
84100,-300,1000,"bu","09:35:01",65000
84100,-300,100,"bu","09:35:01",64000
84000,-400,100,"sd","09:34:50",63900
84000,-400,100,"sd","09:34:50",63800
84000,-400,300,"sd","09:34:50",63700
84000,-400,300,"sd","09:34:50",63400
84000,-400,800,"sd","09:34:41",63100
84100,-300,100,"bu","09:33:52",62300
84100,-300,100,"bu","09:31:36",62200
84000,-400,800,"bu","09:31:35",62100
84000,-400,1000,"bu","09:31:35",61300
84000,-400,300,"bu","09:31:30",60300
84000,-400,200,"bu","09:31:30",60000
84000,-400,100,"bu","09:30:33",59800
84000,-400,700,"bu","09:30:21",59700
84000,-400,300,"bu","09:30:21",59000
84000,-400,1000,"bu","09:30:21",58700
84000,-400,100,"bu","09:30:21",57700
84000,-400,100,"bu","09:30:13",57600
84000,-400,100,"bu","09:30:03",57500
84000,-400,800,"bu","09:29:51",57400
84000,-400,300,"bu","09:29:51",56600
84000,-400,100,"bu","09:29:40",56300
83900,-500,100,"sd","09:29:29",56200
83900,-500,200,"sd","09:29:10",56100
83900,-500,500,"sd","09:28:23",55900
83900,-500,100,"sd","09:28:13",55400
83900,-500,100,"sd","09:28:13",55300
83900,-500,100,"sd","09:28:13",55200
83900,-500,300,"sd","09:28:13",55100
83900,-500,100,"sd","09:28:13",54800
83900,-500,100,"sd","09:28:13",54700
83900,-500,300,"sd","09:28:11",54600
84000,-400,200,"bu","09:27:12",54300
84000,-400,100,"bu","09:26:58",54100
84000,-400,1000,"bu","09:26:52",54000
83900,-500,300,"sd","09:26:48",52800
83900,-500,200,"sd","09:26:48",53000
84000,-400,100,"bu","09:26:46",52500
84000,-400,100,"bu","09:26:41",52400
84000,-400,100,"bu","09:26:41",52300
84000,-400,100,"bu","09:25:46",52200
84000,-400,500,"sd","09:25:03",52100
84000,-400,100,"sd","09:25:03",51600
84000,-400,500,"sd","09:25:03",51500
84000,-400,100,"sd","09:25:03",51000
84000,-400,1000,"sd","09:25:03",50900
84000,-400,200,"sd","09:25:03",49900
84000,-400,300,"sd","09:25:03",49700
84000,-400,100,"sd","09:25:03",49400
84000,-400,100,"sd","09:25:03",49300
84000,-400,1000,"sd","09:25:03",49200
84000,-400,100,"sd","09:25:03",48200
84000,-400,100,"sd","09:25:03",48100
84000,-400,100,"sd","09:25:03",48000
84000,-400,100,"sd","09:25:03",47900
84000,-400,200,"sd","09:25:03",47800
84000,-400,100,"sd","09:25:03",47600
84000,-400,300,"sd","09:25:03",47500
84000,-400,2000,"sd","09:25:03",47200
84000,-400,100,"sd","09:25:03",45200
84000,-400,200,"sd","09:25:03",45100
84000,-400,100,"sd","09:25:03",44900
84000,-400,1000,"sd","09:25:03",44800
84000,-400,24500,"sd","09:25:03",43800
84100,-300,600,"sd","09:25:03",19300
84100,-300,5000,"sd","09:25:03",18700
84100,-300,100,"sd","09:25:03",13700
84100,-300,100,"sd","09:25:03",13600
84100,-300,100,"sd","09:25:03",13500
84100,-300,1000,"sd","09:25:03",13400
84100,-300,200,"sd","09:25:03",12400
84100,-300,100,"sd","09:25:00",12200
84100,-300,100,"sd","09:25:00",12100
84100,-300,100,"sd","09:24:58",12000
84100,-300,1700,"sd","09:24:58",11900
84100,-300,100,"sd","09:24:58",10200
84100,-300,100,"sd","09:24:58",10100
84100,-300,300,"sd","09:24:55",10000
84100,-300,500,"sd","09:24:55",9700
84100,-300,100,"sd","09:24:18",9200
84100,-300,100,"sd","09:24:14",9100
84300,-100,500,"bu","09:23:42",9000
84300,-100,100,"bu","09:21:45",8500
84100,-300,600,"sd","09:21:37",8400
84200,-200,100,"sd","09:21:37",7800
84200,-200,100,"sd","09:21:37",7700
84300,-100,100,"bu","09:21:37",7600
84100,-300,200,"sd","09:18:41",7500
84100,-300,800,"sd","09:18:18",7300
84000,-400,200,"sd","09:15:37",6500
84000,-400,300,"sd","09:15:11",6300
84000,-400,100,"sd","09:15:11",6000
84000,-400,100,"sd","09:15:11",5900
84000,-400,5800,"sd","09:15:01",5800
