"price","change","match_qtty","side","time","total_vol"
66700,100,18800,"unknown","14:45:00",194400
67300,700,300,"sd","14:29:30",175600
67300,700,200,"bu","14:29:21",175300
67300,700,100,"bu","14:29:21",175100
67300,700,900,"bu","14:29:21",175000
67300,700,500,"bu","14:26:41",174100
67300,700,100,"bu","14:26:41",173600
67300,700,300,"bu","14:26:21",173500
67300,700,100,"bu","14:25:54",173200
67300,700,500,"bu","14:24:37",173100
66900,300,500,"sd","14:23:27",172600
67000,400,100,"sd","14:22:56",172100
67000,400,2500,"sd","14:22:56",172000
67000,400,200,"sd","14:22:56",169500
67100,500,200,"sd","14:22:56",169300
67300,700,1500,"bu","14:21:10",169100
67300,700,100,"bu","14:20:46",167600
67300,700,200,"bu","14:20:46",167500
67300,700,900,"bu","14:20:46",167300
67300,700,100,"bu","14:19:01",166400
67400,800,6100,"bu","14:17:08",166300
67300,700,500,"bu","14:17:08",160200
67200,600,100,"bu","14:17:08",159700
67200,600,300,"bu","14:17:08",159600
67000,400,100,"bu","14:13:59",159300
67000,400,100,"bu","14:13:59",159200
66900,300,100,"bu","14:12:35",159100
66900,300,100,"bu","14:11:46",159000
66900,300,1600,"bu","14:06:42",158900
66900,300,200,"sd","14:06:01",157300
66900,300,200,"sd","14:06:01",157100
66900,300,100,"sd","14:06:01",156900
66900,300,100,"sd","14:06:01",156800
67000,400,300,"sd","14:05:36",156700
67000,400,200,"sd","14:05:24",156400
67000,400,500,"sd","14:05:24",156200
67000,400,200,"sd","14:05:24",155700
67000,400,500,"sd","14:05:24",154500
67000,400,1000,"sd","14:05:24",155500
67100,500,500,"sd","14:05:24",154000
67100,500,600,"sd","14:05:24",153500
67100,500,100,"sd","14:03:53",152900
67100,500,300,"sd","13:59:33",152800
67100,500,1100,"sd","13:59:33",152400
67100,500,100,"sd","13:59:33",152500
67200,600,700,"sd","13:59:33",151300
67200,600,100,"bu","13:58:21",150600
67200,600,200,"bu","13:57:37",150500
67200,600,700,"bu","13:57:37",150300
67200,600,1300,"sd","13:56:31",149600
67300,700,200,"sd","13:56:31",148300
67300,700,3000,"bu","13:53:51",148100
67300,700,100,"bu","13:51:47",145100
67300,700,100,"bu","13:50:14",145000
67300,700,1800,"bu","13:46:04",144900
67300,700,100,"sd","13:45:06",143100
67300,700,500,"sd","13:45:06",143000
67400,800,5000,"bu","13:44:03",142500
67400,800,300,"bu","13:44:03",137500
67400,800,100,"bu","13:42:33",137200
67400,800,1900,"sd","13:40:48",137100
67400,800,1000,"sd","13:39:23",135200
67300,700,100,"bu","13:38:21",134200
67300,700,300,"sd","13:38:18",134100
67300,700,3200,"sd","13:38:18",133800
67300,700,1000,"sd","13:38:18",130600
67300,700,100,"sd","13:38:18",129600
67300,700,100,"sd","13:38:18",129500
67300,700,300,"sd","13:38:18",129300
67300,700,100,"sd","13:38:18",129400
67400,800,200,"sd","13:38:18",129000
67400,800,1000,"sd","13:38:18",128800
67400,800,300,"sd","13:38:18",127800
67400,800,100,"sd","13:38:18",127500
67400,800,400,"sd","13:38:18",127400
67500,900,900,"sd","13:38:18",127000
67500,900,1900,"sd","13:38:18",126100
67500,900,100,"sd","13:37:37",124200
67500,900,100,"sd","13:37:37",124100
67600,1000,2000,"bu","13:36:37",124000
67600,1000,1000,"bu","13:33:52",122000
67600,1000,500,"sd","13:33:28",121000
67600,1000,100,"sd","13:33:28",120500
67600,1000,400,"sd","13:33:28",120400
67600,1000,1000,"bu","13:31:22",120000
67600,1000,200,"bu","13:31:21",119000
67600,1000,300,"bu","13:31:21",118800
67500,900,100,"sd","13:31:13",118500
67600,1000,800,"bu","13:29:11",118400
67600,1000,100,"bu","13:29:11",117600
67600,1000,100,"bu","13:29:11",117500
67600,1000,600,"bu","13:27:01",117400
67500,900,1400,"bu","13:27:01",116800
67500,900,100,"sd","13:26:20",115400
67500,900,200,"sd","13:26:20",115300
67500,900,2800,"sd","13:26:20",115100
67600,1000,800,"sd","13:25:30",112300
67600,1000,500,"sd","13:25:30",111500
67600,1000,2000,"sd","13:25:04",111000
67800,1200,1000,"bu","13:21:43",109000
67900,1300,200,"sd","13:19:47",108000
67900,1300,1300,"sd","13:19:21",107800
67900,1300,1200,"sd","13:19:21",106500
67900,1300,500,"bu","13:17:27",105300
67900,1300,500,"bu","13:17:27",104800
67900,1300,1000,"bu","13:17:27",104300
67900,1300,200,"bu","13:17:26",103300
67800,1200,100,"bu","13:17:26",103100
67500,900,200,"sd","13:08:44",103000
67600,1000,100,"bu","13:07:10",102800
67400,800,300,"sd","13:04:28",102700
67400,800,200,"sd","13:04:02",102400
67400,800,100,"sd","13:03:29",102200
67500,900,100,"sd","13:03:29",102100
67600,1000,900,"sd","13:00:10",102000
67600,1000,600,"sd","13:00:10",101100
67700,1100,400,"sd","13:00:10",100500
67700,1100,2000,"sd","13:00:10",100100
67700,1100,200,"sd","13:00:10",98100
67800,1200,900,"sd","13:00:10",97900
67700,1100,200,"sd","13:00:00",97000
67900,1300,300,"bu","13:00:00",96800
67900,1300,200,"bu","13:00:00",96500
67800,1200,300,"unknown","11:29:49",96300
67900,1300,1800,"bu","11:28:39",96000
67900,1300,1000,"bu","11:28:39",94200
67900,1300,500,"bu","11:28:39",93200
67900,1300,2000,"bu","11:22:56",92700
67900,1300,1000,"bu","11:22:56",90700
67900,1300,100,"bu","11:20:29",89700
67900,1300,1000,"bu","11:20:29",89600
67900,1300,500,"bu","11:20:29",88600
67900,1300,100,"bu","11:20:29",88100
67900,1300,100,"bu","11:15:45",88000
67900,1300,700,"bu","11:14:51",87900
67900,1300,100,"bu","11:11:58",87200
67900,1300,1000,"bu","11:11:08",87100
68000,1400,1500,"bu","11:05:19",86100
68000,1400,900,"bu","11:05:19",84600
67900,1300,2000,"unknown","11:05:19",83700
67900,1300,300,"unknown","11:05:19",81700
67900,1300,1000,"bu","11:05:19",81400
67900,1300,500,"bu","11:05:19",80400
67900,1300,1300,"bu","11:05:19",79900
67800,1200,500,"bu","11:05:19",78600
67800,1200,2000,"bu","11:05:19",78100
67900,1300,300,"bu","11:00:35",76100
67800,1200,300,"bu","11:00:35",75800
67800,1200,2000,"bu","11:00:35",75500
67800,1200,400,"bu","11:00:35",73500
67700,1100,800,"bu","11:00:35",73100
67700,1100,200,"bu","11:00:35",72300
67700,1100,800,"bu","10:55:58",72100
67400,800,2000,"sd","10:53:47",71300
67400,800,200,"sd","10:53:07",69300
67400,800,800,"sd","10:52:28",69100
67400,800,200,"sd","10:52:28",68300
67400,800,1000,"sd","10:52:28",68100
67400,800,2000,"sd","10:50:16",67100
67400,800,900,"sd","10:50:16",65100
67400,800,100,"sd","10:50:16",64200
67500,900,200,"sd","10:49:24",64100
67600,1000,1000,"sd","10:49:00",63900
67600,1000,200,"sd","10:49:00",62900
67700,1100,1000,"sd","10:48:19",62700
67700,1100,600,"bu","10:45:01",61700
67700,1100,100,"sd","10:43:53",61100
67800,1200,200,"sd","10:41:10",61000
67800,1200,100,"sd","10:41:10",60800
67800,1200,1000,"sd","10:40:33",60700
67800,1200,500,"bu","10:38:33",59700
67800,1200,100,"bu","10:38:33",59200
67800,1200,1000,"bu","10:38:33",59100
67800,1200,100,"bu","10:38:33",58100
67700,1100,200,"bu","10:36:54",58000
67700,1100,100,"bu","10:36:06",57800
67800,1200,100,"bu","10:26:20",57700
67800,1200,1000,"bu","10:14:09",57600
67800,1200,800,"sd","10:14:01",56600
67800,1200,1200,"sd","10:13:57",55800
67800,1200,300,"sd","10:13:57",54600
67800,1200,1000,"sd","10:12:49",54300
67800,1200,2000,"sd","10:12:41",53300
67900,1300,1000,"sd","10:11:38",51300
67900,1300,400,"sd","10:11:38",50300
67900,1300,100,"bu","10:09:11",49900
67900,1300,900,"sd","10:07:43",49800
67900,1300,100,"sd","10:06:54",48900
67900,1300,1000,"sd","10:05:48",48800
68000,1400,100,"sd","10:03:51",47800
68000,1400,100,"bu","10:03:28",47700
68000,1400,300,"bu","10:03:28",47600
68000,1400,1000,"bu","10:03:28",47300
68000,1400,500,"bu","10:03:28",46300
67900,1300,1000,"bu","10:03:28",45800
68000,1400,100,"bu","09:58:31",44800
68000,1400,400,"sd","09:55:12",44700
68000,1400,100,"sd","09:55:12",44300
68000,1400,200,"sd","09:55:12",44200
68000,1400,200,"sd","09:55:03",44000
68000,1400,200,"sd","09:54:38",43800
68000,1400,1400,"sd","09:53:43",43600
68100,1500,100,"bu","09:53:29",42200
68100,1500,400,"bu","09:53:29",42100
68000,1400,2500,"sd","09:53:09",41700
68000,1400,100,"sd","09:51:18",39200
68000,1400,100,"bu","09:50:39",39100
68000,1400,200,"bu","09:50:39",39000
68000,1400,100,"bu","09:50:39",38800
68000,1400,100,"bu","09:49:41",38700
68000,1400,500,"bu","09:49:41",38600
68000,1400,1000,"bu","09:49:41",38100
68000,1400,200,"bu","09:49:41",37100
68000,1400,200,"bu","09:49:41",36900
68000,1400,300,"bu","09:48:26",36700
68000,1400,500,"bu","09:48:26",36400
68000,1400,400,"bu","09:48:26",35900
68000,1400,100,"bu","09:48:26",35500
67900,1300,700,"bu","09:48:26",35400
67800,1200,300,"sd","09:47:51",34700
68000,1400,700,"bu","09:47:32",34400
68000,1400,500,"bu","09:47:32",33700
68000,1400,200,"bu","09:47:32",33200
68000,1400,800,"bu","09:46:47",33000
68000,1400,200,"bu","09:46:47",32200
67900,1300,100,"bu","09:46:37",32000
67900,1300,100,"bu","09:46:37",31900
67800,1200,1000,"unknown","09:46:18",31800
67800,1200,200,"unknown","09:46:18",30800
67800,1200,100,"unknown","09:46:18",30600
67700,1100,100,"unknown","09:46:18",30500
67700,1100,600,"bu","09:46:18",30400
67900,1300,900,"bu","09:46:18",29800
67900,1300,100,"bu","09:46:18",28900
67600,1000,700,"bu","09:46:01",28800
67600,1000,300,"sd","09:45:08",28100
67600,1000,100,"sd","09:42:55",27800
67600,1000,300,"bu","09:42:10",27700
67600,1000,500,"bu","09:42:10",27400
67600,1000,100,"bu","09:42:10",26900
67600,1000,900,"bu","09:42:04",26800
67600,1000,100,"bu","09:42:04",25900
67500,900,200,"sd","09:41:43",25800
67500,900,200,"bu","09:41:38",25600
67500,900,500,"bu","09:41:38",25400
67500,900,300,"bu","09:41:38",24900
67500,900,200,"bu","09:41:37",24600
67500,900,200,"bu","09:41:37",24400
67500,900,500,"bu","09:41:37",24200
67500,900,100,"bu","09:41:37",23700
67500,900,200,"bu","09:40:49",23600
67500,900,800,"bu","09:40:49",23400
67500,900,2200,"bu","09:40:24",22600
67500,900,200,"bu","09:40:24",20400
67500,900,100,"bu","09:40:24",20200
67500,900,200,"bu","09:39:53",20100
67500,900,100,"bu","09:39:08",19900
67000,400,100,"sd","09:35:44",19800
67000,400,100,"sd","09:35:27",19700
67000,400,900,"bu","09:35:27",19600
67000,400,100,"sd","09:35:17",18700
67100,500,900,"bu","09:32:47",18600
67100,500,200,"bu","09:32:31",17700
67100,500,100,"bu","09:31:46",17500
67100,500,800,"bu","09:31:46",17400
67100,500,200,"sd","09:31:17",16600
67100,500,100,"sd","09:30:10",16400
67100,500,100,"sd","09:30:10",16300
67100,500,100,"sd","09:26:10",16200
67100,500,300,"sd","09:26:10",16100
67500,900,100,"sd","09:26:10",15800
67500,900,1500,"sd","09:26:10",15700
67500,900,300,"sd","09:24:22",14200
67700,1100,400,"bu","09:24:06",13900
67700,1100,200,"bu","09:24:06",13500
67800,1200,400,"sd","09:22:54",13300
67800,1200,800,"bu","09:22:53",12900
67800,1200,100,"bu","09:22:53",12100
67800,1200,200,"bu","09:22:53",12000
67800,1200,100,"bu","09:22:53",11800
67800,1200,700,"bu","09:22:20",11700
67500,900,100,"sd","09:22:10",11000
67500,900,100,"bu","09:21:37",10900
67500,900,300,"bu","09:21:37",10800
67400,800,100,"bu","09:21:14",10500
67400,800,300,"bu","09:21:14",10400
67400,800,400,"bu","09:21:14",10100
67100,500,200,"bu","09:20:56",9700
67100,500,500,"bu","09:20:56",9500
67100,500,500,"bu","09:20:52",9000
67000,400,300,"sd","09:20:52",8500
67100,500,100,"bu","09:20:36",8200
67000,400,200,"bu","09:20:05",8100
67000,400,100,"bu","09:20:05",7900
67000,400,400,"bu","09:20:05",7800
67000,400,100,"bu","09:20:01",7400
67000,400,500,"bu","09:19:41",7300
66900,300,100,"bu","09:19:23",6800
66900,300,200,"bu","09:19:23",6700
66900,300,800,"bu","09:19:23",6500
66800,200,1000,"sd","09:18:52",5700
66900,300,100,"bu","09:18:05",4700
66700,100,100,"bu","09:17:51",4600
66700,100,100,"bu","09:17:51",4500
66700,100,100,"sd","09:17:41",4400
66700,100,100,"bu","09:17:28",4300
66700,100,1000,"sd","09:16:45",4200
66800,200,200,"sd","09:16:31",3200
66800,200,3000,"unknown","09:15:00",3000
