"price","change","match_qtty","side","time","total_vol"
81500,300,500,"bu","14:59:18",72000
81500,300,500,"bu","14:57:36",71500
81500,300,100,"bu","14:55:38",71000
81500,300,100,"bu","14:55:35",70900
81500,300,200,"bu","14:55:19",70800
81500,300,200,"bu","14:55:17",70600
81500,300,300,"bu","14:54:48",70400
81500,300,500,"bu","14:53:47",70100
81500,300,500,"bu","14:53:08",69600
81500,300,300,"bu","14:49:42",69100
81500,300,600,"bu","14:48:29",68800
81500,300,400,"bu","14:48:20",68200
81500,300,300,"bu","14:48:07",67800
81500,300,500,"bu","14:48:00",67500
81500,300,1000,"bu","14:47:52",67000
81500,300,5700,"bu","14:46:58",66000
81500,300,2000,"sd","14:40:03",60300
81500,300,6000,"sd","14:39:48",58300
81700,500,500,"unknown","14:30:48",52300
81900,700,2000,"bu","14:08:36",51800
81500,300,600,"bu","14:02:58",49800
81500,300,2300,"bu","14:02:49",49200
81500,300,1000,"bu","14:02:19",46900
81500,300,3000,"bu","14:01:31",45900
81500,300,100,"bu","14:01:01",42900
81500,300,400,"bu","14:00:51",42800
81500,300,200,"bu","14:00:41",42400
81500,300,700,"bu","14:00:30",42200
81500,300,100,"bu","13:59:58",41500
81500,300,200,"bu","13:59:53",41400
81500,300,1000,"bu","13:59:14",41200
81500,300,4000,"bu","13:57:25",40200
81500,300,100,"bu","13:57:04",36200
81500,300,400,"bu","13:46:33",36100
81500,300,200,"bu","13:40:04",35700
81500,300,100,"bu","13:21:32",35500
81500,300,100,"bu","13:18:58",35400
81500,300,1300,"bu","13:18:43",35300
81500,300,100,"bu","13:18:19",34000
81500,300,4100,"bu","13:16:45",33900
81600,400,4100,"unknown","13:16:07",29800
81600,400,3300,"bu","13:15:25",25700
81600,400,600,"bu","13:10:13",22400
81600,400,2000,"bu","13:06:52",21800
81600,400,400,"sd","13:05:06",19800
81600,400,100,"bu","13:00:23",19400
81600,400,9500,"bu","13:00:06",19300
81700,500,500,"bu","13:00:05",9800
81700,500,700,"bu","11:01:44",9300
81700,500,3000,"bu","11:01:14",8600
81700,500,2000,"bu","11:00:39",5600
81700,500,500,"bu","10:58:39",3600
81600,400,100,"sd","10:50:41",3100
81600,400,300,"sd","10:44:09",3000
81600,400,400,"sd","10:42:53",2700
81600,400,100,"sd","10:33:08",2300
81800,600,100,"sd","09:32:09",2200
81400,200,1600,"bu","09:04:22",2100
81200,0,500,"unknown","09:01:49",500
