"price","change","match_qtty","side","time","total_vol"
66600,-400,1400,"sd","14:45:01",61400
66600,-400,100,"bu","14:28:34",60000
66900,-100,200,"bu","14:23:03",59900
66500,-500,500,"unknown","14:23:03",59700
66500,-500,100,"unknown","14:23:03",59200
66500,-500,200,"unknown","14:23:03",59100
66500,-500,300,"sd","14:23:03",58900
66500,-500,200,"sd","14:23:03",58600
66500,-500,2000,"sd","14:23:03",58400
66500,-500,200,"sd","14:23:03",56400
66600,-400,100,"sd","14:22:47",56200
66600,-400,200,"sd","14:22:47",56100
66600,-400,200,"sd","14:22:47",55900
66600,-400,100,"unknown","14:15:39",55700
66600,-400,300,"sd","14:14:44",55600
66600,-400,300,"sd","14:14:27",55300
66600,-400,200,"sd","14:14:15",55000
66500,-500,2300,"bu","14:09:29",54800
66500,-500,100,"bu","14:07:40",52500
66500,-500,100,"bu","14:06:09",52400
66500,-500,500,"sd","14:06:01",52300
66500,-500,100,"bu","14:05:01",51800
66500,-500,300,"bu","14:05:01",51700
66500,-500,100,"bu","14:05:01",51400
66500,-500,100,"bu","14:04:27",51300
66500,-500,100,"bu","14:03:45",51200
66500,-500,100,"sd","14:00:53",51100
66500,-500,100,"sd","14:00:53",51000
66500,-500,1100,"sd","13:59:09",50900
66500,-500,1000,"sd","13:59:09",49800
66500,-500,100,"sd","13:59:09",48800
66500,-500,200,"bu","13:52:09",48700
66500,-500,300,"sd","13:51:48",48500
66500,-500,200,"sd","13:51:48",48200
66500,-500,100,"sd","13:51:48",48000
66500,-500,200,"sd","13:51:47",47900
66500,-500,100,"sd","13:51:47",47700
66500,-500,100,"sd","13:49:36",47600
66500,-500,100,"sd","13:44:59",47500
66500,-500,100,"sd","13:44:59",47400
66500,-500,100,"sd","13:44:59",47300
66500,-500,100,"sd","13:44:59",47200
66500,-500,100,"sd","13:44:59",47100
66500,-500,100,"sd","13:44:59",47000
66500,-500,500,"sd","13:44:59",46900
66500,-500,500,"sd","13:44:59",46400
66500,-500,200,"sd","13:33:51",45900
66500,-500,300,"sd","13:33:51",45700
66600,-400,100,"sd","13:32:14",45400
66600,-400,500,"sd","13:32:14",45300
66700,-300,500,"sd","13:31:50",44800
66500,-500,1000,"sd","13:30:25",44300
66500,-500,100,"sd","13:30:25",43300
66500,-500,500,"sd","13:30:25",43200
66500,-500,300,"sd","13:30:25",42700
66500,-500,100,"sd","13:30:25",42400
66500,-500,100,"sd","13:30:25",42300
66600,-400,100,"sd","13:30:25",42200
66600,-400,600,"sd","13:30:00",42100
66900,-100,300,"sd","13:29:37",41500
67000,0,200,"bu","13:29:22",41200
67000,0,100,"bu","13:23:20",41000
67000,0,200,"bu","13:22:24",40900
67000,0,200,"sd","13:08:31",40700
67000,0,100,"bu","13:06:58",40500
67000,0,100,"bu","13:06:58",40400
67000,0,500,"bu","13:06:58",40300
67000,0,100,"bu","13:06:58",39800
67000,0,500,"bu","13:06:28",39700
67000,0,100,"bu","13:06:28",39200
67000,0,400,"bu","13:06:28",39100
67000,0,500,"bu","13:06:19",38700
67000,0,1000,"bu","13:06:15",38200
67000,0,1000,"bu","13:05:56",37200
67000,0,1000,"bu","13:05:44",36200
67000,0,1000,"bu","13:05:42",35200
67000,0,100,"bu","13:05:32",34200
67000,0,900,"bu","13:05:32",34100
67000,0,500,"bu","13:04:03",33200
66900,-100,400,"sd","13:00:05",32700
66900,-100,100,"bu","11:30:00",32300
66500,-500,100,"sd","11:28:38",32200
66500,-500,100,"sd","11:28:38",32100
66500,-500,500,"sd","11:28:38",32000
66500,-500,1500,"sd","11:28:38",31500
66500,-500,500,"sd","11:28:38",30000
66500,-500,600,"sd","11:28:38",29500
66500,-500,200,"sd","11:28:38",28900
66500,-500,100,"sd","11:28:38",28700
66500,-500,1000,"sd","11:28:37",28600
66500,-500,300,"sd","11:28:37",27600
66500,-500,500,"sd","11:28:37",27300
66600,-400,100,"sd","11:28:37",26800
66600,-400,100,"sd","11:28:37",26700
66600,-400,400,"sd","11:28:16",26600
66600,-400,100,"sd","11:28:16",26200
66600,-400,300,"sd","11:28:16",26100
66600,-400,500,"sd","11:28:16",25800
66700,-300,100,"sd","11:28:16",25300
66700,-300,500,"sd","11:28:01",25200
66700,-300,100,"sd","11:28:01",24700
66800,-200,200,"sd","11:27:42",24600
66900,-100,100,"bu","11:25:17",24400
66900,-100,500,"bu","11:25:13",24300
66900,-100,300,"sd","11:12:55",23800
66900,-100,600,"bu","11:08:57",23500
66900,-100,100,"sd","11:06:30",22900
67000,0,1000,"bu","11:06:01",22800
67000,0,100,"bu","10:59:29",21800
67000,0,100,"bu","10:42:50",21700
67000,0,300,"bu","10:40:49",21600
66600,-400,1800,"sd","10:24:56",21300
66500,-500,500,"sd","10:16:06",19500
66500,-500,500,"sd","10:16:06",19000
66500,-500,100,"sd","10:16:06",18500
66500,-500,2000,"sd","10:11:11",18400
66500,-500,600,"sd","10:11:11",16400
66500,-500,100,"sd","10:11:11",15800
66500,-500,100,"sd","10:11:11",15700
66500,-500,200,"sd","10:11:11",15600
66500,-500,500,"sd","10:11:11",15400
66500,-500,100,"sd","10:11:11",14900
66500,-500,100,"sd","10:11:11",14800
66500,-500,500,"sd","10:11:11",14700
66600,-400,100,"sd","10:10:59",14200
66600,-400,100,"sd","10:10:59",14100
66500,-500,100,"sd","10:08:25",14000
66500,-500,100,"sd","10:08:25",13900
66500,-500,400,"sd","10:07:09",13800
66500,-500,200,"bu","10:02:50",13400
66500,-500,200,"bu","10:02:43",13200
66500,-500,200,"bu","10:02:30",13000
66500,-500,100,"bu","10:02:05",12800
66500,-500,100,"sd","10:01:38",12700
66500,-500,100,"sd","10:01:38",12600
66500,-500,100,"sd","10:01:38",12500
66500,-500,100,"sd","10:01:38",12400
66500,-500,100,"sd","10:01:38",12300
66500,-500,100,"sd","10:01:38",12200
66500,-500,400,"sd","10:01:38",12100
66600,-400,100,"unknown","10:01:20",11700
66600,-400,100,"sd","10:01:20",11600
66600,-400,100,"sd","10:01:20",11500
66800,-200,300,"bu","09:58:21",11400
66700,-300,200,"sd","09:57:04",11100
66700,-300,300,"sd","09:57:04",10900
66600,-400,400,"bu","09:54:55",10600
66600,-400,200,"bu","09:54:47",10200
66600,-400,200,"sd","09:54:34",10000
66600,-400,300,"sd","09:54:34",9800
66600,-400,100,"sd","09:54:34",9500
66600,-400,100,"sd","09:54:34",9400
66600,-400,100,"sd","09:54:07",9300
66600,-400,100,"sd","09:54:07",9200
66600,-400,300,"sd","09:54:07",9100
66600,-400,200,"sd","09:54:07",8800
66600,-400,300,"sd","09:54:07",8600
66700,-300,300,"bu","09:53:29",8300
66700,-300,200,"sd","09:53:06",8000
66700,-300,100,"sd","09:53:06",7800
66700,-300,300,"sd","09:52:10",7700
66700,-300,100,"sd","09:52:10",7400
66700,-300,100,"sd","09:52:10",7300
66700,-300,100,"sd","09:50:38",7200
66700,-300,100,"sd","09:50:38",7100
66700,-300,400,"sd","09:50:38",7000
66700,-300,300,"sd","09:50:38",6600
66700,-300,100,"sd","09:50:38",6300
66800,-200,100,"sd","09:50:38",6200
66800,-200,100,"sd","09:50:38",6100
66800,-200,300,"sd","09:50:38",6000
66900,-100,100,"bu","09:50:21",5700
66900,-100,400,"sd","09:41:40",5600
66900,-100,400,"unknown","09:38:58",5200
66900,-100,600,"unknown","09:38:58",4800
67000,0,100,"bu","09:38:17",4200
67000,0,300,"bu","09:32:54",4100
67000,0,300,"sd","09:31:02",3800
67000,0,200,"sd","09:31:02",3500
67000,0,500,"sd","09:31:02",3300
67000,0,100,"sd","09:31:02",2800
67000,0,100,"sd","09:31:02",2700
67000,0,100,"sd","09:31:02",2600
67000,0,100,"sd","09:31:02",2500
67100,100,100,"sd","09:31:02",2400
67100,100,200,"sd","09:31:02",2300
67100,100,100,"sd","09:24:06",2100
67400,400,300,"bu","09:22:05",2000
67000,0,100,"sd","09:22:04",1700
67000,0,800,"sd","09:15:45",1600
67000,0,100,"sd","09:15:45",800
67000,0,100,"sd","09:15:45",700
67000,0,100,"sd","09:15:45",600
67100,100,300,"sd","09:15:45",500
67200,200,100,"sd","09:15:45",200
67300,300,100,"unknown","09:15:01",100
