"price","change","match_qtty","side","time","total_vol"
64300,0,1700,"bu","14:17:27",62100
64300,0,1000,"bu","14:17:21",60400
64300,0,900,"bu","14:14:37",59400
64300,0,600,"bu","14:13:59",58500
64300,0,500,"bu","14:13:44",57900
64300,0,1500,"bu","14:05:10",57400
64300,0,1200,"bu","14:04:58",55900
64300,0,1500,"bu","13:57:56",54700
64300,0,1500,"bu","13:47:00",53200
64300,0,1300,"bu","13:46:09",51700
64300,0,1200,"bu","13:46:03",50400
64400,100,1700,"bu","13:41:43",49200
64300,0,1600,"bu","13:39:22",47500
64300,0,1000,"bu","13:39:11",45900
64300,0,1700,"bu","13:36:45",44900
64300,0,1800,"unknown","13:23:44",43200
64200,-100,1000,"bu","13:21:13",41400
64200,-100,600,"bu","13:21:01",40400
64300,0,1500,"bu","13:20:43",39800
64300,0,1000,"bu","13:20:34",38300
64300,0,1700,"bu","13:15:46",37300
64300,0,1500,"unknown","13:05:42",35600
64300,0,900,"unknown","13:05:29",34100
64300,0,800,"bu","13:05:23",33200
64400,100,2500,"bu","11:03:02",32400
64500,200,1600,"bu","10:44:44",29900
64600,300,1200,"bu","10:43:47",28300
64600,300,1000,"bu","10:43:32",27100
64500,200,900,"unknown","10:41:52",26100
64500,200,900,"bu","10:41:38",25200
64400,100,1200,"unknown","10:38:04",24300
64400,100,1000,"bu","10:37:51",23100
64300,0,1500,"bu","10:24:05",22100
64300,0,1000,"bu","10:22:39",20600
64300,0,900,"bu","10:22:13",19600
64300,0,1500,"bu","10:21:22",18700
64400,100,1000,"bu","10:13:03",17200
64400,100,800,"bu","10:12:53",16200
64400,100,700,"bu","10:12:40",15400
64400,100,1600,"bu","09:56:34",14700
64300,0,1000,"bu","09:51:14",13100
64300,0,600,"bu","09:51:00",12100
64300,0,500,"bu","09:50:48",11500
64200,-100,300,"sd","09:50:01",11000
64200,-100,1200,"sd","09:44:51",10700
64200,-100,900,"sd","09:44:33",9500
64200,-100,500,"unknown","09:35:27",8600
64200,-100,500,"sd","09:35:01",8100
64200,-100,1000,"bu","09:27:54",7600
64200,-100,500,"bu","09:27:36",6600
64300,0,1200,"bu","09:26:57",6100
64300,0,500,"sd","09:26:44",4900
64400,100,800,"unknown","09:14:30",4400
64400,100,600,"bu","09:14:25",3600
64400,100,500,"bu","09:14:21",3000
64400,100,100,"bu","09:13:59",2500
64500,200,1000,"bu","09:13:18",2400
64500,200,500,"bu","09:13:12",1400
64400,100,200,"sd","09:11:46",900
64500,200,700,"sd","09:11:36",700
