"price","change","match_qtty","side","time","total_vol"
20200,0,83900,"unknown","14:45:01",2340100
20300,100,1100,"bu","14:29:56",2256200
20200,0,2000,"sd","14:29:29",2255100
20300,100,100,"bu","14:29:28",2253100
20200,0,100,"sd","14:29:25",2253000
20200,0,1300,"sd","14:29:22",2252900
20200,0,4100,"sd","14:28:56",2251600
20200,0,100,"sd","14:28:46",2247500
20200,0,100,"sd","14:28:44",2247400
20200,0,4000,"sd","14:28:40",2247300
20200,0,4200,"sd","14:28:29",2243300
20200,0,9700,"bu","14:28:14",2239100
20200,0,400,"bu","14:28:03",2229400
20200,0,1000,"sd","14:27:59",2229000
20200,0,49600,"sd","14:27:31",2228000
20100,-100,1400,"unknown","14:27:19",2178400
20000,-200,300,"sd","14:26:59",2177000
20100,-100,13800,"bu","14:26:32",2176700
20000,-200,300,"sd","14:26:23",2162900
20100,-100,200,"bu","14:25:55",2162600
20100,-100,13000,"sd","14:25:51",2162400
20100,-100,300,"sd","14:25:28",2149400
20100,-100,2000,"sd","14:25:15",2149100
20100,-100,6000,"sd","14:24:19",2147100
20100,-100,600,"sd","14:23:37",2141100
20100,-100,500,"sd","14:23:32",2140500
20100,-100,500,"sd","14:23:28",2140000
20100,-100,700,"sd","14:23:24",2139500
20100,-100,3600,"sd","14:22:34",2138800
20100,-100,5000,"sd","14:22:12",2135200
20100,-100,100,"sd","14:20:50",2130200
20200,0,200,"bu","14:20:20",2130100
20200,0,100,"bu","14:20:15",2129900
20100,-100,1000,"sd","14:20:11",2129800
20100,-100,1000,"sd","14:20:03",2128800
20200,0,1000,"bu","14:18:27",2127800
20200,0,400,"bu","14:18:24",2126800
20200,0,500,"bu","14:18:23",2126400
20200,0,100,"bu","14:18:20",2125900
20200,0,1000,"bu","14:18:18",2125800
20200,0,300,"bu","14:18:11",2124800
20200,0,500,"bu","14:18:08",2124500
20200,0,39000,"bu","14:17:54",2124000
20200,0,600,"bu","14:17:23",2085000
20200,0,500,"bu","14:17:06",2084400
20200,0,500,"bu","14:16:47",2083900
20200,0,500,"bu","14:16:35",2083400
20200,0,8100,"bu","14:15:28",2082900
20100,-100,200,"sd","14:13:59",2074800
20100,-100,100,"sd","14:13:57",2074600
20100,-100,800,"sd","14:13:44",2074500
20100,-100,500,"sd","14:13:43",2073700
20100,-100,1000,"sd","14:13:27",2073200
20100,-100,200,"sd","14:13:15",2072200
20100,-100,20900,"sd","14:13:00",2072000
20100,-100,1000,"bu","14:12:59",2051100
20100,-100,1000,"bu","14:12:30",2050100
20000,-200,200,"sd","14:12:18",2049100
20000,-200,6900,"sd","14:10:58",2048900
20000,-200,4000,"bu","14:10:52",2042000
20000,-200,500,"bu","14:10:47",2038000
20000,-200,5200,"bu","14:10:44",2037500
20000,-200,1000,"bu","14:10:34",2032300
20000,-200,10900,"bu","14:10:31",2031300
20000,-200,100,"bu","14:10:09",2020400
20000,-200,1000,"bu","14:10:07",2020300
20000,-200,2500,"bu","14:10:04",2019300
20000,-200,1800,"sd","14:09:01",2016800
20000,-200,2000,"sd","14:08:54",2015000
20000,-200,11200,"bu","14:08:47",2013000
20000,-200,200,"bu","14:08:44",2001800
20000,-200,3600,"sd","14:08:38",2001600
20000,-200,400,"bu","14:08:32",1998000
20000,-200,400,"sd","14:08:29",1997600
20000,-200,2000,"sd","14:08:18",1997200
20000,-200,2500,"sd","14:08:14",1995200
20000,-200,500,"sd","14:08:04",1992700
20000,-200,12000,"sd","14:08:03",1992200
20000,-200,30000,"sd","14:08:01",1980200
20000,-200,1000,"sd","14:07:49",1950200
20000,-200,1000,"sd","14:07:44",1949200
20000,-200,1000,"sd","14:07:41",1948200
20000,-200,100,"sd","14:07:11",1947200
20000,-200,12700,"sd","14:06:46",1947100
20000,-200,4000,"sd","14:06:36",1934400
20100,-100,13200,"bu","14:06:31",1930400
20000,-200,500,"sd","14:06:17",1917200
20100,-100,100,"bu","14:05:57",1916700
20000,-200,8000,"sd","14:05:54",1916600
20000,-200,7500,"sd","14:05:29",1908600
20000,-200,12000,"sd","14:05:06",1901100
20000,-200,34000,"sd","14:04:55",1889100
20100,-100,700,"bu","14:04:48",1855100
20100,-100,200,"sd","14:04:28",1854400
20100,-100,1200,"sd","14:04:23",1854200
20100,-100,500,"sd","14:03:44",1853000
20100,-100,100,"sd","14:03:25",1852500
20100,-100,20000,"sd","14:03:16",1852400
20100,-100,200,"sd","14:03:04",1832400
20100,-100,500,"sd","14:02:37",1832200
20100,-100,1000,"sd","14:02:25",1831700
20100,-100,100,"sd","14:02:14",1830700
20100,-100,100,"sd","14:02:02",1830600
20200,0,100,"bu","14:01:46",1830500
20100,-100,2000,"sd","14:00:19",1830400
20100,-100,10000,"sd","13:58:43",1828400
20100,-100,500,"sd","13:57:55",1818400
20100,-100,100,"sd","13:57:32",1817900
20100,-100,500,"sd","13:56:47",1817800
20100,-100,10000,"sd","13:56:41",1817300
20100,-100,100,"sd","13:54:34",1807300
20100,-100,100,"sd","13:54:14",1807200
20100,-100,1000,"sd","13:53:36",1807100
20100,-100,500,"sd","13:53:23",1806100
20100,-100,500,"sd","13:52:46",1805600
20100,-100,10000,"sd","13:52:06",1805100
20100,-100,500,"sd","13:50:07",1795100
20100,-100,500,"sd","13:50:00",1794600
20100,-100,200,"sd","13:49:07",1794100
20100,-100,100,"sd","13:47:13",1793900
20200,0,100,"bu","13:46:25",1793800
20100,-100,2400,"sd","13:45:21",1793700
20100,-100,500,"sd","13:45:16",1791300
20100,-100,1000,"sd","13:44:27",1790800
20100,-100,100,"sd","13:42:55",1789800
20100,-100,700,"sd","13:39:20",1789700
20100,-100,8100,"sd","13:38:37",1789000
20000,-200,300,"sd","13:38:34",1780900
20100,-100,1000,"bu","13:38:22",1780600
20100,-100,200,"bu","13:37:50",1779600
20100,-100,1800,"sd","13:37:48",1779400
20100,-100,13200,"sd","13:37:38",1777600
20100,-100,1000,"bu","13:37:31",1764400
20100,-100,800,"bu","13:37:27",1763400
20100,-100,100,"bu","13:37:10",1762600
20100,-100,1000,"bu","13:37:05",1762500
20100,-100,6000,"bu","13:36:55",1761500
20100,-100,3500,"bu","13:35:38",1755500
20100,-100,1000,"bu","13:35:27",1752000
20100,-100,600,"bu","13:33:44",1751000
20100,-100,3300,"sd","13:33:20",1750400
20100,-100,700,"sd","13:33:15",1747100
20100,-100,100,"sd","13:33:14",1746400
20100,-100,500,"sd","13:32:51",1746300
20100,-100,1000,"sd","13:32:30",1745800
20100,-100,10500,"sd","13:32:01",1744800
20100,-100,1000,"bu","13:31:53",1734300
20100,-100,100,"bu","13:31:52",1733300
20100,-100,600,"bu","13:31:39",1733200
20100,-100,14400,"sd","13:31:20",1732600
20100,-100,2800,"bu","13:30:55",1718200
20000,-200,8400,"sd","13:30:29",1715400
20000,-200,100,"sd","13:30:11",1707000
20000,-200,800,"sd","13:30:09",1706900
20000,-200,800,"sd","13:29:42",1706100
20000,-200,5000,"sd","13:29:39",1705300
20000,-200,20000,"sd","13:29:32",1700300
20000,-200,100,"sd","13:29:26",1680300
20000,-200,2000,"sd","13:29:08",1680200
20000,-200,2000,"sd","13:29:06",1678200
20000,-200,100,"sd","13:28:58",1676200
20000,-200,100,"sd","13:28:44",1676100
20000,-200,300,"sd","13:28:20",1676000
20000,-200,600,"sd","13:28:17",1675700
20100,-100,1000,"bu","13:27:37",1675100
20100,-100,4000,"bu","13:26:34",1674100
20000,-200,600,"sd","13:26:30",1670100
20000,-200,700,"sd","13:26:06",1669500
20100,-100,100,"bu","13:25:56",1668800
20100,-100,1000,"bu","13:24:36",1668700
20100,-100,5000,"sd","13:24:33",1667700
20100,-100,600,"sd","13:23:48",1662700
20100,-100,1500,"sd","13:23:21",1662100
20100,-100,1000,"sd","13:22:30",1660600
20100,-100,100,"sd","13:22:25",1659600
20100,-100,1600,"sd","13:22:18",1659500
20100,-100,100,"sd","13:21:44",1657900
20100,-100,1000,"sd","13:21:26",1657800
20100,-100,800,"sd","13:21:25",1656800
20100,-100,200,"sd","13:21:12",1656000
20100,-100,5000,"sd","13:21:06",1655800
20100,-100,1000,"sd","13:20:59",1650800
20100,-100,10000,"sd","13:20:58",1649800
20100,-100,1000,"sd","13:20:41",1639800
20100,-100,1000,"sd","13:20:00",1638800
20100,-100,300,"sd","13:19:27",1637800
20100,-100,200,"sd","13:18:18",1637500
20100,-100,900,"sd","13:18:06",1637300
20100,-100,800,"sd","13:17:52",1636400
20100,-100,100,"sd","13:17:49",1635600
20100,-100,100,"sd","13:17:39",1635500
20100,-100,200,"sd","13:16:54",1635400
20100,-100,3000,"sd","13:16:00",1635200
20200,0,400,"bu","13:15:46",1632200
20100,-100,500,"sd","13:15:07",1631800
20100,-100,500,"sd","13:14:10",1631300
20100,-100,20000,"sd","13:13:20",1630800
20100,-100,1000,"sd","13:12:54",1610800
20200,0,5000,"bu","13:12:20",1609800
20200,0,1700,"sd","13:11:32",1604800
20300,100,100,"bu","13:11:28",1603100
20200,0,100,"sd","13:11:26",1603000
20200,0,600,"sd","13:11:00",1602900
20200,0,800,"sd","13:10:57",1602300
20200,0,8900,"sd","13:10:52",1601500
20200,0,2000,"bu","13:10:51",1592600
20200,0,1000,"bu","13:10:48",1590600
20200,0,1100,"bu","13:10:42",1589600
20200,0,1000,"bu","13:10:40",1588500
20200,0,1000,"bu","13:10:32",1587500
20200,0,3000,"bu","13:10:21",1586500
20200,0,8000,"bu","13:10:08",1583500
20200,0,1300,"bu","13:09:53",1575500
20200,0,1900,"bu","13:08:46",1574200
20200,0,1800,"bu","13:08:04",1572300
20200,0,2500,"bu","13:07:48",1570500
20200,0,1000,"bu","13:07:47",1568000
20200,0,15500,"bu","13:07:22",1567000
20200,0,1800,"bu","13:07:21",1551500
20200,0,5000,"bu","13:06:19",1549700
20200,0,500,"bu","13:06:11",1544700
20200,0,300,"bu","13:03:50",1544200
20100,-100,100,"sd","13:03:06",1543900
20100,-100,1000,"sd","13:02:24",1543800
20100,-100,200,"sd","13:02:23",1542800
20100,-100,300,"sd","13:02:10",1542600
20200,0,400,"bu","13:00:46",1542300
20200,0,1000,"bu","13:00:09",1541900
20100,-100,100,"sd","13:00:08",1540900
20200,0,15300,"bu","13:00:05",1540800
20100,-100,1900,"sd","13:00:03",1525500
20200,0,100,"bu","13:00:02",1523600
20200,0,100,"bu","11:29:36",1523500
20200,0,300,"bu","11:29:30",1523400
20200,0,1000,"bu","11:28:47",1523100
20200,0,200,"bu","11:28:23",1522100
20200,0,100,"bu","11:27:36",1521900
20200,0,700,"bu","11:26:43",1521800
20200,0,100,"bu","11:26:17",1521100
20200,0,100,"bu","11:26:01",1521000
20100,-100,2000,"sd","11:26:00",1520900
20100,-100,5000,"sd","11:25:40",1518900
20100,-100,100,"sd","11:23:47",1513900
20100,-100,100,"sd","11:22:30",1513800
20100,-100,1000,"sd","11:21:51",1513700
20100,-100,500,"sd","11:21:26",1512700
20200,0,1000,"bu","11:21:05",1512200
20200,0,400,"bu","11:19:30",1511200
20200,0,100,"sd","11:19:20",1510800
20200,0,3200,"bu","11:19:18",1510700
20200,0,800,"bu","11:18:56",1507500
20200,0,78000,"bu","11:18:55",1506700
20200,0,400,"bu","11:15:16",1428700
20200,0,200,"bu","11:15:08",1428300
20200,0,100,"bu","11:14:43",1428100
20200,0,1000,"bu","11:12:33",1428000
20200,0,2200,"bu","11:12:07",1427000
20200,0,200,"bu","11:10:48",1424800
20200,0,100,"bu","11:10:10",1424600
20200,0,100,"bu","11:09:53",1424500
20200,0,100,"bu","11:09:50",1424400
20200,0,1000,"bu","11:09:34",1424300
20200,0,100,"bu","11:07:27",1423300
20100,-100,1000,"sd","11:06:48",1423200
20100,-100,1100,"sd","11:06:37",1422200
20200,0,100,"bu","11:05:58",1421100
20200,0,500,"bu","11:05:17",1421000
20200,0,100,"bu","11:04:49",1420500
20200,0,1000,"bu","11:04:18",1420400
20200,0,200,"bu","11:02:51",1419400
20200,0,300,"bu","11:01:35",1419200
20200,0,100,"bu","11:01:12",1418900
20100,-100,200,"sd","10:59:50",1418800
20100,-100,500,"sd","10:59:44",1418600
20100,-100,500,"sd","10:59:37",1418100
20100,-100,100,"sd","10:56:50",1417600
20100,-100,100,"sd","10:56:39",1417500
20100,-100,1000,"sd","10:55:25",1417400
20100,-100,1000,"sd","10:55:13",1416400
20100,-100,9000,"sd","10:54:18",1415400
20200,0,100,"bu","10:54:09",1406400
20200,0,300,"bu","10:53:41",1406300
20200,0,100,"bu","10:53:17",1406000
20200,0,10000,"bu","10:52:52",1405900
20200,0,10000,"bu","10:52:50",1395900
20200,0,1500,"bu","10:52:30",1385900
20100,-100,300,"sd","10:52:02",1384400
20200,0,3000,"bu","10:52:00",1384100
20100,-100,200,"unknown","10:50:27",1381100
20100,-100,1000,"bu","10:50:14",1380900
20100,-100,500,"bu","10:50:11",1379900
20100,-100,22300,"bu","10:49:40",1379400
20100,-100,600,"sd","10:49:31",1357100
20100,-100,3000,"sd","10:49:01",1356500
20100,-100,900,"sd","10:48:54",1353500
20100,-100,5000,"sd","10:48:03",1352600
20100,-100,5000,"sd","10:47:10",1347600
20100,-100,1000,"sd","10:47:00",1342600
20100,-100,1700,"sd","10:46:33",1341600
20100,-100,5000,"sd","10:46:22",1339900
20100,-100,10000,"sd","10:46:21",1334900
20100,-100,10000,"sd","10:45:45",1324900
20100,-100,1000,"sd","10:45:44",1314900
20100,-100,1800,"sd","10:45:17",1313900
20100,-100,100,"sd","10:43:42",1312100
20200,0,17200,"bu","10:42:17",1312000
20200,0,6000,"sd","10:42:01",1294800
20200,0,400,"sd","10:41:24",1288800
20200,0,300,"sd","10:40:34",1288400
20200,0,10000,"sd","10:39:52",1288100
20200,0,5000,"sd","10:39:43",1278100
20200,0,100,"sd","10:39:16",1273100
20300,100,100,"bu","10:39:12",1273000
20300,100,1000,"bu","10:38:41",1272900
20200,0,100,"sd","10:38:35",1271900
20300,100,100,"bu","10:36:23",1271800
20300,100,600,"bu","10:34:58",1271700
20200,0,400,"bu","10:34:50",1271100
20200,0,1600,"bu","10:34:38",1270700
20200,0,1400,"sd","10:33:56",1269100
20200,0,19500,"bu","10:33:54",1267700
20200,0,2500,"bu","10:33:39",1248200
20200,0,6600,"bu","10:33:32",1245700
20200,0,500,"bu","10:33:29",1239100
20200,0,500,"bu","10:33:15",1238600
20100,-100,400,"sd","10:33:03",1238100
20100,-100,100,"sd","10:32:27",1237700
20100,-100,500,"sd","10:31:49",1237600
20100,-100,1100,"sd","10:30:49",1237100
20100,-100,200,"sd","10:30:38",1236000
20100,-100,100,"sd","10:30:17",1235800
20200,0,400,"bu","10:29:57",1235700
20200,0,200,"bu","10:29:19",1235300
20000,-200,250000,"sd","10:29:15",1235100
20200,0,149700,"bu","10:29:02",985100
20300,100,3000,"bu","10:28:22",835400
20300,100,4100,"bu","10:27:59",832400
20300,100,1000,"bu","10:26:37",828300
20300,100,2300,"sd","10:26:36",827300
20300,100,20000,"sd","10:26:32",825000
20300,100,3000,"sd","10:26:31",805000
20300,100,2000,"sd","10:26:30",802000
20300,100,5000,"sd","10:26:24",800000
20300,100,1700,"sd","10:26:08",795000
20300,100,200,"sd","10:26:07",793300
20300,100,1000,"sd","10:25:46",793100
20300,100,1000,"sd","10:25:45",792100
20300,100,10600,"sd","10:25:22",791100
20300,100,1000,"sd","10:25:13",780500
20300,100,100,"sd","10:23:33",779500
20300,100,1000,"sd","10:22:55",779400
20300,100,200,"sd","10:22:46",778400
20300,100,1000,"sd","10:22:30",778200
20300,100,1000,"sd","10:22:24",777200
20300,100,1000,"sd","10:21:48",776200
20300,100,2000,"sd","10:21:43",775200
20300,100,500,"sd","10:20:56",773200
20300,100,1000,"sd","10:20:44",772700
20300,100,1100,"sd","10:20:24",771700
20300,100,1600,"sd","10:20:09",770600
20300,100,400,"sd","10:19:18",769000
20300,100,2100,"sd","10:17:48",768600
20300,100,100,"sd","10:17:03",766500
20300,100,500,"sd","10:16:20",766400
20300,100,500,"sd","10:15:43",765900
20300,100,1000,"sd","10:14:51",765400
20300,100,1500,"sd","10:14:12",764400
20300,100,300,"sd","10:13:24",762900
20400,200,300,"bu","10:12:38",762600
20300,100,800,"sd","10:12:05",762300
20400,200,500,"bu","10:11:45",761500
20400,200,100,"bu","10:11:35",761000
20400,200,5700,"bu","10:11:27",760900
20400,200,200,"bu","10:10:03",755200
20400,200,100,"bu","10:09:25",755000
20400,200,100,"bu","10:09:23",754900
20300,100,300,"sd","10:09:02",754800
20300,100,4000,"sd","10:08:37",754500
20400,200,20200,"bu","10:07:07",750500
20300,100,300,"sd","10:06:50",730300
20300,100,5000,"sd","10:06:17",730000
20300,100,400,"sd","10:06:16",725000
20300,100,500,"sd","10:06:14",724600
20400,200,100,"bu","10:06:13",724100
20300,100,2000,"sd","10:05:16",724000
20300,100,1000,"sd","10:05:08",722000
20300,100,100,"sd","10:04:34",721000
20300,100,2000,"sd","10:04:25",720900
20400,200,100,"bu","10:02:36",718900
20300,100,1000,"sd","10:02:15",718800
20300,100,5000,"sd","10:01:48",717800
20300,100,100,"sd","10:01:19",712800
20300,100,200,"sd","10:00:01",712700
20400,200,3000,"bu","09:58:10",712500
20400,200,1000,"bu","09:58:09",709500
20400,200,1000,"bu","09:57:51",708500
20400,200,100,"bu","09:57:24",707500
20400,200,600,"bu","09:57:17",707400
20300,100,500,"sd","09:56:01",706800
20300,100,100,"sd","09:55:57",706300
20300,100,300,"sd","09:52:43",706200
20300,100,200,"sd","09:52:25",705900
20300,100,300,"sd","09:52:14",705700
20300,100,100,"sd","09:51:38",705400
20300,100,200,"sd","09:51:27",705300
20300,100,200,"sd","09:49:55",705100
20300,100,500,"sd","09:49:39",704900
20300,100,100,"sd","09:49:26",704400
20300,100,15000,"sd","09:49:20",704300
20300,100,200,"sd","09:48:48",689300
20300,100,200,"sd","09:48:38",689100
20300,100,500,"sd","09:48:18",688900
20300,100,8400,"sd","09:47:56",688400
20300,100,7000,"sd","09:47:45",680000
20400,200,200,"bu","09:47:28",673000
20300,100,100,"sd","09:47:14",672800
20400,200,100,"bu","09:46:47",672700
20300,100,300,"sd","09:46:45",672600
20300,100,3400,"sd","09:46:08",672300
20300,100,400,"sd","09:45:53",668900
20300,100,300,"sd","09:45:32",668500
20300,100,200,"sd","09:45:28",668200
20300,100,3000,"sd","09:44:53",668000
20300,100,100,"sd","09:44:25",665000
20300,100,400,"sd","09:44:21",664900
20300,100,200,"sd","09:44:07",664500
20300,100,500,"sd","09:44:05",664300
20300,100,200,"bu","09:44:00",663800
20300,100,200,"bu","09:43:39",663600
20300,100,300,"bu","09:43:37",663400
20300,100,100,"bu","09:43:36",663100
20300,100,1000,"bu","09:43:30",663000
20300,100,2800,"bu","09:43:16",662000
20300,100,200,"bu","09:43:10",659200
20300,100,4600,"bu","09:43:05",659000
20300,100,100,"bu","09:42:57",654400
20300,100,300,"bu","09:42:48",654300
20300,100,9000,"bu","09:42:16",654000
20300,100,11000,"sd","09:42:12",645000
20300,100,100,"sd","09:42:09",634000
20300,100,100,"sd","09:41:58",633900
20300,100,100,"sd","09:41:53",633800
20300,100,13000,"sd","09:41:52",633700
20300,100,500,"sd","09:41:49",620700
20300,100,10600,"sd","09:41:47",620200
20300,100,100,"sd","09:41:46",609600
20300,100,400,"sd","09:41:39",609500
20300,100,400,"sd","09:41:37",609100
20300,100,100,"sd","09:41:35",608700
20300,100,300,"sd","09:41:30",608600
20300,100,5000,"sd","09:41:19",608300
20300,100,1000,"sd","09:41:12",603300
20300,100,30000,"sd","09:40:39",602300
20300,100,100,"sd","09:39:57",572300
20300,100,100,"sd","09:39:41",572200
20300,100,200,"sd","09:39:39",572100
20300,100,500,"sd","09:38:40",571900
20300,100,1000,"sd","09:38:37",571400
20300,100,3900,"bu","09:37:31",570400
20300,100,200,"bu","09:37:09",566500
20300,100,300,"sd","09:36:39",566300
20300,100,1000,"sd","09:36:37",566000
20300,100,100,"sd","09:36:27",565000
20300,100,300,"sd","09:36:17",564900
20300,100,1000,"sd","09:36:06",564600
20300,100,5000,"sd","09:36:04",563600
20300,100,100,"sd","09:36:03",558600
20300,100,300,"sd","09:35:54",558500
20300,100,100,"sd","09:35:50",558200
20300,100,700,"sd","09:35:40",558100
20300,100,100,"sd","09:35:36",557400
20300,100,400,"sd","09:35:11",557300
20300,100,10000,"sd","09:35:07",556900
20300,100,5000,"sd","09:35:02",546900
20300,100,1000,"sd","09:34:56",541900
20300,100,6500,"sd","09:34:55",540900
20300,100,500,"sd","09:34:26",534400
20300,100,1000,"sd","09:34:14",533900
20300,100,100,"sd","09:33:38",532900
20300,100,600,"sd","09:33:13",532800
20300,100,1000,"sd","09:33:02",532200
20300,100,1000,"sd","09:33:00",531200
20300,100,200,"sd","09:32:57",530200
20300,100,300,"sd","09:32:50",530000
20300,100,500,"sd","09:32:43",529700
20300,100,500,"sd","09:32:16",529200
20300,100,200,"sd","09:31:53",528700
20300,100,1000,"sd","09:31:47",528500
20400,200,200,"bu","09:30:40",527500
20400,200,100,"bu","09:30:02",527300
20400,200,100,"bu","09:28:48",527200
20300,100,100,"sd","09:28:23",527100
20400,200,300,"bu","09:27:48",527000
20400,200,2000,"unknown","09:27:33",526700
20400,200,100,"sd","09:27:32",524700
20400,200,100,"sd","09:27:21",524600
20400,200,7800,"sd","09:27:13",524500
20400,200,2200,"bu","09:27:08",516700
20400,200,200,"sd","09:27:04",514500
20400,200,100,"sd","09:27:01",514300
20400,200,2900,"sd","09:26:59",514200
20400,200,1000,"sd","09:26:50",511300
20400,200,500,"sd","09:26:42",510300
20400,200,1100,"bu","09:26:29",509800
20400,200,48900,"bu","09:26:19",508700
20400,200,1000,"sd","09:25:55",459800
20400,200,26300,"sd","09:25:34",458800
20400,200,3300,"bu","09:25:31",432500
20400,200,3800,"bu","09:24:43",429200
20300,100,600,"sd","09:24:39",425400
20400,200,2000,"bu","09:24:25",424800
20300,100,15000,"sd","09:24:15",422800
20300,100,100,"sd","09:24:14",407800
20400,200,54000,"bu","09:24:09",407700
20300,100,4600,"sd","09:24:05",353700
20300,100,500,"sd","09:23:58",349100
20300,100,100,"sd","09:23:47",348600
20300,100,100,"sd","09:23:39",348500
20300,100,100,"sd","09:23:36",348400
20300,100,1000,"sd","09:23:30",348300
20300,100,1200,"sd","09:22:54",347300
20300,100,2000,"sd","09:22:52",346100
20300,100,800,"sd","09:22:38",344100
20400,200,2500,"bu","09:22:29",343300
20300,100,1500,"sd","09:22:20",340800
20400,200,2200,"bu","09:22:16",339300
20400,200,100,"bu","09:22:07",337100
20400,200,100,"bu","09:21:58",337000
20400,200,2000,"bu","09:21:43",336900
20300,100,200,"sd","09:21:40",334900
20400,200,2000,"bu","09:21:34",334700
20400,200,2000,"bu","09:21:24",332700
20400,200,200,"bu","09:21:08",330700
20400,200,2000,"sd","09:21:07",330500
20400,200,1000,"sd","09:21:06",328500
20400,200,400,"sd","09:21:03",327500
20400,200,1000,"sd","09:21:01",327100
20400,200,200,"sd","09:20:59",326100
20400,200,5000,"sd","09:20:58",325900
20400,200,2000,"sd","09:20:56",320900
20400,200,16700,"sd","09:20:51",318900
20400,200,36000,"sd","09:20:38",302200
20400,200,100,"sd","09:20:07",266200
20500,300,500,"bu","09:19:52",266100
20400,200,3000,"sd","09:19:44",265600
20400,200,1000,"sd","09:19:30",262600
20400,200,100,"sd","09:19:23",261600
20400,200,2000,"sd","09:19:12",261500
20400,200,10000,"sd","09:19:06",259500
20400,200,100,"sd","09:18:39",249500
20400,200,1000,"sd","09:18:37",249400
20400,200,100,"sd","09:18:31",248400
20400,200,100,"sd","09:18:25",248300
20400,200,6000,"sd","09:18:14",248200
20400,200,100,"sd","09:18:13",242200
20400,200,14300,"sd","09:17:47",242100
20400,200,200,"sd","09:17:42",227800
20400,200,3000,"sd","09:17:36",227600
20500,300,800,"bu","09:16:51",224600
20400,200,1000,"sd","09:16:47",223800
20500,300,1500,"bu","09:16:38",222800
20400,200,500,"sd","09:16:35",221300
20400,200,1000,"sd","09:16:22",220800
20400,200,500,"sd","09:16:19",219800
20500,300,3000,"bu","09:16:18",219300
20500,300,1900,"bu","09:16:09",216300
20400,200,300,"sd","09:14:58",214400
20400,200,100,"sd","09:14:48",214100
20500,300,400,"bu","09:14:17",214000
20400,200,400,"sd","09:14:16",213600
20500,300,500,"bu","09:13:36",213200
20400,200,100,"sd","09:13:17",212700
20500,300,300,"bu","09:13:09",212600
20400,200,100,"sd","09:13:02",212300
20400,200,200,"sd","09:12:47",212200
20500,300,400,"bu","09:12:41",212000
20400,200,100,"sd","09:12:17",211600
20500,300,1000,"bu","09:12:10",211500
20500,300,600,"bu","09:10:34",210500
20500,300,100,"bu","09:10:29",209900
20500,300,5000,"bu","09:09:50",209800
20500,300,1000,"bu","09:09:42",204800
20500,300,500,"bu","09:09:38",203800
20500,300,2000,"bu","09:09:26",203300
20500,300,5000,"bu","09:09:19",201300
20500,300,600,"bu","09:09:17",196300
20500,300,1000,"bu","09:08:59",195700
20500,300,5000,"bu","09:08:56",194700
20500,300,1000,"bu","09:08:54",189700
20500,300,3800,"bu","09:08:48",188700
20500,300,2000,"bu","09:08:44",184900
20500,300,300,"bu","09:08:41",182900
20500,300,500,"bu","09:08:38",182600
20500,300,400,"bu","09:08:30",182100
20500,300,1000,"bu","09:08:29",181700
20500,300,10300,"bu","09:08:07",180700
20500,300,100,"bu","09:07:37",170400
20500,300,1000,"bu","09:07:32",170300
20500,300,7500,"sd","09:07:25",169300
20500,300,2000,"sd","09:07:23",161800
20500,300,1000,"sd","09:07:20",159800
20500,300,300,"sd","09:07:10",158800
20500,300,1000,"sd","09:07:01",158500
20500,300,1500,"bu","09:07:00",157500
20500,300,15000,"bu","09:06:59",156000
20500,300,10000,"bu","09:06:52",141000
20500,300,7700,"bu","09:06:48",131000
20500,300,9600,"bu","09:06:44",123300
20500,300,15000,"bu","09:06:39",113700
20500,300,500,"bu","09:06:35",98700
20500,300,2000,"bu","09:06:24",98200
20500,300,2300,"bu","09:06:19",96200
20500,300,2000,"bu","09:06:11",93900
20500,300,3000,"bu","09:06:07",91900
20400,200,200,"sd","09:06:02",88900
20400,200,100,"sd","09:05:59",88700
20400,200,1800,"sd","09:05:33",88600
20500,300,1500,"bu","09:05:27",86800
20500,300,100,"bu","09:05:25",85300
20500,300,10000,"bu","09:05:16",85200
20400,200,400,"sd","09:04:49",75200
20400,200,1000,"sd","09:04:40",74800
20500,300,100,"bu","09:04:38",73800
20500,300,2000,"bu","09:04:36",73700
20400,200,100,"sd","09:04:30",71700
20400,200,100,"sd","09:04:17",71600
20400,200,500,"sd","09:04:09",71500
20400,200,2700,"sd","09:04:02",71000
20300,100,1100,"sd","09:03:49",68300
20400,200,10000,"bu","09:03:47",67200
20400,200,400,"bu","09:03:43",57200
20400,200,800,"bu","09:03:30",56800
20400,200,6000,"bu","09:03:09",56000
20300,100,4200,"sd","09:02:35",50000
20300,100,800,"sd","09:02:31",45800
20400,200,2000,"bu","09:02:23",45000
20400,200,200,"bu","09:02:14",43000
20300,100,200,"sd","09:02:08",42800
20400,200,1000,"bu","09:01:53",42600
20300,100,2500,"bu","09:01:44",41600
20200,0,1000,"sd","09:01:35",39100
20100,-100,15400,"sd","09:00:33",38100
20200,0,5900,"unknown","09:00:18",22700
20300,100,1200,"bu","09:00:15",16800
20200,0,100,"sd","09:00:09",15600
20300,100,100,"bu","09:00:07",15500
20200,0,100,"sd","09:00:06",15400
20200,0,1200,"sd","09:00:05",15300
18200,-2000,9500,"sd","09:00:03",14100
18200,-2000,300,"sd","09:00:02",4600
18200,-2000,3400,"bu","09:00:01",4300
18200,-2000,900,"bu","09:00:00",900
