"price","change","match_qtty","side","time","total_vol"
91600,-700,76900,"unknown","14:45:00",1000600
92200,-100,100,"bu","14:29:34",923700
92200,-100,100,"sd","14:29:28",923600
92200,-100,200,"sd","14:29:02",923500
92300,0,100,"sd","14:29:00",923300
92300,0,100,"bu","14:28:59",923200
92200,-100,200,"sd","14:28:45",923100
92300,0,600,"sd","14:28:41",922900
92200,-100,300,"sd","14:28:34",922300
92300,0,1000,"bu","14:28:30",922000
92200,-100,100,"sd","14:28:23",921000
92200,-100,100,"bu","14:28:21",920900
92200,-100,300,"sd","14:28:17",920800
92200,-100,100,"bu","14:28:06",920500
92200,-100,200,"bu","14:28:06",920400
92100,-200,100,"sd","14:27:53",920200
92100,-200,200,"sd","14:27:43",920100
92200,-100,100,"sd","14:27:43",919900
92200,-100,200,"sd","14:27:43",919800
92200,-100,200,"sd","14:27:40",919600
92400,100,700,"bu","14:27:35",919400
92300,0,800,"bu","14:27:35",918700
92400,100,1400,"bu","14:27:32",917900
92300,0,700,"bu","14:27:32",916500
92300,0,100,"bu","14:27:32",915800
92300,0,100,"bu","14:27:32",915700
92200,-100,200,"sd","14:27:29",915600
92200,-100,100,"sd","14:27:29",915400
92200,-100,100,"sd","14:27:29",915300
92200,-100,200,"sd","14:27:25",915200
92300,0,100,"bu","14:27:17",915000
92300,0,100,"bu","14:27:17",914900
92300,0,100,"bu","14:27:17",914800
92300,0,200,"bu","14:27:17",914700
92200,-100,100,"sd","14:27:13",914500
92200,-100,300,"sd","14:27:13",914400
92300,0,800,"bu","14:27:05",914100
92300,0,600,"bu","14:27:05",913300
92300,0,200,"sd","14:27:03",912700
92400,100,2300,"bu","14:27:01",912500
92300,0,200,"sd","14:27:01",910200
92300,0,100,"sd","14:26:56",910000
92300,0,100,"sd","14:26:55",909900
92300,0,100,"sd","14:26:53",909800
92300,0,600,"sd","14:26:43",909700
92300,0,1000,"sd","14:26:37",909100
92300,0,100,"bu","14:26:36",908100
92200,-100,900,"sd","14:26:34",908000
92300,0,2300,"bu","14:26:31",907100
92300,0,100,"sd","14:26:31",904800
92300,0,200,"sd","14:26:31",904700
92300,0,700,"sd","14:26:23",904500
92300,0,300,"sd","14:26:15",903800
92400,100,1700,"bu","14:26:15",903500
92300,0,400,"sd","14:26:13",901800
92300,0,100,"sd","14:26:13",901400
92400,100,200,"bu","14:26:06",901300
92400,100,100,"bu","14:26:06",901100
92400,100,800,"bu","14:26:06",901000
92300,0,400,"bu","14:26:06",900200
92300,0,200,"bu","14:26:05",899800
92400,100,1500,"bu","14:26:01",899600
92300,0,800,"bu","14:26:01",898100
92400,100,1900,"bu","14:25:36",897300
92300,0,800,"bu","14:25:36",895400
92400,100,1800,"bu","14:25:31",894600
92300,0,500,"bu","14:25:31",892800
92300,0,600,"sd","14:25:24",892300
92300,0,100,"sd","14:25:22",891700
92400,100,200,"bu","14:25:18",891600
92300,0,1300,"sd","14:25:13",891400
92300,0,500,"sd","14:25:13",890100
92300,0,200,"sd","14:25:13",889600
92400,100,4000,"bu","14:25:05",889400
92300,0,300,"sd","14:25:04",885400
92300,0,200,"sd","14:25:04",885100
92300,0,800,"sd","14:25:04",884900
92300,0,700,"sd","14:25:03",884100
92300,0,100,"sd","14:25:03",883400
92300,0,600,"sd","14:25:03",883300
92400,100,2300,"bu","14:25:01",882700
92400,100,1000,"bu","14:25:01",880400
92300,0,1100,"sd","14:24:53",879400
92400,100,1000,"bu","14:24:51",878300
92400,100,1700,"bu","14:24:44",877300
92300,0,1100,"sd","14:24:43",875600
92400,100,2700,"bu","14:24:35",874500
92300,0,900,"sd","14:24:33",871800
92300,0,200,"sd","14:24:33",870900
92400,100,1100,"bu","14:24:31",870700
92400,100,100,"bu","14:24:31",869600
92400,100,100,"bu","14:24:31",869500
92400,100,100,"bu","14:24:31",869400
92400,100,900,"bu","14:24:31",869300
92300,0,300,"sd","14:24:26",868400
92300,0,400,"sd","14:24:23",868100
92300,0,1500,"sd","14:24:14",867700
92400,100,3500,"bu","14:24:06",866200
92300,0,1600,"sd","14:24:04",862700
92400,100,2300,"bu","14:24:01",861100
92400,100,1700,"bu","14:23:59",858800
92300,0,1000,"sd","14:23:56",857100
92300,0,400,"sd","14:23:53",856100
92300,0,700,"bu","14:23:49",855700
92300,0,200,"bu","14:23:49",855000
92300,0,500,"sd","14:23:43",854800
92300,0,200,"sd","14:23:43",854300
92400,100,1700,"bu","14:23:39",854100
92400,100,800,"bu","14:23:36",852400
92300,0,800,"bu","14:23:36",851600
92400,100,2300,"bu","14:23:31",850800
92400,100,100,"bu","14:23:26",848500
92200,-100,400,"sd","14:23:23",848400
92300,0,100,"sd","14:23:23",848000
92300,0,300,"sd","14:23:21",847900
92300,0,200,"sd","14:23:21",847600
92300,0,200,"sd","14:23:20",847400
92400,100,400,"bu","14:23:20",847200
92400,100,100,"bu","14:23:14",846800
92300,0,500,"sd","14:23:13",846700
92300,0,900,"bu","14:23:05",846200
92200,-100,800,"sd","14:23:03",845300
92300,0,2100,"bu","14:23:01",844500
92300,0,200,"bu","14:23:01",842400
92300,0,100,"bu","14:22:55",842200
92300,0,500,"bu","14:22:53",842100
92400,100,2000,"bu","14:22:36",841600
92300,0,800,"bu","14:22:36",839600
92400,100,2300,"bu","14:22:31",838800
92200,-100,600,"sd","14:22:23",836500
92300,0,200,"sd","14:22:16",835900
92300,0,100,"sd","14:22:16",835700
92300,0,1700,"sd","14:22:13",835600
92300,0,900,"sd","14:22:09",833900
92300,0,1000,"sd","14:22:06",833000
92400,100,1900,"bu","14:22:05",832000
92400,100,700,"bu","14:22:05",830100
92400,100,100,"bu","14:22:05",829400
92300,0,1300,"sd","14:22:04",829300
92400,100,2300,"bu","14:22:01",828000
92300,0,100,"bu","14:22:00",825700
92300,0,200,"bu","14:22:00",825600
92200,-100,200,"sd","14:21:53",825400
92400,100,1400,"bu","14:21:53",825200
92300,0,300,"bu","14:21:53",823800
92300,0,700,"sd","14:21:43",823500
92400,100,500,"bu","14:21:39",822800
92400,100,2300,"bu","14:21:36",822300
92300,0,300,"sd","14:21:33",820000
92300,0,500,"sd","14:21:33",819700
92400,100,2300,"bu","14:21:31",819200
92300,0,100,"sd","14:21:24",816900
92300,0,300,"sd","14:21:24",816800
92300,0,100,"sd","14:21:21",816500
92300,0,1300,"sd","14:21:13",816400
92400,100,2800,"bu","14:21:06",815100
92300,0,1600,"sd","14:21:03",812300
92300,0,1000,"sd","14:21:02",810700
92300,0,400,"bu","14:21:01",809700
92300,0,300,"bu","14:21:01",809300
92300,0,2300,"bu","14:21:01",809000
92300,0,400,"bu","14:20:56",806700
92300,0,500,"bu","14:20:56",806300
92300,0,500,"bu","14:20:56",805800
92300,0,100,"bu","14:20:56",805300
92200,-100,100,"sd","14:20:54",805200
92200,-100,500,"sd","14:20:43",805100
92300,0,100,"bu","14:20:38",804600
92300,0,800,"bu","14:20:36",804500
92300,0,1000,"bu","14:20:36",803700
92300,0,100,"unknown","14:20:31",802700
92400,100,2200,"bu","14:20:31",802600
92300,0,500,"sd","14:20:27",800400
92300,0,200,"sd","14:20:23",799900
92300,0,100,"sd","14:20:23",799700
92400,100,100,"bu","14:20:22",799600
92300,0,900,"sd","14:20:13",799500
92400,100,1300,"bu","14:20:06",798600
92300,0,500,"bu","14:20:06",797300
92300,0,200,"bu","14:20:06",796800
92300,0,300,"bu","14:20:05",796600
92200,-100,700,"sd","14:20:03",796300
92300,0,1500,"bu","14:20:01",795600
92300,0,800,"bu","14:20:01",794100
92200,-100,200,"sd","14:19:53",793300
92200,-100,700,"sd","14:19:43",793100
92300,0,100,"bu","14:19:42",792400
92300,0,500,"bu","14:19:36",792300
92300,0,500,"bu","14:19:36",791800
92300,0,100,"bu","14:19:36",791300
92300,0,1300,"bu","14:19:36",791200
92400,100,600,"bu","14:19:30",789900
92400,100,300,"bu","14:19:30",789300
92400,100,100,"bu","14:19:30",789000
92400,100,200,"bu","14:19:30",788900
92300,0,1000,"bu","14:19:30",788700
92300,0,100,"bu","14:19:30",787700
92300,0,100,"bu","14:19:26",787600
92300,0,100,"bu","14:19:26",787500
92300,0,1700,"bu","14:19:25",787400
92200,-100,400,"sd","14:19:23",785700
92200,-100,700,"sd","14:19:21",785300
92200,-100,900,"sd","14:19:13",784600
92300,0,1200,"bu","14:19:06",783700
92300,0,900,"bu","14:19:06",782500
92200,-100,1000,"sd","14:19:03",781600
92300,0,2100,"bu","14:19:00",780600
92300,0,100,"bu","14:19:00",778500
92300,0,100,"bu","14:19:00",778400
92300,0,100,"bu","14:18:54",778300
92300,0,900,"bu","14:18:54",778200
92300,0,200,"bu","14:18:54",777300
92400,100,100,"bu","14:18:36",777100
92400,100,500,"bu","14:18:36",777000
92400,100,100,"bu","14:18:36",776500
92400,100,700,"bu","14:18:36",776400
92300,0,1000,"bu","14:18:36",775700
92300,0,300,"bu","14:18:35",774700
92300,0,200,"bu","14:18:35",774400
92300,0,200,"bu","14:18:35",774200
92200,-100,800,"sd","14:18:33",774000
92300,0,1800,"bu","14:18:30",773200
92300,0,200,"bu","14:18:30",771400
92300,0,300,"bu","14:18:30",771200
92200,-100,600,"sd","14:18:23",770900
92300,0,200,"bu","14:18:17",770300
92200,-100,700,"sd","14:18:14",770100
92200,-100,800,"sd","14:18:13",769400
92300,0,500,"sd","14:18:13",768600
92300,0,300,"bu","14:18:13",768100
92300,0,1700,"bu","14:18:06",767800
92300,0,800,"bu","14:18:06",766100
92400,100,1300,"bu","14:18:00",765300
92400,100,100,"bu","14:18:00",764000
92400,100,200,"bu","14:18:00",763900
92300,0,500,"bu","14:18:00",763700
92300,0,100,"bu","14:18:00",763200
92300,0,100,"bu","14:18:00",763100
92200,-100,600,"sd","14:17:53",763000
92200,-100,2000,"sd","14:17:44",762400
92200,-100,100,"sd","14:17:37",760400
92400,100,1600,"bu","14:17:35",760300
92400,100,100,"bu","14:17:35",758700
92400,100,500,"bu","14:17:35",758600
92300,0,1000,"bu","14:17:35",758100
92300,0,300,"bu","14:17:35",757100
92300,0,2000,"bu","14:17:34",756800
92200,-100,1200,"sd","14:17:33",754800
92300,0,700,"bu","14:17:32",753600
92300,0,2300,"bu","14:17:30",752900
92300,0,200,"bu","14:17:28",750600
92200,-100,900,"sd","14:17:23",750400
92300,0,400,"bu","14:17:22",749500
92300,0,300,"sd","14:17:22",749100
92300,0,700,"sd","14:17:22",748800
92300,0,100,"sd","14:17:22",748100
92300,0,900,"sd","14:17:14",748000
92300,0,100,"sd","14:17:14",747100
92300,0,200,"sd","14:17:14",747000
92300,0,500,"sd","14:17:14",746800
92300,0,100,"sd","14:17:13",746300
92400,100,500,"bu","14:17:06",746200
92400,100,400,"bu","14:17:06",745700
92400,100,200,"bu","14:17:06",745300
92400,100,100,"bu","14:17:06",745100
92300,0,800,"sd","14:17:03",745000
92300,0,100,"sd","14:17:02",744200
92400,100,100,"bu","14:17:00",744100
92400,100,200,"bu","14:17:00",744000
92400,100,700,"bu","14:17:00",743800
92400,100,1300,"bu","14:17:00",743100
92300,0,200,"sd","14:16:59",741800
92400,100,100,"bu","14:16:58",741600
92300,0,100,"sd","14:16:55",741500
92300,0,100,"sd","14:16:53",741400
92300,0,100,"sd","14:16:47",741300
92300,0,100,"sd","14:16:47",741200
92300,0,200,"sd","14:16:43",741100
92300,0,100,"sd","14:16:38",740900
92200,-100,700,"sd","14:16:33",740800
92300,0,2300,"bu","14:16:30",740100
92200,-100,200,"sd","14:16:23",737800
92200,-100,700,"bu","14:16:16",737600
92300,0,700,"sd","14:16:12",736900
92300,0,100,"bu","14:16:11",736200
92300,0,1100,"bu","14:16:06",736100
92300,0,700,"bu","14:16:06",735000
92400,100,100,"bu","14:16:02",734300
92400,100,200,"bu","14:16:02",734200
92400,100,200,"bu","14:16:02",734000
92400,100,200,"bu","14:16:02",733800
92400,100,300,"bu","14:16:02",733600
92300,0,300,"bu","14:16:02",733300
92300,0,400,"bu","14:16:02",733000
92300,0,600,"bu","14:16:00",732600
92300,0,300,"bu","14:16:00",732000
92300,0,100,"bu","14:16:00",731700
92300,0,100,"bu","14:16:00",731600
92300,0,300,"bu","14:16:00",731500
92300,0,100,"bu","14:16:00",731200
92300,0,800,"bu","14:16:00",731100
92200,-100,100,"bu","14:15:54",730300
92100,-200,100,"sd","14:15:53",730200
92200,-100,100,"sd","14:15:50",730100
92200,-100,100,"sd","14:15:43",730000
92200,-100,400,"sd","14:15:43",729900
92300,0,200,"bu","14:15:35",729500
92300,0,400,"bu","14:15:35",729300
92300,0,700,"bu","14:15:35",728900
92200,-100,400,"sd","14:15:33",728200
92200,-100,200,"sd","14:15:33",727800
92300,0,100,"bu","14:15:30",727600
92300,0,200,"bu","14:15:30",727500
92300,0,200,"bu","14:15:30",727300
92300,0,1000,"bu","14:15:30",727100
92300,0,200,"bu","14:15:30",726100
92200,-100,400,"bu","14:15:30",725900
92200,-100,200,"bu","14:15:30",725500
92200,-100,200,"sd","14:15:13",725300
92300,0,600,"bu","14:15:06",725100
92200,-100,800,"bu","14:15:06",724500
92300,0,1200,"bu","14:15:00",723700
92300,0,800,"bu","14:15:00",722500
92200,-100,300,"bu","14:15:00",721700
92200,-100,400,"sd","14:14:55",721400
92200,-100,100,"sd","14:14:53",721000
92200,-100,400,"bu","14:14:49",720900
92200,-100,700,"bu","14:14:35",720500
92300,0,200,"bu","14:14:35",719800
92300,0,600,"bu","14:14:35",719600
92300,0,500,"bu","14:14:30",719000
92300,0,500,"bu","14:14:30",718500
92200,-100,200,"bu","14:14:30",718000
92200,-100,400,"bu","14:14:30",717800
92200,-100,100,"bu","14:14:30",717400
92200,-100,100,"bu","14:14:30",717300
92200,-100,300,"bu","14:14:30",717200
92200,-100,100,"bu","14:14:30",716900
92200,-100,100,"bu","14:14:30",716800
92100,-200,100,"sd","14:14:23",716700
92100,-200,100,"sd","14:14:23",716600
92100,-200,800,"sd","14:14:13",716500
92200,-100,900,"bu","14:14:05",715700
92200,-100,1100,"bu","14:14:05",714800
92100,-200,700,"sd","14:14:04",713700
92200,-100,2300,"bu","14:14:00",713000
92100,-200,300,"sd","14:13:53",710700
92100,-200,700,"unknown","14:13:49",710400
92100,-200,600,"sd","14:13:44",709700
92100,-200,700,"bu","14:13:42",709100
92200,-100,1500,"bu","14:13:37",708400
92200,-100,100,"bu","14:13:30",706900
92100,-200,100,"bu","14:13:30",706800
92100,-200,2000,"bu","14:13:30",706700
92100,-200,100,"bu","14:13:30",704700
92000,-300,200,"sd","14:13:23",704600
92100,-200,100,"bu","14:13:15",704400
92000,-300,600,"sd","14:13:13",704300
92100,-200,400,"bu","14:13:06",703700
92100,-200,100,"bu","14:13:06",703300
92100,-200,500,"bu","14:13:06",703200
92000,-300,1000,"bu","14:13:06",702700
92100,-200,1700,"bu","14:12:59",701700
92000,-300,600,"bu","14:12:59",700000
92000,-300,600,"bu","14:12:54",699400
91900,-400,400,"sd","14:12:53",698800
91900,-400,100,"sd","14:12:53",698400
92000,-300,500,"bu","14:12:53",698300
92000,-300,900,"bu","14:12:48",697800
92000,-300,100,"bu","14:12:47",696900
92000,-300,400,"bu","14:12:47",696800
92100,-200,900,"bu","14:12:36",696400
92000,-300,700,"bu","14:12:36",695500
92100,-200,900,"bu","14:12:29",694800
92100,-200,100,"bu","14:12:29",693900
92100,-200,200,"bu","14:12:29",693800
92100,-200,1000,"bu","14:12:29",693600
92000,-300,100,"bu","14:12:29",692600
91900,-400,100,"sd","14:12:23",692500
91900,-400,100,"sd","14:12:23",692400
91900,-400,200,"sd","14:12:14",692300
91900,-400,500,"sd","14:12:14",692100
92000,-300,700,"bu","14:12:09",691600
92000,-300,200,"bu","14:12:09",690900
91900,-400,700,"bu","14:12:05",690700
92000,-300,200,"bu","14:12:05",690000
92000,-300,600,"bu","14:12:05",689800
92000,-300,100,"bu","14:11:59",689200
92000,-300,600,"bu","14:11:59",689100
92000,-300,300,"bu","14:11:59",688500
92000,-300,100,"bu","14:11:59",688200
92000,-300,600,"bu","14:11:59",688100
91900,-400,500,"bu","14:11:59",687500
91900,-400,300,"bu","14:11:59",687000
92000,-300,1700,"bu","14:11:36",686700
91900,-400,1000,"bu","14:11:35",685000
92000,-300,1900,"bu","14:11:29",684000
91900,-400,300,"bu","14:11:29",682100
91900,-400,800,"bu","14:11:28",681800
91900,-400,400,"sd","14:11:25",681000
91900,-400,100,"sd","14:11:23",680600
91900,-400,500,"sd","14:11:14",680500
92000,-300,100,"bu","14:11:07",680000
92000,-300,1000,"bu","14:11:06",679900
91900,-400,600,"bu","14:11:06",678900
92000,-300,1800,"bu","14:10:59",678300
91900,-400,400,"bu","14:10:59",676500
92000,-300,800,"bu","14:10:47",676100
91900,-400,100,"bu","14:10:47",675300
91900,-400,500,"bu","14:10:44",675200
91900,-400,100,"sd","14:10:43",674700
92000,-300,100,"bu","14:10:35",674600
92000,-300,100,"bu","14:10:35",674500
92000,-300,100,"bu","14:10:35",674400
92000,-300,500,"bu","14:10:35",674300
92000,-300,1100,"bu","14:10:35",673800
91900,-400,400,"sd","14:10:34",672700
91900,-400,200,"sd","14:10:34",672300
91900,-400,100,"sd","14:10:34",672100
92000,-300,2200,"bu","14:10:29",672000
91900,-400,400,"sd","14:10:23",669800
92000,-300,1000,"bu","14:10:23",669400
91900,-400,500,"bu","14:10:16",668400
92000,-300,700,"bu","14:10:06",667900
92000,-300,300,"bu","14:10:06",667200
92000,-300,200,"bu","14:10:05",666900
91900,-400,600,"bu","14:10:05",666700
92000,-300,400,"bu","14:09:59",666100
92000,-300,500,"bu","14:09:59",665700
92000,-300,1000,"bu","14:09:59",665200
91900,-400,300,"bu","14:09:59",664200
92000,-300,100,"bu","14:09:42",663900
92000,-300,100,"bu","14:09:35",663800
92000,-300,200,"bu","14:09:35",663700
92000,-300,100,"bu","14:09:35",663500
92000,-300,100,"bu","14:09:35",663400
92000,-300,100,"bu","14:09:35",663300
91900,-400,600,"bu","14:09:35",663200
92000,-300,900,"bu","14:09:29",662600
92000,-300,100,"bu","14:09:29",661700
92000,-300,500,"bu","14:09:29",661600
91900,-400,500,"bu","14:09:29",661100
91800,-500,200,"bu","14:09:29",660600
91900,-400,200,"bu","14:09:23",660400
91900,-400,400,"bu","14:09:23",660200
91800,-500,300,"bu","14:09:23",659800
91900,-400,200,"bu","14:09:05",659500
91800,-500,1000,"bu","14:09:05",659300
92000,-300,600,"bu","14:08:59",658300
92000,-300,100,"bu","14:08:59",657700
91900,-400,700,"bu","14:08:59",657600
91900,-400,100,"bu","14:08:59",656900
91900,-400,200,"bu","14:08:59",656800
91900,-400,100,"bu","14:08:59",656600
91900,-400,200,"bu","14:08:59",656500
91800,-500,200,"bu","14:08:59",656300
91900,-400,100,"bu","14:08:45",656100
91900,-400,100,"bu","14:08:45",656000
91900,-400,400,"bu","14:08:45",655900
91800,-500,300,"bu","14:08:45",655500
91900,-400,500,"bu","14:08:36",655200
91800,-500,600,"bu","14:08:36",654700
91900,-400,100,"bu","14:08:29",654100
91900,-400,100,"bu","14:08:29",654000
91900,-400,100,"bu","14:08:29",653900
91900,-400,100,"bu","14:08:29",653800
91900,-400,700,"bu","14:08:29",653700
91900,-400,100,"bu","14:08:29",653000
91900,-400,100,"bu","14:08:29",652900
91900,-400,600,"bu","14:08:29",652800
91800,-500,300,"bu","14:08:29",652200
91800,-500,100,"bu","14:08:28",651900
91900,-400,500,"bu","14:08:05",651800
91800,-500,900,"bu","14:08:05",651300
91900,-400,800,"bu","14:08:02",650400
91900,-400,2200,"bu","14:07:59",649600
91700,-600,100,"sd","14:07:53",647400
91800,-500,500,"bu","14:07:49",647300
91900,-400,1200,"bu","14:07:36",646800
91800,-500,100,"bu","14:07:36",645600
91800,-500,500,"sd","14:07:33",645500
91900,-400,2200,"bu","14:07:29",645000
91800,-500,100,"sd","14:07:23",642800
91700,-600,300,"bu","14:07:22",642700
91800,-500,100,"sd","14:07:14",642400
91800,-500,100,"sd","14:07:10",642300
91800,-500,700,"sd","14:07:10",642200
91800,-500,100,"bu","14:07:06",641500
91700,-600,500,"bu","14:07:06",641400
91700,-600,100,"sd","14:07:04",640900
91800,-500,200,"bu","14:06:59",640800
91800,-500,200,"bu","14:06:59",640600
91800,-500,400,"bu","14:06:59",640400
91800,-500,700,"bu","14:06:59",640000
91800,-500,200,"bu","14:06:59",639300
91800,-500,200,"bu","14:06:59",639100
91800,-500,300,"bu","14:06:59",638900
91700,-600,100,"sd","14:06:54",638600
91700,-600,100,"bu","14:06:49",638500
91700,-600,500,"sd","14:06:43",638400
91800,-500,800,"bu","14:06:40",637900
91800,-500,400,"bu","14:06:35",637100
91700,-600,800,"bu","14:06:35",636700
91800,-500,500,"bu","14:06:29",635900
91800,-500,300,"bu","14:06:29",635400
91800,-500,100,"bu","14:06:29",635100
91800,-500,100,"bu","14:06:29",635000
91800,-500,1000,"bu","14:06:29",634900
91800,-500,100,"bu","14:06:29",633900
91700,-600,100,"bu","14:06:29",633800
91700,-600,400,"bu","14:06:23",633700
91700,-600,100,"bu","14:06:23",633300
91800,-500,700,"bu","14:06:05",633200
91700,-600,700,"bu","14:06:05",632500
91800,-500,1200,"bu","14:05:59",631800
91800,-500,200,"bu","14:05:59",630600
91700,-600,700,"bu","14:05:59",630400
91700,-600,200,"bu","14:05:59",629700
91600,-700,100,"sd","14:05:53",629500
91700,-600,100,"bu","14:05:46",629400
91600,-700,100,"sd","14:05:43",629300
91600,-700,100,"sd","14:05:43",629200
91600,-700,300,"sd","14:05:43",629100
91700,-600,700,"bu","14:05:36",628800
91700,-600,1000,"bu","14:05:36",628100
91600,-700,300,"sd","14:05:23",627100
91600,-700,200,"sd","14:05:13",626800
91600,-700,500,"sd","14:05:13",626600
91600,-700,100,"sd","14:05:13",626100
91600,-700,400,"sd","14:05:13",626000
91700,-600,3600,"bu","14:05:09",625600
91700,-600,600,"bu","14:05:06",622000
91600,-700,100,"sd","14:05:03",621400
91600,-700,400,"sd","14:04:58",621300
91600,-700,200,"sd","14:04:58",620900
91600,-700,300,"sd","14:04:43",620700
91700,-600,800,"bu","14:04:38",620400
91700,-600,300,"bu","14:04:36",619600
91700,-600,100,"bu","14:04:31",619300
91600,-700,200,"sd","14:04:13",619200
91700,-600,300,"bu","14:04:10",619000
91700,-600,400,"bu","14:04:06",618700
91600,-700,200,"sd","14:04:03",618300
91700,-600,900,"bu","14:03:59",618100
91700,-600,300,"bu","14:03:36",617200
91600,-700,200,"sd","14:03:13",616900
91600,-700,100,"sd","14:03:13",616700
91700,-600,1000,"bu","14:03:06",616600
91600,-700,300,"sd","14:02:53",615600
91600,-700,100,"sd","14:02:45",615300
91600,-700,600,"sd","14:02:45",615200
91600,-700,600,"sd","14:02:43",614600
91700,-600,700,"bu","14:02:36",614000
91700,-600,1100,"bu","14:02:35",613300
91600,-700,300,"sd","14:02:34",612200
91600,-700,200,"sd","14:02:28",611900
91600,-700,100,"sd","14:02:23",611700
91600,-700,900,"sd","14:02:23",611600
91700,-600,3000,"bu","14:02:22",610700
91600,-700,500,"sd","14:02:14",607700
91700,-600,100,"bu","14:02:10",607200
91700,-600,800,"bu","14:02:05",607100
91700,-600,200,"bu","14:02:05",606300
91600,-700,600,"sd","14:02:03",606100
91600,-700,2000,"sd","14:02:01",605500
91600,-700,200,"sd","14:01:43",603500
91600,-700,400,"sd","14:01:39",603300
91600,-700,300,"sd","14:01:39",602900
91500,-800,200,"sd","14:01:33",602600
91500,-800,700,"sd","14:01:23",602400
91500,-800,100,"sd","14:01:23",601700
91500,-800,100,"sd","14:01:23",601600
91500,-800,2900,"sd","14:01:14",601500
91500,-800,100,"sd","14:01:14",598600
91500,-800,100,"sd","14:01:14",598500
91500,-800,200,"sd","14:01:14",598400
91500,-800,100,"sd","14:01:06",598200
91500,-800,1000,"sd","14:01:06",598100
91500,-800,2000,"sd","14:01:06",597100
91500,-800,100,"sd","14:01:06",595100
91500,-800,900,"sd","14:01:06",595000
91500,-800,700,"sd","14:01:06",594100
91500,-800,100,"sd","14:01:06",593400
91500,-800,100,"sd","14:01:06",593300
91500,-800,400,"sd","14:01:06",593200
91500,-800,100,"sd","14:01:06",592800
91500,-800,1000,"sd","14:01:06",592700
91500,-800,4000,"sd","14:01:06",591700
91600,-700,500,"sd","14:01:06",587700
91500,-800,300,"sd","14:01:03",587200
91500,-800,300,"sd","14:01:03",586900
91600,-700,100,"sd","14:01:03",586600
91600,-700,200,"sd","14:01:03",586500
91600,-700,400,"sd","14:01:03",586300
91600,-700,300,"sd","14:00:43",585900
91600,-700,100,"bu","14:00:36",585600
91500,-800,200,"sd","14:00:34",585500
91600,-700,300,"bu","14:00:33",585300
91600,-700,600,"bu","14:00:33",585000
91600,-700,700,"sd","14:00:25",584400
91600,-700,100,"sd","14:00:23",583700
91600,-700,400,"sd","14:00:13",583600
91600,-700,100,"sd","14:00:09",583200
91600,-700,300,"bu","14:00:05",583100
91500,-800,200,"sd","14:00:03",582800
91500,-800,100,"sd","14:00:03",582600
91500,-800,200,"sd","14:00:03",582500
91500,-800,600,"sd","14:00:03",582300
91500,-800,100,"sd","14:00:00",581700
91600,-700,200,"sd","14:00:00",581600
91600,-700,300,"sd","14:00:00",581400
91600,-700,200,"sd","14:00:00",581100
91600,-700,300,"sd","14:00:00",580900
91600,-700,1100,"sd","14:00:00",580600
91600,-700,1000,"sd","14:00:00",579500
91600,-700,600,"sd","14:00:00",578500
91600,-700,100,"sd","13:59:44",577900
91700,-600,400,"bu","13:59:35",577800
91600,-700,200,"sd","13:59:34",577400
91600,-700,700,"sd","13:59:26",577200
91600,-700,200,"sd","13:59:14",576500
91600,-700,100,"sd","13:59:11",576300
91700,-600,400,"bu","13:59:06",576200
91600,-700,300,"sd","13:59:04",575800
91700,-600,700,"bu","13:58:57",575500
91700,-600,300,"bu","13:58:57",574800
91700,-600,300,"bu","13:58:35",574500
91600,-700,200,"sd","13:58:23",574200
91600,-700,100,"sd","13:58:23",574000
91600,-700,700,"sd","13:58:19",573900
91600,-700,200,"sd","13:58:14",573200
91500,-800,300,"sd","13:58:03",573000
91600,-700,100,"sd","13:58:03",572700
91600,-700,100,"sd","13:58:03",572600
91600,-700,200,"sd","13:58:03",572500
91600,-700,500,"sd","13:57:58",572300
91700,-600,1400,"bu","13:57:55",571800
91700,-600,600,"bu","13:57:55",570400
91600,-700,100,"sd","13:57:53",569800
91600,-700,400,"sd","13:57:44",569700
91700,-600,1400,"bu","13:57:35",569300
91600,-700,100,"sd","13:57:34",567900
91600,-700,100,"sd","13:57:33",567800
91600,-700,500,"sd","13:57:23",567700
91600,-700,100,"sd","13:57:13",567200
91600,-700,300,"sd","13:57:13",567100
91600,-700,700,"sd","13:57:13",566800
91600,-700,600,"sd","13:57:13",566100
91600,-700,500,"sd","13:57:09",565500
91700,-600,1000,"bu","13:57:05",565000
91700,-600,600,"bu","13:57:05",564000
91700,-600,400,"bu","13:57:05",563400
91600,-700,700,"sd","13:57:03",563000
91600,-700,100,"sd","13:57:03",562300
91600,-700,600,"sd","13:57:03",562200
91600,-700,400,"sd","13:56:59",561600
91600,-700,100,"sd","13:56:59",561200
91600,-700,400,"sd","13:56:59",561100
91600,-700,200,"sd","13:56:59",560700
91600,-700,100,"sd","13:56:59",560500
91600,-700,400,"sd","13:56:59",560400
91600,-700,300,"sd","13:56:59",560000
91600,-700,3000,"sd","13:56:59",559700
91600,-700,100,"sd","13:56:46",556700
91700,-600,200,"bu","13:56:36",556600
91700,-600,100,"bu","13:56:36",556400
91600,-700,200,"sd","13:56:13",556300
91700,-600,900,"bu","13:56:05",556100
91600,-700,100,"sd","13:55:58",555200
91600,-700,200,"sd","13:55:53",555100
91600,-700,700,"sd","13:55:43",554900
91700,-600,700,"bu","13:55:35",554200
91700,-600,1000,"bu","13:55:35",553500
91700,-600,500,"bu","13:55:35",552500
91600,-700,100,"sd","13:55:35",552000
91600,-700,100,"sd","13:55:33",551900
91600,-700,100,"sd","13:55:25",551800
91600,-700,400,"sd","13:55:24",551700
91600,-700,1500,"sd","13:55:13",551300
91600,-700,100,"sd","13:55:13",549800
91600,-700,100,"sd","13:55:10",549700
91600,-700,2800,"sd","13:55:09",549600
91600,-700,100,"sd","13:55:08",546800
91600,-700,500,"sd","13:55:08",546700
91600,-700,200,"sd","13:55:08",546200
91600,-700,100,"sd","13:55:08",546000
91600,-700,100,"sd","13:55:08",545900
91600,-700,100,"sd","13:55:08",545800
91600,-700,200,"sd","13:55:08",545700
91600,-700,100,"sd","13:55:08",545500
91600,-700,800,"sd","13:55:08",545400
91700,-600,200,"bu","13:55:06",544600
91600,-700,200,"sd","13:55:03",544400
91600,-700,700,"sd","13:55:00",544200
91600,-700,100,"sd","13:54:21",543500
91700,-600,100,"bu","13:54:19",543400
91700,-600,200,"bu","13:53:36",543300
91600,-700,100,"sd","13:53:33",543100
91600,-700,100,"sd","13:53:13",543000
91700,-600,100,"bu","13:53:11",542900
91700,-600,400,"bu","13:53:05",542800
91600,-700,100,"sd","13:52:53",542400
91700,-600,200,"sd","13:52:48",542300
91700,-600,100,"sd","13:52:45",542100
91700,-600,300,"sd","13:52:43",542000
91700,-600,200,"bu","13:52:40",541700
91700,-600,300,"bu","13:52:36",541500
91700,-600,200,"bu","13:52:36",541200
91700,-600,200,"bu","13:52:36",541000
91600,-700,300,"sd","13:52:33",540800
91700,-600,500,"bu","13:52:30",540500
91700,-600,500,"bu","13:52:30",540000
91700,-600,200,"bu","13:52:05",539500
91600,-700,100,"sd","13:52:04",539300
91700,-600,200,"bu","13:52:00",539200
91600,-700,100,"sd","13:51:57",539000
91700,-600,100,"bu","13:51:53",538900
91700,-600,100,"bu","13:51:49",538800
91700,-600,200,"bu","13:51:35",538700
91600,-700,100,"sd","13:51:13",538500
91600,-700,100,"sd","13:51:13",538400
91600,-700,100,"sd","13:51:08",538300
91700,-600,200,"bu","13:51:06",538200
91700,-600,400,"bu","13:51:06",538000
91600,-700,100,"sd","13:50:57",537600
91600,-700,100,"sd","13:50:54",537500
91600,-700,600,"sd","13:50:43",537400
91700,-600,100,"bu","13:50:35",536800
91700,-600,1100,"bu","13:50:35",536700
91600,-700,200,"sd","13:50:35",535600
91600,-700,100,"sd","13:50:35",535400
91600,-700,400,"sd","13:50:35",535300
91600,-700,100,"sd","13:50:33",534900
91600,-700,500,"sd","13:50:23",534800
91600,-700,100,"sd","13:50:23",534300
91600,-700,100,"sd","13:50:20",534200
91600,-700,400,"sd","13:50:19",534100
91600,-700,1100,"sd","13:50:19",533700
91600,-700,200,"sd","13:50:19",532600
91600,-700,200,"sd","13:50:19",532400
91600,-700,200,"sd","13:50:19",532200
91600,-700,100,"sd","13:50:13",532000
91700,-600,300,"bu","13:50:05",531900
91600,-700,100,"sd","13:50:03",531600
91700,-600,400,"bu","13:49:54",531500
91600,-700,200,"sd","13:49:43",531100
91700,-600,600,"bu","13:49:35",530900
91600,-700,200,"sd","13:49:33",530300
91600,-700,100,"sd","13:49:32",530100
91600,-700,600,"sd","13:49:28",530000
91600,-700,300,"sd","13:49:14",529400
91700,-600,600,"bu","13:49:05",529100
91700,-600,300,"bu","13:49:05",528500
91600,-700,100,"sd","13:49:03",528200
91600,-700,500,"sd","13:48:53",528100
91600,-700,100,"sd","13:48:44",527600
91600,-700,300,"sd","13:48:43",527500
91600,-700,1300,"sd","13:48:43",527200
91700,-600,400,"bu","13:48:35",525900
91700,-600,500,"bu","13:48:35",525500
91700,-600,200,"bu","13:48:34",525000
91600,-700,300,"sd","13:48:23",524800
91700,-600,300,"bu","13:48:16",524500
91600,-700,800,"sd","13:48:13",524200
91700,-600,500,"sd","13:48:06",523400
91700,-600,100,"sd","13:48:06",522900
91700,-600,400,"sd","13:48:06",522800
91800,-500,500,"bu","13:48:05",522400
91800,-500,200,"bu","13:48:05",521900
91800,-500,800,"bu","13:48:04",521700
91800,-500,100,"bu","13:48:04",520900
91800,-500,100,"bu","13:48:04",520800
91700,-600,100,"sd","13:48:03",520700
91800,-500,200,"bu","13:47:58",520600
91800,-500,200,"bu","13:47:58",520400
91700,-600,100,"sd","13:47:55",520200
91700,-600,200,"sd","13:47:43",520100
91700,-600,200,"bu","13:47:38",519900
91700,-600,500,"bu","13:47:36",519700
91700,-600,100,"sd","13:47:07",519200
91700,-600,200,"bu","13:47:06",519100
91600,-700,200,"sd","13:46:53",518900
91700,-600,200,"sd","13:46:50",518700
91700,-600,600,"sd","13:46:50",518500
91700,-600,100,"sd","13:46:19",517900
91800,-500,100,"bu","13:46:05",517800
91700,-600,100,"sd","13:45:53",517700
91700,-600,500,"sd","13:45:49",517600
91600,-700,100,"sd","13:45:33",517100
91600,-700,100,"sd","13:45:31",517000
91600,-700,200,"sd","13:45:23",516900
91700,-600,100,"sd","13:45:23",516700
91600,-700,500,"sd","13:45:13",516600
91700,-600,600,"sd","13:45:13",516100
91700,-600,1000,"bu","13:45:10",515500
91700,-600,400,"bu","13:45:10",514500
91700,-600,1500,"bu","13:45:06",514100
91600,-700,100,"sd","13:45:03",512600
91600,-700,700,"sd","13:45:03",512500
91600,-700,600,"sd","13:44:53",511800
91700,-600,1800,"bu","13:44:46",511200
91600,-700,500,"sd","13:44:43",509400
91600,-700,100,"sd","13:44:42",508900
91700,-600,1300,"sd","13:44:38",508800
91600,-700,100,"sd","13:44:33",507500
91700,-600,200,"sd","13:44:33",507400
91700,-600,500,"bu","13:44:24",507200
91600,-700,500,"sd","13:44:23",506700
91700,-600,100,"bu","13:44:17",506200
91700,-600,1000,"bu","13:44:16",506100
91600,-700,600,"sd","13:44:13",505100
91700,-600,1500,"bu","13:44:05",504500
91600,-700,800,"sd","13:44:03",503000
91600,-700,700,"sd","13:43:56",502200
91600,-700,100,"sd","13:43:54",501500
91600,-700,100,"sd","13:43:53",501400
91700,-600,500,"sd","13:43:53",501300
91700,-600,500,"sd","13:43:53",500800
91700,-600,100,"sd","13:43:53",500300
91700,-600,100,"sd","13:43:53",500200
91700,-600,100,"sd","13:43:53",500100
91700,-600,500,"sd","13:43:53",500000
91700,-600,100,"sd","13:43:53",499500
91700,-600,100,"sd","13:43:43",499400
91700,-600,300,"sd","13:43:43",499300
91700,-600,600,"sd","13:43:37",499000
91700,-600,400,"sd","13:43:37",498400
91800,-500,100,"bu","13:43:36",498000
91800,-500,100,"bu","13:43:36",497900
91700,-600,100,"sd","13:43:13",497800
91700,-600,100,"sd","13:43:06",497700
91800,-500,200,"bu","13:43:06",497600
91800,-500,200,"bu","13:43:06",497400
91700,-600,100,"sd","13:42:53",497200
91700,-600,100,"sd","13:42:53",497100
91800,-500,800,"sd","13:42:50",497000
91800,-500,100,"sd","13:42:43",496200
91800,-500,500,"sd","13:42:36",496100
91700,-600,100,"sd","13:42:33",495600
91700,-600,500,"sd","13:42:24",495500
91800,-500,100,"sd","13:42:24",495000
91800,-500,100,"sd","13:42:18",494900
91800,-500,300,"bu","13:42:16",494800
91700,-600,600,"sd","13:42:13",494500
91800,-500,300,"bu","13:42:13",493900
91800,-500,700,"bu","13:42:13",493600
91700,-600,700,"sd","13:42:07",492900
91700,-600,100,"sd","13:42:07",492200
91700,-600,1000,"sd","13:42:07",492100
91700,-600,300,"sd","13:42:07",491100
91800,-500,300,"bu","13:41:36",490800
91700,-600,100,"sd","13:41:29",490500
91700,-600,200,"sd","13:41:23",490400
91700,-600,200,"sd","13:41:14",490200
91800,-500,500,"bu","13:41:13",490000
91800,-500,200,"bu","13:41:05",489500
91800,-500,600,"sd","13:41:04",489300
91800,-500,100,"sd","13:40:41",488700
91900,-400,100,"bu","13:40:35",488600
91800,-500,200,"sd","13:40:14",488500
91800,-500,400,"bu","13:40:05",488300
91700,-600,300,"sd","13:40:04",487900
91700,-600,600,"sd","13:39:57",487600
91700,-600,400,"sd","13:39:54",487000
91700,-600,100,"sd","13:39:53",486600
91800,-500,300,"bu","13:39:50",486500
91800,-500,100,"bu","13:39:50",486200
91800,-500,100,"bu","13:39:50",486100
91800,-500,600,"bu","13:39:50",486000
91700,-600,500,"sd","13:39:45",485400
91800,-500,100,"bu","13:39:40",484900
91800,-500,200,"bu","13:39:40",484800
91800,-500,500,"bu","13:39:35",484600
91800,-500,700,"bu","13:39:35",484100
91700,-600,300,"sd","13:39:33",483400
91700,-600,700,"sd","13:39:31",483100
91800,-500,500,"bu","13:39:31",482400
91700,-600,100,"sd","13:39:23",481900
91700,-600,600,"sd","13:39:13",481800
91700,-600,1600,"sd","13:39:09",481200
91800,-500,400,"bu","13:39:06",479600
91700,-600,100,"sd","13:39:05",479200
91700,-600,200,"sd","13:38:54",479100
91700,-600,500,"sd","13:38:51",478900
91700,-600,200,"sd","13:38:43",478400
91800,-500,600,"bu","13:38:36",478200
91700,-600,200,"sd","13:38:34",477600
91700,-600,700,"sd","13:38:25",477400
91700,-600,100,"sd","13:38:23",476700
91700,-600,100,"sd","13:38:16",476600
91700,-600,300,"sd","13:38:13",476500
91800,-500,900,"bu","13:38:06",476200
91700,-600,200,"sd","13:38:04",475300
91700,-600,100,"sd","13:37:55",475100
91700,-600,100,"sd","13:37:53",475000
91700,-600,600,"sd","13:37:43",474900
91700,-600,600,"bu","13:37:41",474300
91700,-600,100,"bu","13:37:35",473700
91700,-600,800,"bu","13:37:35",473600
91700,-600,600,"bu","13:37:35",472800
91600,-700,100,"sd","13:37:28",472200
91700,-600,100,"bu","13:37:05",472100
91600,-700,100,"sd","13:36:49",472000
91600,-700,100,"sd","13:36:40",471900
91700,-600,200,"bu","13:36:36",471800
91600,-700,200,"sd","13:36:13",471600
91600,-700,700,"sd","13:36:12",471400
91600,-700,100,"sd","13:35:52",470700
91700,-600,100,"bu","13:35:35",470600
91600,-700,100,"sd","13:35:14",470500
91600,-700,200,"sd","13:35:13",470400
91700,-600,100,"bu","13:35:06",470200
91700,-600,500,"sd","13:35:05",470100
91700,-600,100,"sd","13:35:03",469600
91700,-600,100,"sd","13:34:15",469500
91600,-700,200,"sd","13:34:03",469400
91600,-700,500,"sd","13:33:59",469200
91700,-600,200,"sd","13:33:59",468700
91600,-700,100,"sd","13:33:43",468500
91700,-600,200,"sd","13:33:43",468400
91700,-600,100,"sd","13:33:39",468200
91700,-600,800,"bu","13:33:36",468100
91700,-600,300,"bu","13:33:36",467300
91600,-700,100,"sd","13:33:27",467000
91600,-700,100,"sd","13:33:24",466900
91700,-600,100,"sd","13:33:19",466800
91700,-600,100,"sd","13:33:19",466700
91700,-600,200,"sd","13:33:13",466600
91800,-500,500,"bu","13:33:06",466400
91700,-600,300,"sd","13:33:03",465900
91700,-600,500,"sd","13:33:01",465600
91700,-600,500,"sd","13:32:53",465100
91700,-600,100,"sd","13:32:53",464600
91700,-600,100,"sd","13:32:43",464500
91700,-600,100,"sd","13:32:42",464400
91700,-600,100,"sd","13:32:39",464300
91800,-500,200,"bu","13:32:36",464200
91700,-600,200,"sd","13:32:24",464000
91700,-600,700,"sd","13:32:16",463800
91600,-700,100,"sd","13:32:03",463100
91700,-600,100,"sd","13:32:03",463000
91700,-600,100,"sd","13:32:03",462900
91600,-700,100,"sd","13:31:53",462800
91600,-700,400,"sd","13:31:53",462700
91700,-600,400,"sd","13:31:53",462300
91700,-600,100,"bu","13:31:53",461900
91600,-700,100,"sd","13:31:50",461800
91700,-600,900,"sd","13:31:50",461700
91700,-600,100,"sd","13:31:48",460800
91700,-600,500,"sd","13:31:48",460700
91800,-500,1500,"bu","13:31:45",460200
91600,-700,300,"sd","13:31:03",458700
91600,-700,100,"sd","13:31:02",458400
91800,-500,500,"bu","13:31:00",458300
91800,-500,400,"bu","13:30:53",457800
91700,-600,100,"bu","13:30:53",457400
91800,-500,200,"bu","13:30:36",457300
91700,-600,300,"bu","13:30:36",457100
91800,-500,700,"bu","13:30:27",456800
91700,-600,300,"bu","13:30:27",456100
91600,-700,100,"sd","13:30:24",455800
91600,-700,100,"sd","13:30:14",455700
91800,-500,600,"bu","13:30:05",455600
91700,-600,100,"bu","13:30:05",455000
91700,-600,500,"sd","13:30:03",454900
91800,-500,2000,"bu","13:29:55",454400
91600,-700,200,"sd","13:29:33",452400
91600,-700,700,"sd","13:29:33",452200
91600,-700,100,"sd","13:29:26",451500
91600,-700,100,"sd","13:29:14",451400
91700,-600,200,"sd","13:29:14",451300
91700,-600,100,"bu","13:29:10",451100
91800,-500,200,"bu","13:29:05",451000
91700,-600,100,"bu","13:29:05",450800
91700,-600,900,"sd","13:29:03",450700
91700,-600,100,"sd","13:28:45",449800
91700,-600,100,"sd","13:28:43",449700
91700,-600,100,"sd","13:28:38",449600
91600,-700,500,"sd","13:28:33",449500
91600,-700,700,"sd","13:28:27",449000
91600,-700,1000,"sd","13:28:26",448300
91600,-700,100,"sd","13:28:23",447300
91700,-600,100,"sd","13:28:19",447200
91700,-600,400,"sd","13:28:14",447100
91700,-600,500,"sd","13:28:10",446700
91700,-600,500,"sd","13:28:10",446200
91800,-500,100,"bu","13:28:05",445700
91800,-500,300,"bu","13:28:05",445600
91700,-600,100,"sd","13:27:53",445300
91700,-600,100,"sd","13:27:49",445200
91700,-600,300,"sd","13:27:44",445100
91800,-500,200,"bu","13:27:35",444800
91800,-500,700,"bu","13:27:35",444600
91800,-500,200,"bu","13:27:35",443900
91700,-600,200,"sd","13:27:23",443700
91800,-500,700,"sd","13:27:13",443500
91900,-400,2800,"bu","13:27:06",442800
91800,-500,500,"sd","13:27:03",440000
91800,-500,100,"sd","13:27:01",439500
91800,-500,1700,"sd","13:26:53",439400
91800,-500,100,"bu","13:26:52",437700
91800,-500,100,"bu","13:26:52",437600
91800,-500,500,"bu","13:26:52",437500
91800,-500,2000,"bu","13:26:52",437000
91800,-500,2000,"bu","13:26:52",435000
91800,-500,400,"bu","13:26:52",433000
91800,-500,500,"bu","13:26:52",432600
91700,-600,100,"bu","13:26:46",432100
91700,-600,200,"sd","13:26:44",432000
91800,-500,1200,"bu","13:26:36",431800
91700,-600,100,"sd","13:26:33",430600
91700,-600,600,"sd","13:26:23",430500
91800,-500,300,"bu","13:26:18",429900
91800,-500,100,"bu","13:26:18",429600
91800,-500,200,"bu","13:26:18",429500
91700,-600,700,"sd","13:26:14",429300
91700,-600,100,"sd","13:26:14",428600
91700,-600,600,"sd","13:26:13",428500
91800,-500,200,"bu","13:26:05",427900
91800,-500,1300,"bu","13:26:05",427700
91700,-600,500,"sd","13:26:03",426400
91700,-600,100,"bu","13:25:59",425900
91700,-600,1400,"bu","13:25:59",425800
91600,-700,200,"sd","13:25:53",424400
91700,-600,200,"bu","13:25:52",424200
91600,-700,700,"sd","13:25:43",424000
91700,-600,400,"bu","13:25:36",423300
91700,-600,1000,"bu","13:25:36",422900
91700,-600,300,"bu","13:25:36",421900
91700,-600,300,"bu","13:25:36",421600
91600,-700,400,"sd","13:25:33",421300
91700,-600,200,"bu","13:25:28",420900
91600,-700,100,"sd","13:25:26",420700
91600,-700,1200,"sd","13:25:23",420600
91700,-600,200,"bu","13:25:23",419400
91700,-600,200,"bu","13:25:18",419200
91700,-600,400,"bu","13:25:17",419000
91700,-600,200,"bu","13:25:16",418600
91600,-700,3300,"sd","13:25:14",418400
91600,-700,600,"sd","13:25:08",415100
91500,-800,9000,"bu","13:25:04",414500
91600,-700,1700,"sd","13:25:03",405500
91600,-700,300,"sd","13:25:00",403800
91600,-700,100,"bu","13:25:00",403500
91600,-700,1500,"bu","13:25:00",403400
91600,-700,1000,"bu","13:25:00",401900
91600,-700,600,"bu","13:25:00",400900
91600,-700,700,"bu","13:25:00",400300
91600,-700,700,"bu","13:25:00",399600
91600,-700,2500,"bu","13:25:00",398900
91600,-700,700,"bu","13:25:00",396400
91600,-700,700,"bu","13:25:00",395700
91600,-700,10000,"bu","13:25:00",395000
91600,-700,2800,"bu","13:25:00",385000
91500,-800,1600,"bu","13:25:00",382200
91500,-800,700,"bu","13:25:00",380600
91500,-800,400,"bu","13:25:00",379900
91500,-800,700,"bu","13:25:00",379500
91500,-800,900,"bu","13:25:00",378800
91500,-800,1100,"bu","13:25:00",377900
91500,-800,1300,"bu","13:25:00",376800
91400,-900,2500,"sd","13:24:55",375500
91400,-900,1000,"sd","13:24:55",373000
91400,-900,500,"sd","13:24:55",372000
91400,-900,100,"sd","13:24:55",371500
91400,-900,1000,"sd","13:24:55",371400
91400,-900,100,"sd","13:24:55",370400
91400,-900,100,"sd","13:24:55",370300
91400,-900,2200,"sd","13:24:55",370200
91400,-900,100,"sd","13:24:37",368000
91500,-800,200,"bu","13:24:36",367900
91400,-900,200,"sd","13:24:13",367700
91500,-800,500,"bu","13:24:05",367500
91400,-900,300,"sd","13:24:04",367000
91400,-900,700,"sd","13:24:02",366700
91400,-900,500,"sd","13:24:01",366000
91400,-900,100,"sd","13:24:01",365500
91400,-900,100,"sd","13:23:48",365400
91400,-900,100,"sd","13:23:13",365300
91400,-900,100,"bu","13:23:05",365200
91300,-1000,100,"sd","13:23:03",365100
91400,-900,200,"bu","13:23:03",365000
91400,-900,100,"bu","13:23:01",364800
91300,-1000,100,"sd","13:23:00",364700
91400,-900,200,"sd","13:22:55",364600
91400,-900,100,"sd","13:22:55",364400
91400,-900,100,"sd","13:22:43",364300
91400,-900,200,"sd","13:22:39",364200
91500,-800,400,"bu","13:22:36",364000
91400,-900,100,"bu","13:22:28",363600
91300,-1000,100,"sd","13:22:23",363500
91400,-900,100,"bu","13:22:19",363400
91300,-1000,300,"sd","13:22:13",363300
91300,-1000,100,"sd","13:22:13",363000
91400,-900,100,"bu","13:22:11",362900
91400,-900,800,"sd","13:22:10",362800
91300,-1000,300,"sd","13:21:53",362000
91300,-1000,700,"sd","13:21:49",361700
91300,-1000,200,"sd","13:21:44",361000
91300,-1000,200,"sd","13:21:44",360800
91400,-900,100,"bu","13:21:42",360600
91400,-900,100,"bu","13:21:38",360500
91400,-900,100,"sd","13:21:36",360400
91400,-900,100,"sd","13:21:36",360300
91400,-900,500,"sd","13:21:36",360200
91400,-900,100,"sd","13:21:36",359700
91500,-800,300,"bu","13:21:35",359600
91400,-900,100,"bu","13:21:34",359300
91400,-900,100,"bu","13:21:31",359200
91300,-1000,100,"sd","13:21:23",359100
91500,-800,500,"bu","13:21:09",359000
91500,-800,300,"bu","13:21:06",358500
91400,-900,100,"sd","13:20:47",358200
91400,-900,200,"sd","13:20:43",358100
91500,-800,600,"bu","13:20:36",357900
91400,-900,100,"sd","13:20:35",357300
91400,-900,200,"sd","13:20:23",357200
91400,-900,100,"sd","13:20:22",357000
91400,-900,200,"sd","13:20:22",356900
91400,-900,100,"sd","13:20:22",356700
91400,-900,200,"sd","13:20:22",356600
91400,-900,300,"sd","13:20:13",356400
91400,-900,100,"sd","13:20:08",356100
91400,-900,900,"sd","13:20:08",356000
91400,-900,100,"sd","13:19:47",355100
91500,-800,200,"bu","13:19:36",355000
91400,-900,200,"sd","13:19:13",354800
91500,-800,100,"bu","13:19:08",354600
91500,-800,500,"bu","13:19:06",354500
91400,-900,300,"sd","13:19:04",354000
91400,-900,100,"sd","13:19:00",353700
91400,-900,400,"sd","13:19:00",353600
91400,-900,200,"sd","13:19:00",353200
91400,-900,300,"sd","13:19:00",353000
91400,-900,100,"sd","13:18:59",352700
91400,-900,100,"sd","13:18:43",352600
91500,-800,100,"bu","13:18:36",352500
91500,-800,200,"bu","13:18:36",352400
91400,-900,200,"sd","13:18:34",352200
91400,-900,100,"sd","13:18:30",352000
91400,-900,600,"sd","13:18:30",351900
91400,-900,100,"sd","13:18:10",351300
91500,-800,200,"bu","13:18:06",351200
91400,-900,100,"sd","13:17:50",351000
91400,-900,200,"sd","13:17:43",350900
91500,-800,300,"bu","13:17:35",350700
91500,-800,300,"bu","13:17:35",350400
91400,-900,200,"sd","13:17:34",350100
91400,-900,100,"sd","13:17:23",349900
91400,-900,600,"sd","13:17:23",349800
91400,-900,100,"sd","13:17:22",349200
91400,-900,300,"sd","13:17:13",349100
91400,-900,700,"sd","13:17:09",348800
91400,-900,300,"bu","13:17:05",348100
91300,-1000,200,"sd","13:17:03",347800
91300,-1000,400,"sd","13:16:53",347600
91300,-1000,100,"sd","13:16:53",347200
91300,-1000,200,"sd","13:16:53",347100
91300,-1000,300,"sd","13:16:43",346900
91300,-1000,1000,"sd","13:16:43",346600
91300,-1000,500,"sd","13:16:43",345600
91300,-1000,100,"sd","13:16:43",345100
91300,-1000,100,"sd","13:16:43",345000
91300,-1000,400,"sd","13:16:43",344900
91400,-900,900,"sd","13:16:37",344500
91400,-900,100,"sd","13:16:37",343600
91400,-900,4000,"sd","13:16:37",343500
91400,-900,2200,"sd","13:16:37",339500
91500,-800,100,"bu","13:16:35",337300
91500,-800,600,"bu","13:16:35",337200
91400,-900,100,"sd","13:16:35",336600
91400,-900,300,"sd","13:16:24",336500
91400,-900,700,"sd","13:16:17",336200
91400,-900,300,"sd","13:16:13",335500
91500,-800,800,"bu","13:16:05",335200
91500,-800,100,"bu","13:16:05",334400
91500,-800,100,"bu","13:16:05",334300
91400,-900,300,"sd","13:15:53",334200
91400,-900,100,"sd","13:15:47",333900
91400,-900,1000,"sd","13:15:43",333800
91500,-800,600,"bu","13:15:36",332800
91500,-800,1200,"bu","13:15:36",332200
91400,-900,400,"bu","13:15:36",331000
91400,-900,100,"sd","13:15:34",330600
91400,-900,100,"sd","13:15:33",330500
91400,-900,100,"sd","13:15:33",330400
91400,-900,1000,"sd","13:15:33",330300
91500,-800,400,"bu","13:15:30",329300
91400,-900,300,"sd","13:15:30",328900
91400,-900,2000,"sd","13:15:30",328600
91400,-900,100,"sd","13:15:30",326600
91400,-900,500,"sd","13:15:30",326500
91400,-900,500,"sd","13:15:30",326000
91400,-900,900,"sd","13:15:30",325500
91400,-900,700,"sd","13:15:30",324600
91500,-800,500,"bu","13:15:26",323900
91500,-800,200,"bu","13:15:06",323400
91400,-900,100,"sd","13:15:03",323200
91400,-900,500,"sd","13:14:58",323100
91400,-900,100,"sd","13:14:57",322600
91400,-900,100,"sd","13:14:09",322500
91500,-800,200,"bu","13:14:06",322400
91500,-800,100,"bu","13:13:50",322200
91400,-900,100,"sd","13:13:43",322100
91500,-800,500,"bu","13:13:35",322000
91500,-800,200,"bu","13:13:29",321500
91400,-900,100,"sd","13:13:23",321300
91400,-900,100,"sd","13:13:22",321200
91400,-900,300,"sd","13:13:13",321100
91400,-900,500,"sd","13:13:11",320800
91500,-800,600,"bu","13:13:06",320300
91400,-900,200,"sd","13:13:03",319700
91400,-900,700,"sd","13:12:58",319500
91400,-900,300,"sd","13:12:43",318800
91500,-800,400,"bu","13:12:38",318500
91500,-800,700,"bu","13:12:36",318100
91400,-900,100,"sd","13:12:34",317400
91400,-900,100,"sd","13:12:23",317300
91400,-900,600,"sd","13:12:13",317200
91500,-800,600,"bu","13:12:12",316600
91500,-800,1100,"bu","13:12:06",316000
91400,-900,300,"sd","13:12:03",314900
91500,-800,500,"bu","13:11:56",314600
91400,-900,500,"sd","13:11:54",314100
91400,-900,600,"sd","13:11:51",313600
91400,-900,100,"sd","13:11:51",313000
91400,-900,500,"bu","13:11:46",312900
91400,-900,300,"bu","13:11:46",312400
91300,-1000,100,"sd","13:11:44",312100
91300,-1000,100,"sd","13:11:43",312000
91300,-1000,200,"sd","13:11:43",311900
91400,-900,200,"bu","13:11:36",311700
91400,-900,400,"bu","13:11:36",311500
91400,-900,400,"bu","13:11:34",311100
91300,-1000,300,"sd","13:11:33",310700
91400,-900,100,"sd","13:11:26",310400
91400,-900,100,"sd","13:11:26",310300
91400,-900,1000,"sd","13:11:26",310200
91400,-900,100,"bu","13:11:06",309200
91300,-1000,100,"sd","13:11:03",309100
91300,-1000,100,"sd","13:10:56",309000
91300,-1000,300,"sd","13:10:53",308900
91400,-900,500,"bu","13:10:52",308600
91300,-1000,600,"sd","13:10:48",308100
91500,-800,1100,"bu","13:10:36",307500
91400,-900,1000,"bu","13:10:36",306400
91500,-800,700,"bu","13:10:27",305400
91400,-900,100,"bu","13:10:27",304700
91400,-900,300,"bu","13:10:27",304600
91300,-1000,400,"sd","13:10:26",304300
91300,-1000,1600,"sd","13:10:26",303900
91400,-900,100,"bu","13:10:25",302300
91300,-1000,200,"sd","13:10:23",302200
91300,-1000,900,"sd","13:10:13",302000
91400,-900,200,"bu","13:10:09",301100
91400,-900,300,"bu","13:10:09",300900
91300,-1000,100,"sd","13:10:08",300600
91400,-900,2200,"bu","13:10:06",300500
91300,-1000,200,"sd","13:10:03",298300
91400,-900,100,"bu","13:10:01",298100
91300,-1000,600,"sd","13:09:53",298000
91400,-900,600,"bu","13:09:52",297400
91400,-900,100,"bu","13:09:47",296800
91300,-1000,1400,"sd","13:09:43",296700
91400,-900,100,"sd","13:09:38",295300
91400,-900,3800,"sd","13:09:38",295200
91500,-800,500,"bu","13:09:36",291400
91500,-800,300,"bu","13:09:33",290900
91400,-900,100,"sd","13:09:23",290600
91400,-900,100,"sd","13:09:20",290500
91400,-900,400,"sd","13:09:13",290400
91500,-800,200,"bu","13:09:06",290000
91500,-800,700,"bu","13:09:06",289800
91400,-900,500,"sd","13:09:03",289100
91400,-900,100,"sd","13:09:02",288600
91400,-900,500,"sd","13:09:02",288500
91400,-900,1000,"sd","13:09:02",288000
91400,-900,200,"sd","13:09:02",287000
91400,-900,100,"sd","13:08:43",286800
91400,-900,100,"sd","13:08:43",286700
91500,-800,300,"bu","13:08:36",286600
91500,-800,100,"bu","13:08:36",286300
91500,-800,200,"bu","13:08:35",286200
91400,-900,100,"sd","13:08:33",286000
91500,-800,200,"sd","13:08:32",285900
91500,-800,100,"sd","13:08:32",285700
91500,-800,100,"sd","13:08:32",285600
91500,-800,100,"sd","13:08:31",285500
91600,-700,300,"bu","13:08:06",285400
91500,-800,100,"sd","13:07:53",285100
91500,-800,300,"sd","13:07:51",285000
91500,-800,100,"sd","13:07:43",284700
91500,-800,100,"sd","13:07:43",284600
91600,-700,400,"bu","13:07:35",284500
91500,-800,200,"sd","13:07:33",284100
91500,-800,700,"sd","13:07:26",283900
91500,-800,200,"sd","13:07:13",283200
91600,-700,500,"bu","13:07:06",283000
91500,-800,300,"sd","13:07:03",282500
91500,-800,100,"sd","13:06:55",282200
91500,-800,100,"sd","13:06:54",282100
91500,-800,700,"sd","13:06:54",282000
91500,-800,100,"sd","13:06:54",281300
91400,-900,100,"sd","13:06:43",281200
91500,-800,400,"bu","13:06:35",281100
91400,-900,200,"sd","13:06:24",280700
91500,-800,100,"bu","13:06:23",280500
91500,-800,100,"sd","13:06:19",280400
91500,-800,100,"sd","13:06:13",280300
91500,-800,500,"sd","13:06:13",280200
91500,-800,200,"bu","13:06:07",279700
91400,-900,100,"sd","13:06:07",279500
91500,-800,300,"bu","13:06:06",279400
91400,-900,300,"sd","13:05:54",279100
91400,-900,500,"sd","13:05:46",278800
91500,-800,300,"bu","13:05:46",278300
91400,-900,200,"sd","13:05:44",278000
91300,-1000,100,"sd","13:05:33",277800
91400,-900,600,"sd","13:05:33",277700
91400,-900,300,"bu","13:05:32",277100
91400,-900,100,"sd","13:05:32",276800
91500,-800,500,"bu","13:05:24",276700
91500,-800,800,"bu","13:05:24",276200
91400,-900,100,"sd","13:05:23",275400
91400,-900,100,"sd","13:05:23",275300
91400,-900,500,"sd","13:05:23",275200
91400,-900,100,"sd","13:05:19",274700
91400,-900,200,"sd","13:05:13",274600
91400,-900,500,"sd","13:05:13",274400
91300,-1000,200,"sd","13:04:33",273900
91300,-1000,100,"sd","13:04:30",273700
91500,-800,500,"bu","13:04:27",273600
91300,-1000,100,"sd","13:04:24",273100
91400,-900,200,"sd","13:04:24",273000
91300,-1000,200,"sd","13:04:14",272800
91300,-1000,700,"sd","13:04:14",272600
91400,-900,300,"sd","13:04:14",271900
91400,-900,700,"sd","13:04:07",271600
91300,-1000,1000,"sd","13:04:04",270900
91400,-900,100,"sd","13:04:04",269900
91400,-900,1900,"sd","13:04:04",269800
91400,-900,100,"sd","13:04:03",267900
91400,-900,400,"sd","13:04:03",267800
91400,-900,100,"sd","13:03:42",267400
91300,-1000,100,"sd","13:03:24",267300
91400,-900,300,"sd","13:03:13",267200
91400,-900,100,"sd","13:03:13",266900
91500,-800,700,"bu","13:03:09",266800
91500,-800,200,"bu","13:03:09",266100
91500,-800,300,"bu","13:03:06",265900
91400,-900,100,"sd","13:03:03",265600
91400,-900,100,"sd","13:03:03",265500
91400,-900,700,"sd","13:03:00",265400
91400,-900,100,"sd","13:02:54",264700
91500,-800,200,"bu","13:02:36",264600
91400,-900,100,"bu","13:02:30",264400
91300,-1000,100,"sd","13:02:23",264300
91300,-1000,500,"sd","13:02:14",264200
91200,-1100,100,"sd","13:02:05",263700
91200,-1100,1600,"sd","13:02:04",263600
91200,-1100,2700,"sd","13:02:01",262000
91300,-1000,900,"sd","13:02:01",259300
91300,-1000,500,"sd","13:02:01",258400
91300,-1000,100,"sd","13:02:01",257900
91300,-1000,500,"sd","13:02:01",257800
91300,-1000,300,"sd","13:02:01",257300
91400,-900,200,"bu","13:02:00",257000
91400,-900,300,"sd","13:01:54",256800
91400,-900,200,"sd","13:01:44",256500
91400,-900,700,"bu","13:01:36",256300
91300,-1000,100,"sd","13:01:23",255600
91300,-1000,100,"sd","13:01:23",255500
91300,-1000,100,"sd","13:01:23",255400
91300,-1000,100,"sd","13:01:17",255300
91300,-1000,900,"sd","13:01:14",255200
91300,-1000,200,"sd","13:01:10",254300
91400,-900,2800,"bu","13:01:06",254100
91300,-1000,300,"sd","13:01:03",251300
91300,-1000,100,"sd","13:00:53",251000
91300,-1000,100,"sd","13:00:53",250900
91300,-1000,200,"sd","13:00:53",250800
91300,-1000,100,"sd","13:00:53",250600
91300,-1000,100,"sd","13:00:53",250500
91300,-1000,100,"sd","13:00:53",250400
91300,-1000,100,"sd","13:00:53",250300
91300,-1000,100,"sd","13:00:53",250200
91300,-1000,200,"sd","13:00:53",250100
91400,-900,100,"sd","13:00:45",249900
91400,-900,1900,"sd","13:00:45",249800
91400,-900,100,"sd","13:00:43",247900
91400,-900,1700,"sd","13:00:43",247800
91500,-800,4300,"bu","13:00:36",246100
91400,-900,300,"sd","13:00:33",241800
91400,-900,1400,"sd","13:00:33",241500
91400,-900,100,"sd","13:00:30",240100
91400,-900,500,"sd","13:00:25",240000
91400,-900,100,"sd","13:00:25",239500
91400,-900,200,"sd","13:00:25",239400
91400,-900,2000,"sd","13:00:25",239200
91400,-900,300,"sd","13:00:25",237200
91400,-900,100,"sd","13:00:25",236900
91500,-800,1800,"sd","13:00:25",236800
91500,-800,600,"sd","13:00:23",235000
91500,-800,100,"bu","13:00:17",234400
91400,-900,400,"sd","13:00:13",234300
91400,-900,100,"sd","13:00:13",233900
91500,-800,100,"sd","13:00:13",233800
91500,-800,1400,"sd","13:00:13",233700
91500,-800,100,"sd","13:00:12",232300
91500,-800,100,"sd","13:00:12",232200
91500,-800,1800,"sd","13:00:12",232100
91500,-800,500,"sd","13:00:09",230300
91500,-800,100,"sd","13:00:07",229800
91600,-700,2300,"bu","13:00:06",229700
91500,-800,1800,"sd","13:00:03",227400
91500,-800,300,"sd","13:00:02",225600
91500,-800,3000,"sd","13:00:00",225300
91500,-800,1900,"bu","13:00:00",222300
91500,-800,100,"bu","13:00:00",220400
91500,-800,600,"bu","13:00:00",220300
91500,-800,100,"bu","11:29:54",219700
91500,-800,100,"bu","11:29:54",219600
91500,-800,300,"bu","11:29:17",219500
91500,-800,300,"bu","11:28:36",219200
91500,-800,200,"sd","11:28:24",218900
91500,-800,500,"bu","11:28:21",218700
91500,-800,300,"bu","11:28:21",218200
91500,-800,200,"bu","11:28:05",217900
91400,-900,100,"sd","11:28:00",217700
91500,-800,100,"bu","11:27:52",217600
91500,-800,100,"sd","11:27:44",217500
91600,-700,600,"bu","11:27:35",217400
91500,-800,200,"sd","11:27:34",216800
91500,-800,700,"sd","11:27:28",216600
91500,-800,200,"sd","11:27:25",215900
91500,-800,300,"sd","11:27:14",215700
91500,-800,600,"bu","11:27:06",215400
91400,-900,100,"sd","11:27:04",214800
91400,-900,200,"sd","11:27:04",214700
91400,-900,100,"sd","11:27:04",214500
91400,-900,100,"sd","11:26:55",214400
91400,-900,900,"sd","11:26:54",214300
91400,-900,100,"sd","11:26:54",213400
91400,-900,100,"sd","11:26:54",213300
91400,-900,400,"sd","11:26:54",213200
91500,-800,100,"bu","11:26:50",212800
91500,-800,4900,"bu","11:26:50",212700
91500,-800,100,"sd","11:25:59",207800
91500,-800,100,"sd","11:25:50",207700
91400,-900,200,"sd","11:25:23",207600
91400,-900,400,"sd","11:25:16",207400
91500,-800,300,"sd","11:25:16",207000
91400,-900,100,"sd","11:24:46",206700
91400,-900,100,"sd","11:24:43",206600
91500,-800,100,"sd","11:24:43",206500
91500,-800,700,"bu","11:24:35",206400
91400,-900,200,"sd","11:24:24",205700
91400,-900,100,"sd","11:24:15",205500
91400,-900,400,"sd","11:24:13",205400
91400,-900,100,"sd","11:24:13",205000
91400,-900,100,"sd","11:24:13",204900
91500,-800,100,"sd","11:24:09",204800
91500,-800,100,"sd","11:24:09",204700
91500,-800,100,"sd","11:24:09",204600
91500,-800,1000,"sd","11:24:09",204500
91500,-800,100,"sd","11:24:09",203500
91500,-800,500,"sd","11:24:09",203400
91500,-800,200,"sd","11:24:05",202900
91500,-800,100,"sd","11:23:40",202700
91600,-700,100,"bu","11:22:54",202600
91500,-800,100,"sd","11:22:37",202500
91600,-700,200,"bu","11:21:36",202400
91500,-800,100,"sd","11:21:34",202200
91500,-800,100,"sd","11:21:31",202100
91600,-700,500,"bu","11:21:27",202000
91600,-700,100,"bu","11:21:06",201500
91500,-800,200,"sd","11:20:50",201400
91500,-800,100,"sd","11:20:50",201200
91600,-700,100,"bu","11:20:36",201100
91500,-800,100,"sd","11:20:27",201000
91500,-800,100,"sd","11:20:14",200900
91500,-800,300,"bu","11:20:06",200800
91500,-800,100,"bu","11:20:06",200500
91400,-900,300,"sd","11:19:54",200400
91400,-900,500,"sd","11:19:46",200100
91400,-900,100,"bu","11:19:44",199600
91400,-900,100,"bu","11:19:44",199500
91400,-900,100,"sd","11:19:43",199400
91400,-900,100,"sd","11:19:43",199300
91400,-900,100,"sd","11:19:43",199200
91500,-800,500,"sd","11:19:43",199100
91500,-800,400,"sd","11:19:43",198600
91600,-700,200,"bu","11:19:35",198200
91500,-800,100,"sd","11:19:22",198000
91500,-800,100,"sd","11:19:13",197900
91600,-700,500,"bu","11:19:06",197800
91500,-800,300,"sd","11:18:54",197300
91500,-800,100,"sd","11:18:52",197000
91500,-800,500,"sd","11:18:52",196900
91500,-800,100,"sd","11:18:52",196400
91500,-800,100,"sd","11:18:52",196300
91500,-800,100,"sd","11:18:52",196200
91500,-800,100,"sd","11:18:52",196100
91500,-800,200,"sd","11:18:44",196000
91600,-700,300,"bu","11:18:36",195800
91500,-800,200,"sd","11:18:34",195500
91500,-800,100,"sd","11:18:34",195300
91500,-800,100,"sd","11:18:34",195200
91500,-800,200,"sd","11:18:34",195100
91500,-800,100,"sd","11:18:18",194900
91600,-700,300,"bu","11:18:06",194800
91500,-800,300,"sd","11:17:44",194500
91600,-700,700,"bu","11:17:36",194200
91500,-800,300,"sd","11:17:33",193500
91500,-800,700,"sd","11:17:31",193200
91500,-800,300,"sd","11:17:23",192500
91500,-800,700,"sd","11:17:15",192200
91500,-800,100,"sd","11:17:15",191500
91500,-800,100,"sd","11:17:15",191400
91500,-800,100,"sd","11:17:15",191300
91500,-800,100,"sd","11:17:15",191200
91500,-800,100,"sd","11:17:15",191100
91500,-800,100,"sd","11:17:13",191000
91600,-700,100,"bu","11:17:01",190900
91600,-700,200,"bu","11:16:36",190800
91500,-800,100,"sd","11:16:34",190600
91600,-700,400,"sd","11:16:25",190500
91600,-700,100,"sd","11:16:17",190100
91600,-700,100,"sd","11:16:08",190000
91600,-700,100,"sd","11:16:00",189900
91700,-600,200,"bu","11:15:36",189800
91600,-700,200,"sd","11:15:23",189600
91600,-700,700,"sd","11:15:18",189400
91600,-700,100,"sd","11:15:04",188700
91700,-600,100,"bu","11:14:06",188600
91600,-700,100,"sd","11:13:59",188500
91700,-600,300,"bu","11:13:36",188400
91600,-700,200,"sd","11:13:14",188100
91700,-600,200,"bu","11:13:06",187900
91600,-700,700,"sd","11:13:05",187700
91600,-700,100,"sd","11:12:55",187000
91600,-700,300,"sd","11:12:43",186900
91600,-700,300,"sd","11:12:38",186600
91500,-800,700,"sd","11:12:34",186300
91500,-800,100,"sd","11:12:24",185600
91500,-800,200,"sd","11:12:24",185500
91500,-800,300,"sd","11:12:24",185300
91500,-800,100,"sd","11:12:24",185000
91500,-800,500,"sd","11:12:23",184900
91500,-800,100,"sd","11:12:23",184400
91500,-800,500,"sd","11:12:23",184300
91500,-800,200,"sd","11:12:23",183800
91500,-800,100,"sd","11:12:23",183600
91600,-700,300,"sd","11:12:23",183500
91600,-700,400,"sd","11:12:21",183200
91600,-700,500,"sd","11:12:21",182800
91600,-700,100,"sd","11:12:21",182300
91600,-700,100,"sd","11:12:21",182200
91600,-700,500,"sd","11:12:21",182100
91600,-700,1000,"sd","11:12:21",181600
91600,-700,100,"sd","11:12:21",180600
91600,-700,1000,"sd","11:12:21",180500
91600,-700,100,"sd","11:12:21",179500
91600,-700,200,"sd","11:12:21",179400
91600,-700,200,"sd","11:12:20",179200
91600,-700,100,"sd","11:12:20",179000
91600,-700,400,"sd","11:12:20",178900
91600,-700,200,"sd","11:12:20",178500
91600,-700,100,"sd","11:12:20",178300
91600,-700,500,"sd","11:12:20",178200
91600,-700,100,"sd","11:12:20",177700
91600,-700,100,"sd","11:12:20",177600
91600,-700,100,"sd","11:12:20",177500
91600,-700,100,"sd","11:12:20",177400
91600,-700,100,"sd","11:12:20",177300
91600,-700,1000,"sd","11:12:20",177200
91600,-700,100,"sd","11:12:20",176200
91600,-700,100,"sd","11:12:20",176100
91600,-700,200,"sd","11:12:20",176000
91600,-700,100,"sd","11:12:20",175800
91600,-700,100,"sd","11:12:20",175700
91600,-700,100,"sd","11:12:20",175600
91600,-700,300,"sd","11:12:20",175500
91600,-700,100,"sd","11:12:14",175200
91700,-600,300,"bu","11:12:05",175100
91600,-700,200,"sd","11:12:03",174800
91600,-700,300,"sd","11:12:00",174600
91600,-700,400,"sd","11:12:00",174300
91600,-700,100,"sd","11:11:49",173900
91700,-600,100,"bu","11:11:36",173800
91800,-500,400,"bu","11:11:06",173700
91800,-500,300,"bu","11:11:05",173300
91800,-500,700,"bu","11:11:05",173000
91600,-700,100,"sd","11:10:53",172300
91600,-700,300,"sd","11:10:53",172200
91600,-700,100,"sd","11:10:45",171900
91600,-700,100,"sd","11:09:40",171800
91800,-500,100,"bu","11:08:36",171700
91600,-700,100,"sd","11:08:35",171600
91700,-600,100,"bu","11:08:16",171500
91800,-500,400,"bu","11:08:06",171400
91700,-600,300,"sd","11:07:53",171000
91700,-600,900,"sd","11:07:44",170700
91700,-600,200,"sd","11:07:44",169800
91700,-600,100,"sd","11:07:31",169600
91700,-600,100,"sd","11:06:27",169500
91700,-600,100,"sd","11:05:22",169400
91800,-500,100,"bu","11:05:01",169300
91700,-600,100,"sd","11:04:17",169200
91700,-600,100,"sd","11:03:42",169100
91700,-600,100,"sd","11:03:13",169000
91700,-600,100,"sd","11:02:08",168900
91800,-500,100,"bu","11:01:48",168800
91600,-700,100,"sd","11:01:03",168700
91600,-700,300,"sd","11:00:44",168600
91600,-700,1000,"sd","11:00:43",168300
91700,-600,100,"sd","11:00:25",167300
91700,-600,200,"sd","11:00:25",167200
91700,-600,100,"sd","10:59:58",167000
91700,-600,100,"sd","10:58:54",166900
91800,-500,100,"bu","10:58:33",166800
91700,-600,100,"sd","10:57:49",166700
91700,-600,100,"sd","10:56:44",166600
91800,-500,100,"bu","10:56:00",166500
91700,-600,100,"sd","10:55:40",166400
91700,-600,100,"sd","10:55:39",166300
91800,-500,300,"bu","10:55:39",166200
91800,-500,100,"bu","10:55:30",165900
91700,-600,100,"sd","10:55:29",165800
91800,-500,600,"bu","10:55:27",165700
91800,-500,200,"bu","10:55:00",165100
91700,-600,200,"sd","10:54:39",164900
91700,-600,100,"sd","10:54:35",164700
91800,-500,1000,"bu","10:54:30",164600
91800,-500,100,"bu","10:54:30",163600
91700,-600,100,"sd","10:54:10",163500
91700,-600,100,"sd","10:54:02",163400
91800,-500,200,"bu","10:54:00",163300
91700,-600,100,"sd","10:53:59",163100
91700,-600,100,"sd","10:53:59",163000
91700,-600,100,"sd","10:53:57",162900
91700,-600,100,"sd","10:53:57",162800
91700,-600,300,"sd","10:53:57",162700
91700,-600,200,"sd","10:53:56",162400
91700,-600,200,"sd","10:53:56",162200
91700,-600,100,"sd","10:53:56",162000
91700,-600,100,"sd","10:53:31",161900
91700,-600,100,"sd","10:52:26",161800
91800,-500,200,"bu","10:51:30",161700
91700,-600,100,"sd","10:51:30",161500
91800,-500,500,"bu","10:51:27",161400
91700,-600,100,"sd","10:51:21",160900
91700,-600,100,"sd","10:51:20",160800
91700,-600,500,"sd","10:51:13",160700
91700,-600,100,"sd","10:51:00",160200
91700,-600,100,"sd","10:50:18",160100
91700,-600,100,"sd","10:49:12",160000
91800,-500,200,"bu","10:49:00",159900
91700,-600,100,"sd","10:48:39",159700
91700,-600,100,"sd","10:48:39",159600
91800,-500,1000,"bu","10:48:30",159500
91900,-400,2100,"bu","10:48:15",158500
91800,-500,2900,"bu","10:48:15",156400
91700,-600,100,"sd","10:48:07",153500
91800,-500,100,"bu","10:48:00",153400
91700,-600,100,"sd","10:47:50",153300
91800,-500,100,"bu","10:47:42",153200
91800,-500,200,"bu","10:47:42",153100
91800,-500,500,"bu","10:47:42",152900
91700,-600,100,"sd","10:47:03",152400
91700,-600,100,"sd","10:45:58",152300
91700,-600,100,"sd","10:44:53",152200
91600,-700,100,"sd","10:43:50",152100
91600,-700,100,"sd","10:43:49",152000
91700,-600,500,"sd","10:43:46",151900
91700,-600,100,"sd","10:43:40",151400
91700,-600,600,"sd","10:43:38",151300
91800,-500,200,"bu","10:43:30",150700
91700,-600,200,"sd","10:43:20",150500
91700,-600,1000,"sd","10:43:17",150300
91700,-600,100,"sd","10:42:44",149300
91600,-700,400,"sd","10:41:50",149200
91600,-700,1800,"sd","10:41:40",148800
91600,-700,100,"sd","10:41:40",147000
91700,-600,100,"sd","10:41:40",146900
91700,-600,100,"sd","10:41:39",146800
91700,-600,800,"sd","10:41:31",146700
91700,-600,200,"sd","10:41:31",145900
91700,-600,100,"sd","10:41:31",145700
91700,-600,100,"sd","10:41:31",145600
91700,-600,300,"sd","10:41:31",145500
91700,-600,100,"sd","10:41:31",145200
91700,-600,300,"sd","10:41:31",145100
91700,-600,200,"sd","10:41:31",144800
91700,-600,500,"sd","10:41:31",144600
91700,-600,200,"sd","10:41:31",144100
91700,-600,500,"sd","10:41:31",143900
91800,-500,200,"sd","10:41:31",143400
91800,-500,900,"sd","10:41:31",143200
91800,-500,600,"sd","10:41:30",142300
91800,-500,1000,"sd","10:41:30",141700
91800,-500,500,"sd","10:41:30",140700
91800,-500,500,"sd","10:41:30",140200
91800,-500,100,"sd","10:41:30",139700
91800,-500,200,"sd","10:41:30",139600
91800,-500,500,"sd","10:41:30",139400
91800,-500,100,"sd","10:41:30",138900
91800,-500,1000,"sd","10:41:30",138800
91800,-500,1100,"sd","10:41:30",137800
91900,-400,100,"bu","10:41:15",136700
91800,-500,100,"sd","10:40:44",136600
91800,-500,100,"sd","10:40:35",136500
91800,-500,100,"sd","10:39:30",136400
91800,-500,100,"sd","10:39:30",136300
91900,-400,100,"bu","10:39:00",136200
91800,-500,100,"sd","10:39:00",136100
91900,-400,500,"bu","10:38:53",136000
91900,-400,400,"bu","10:38:30",135500
91800,-500,100,"sd","10:38:26",135100
91800,-500,100,"sd","10:38:19",135000
91800,-500,500,"sd","10:38:10",134900
91800,-500,200,"sd","10:38:09",134400
91800,-500,1000,"sd","10:38:03",134200
91900,-400,400,"bu","10:38:00",133200
91800,-500,400,"sd","10:37:49",132800
91800,-500,1100,"sd","10:37:44",132400
91800,-500,100,"sd","10:37:44",131300
91800,-500,300,"sd","10:37:44",131200
91800,-500,500,"sd","10:37:44",130900
91800,-500,100,"sd","10:37:21",130400
91800,-500,100,"sd","10:36:16",130300
92000,-300,100,"bu","10:36:00",130200
91900,-400,100,"sd","10:35:40",130100
91900,-400,200,"sd","10:35:31",130000
91900,-400,200,"sd","10:35:31",129800
91900,-400,100,"sd","10:35:31",129600
91900,-400,100,"sd","10:35:31",129500
91900,-400,100,"sd","10:35:31",129400
91900,-400,100,"sd","10:35:12",129300
92000,-300,200,"bu","10:35:00",129200
91900,-400,100,"sd","10:34:50",129000
91900,-400,500,"sd","10:34:41",128900
91900,-400,100,"sd","10:34:41",128400
91900,-400,200,"sd","10:34:41",128300
91900,-400,100,"sd","10:34:30",128100
91900,-400,100,"sd","10:34:07",128000
91900,-400,100,"sd","10:33:45",127900
91900,-400,100,"sd","10:33:03",127800
92000,-300,100,"bu","10:33:00",127700
91900,-400,100,"sd","10:32:59",127600
92000,-300,500,"bu","10:32:52",127500
92000,-300,100,"bu","10:32:30",127000
91900,-400,100,"sd","10:32:10",126900
92000,-300,500,"bu","10:32:00",126800
91900,-400,100,"sd","10:31:59",126300
91900,-400,400,"sd","10:31:39",126200
92000,-300,500,"bu","10:31:39",125800
92000,-300,100,"bu","10:31:39",125300
92000,-300,400,"bu","10:31:39",125200
92000,-300,1000,"bu","10:31:37",124800
92000,-300,200,"bu","10:31:18",123800
92000,-300,100,"bu","10:31:00",123600
91900,-400,100,"sd","10:30:54",123500
92000,-300,300,"bu","10:30:30",123400
92000,-300,100,"bu","10:30:30",123100
91900,-400,100,"sd","10:30:10",123000
91900,-400,300,"sd","10:30:10",122900
91900,-400,700,"sd","10:30:00",122600
91900,-400,500,"sd","10:30:00",121900
91900,-400,300,"sd","10:30:00",121400
91900,-400,500,"sd","10:30:00",121100
91900,-400,100,"sd","10:29:48",120600
91900,-400,100,"sd","10:28:44",120500
91900,-400,100,"sd","10:27:40",120400
91900,-400,100,"sd","10:26:35",120300
91900,-400,100,"sd","10:25:30",120200
92000,-300,200,"bu","10:24:30",120100
91900,-400,100,"sd","10:24:26",119900
91900,-400,200,"sd","10:24:09",119800
92000,-300,1000,"bu","10:24:09",119600
92000,-300,200,"bu","10:23:30",118600
91900,-400,100,"sd","10:23:29",118400
91900,-400,600,"bu","10:23:22",118300
91800,-500,100,"sd","10:23:22",117700
91900,-400,300,"bu","10:23:16",117600
91900,-400,100,"sd","10:22:39",117300
91900,-400,100,"sd","10:22:17",117200
91900,-400,100,"sd","10:21:12",117100
92000,-300,100,"bu","10:21:03",117000
92000,-300,100,"bu","10:20:30",116900
91900,-400,100,"sd","10:20:09",116800
91800,-500,100,"sd","10:20:07",116700
92000,-300,300,"bu","10:20:00",116600
91800,-500,200,"sd","10:19:59",116300
91900,-400,300,"bu","10:19:51",116100
91900,-400,1100,"bu","10:19:51",115800
91900,-400,100,"bu","10:19:30",114700
91800,-500,100,"sd","10:19:29",114600
91900,-400,500,"bu","10:19:19",114500
91800,-500,100,"sd","10:19:02",114000
91900,-400,100,"bu","10:19:00",113900
91800,-500,100,"sd","10:18:40",113800
91900,-400,200,"bu","10:18:30",113700
91900,-400,200,"bu","10:18:30",113500
91800,-500,100,"sd","10:18:30",113300
91800,-500,300,"sd","10:18:30",113200
91900,-400,1800,"bu","10:18:22",112900
91900,-400,200,"bu","10:18:22",111100
91800,-500,100,"sd","10:17:58",110900
91900,-400,100,"bu","10:17:31",110800
91800,-500,100,"sd","10:16:53",110700
91900,-400,100,"bu","10:16:00",110600
91900,-400,100,"bu","10:15:51",110500
91800,-500,100,"sd","10:15:49",110400
91900,-400,400,"bu","10:15:30",110300
91800,-500,100,"sd","10:15:10",109900
91800,-500,300,"sd","10:15:10",109800
91800,-500,2000,"sd","10:15:08",109500
91800,-500,100,"sd","10:14:45",107500
91900,-400,100,"bu","10:14:30",107400
91800,-500,100,"sd","10:14:30",107300
91800,-500,500,"sd","10:14:23",107200
91800,-500,100,"sd","10:13:40",106700
91900,-400,200,"bu","10:13:38",106600
91900,-400,300,"bu","10:13:00",106400
91800,-500,100,"sd","10:12:50",106100
91800,-500,100,"sd","10:12:50",106000
91800,-500,100,"sd","10:12:50",105900
91800,-500,400,"sd","10:12:41",105800
91800,-500,500,"sd","10:12:41",105400
91800,-500,600,"sd","10:12:41",104900
91800,-500,100,"sd","10:12:34",104300
91900,-400,100,"bu","10:12:11",104200
91900,-400,300,"bu","10:12:05",104100
91900,-400,100,"bu","10:11:53",103800
91800,-500,100,"sd","10:11:30",103700
91900,-400,200,"bu","10:11:30",103600
91800,-500,200,"sd","10:11:10",103400
91800,-500,600,"sd","10:11:07",103200
91900,-400,500,"bu","10:11:00",102600
91800,-500,400,"sd","10:10:40",102100
91900,-400,200,"bu","10:10:33",101700
91700,-600,500,"sd","10:10:30",101500
91700,-600,500,"sd","10:10:30",101000
91700,-600,300,"sd","10:10:30",100500
91700,-600,700,"sd","10:10:30",100200
91700,-600,100,"sd","10:10:25",99500
91700,-600,6000,"sd","10:10:22",99400
91700,-600,200,"sd","10:10:22",93400
91700,-600,100,"sd","10:10:22",93200
91700,-600,100,"sd","10:10:22",93100
91700,-600,600,"sd","10:10:22",93000
91800,-500,100,"sd","10:10:22",92400
91800,-500,100,"sd","10:10:22",92300
91800,-500,400,"sd","10:10:22",92200
91800,-500,1000,"sd","10:10:22",91800
91800,-500,100,"sd","10:10:22",90800
91800,-500,100,"sd","10:10:22",90700
91800,-500,1200,"sd","10:10:22",90600
91900,-400,100,"bu","10:09:30",89400
91800,-500,100,"sd","10:09:20",89300
91900,-400,400,"bu","10:09:00",89200
91800,-500,400,"sd","10:08:40",88800
91900,-400,100,"bu","10:08:30",88400
91900,-400,900,"bu","10:08:30",88300
91800,-500,300,"sd","10:08:30",87400
91800,-500,500,"sd","10:08:30",87100
91800,-500,200,"sd","10:08:30",86600
91800,-500,200,"sd","10:08:26",86400
91800,-500,100,"sd","10:08:26",86200
91800,-500,1000,"sd","10:08:26",86100
91800,-500,100,"sd","10:08:26",85100
91800,-500,400,"sd","10:08:26",85000
91800,-500,800,"sd","10:08:26",84600
91800,-500,100,"sd","10:08:26",83800
91800,-500,100,"sd","10:08:26",83700
91800,-500,2200,"sd","10:08:26",83600
91800,-500,100,"sd","10:08:16",81400
91800,-500,100,"sd","10:07:11",81300
91900,-400,200,"bu","10:07:00",81200
91800,-500,200,"sd","10:06:50",81000
91800,-500,400,"sd","10:06:43",80800
91800,-500,200,"sd","10:06:43",80400
91800,-500,300,"sd","10:06:43",80200
91800,-500,100,"sd","10:06:43",79900
91800,-500,100,"sd","10:06:07",79800
91800,-500,200,"sd","10:05:25",79700
91800,-500,100,"sd","10:05:02",79500
91900,-400,100,"bu","10:05:00",79400
91800,-500,100,"sd","10:04:40",79300
91900,-400,500,"bu","10:04:30",79200
91800,-500,100,"sd","10:04:10",78700
91800,-500,100,"sd","10:04:10",78600
91800,-500,200,"sd","10:04:10",78500
91800,-500,300,"sd","10:04:02",78300
91800,-500,500,"sd","10:04:02",78000
91800,-500,100,"sd","10:04:02",77500
91800,-500,500,"sd","10:04:02",77400
91800,-500,600,"sd","10:04:02",76900
91900,-400,300,"bu","10:04:00",76300
91800,-500,100,"sd","10:03:57",76000
91800,-500,100,"sd","10:02:52",75900
91800,-500,100,"sd","10:01:48",75800
91800,-500,100,"sd","10:00:44",75700
91800,-500,100,"sd","09:59:39",75600
91900,-400,100,"bu","09:59:00",75500
91800,-500,100,"sd","09:58:39",75400
91900,-400,100,"bu","09:58:35",75300
91800,-500,100,"sd","09:58:34",75200
91900,-400,200,"bu","09:58:31",75100
91800,-500,200,"sd","09:58:31",74900
91900,-400,500,"bu","09:58:23",74700
91900,-400,500,"bu","09:58:21",74200
91900,-400,200,"bu","09:58:13",73700
91900,-400,100,"bu","09:58:00",73500
91800,-500,100,"sd","09:57:40",73400
91900,-400,200,"bu","09:57:30",73300
91800,-500,100,"sd","09:57:29",73100
91800,-500,100,"sd","09:57:29",73000
91800,-500,100,"sd","09:57:29",72900
91800,-500,800,"sd","09:57:20",72800
91800,-500,200,"sd","09:57:20",72000
91800,-500,100,"sd","09:56:25",71800
91900,-400,100,"bu","09:56:00",71700
91800,-500,100,"sd","09:55:39",71600
91900,-400,500,"bu","09:55:30",71500
91800,-500,200,"sd","09:55:30",71000
91800,-500,100,"sd","09:55:27",70800
91800,-500,300,"sd","09:55:24",70700
91800,-500,900,"sd","09:55:23",70400
91800,-500,100,"sd","09:55:21",69500
91800,-500,200,"sd","09:55:09",69400
91800,-500,500,"sd","09:55:09",69200
91900,-400,100,"bu","09:55:00",68700
91900,-400,600,"bu","09:55:00",68600
91800,-500,100,"sd","09:54:50",68000
91800,-500,200,"sd","09:54:40",67900
91800,-500,100,"sd","09:54:40",67700
91800,-500,200,"sd","09:54:40",67600
91800,-500,100,"sd","09:54:40",67400
91800,-500,900,"sd","09:54:38",67300
91800,-500,100,"sd","09:54:38",66400
91800,-500,300,"sd","09:54:38",66300
91800,-500,200,"sd","09:54:38",66000
91800,-500,100,"sd","09:54:38",65800
91800,-500,1400,"sd","09:54:38",65700
91800,-500,100,"sd","09:54:15",64300
91900,-400,100,"bu","09:54:13",64200
91900,-400,200,"bu","09:54:00",64100
91800,-500,200,"sd","09:53:39",63900
91900,-400,100,"bu","09:53:30",63700
91900,-400,1000,"bu","09:53:30",63600
91800,-500,100,"sd","09:53:30",62600
91900,-400,500,"bu","09:53:23",62500
91800,-500,100,"sd","09:53:11",62000
91900,-400,100,"bu","09:52:16",61900
91800,-500,100,"sd","09:52:06",61800
91900,-400,100,"bu","09:52:00",61700
91900,-400,200,"bu","09:51:43",61600
91900,-400,200,"bu","09:51:30",61400
91900,-400,100,"bu","09:51:30",61200
91800,-500,100,"sd","09:51:09",61100
91800,-500,100,"sd","09:51:09",61000
91800,-500,100,"sd","09:51:01",60900
91900,-400,800,"bu","09:51:00",60800
91800,-500,100,"sd","09:51:00",60000
91900,-400,100,"bu","09:50:57",59900
91800,-500,300,"sd","09:50:50",59800
91800,-500,300,"sd","09:50:50",59500
91900,-400,1000,"sd","09:50:47",59200
91900,-400,200,"sd","09:50:47",58200
91900,-400,200,"sd","09:50:47",58000
91900,-400,200,"sd","09:50:47",57800
91900,-400,300,"sd","09:50:47",57600
91900,-400,700,"sd","09:50:39",57300
91900,-400,800,"sd","09:50:39",56600
92000,-300,200,"bu","09:50:38",55800
92000,-300,100,"bu","09:50:30",55600
91900,-400,100,"sd","09:50:10",55500
92000,-300,200,"bu","09:50:00",55400
92000,-300,100,"bu","09:50:00",55200
92000,-300,100,"bu","09:50:00",55100
91900,-400,100,"sd","09:50:00",55000
91900,-400,100,"sd","09:49:58",54900
92000,-300,200,"bu","09:49:53",54800
91900,-400,100,"sd","09:49:49",54600
91900,-400,100,"sd","09:49:49",54500
92000,-300,100,"bu","09:49:44",54400
92000,-300,200,"bu","09:49:44",54300
92000,-300,1000,"bu","09:49:44",54100
92000,-300,400,"bu","09:49:30",53100
91900,-400,400,"sd","09:49:20",52700
91900,-400,500,"sd","09:49:15",52300
91900,-400,500,"sd","09:49:15",51800
91900,-400,100,"sd","09:49:15",51300
91900,-400,300,"sd","09:49:15",51200
91900,-400,100,"sd","09:49:15",50900
91900,-400,100,"sd","09:49:15",50800
91900,-400,400,"sd","09:49:15",50700
91900,-400,100,"sd","09:48:53",50300
91900,-400,300,"sd","09:48:26",50200
91900,-400,100,"sd","09:47:48",49900
91900,-400,100,"sd","09:46:43",49800
91900,-400,100,"sd","09:45:38",49700
92000,-300,100,"bu","09:45:16",49600
91900,-400,200,"sd","09:45:08",49500
91900,-400,100,"sd","09:44:34",49300
92000,-300,100,"bu","09:44:30",49200
91900,-400,100,"sd","09:44:10",49100
92000,-300,100,"bu","09:44:00",49000
92000,-300,600,"bu","09:44:00",48900
91900,-400,300,"sd","09:43:50",48300
91900,-400,1500,"sd","09:43:48",48000
91900,-400,300,"sd","09:43:39",46500
91900,-400,1400,"bu","09:43:33",46200
91900,-400,300,"bu","09:43:30",44800
91800,-500,100,"sd","09:43:30",44500
91900,-400,300,"bu","09:43:29",44400
91900,-400,200,"sd","09:43:10",44100
91900,-400,100,"sd","09:43:02",43900
91900,-400,200,"sd","09:43:02",43800
91900,-400,200,"sd","09:43:02",43600
91900,-400,500,"sd","09:43:02",43400
91900,-400,100,"sd","09:42:24",42900
91900,-400,100,"sd","09:41:20",42800
91900,-400,100,"unknown","09:41:19",42700
91900,-400,200,"bu","09:41:19",42600
91900,-400,100,"bu","09:40:30",42400
91800,-500,100,"sd","09:40:15",42300
91900,-400,300,"bu","09:40:12",42200
91900,-400,200,"bu","09:40:00",41900
91800,-500,100,"sd","09:39:50",41700
91900,-400,900,"bu","09:39:44",41600
91900,-400,100,"bu","09:39:30",40700
91800,-500,200,"sd","09:39:29",40600
91800,-500,100,"sd","09:39:11",40400
91900,-400,300,"bu","09:39:00",40300
91900,-400,100,"sd","09:38:47",40000
91900,-400,200,"sd","09:38:39",39900
91900,-400,700,"bu","09:38:33",39700
91900,-400,300,"bu","09:38:30",39000
91900,-400,100,"bu","09:38:30",38700
91800,-500,100,"sd","09:38:30",38600
91800,-500,100,"sd","09:38:30",38500
91800,-500,100,"sd","09:38:30",38400
91900,-400,100,"sd","09:38:19",38300
91900,-400,800,"sd","09:38:19",38200
91900,-400,200,"sd","09:38:19",37400
91900,-400,100,"sd","09:38:19",37200
91900,-400,700,"sd","09:38:19",37100
91900,-400,100,"sd","09:38:06",36400
92000,-300,200,"bu","09:37:30",36300
91900,-400,200,"sd","09:37:19",36100
92000,-300,100,"bu","09:37:15",35900
92000,-300,900,"bu","09:37:15",35800
92000,-300,100,"bu","09:37:07",34900
91900,-400,100,"sd","09:37:01",34800
92000,-300,100,"sd","09:35:56",34700
92000,-300,100,"sd","09:35:31",34600
91900,-400,100,"sd","09:35:30",34500
91900,-400,100,"sd","09:35:30",34400
91900,-400,1000,"sd","09:35:25",34300
92000,-300,300,"sd","09:35:04",33300
92000,-300,100,"sd","09:34:52",33000
91900,-400,100,"sd","09:33:47",32900
92000,-300,100,"sd","09:33:40",32800
91900,-400,100,"sd","09:32:43",32700
92100,-200,100,"bu","09:32:30",32600
92100,-200,300,"bu","09:32:27",32500
92000,-300,100,"bu","09:32:20",32200
92100,-200,100,"bu","09:32:01",32100
92100,-200,400,"bu","09:32:01",32000
92000,-300,100,"sd","09:31:38",31600
92000,-300,100,"bu","09:31:30",31500
92100,-200,300,"bu","09:31:00",31400
91900,-400,100,"sd","09:31:00",31100
91900,-400,100,"sd","09:31:00",31000
92000,-300,600,"unknown","09:30:56",30900
92000,-300,400,"sd","09:30:56",30300
92000,-300,100,"sd","09:30:50",29900
92000,-300,300,"sd","09:30:40",29800
92000,-300,200,"sd","09:30:40",29500
92000,-300,100,"sd","09:30:33",29300
92000,-300,100,"sd","09:30:10",29200
92000,-300,100,"bu","09:30:09",29100
91900,-400,300,"bu","09:29:37",29000
91800,-500,100,"sd","09:29:30",28700
91800,-500,200,"sd","09:28:29",28600
91800,-500,100,"sd","09:28:29",28400
91800,-500,100,"sd","09:28:29",28300
91800,-500,100,"sd","09:28:25",28200
91900,-400,300,"sd","09:28:25",28100
91900,-400,100,"sd","09:28:25",27800
91900,-400,500,"sd","09:28:25",27700
91900,-400,500,"sd","09:28:25",27200
91900,-400,100,"sd","09:28:25",26700
91900,-400,500,"sd","09:28:25",26600
91900,-400,100,"sd","09:28:25",26100
91900,-400,100,"sd","09:28:25",26000
91900,-400,100,"sd","09:28:19",25900
91900,-400,400,"sd","09:28:15",25800
91900,-400,100,"sd","09:28:15",25400
91900,-400,200,"sd","09:27:42",25300
92000,-300,100,"bu","09:27:40",25100
91900,-400,200,"sd","09:27:23",25000
91900,-400,300,"sd","09:27:10",24800
91900,-400,300,"sd","09:27:06",24500
91900,-400,200,"sd","09:27:06",24200
92000,-300,500,"bu","09:27:05",24000
91900,-400,300,"sd","09:27:01",23500
91900,-400,300,"sd","09:27:01",23200
91900,-400,200,"sd","09:26:59",22900
91900,-400,500,"sd","09:26:57",22700
91900,-400,500,"sd","09:26:56",22200
91900,-400,100,"sd","09:26:56",21700
91900,-400,100,"sd","09:26:56",21600
91900,-400,100,"sd","09:26:29",21500
91900,-400,500,"bu","09:26:21",21400
91800,-500,100,"sd","09:26:09",20900
91900,-400,800,"bu","09:26:02",20800
92000,-300,3900,"bu","09:25:22",20000
91900,-400,100,"bu","09:25:22",16100
91900,-400,300,"sd","09:25:16",16000
91900,-400,100,"sd","09:25:16",15700
92000,-300,100,"bu","09:24:58",15600
92000,-300,400,"bu","09:24:55",15500
92000,-300,300,"sd","09:24:27",15100
92000,-300,200,"sd","09:24:27",14800
92000,-300,500,"sd","09:24:27",14600
92000,-300,500,"sd","09:24:27",14100
92000,-300,100,"sd","09:24:27",13600
92000,-300,900,"sd","09:24:27",13500
92000,-300,600,"sd","09:24:27",12600
92000,-300,900,"sd","09:24:04",12000
92000,-300,100,"sd","09:24:04",11100
92000,-300,100,"sd","09:24:02",11000
92100,-200,100,"bu","09:23:59",10900
92000,-300,200,"sd","09:23:45",10800
92000,-300,100,"sd","09:23:45",10600
92000,-300,100,"sd","09:23:45",10500
92000,-300,100,"sd","09:23:45",10400
92100,-200,200,"bu","09:23:21",10300
92100,-200,200,"sd","09:23:02",10100
92100,-200,500,"sd","09:23:02",9900
92100,-200,100,"sd","09:23:02",9400
92200,-100,300,"sd","09:22:26",9300
92200,-100,200,"sd","09:22:04",9000
92200,-100,100,"sd","09:22:04",8800
92400,100,100,"bu","09:20:33",8700
92400,100,200,"bu","09:20:12",8600
92400,100,300,"bu","09:19:53",8400
92400,100,300,"bu","09:18:45",8100
92400,100,100,"bu","09:18:26",7800
92300,0,100,"bu","09:18:26",7700
92300,0,100,"bu","09:18:26",7600
92100,-200,500,"bu","09:18:26",7500
92000,-300,100,"sd","09:17:59",7000
92000,-300,100,"sd","09:17:59",6900
92000,-300,200,"sd","09:17:29",6800
92000,-300,300,"sd","09:17:29",6600
92100,-200,400,"sd","09:17:17",6300
92100,-200,100,"sd","09:16:57",5900
92100,-200,100,"sd","09:16:57",5800
92200,-100,300,"bu","09:16:52",5700
92200,-100,300,"sd","09:16:13",5400
92200,-100,100,"sd","09:16:13",5100
92200,-100,100,"sd","09:16:10",5000
92200,-100,100,"sd","09:16:02",4900
92200,-100,4800,"sd","09:15:00",4800
