"price","change","match_qtty","side","time","total_vol"
9400,-30,12000,"sd","14:45:00",271900
9340,-90,2900,"sd","14:29:21",259900
9340,-90,200,"sd","14:29:21",257000
9340,-90,200,"sd","14:29:21",256800
9420,-10,100,"bu","14:29:21",256600
9410,-20,400,"bu","14:29:21",256500
9410,-20,100,"sd","14:29:03",256100
9430,0,100,"bu","14:20:49",256000
9420,-10,100,"bu","14:20:49",255900
9420,-10,3000,"bu","14:19:53",255800
9420,-10,100,"bu","14:18:08",252800
9420,-10,800,"sd","14:16:58",252700
9430,0,100,"bu","14:16:55",251900
9420,-10,100,"bu","14:16:01",251800
9420,-10,500,"bu","14:16:01",251700
9420,-10,400,"bu","14:16:01",251200
9420,-10,1200,"bu","14:16:01",250800
9420,-10,1000,"bu","14:14:29",249600
9420,-10,100,"bu","14:14:15",248600
9410,-20,100,"bu","14:11:33",248500
9420,-10,300,"bu","14:00:09",248400
9400,-30,500,"bu","14:00:09",248100
9340,-90,200,"bu","14:00:09",247600
9340,-90,600,"sd","13:59:38",247400
9340,-90,1000,"sd","13:58:27",246800
9340,-90,100,"sd","13:58:27",245800
9420,-10,100,"bu","13:46:13",245700
9420,-10,500,"bu","13:35:00",245600
9420,-10,100,"bu","13:29:55",245100
9420,-10,100,"bu","13:18:27",245000
9420,-10,100,"bu","13:14:31",244900
9420,-10,100,"bu","13:14:12",244800
9340,-90,100,"sd","13:10:16",244700
9340,-90,900,"sd","13:10:16",244600
9340,-90,1000,"sd","13:09:45",243700
9390,-40,1000,"sd","13:08:50",242700
9430,0,1100,"sd","11:25:55",241700
9440,10,900,"sd","11:25:55",240600
9440,10,100,"sd","11:25:51",239700
9450,20,1000,"bu","11:25:33",239600
9440,10,9000,"bu","11:25:22",238600
9430,0,2000,"bu","11:25:03",229600
9430,0,1400,"bu","11:25:03",227600
9430,0,500,"bu","11:20:54",226200
9430,0,2800,"bu","11:19:55",225700
9430,0,1000,"bu","11:18:59",222900
9430,0,2000,"bu","11:01:04",221900
9430,0,1500,"bu","10:57:48",219900
9430,0,800,"sd","10:52:58",218400
9430,0,500,"sd","10:51:11",217600
9440,10,1500,"bu","10:42:17",217100
9440,10,1000,"bu","10:36:54",215600
9440,10,500,"bu","10:35:48",214600
9430,0,2200,"bu","10:35:38",214100
9430,0,1000,"bu","10:33:36",211900
9430,0,800,"bu","10:33:03",210900
9430,0,1500,"bu","10:24:36",210100
9430,0,1000,"bu","10:24:23",208600
9390,-40,20000,"sd","10:24:06",207600
9430,0,1000,"bu","10:23:10",187600
9430,0,1500,"bu","10:12:50",186600
9430,0,1000,"sd","10:11:36",185100
9450,20,2000,"bu","10:04:39",184100
9450,20,1500,"bu","10:01:34",182100
9450,20,2000,"bu","10:00:36",180600
9450,20,2000,"bu","09:55:42",178600
9450,20,1500,"bu","09:55:32",176600
9450,20,1000,"bu","09:53:30",175100
9450,20,100,"bu","09:53:07",174100
9450,20,300,"bu","09:52:35",174000
9450,20,100,"bu","09:52:35",173700
9450,20,100,"bu","09:52:35",173600
9450,20,2500,"bu","09:52:35",173500
9450,20,1500,"bu","09:51:31",171000
9450,20,2000,"bu","09:48:01",169500
9450,20,1500,"bu","09:47:52",167500
9450,20,1000,"bu","09:46:40",166000
9450,20,2500,"bu","09:42:06",165000
9450,20,1500,"bu","09:40:38",162500
9450,20,5000,"bu","09:40:24",161000
9450,20,2000,"bu","09:40:12",156000
9450,20,1000,"bu","09:39:58",154000
9450,20,2500,"bu","09:39:48",153000
9450,20,1000,"bu","09:39:39",150500
9450,20,1000,"bu","09:39:39",149500
9450,20,1300,"sd","09:37:31",148500
9480,50,1400,"sd","09:35:01",147200
9500,70,1900,"bu","09:33:46",145800
9490,60,100,"unknown","09:33:46",143900
9500,70,1000,"bu","09:33:28",143800
9490,60,100,"bu","09:33:19",142800
9500,70,6500,"bu","09:33:15",142700
9500,70,2000,"bu","09:32:59",136200
9500,70,3000,"bu","09:32:35",134200
9500,70,5000,"bu","09:32:27",131200
9500,70,2000,"bu","09:32:19",126200
9500,70,3500,"bu","09:32:05",124200
9500,70,10000,"bu","09:31:57",120700
9500,70,2000,"bu","09:31:43",110700
9490,60,3000,"bu","09:31:43",108700
9480,50,3600,"bu","09:31:21",105700
9480,50,2000,"bu","09:31:14",102100
9480,50,1000,"bu","09:31:05",100100
9480,50,2500,"bu","09:30:51",99100
9480,50,1500,"bu","09:29:45",96600
9480,50,900,"bu","09:29:33",95100
9480,50,5000,"bu","09:29:20",94200
9480,50,2000,"bu","09:29:09",89200
9480,50,4500,"bu","09:28:56",87200
9480,50,3000,"bu","09:28:36",82700
9480,50,10000,"bu","09:28:26",79700
9480,50,2000,"bu","09:28:17",69700
9450,20,2200,"bu","09:28:07",67700
9450,20,3000,"bu","09:27:59",65500
9450,20,2500,"bu","09:27:42",62500
9450,20,3800,"bu","09:27:32",60000
9450,20,2000,"bu","09:27:12",56200
9450,20,1000,"bu","09:27:04",54200
9450,20,3000,"bu","09:26:42",53200
9450,20,4000,"bu","09:26:27",50200
9450,20,2000,"bu","09:26:15",46200
9450,20,3500,"bu","09:26:04",44200
9450,20,5000,"bu","09:25:58",40700
9450,20,2000,"bu","09:25:49",35700
9450,20,1000,"bu","09:25:35",33700
9430,0,100,"bu","09:25:25",32700
9430,0,2500,"bu","09:25:25",32600
9430,0,1000,"bu","09:19:11",30100
9430,0,2000,"bu","09:18:16",29100
9430,0,1000,"bu","09:17:43",27100
9430,0,1500,"bu","09:17:35",26100
9430,0,2100,"bu","09:17:19",24600
9430,0,2500,"bu","09:17:05",22500
9430,0,3000,"bu","09:16:55",20000
9430,0,2500,"bu","09:16:43",17000
9430,0,1500,"bu","09:16:21",14500
9430,0,5000,"bu","09:16:04",13000
9430,0,3500,"bu","09:15:51",8000
9430,0,2000,"bu","09:15:42",4500
9430,0,1500,"bu","09:15:27",2500
9430,0,1000,"bu","09:15:00",1000
