"price","change","match_qtty","side","time","total_vol"
28500,500,62100,"unknown","14:44:59",504300
27800,-200,3000,"bu","14:29:54",442200
27800,-200,2500,"bu","14:29:50",439200
27800,-200,2300,"bu","14:29:47",436700
27800,-200,200,"bu","14:29:47",434400
27800,-200,200,"bu","14:29:32",434200
27800,-200,200,"bu","14:29:07",434000
27800,-200,6900,"sd","14:28:44",433800
27900,-100,8500,"sd","14:28:41",426900
27950,-50,100,"bu","14:28:28",418400
27900,-100,4400,"bu","14:28:28",418300
27800,-200,1200,"bu","14:28:28",413900
27800,-200,1900,"bu","14:28:28",412700
27800,-200,100,"bu","14:28:19",410800
27800,-200,400,"bu","14:28:19",410700
27750,-250,200,"bu","14:28:11",410300
27750,-250,300,"bu","14:28:08",410100
27750,-250,500,"bu","14:27:53",409800
27700,-300,4600,"bu","14:27:45",409300
27700,-300,500,"bu","14:27:35",404700
27700,-300,1400,"bu","14:27:30",404200
27700,-300,3600,"bu","14:27:30",402800
27600,-400,800,"bu","14:27:27",399200
27600,-400,200,"bu","14:27:18",398400
27600,-400,200,"bu","14:27:06",398200
27600,-400,300,"bu","14:27:00",398000
27550,-450,100,"bu","14:26:00",397700
27550,-450,1000,"bu","14:25:54",397600
27550,-450,2900,"bu","14:25:25",396600
27550,-450,100,"bu","14:25:25",393700
27500,-500,300,"bu","14:22:11",393600
27500,-500,700,"bu","14:21:50",393300
27500,-500,300,"bu","14:21:50",392600
27500,-500,500,"bu","14:21:45",392300
27500,-500,3000,"bu","14:21:33",391800
27450,-550,700,"bu","14:20:23",388800
27450,-550,800,"bu","14:19:27",388100
27400,-600,200,"bu","14:19:27",387300
27400,-600,500,"bu","14:19:15",387100
27300,-700,1900,"sd","14:18:50",386600
27350,-650,2000,"sd","14:18:50",384700
27350,-650,100,"sd","14:18:50",382700
27400,-600,100,"sd","14:18:45",382600
27400,-600,1000,"sd","14:18:45",382500
27400,-600,1500,"sd","14:18:45",381500
27400,-600,700,"sd","14:18:45",380000
27450,-550,200,"sd","14:18:38",379300
27450,-550,300,"sd","14:18:38",379100
27450,-550,300,"sd","14:18:38",378800
27450,-550,1700,"sd","14:18:38",378500
27500,-500,1000,"bu","14:18:29",376800
27500,-500,100,"bu","14:18:28",375800
27500,-500,100,"bu","14:17:39",375700
27500,-500,1000,"bu","14:15:51",375600
27500,-500,100,"bu","14:15:51",374600
27500,-500,900,"sd","14:14:25",374500
27550,-450,200,"bu","14:12:48",373600
27500,-500,100,"sd","14:12:41",373400
27450,-550,300,"sd","14:10:39",373300
27500,-500,100,"sd","14:10:39",373000
27500,-500,100,"sd","14:10:39",372900
27500,-500,500,"sd","14:10:39",372800
27500,-500,800,"sd","14:10:39",372300
27550,-450,500,"bu","14:09:15",371500
27550,-450,100,"bu","14:08:59",371000
27500,-500,100,"sd","14:08:34",370900
27500,-500,100,"sd","14:08:30",370800
27550,-450,3000,"sd","14:07:49",370700
27550,-450,100,"sd","14:07:49",367700
27600,-400,200,"sd","14:07:42",367600
27600,-400,100,"sd","14:07:42",367400
27600,-400,500,"sd","14:07:42",367300
27600,-400,400,"sd","14:07:42",366800
27600,-400,1300,"sd","14:07:42",366400
27600,-400,100,"sd","14:07:41",365100
27700,-300,200,"sd","14:07:37",365000
27700,-300,200,"sd","14:07:37",364800
27700,-300,300,"bu","14:06:53",364600
27700,-300,100,"bu","14:05:56",364300
27700,-300,400,"bu","14:05:56",364200
27700,-300,1000,"bu","14:04:49",363800
27700,-300,100,"bu","14:03:19",362800
27600,-400,500,"sd","13:59:10",362700
27600,-400,100,"sd","13:58:22",362200
27600,-400,100,"sd","13:58:22",362100
27600,-400,100,"sd","13:57:36",362000
27600,-400,400,"bu","13:54:48",361900
27600,-400,400,"bu","13:54:48",361500
27600,-400,1800,"bu","13:54:48",361100
27600,-400,200,"bu","13:54:48",359300
27600,-400,100,"bu","13:54:15",359100
27600,-400,100,"bu","13:53:48",359000
27600,-400,500,"bu","13:53:16",358900
27500,-500,500,"bu","13:50:50",358400
27500,-500,500,"bu","13:49:46",357900
27500,-500,500,"bu","13:49:46",357400
27500,-500,1000,"sd","13:46:58",356900
27500,-500,500,"sd","13:46:58",355900
27500,-500,200,"sd","13:46:58",355400
27600,-400,100,"bu","13:31:06",355200
27500,-500,100,"sd","13:30:58",355100
27500,-500,500,"sd","13:30:58",355000
27500,-500,6600,"sd","13:30:58",354500
27600,-400,100,"bu","13:30:45",347900
27500,-500,3300,"sd","13:29:17",347800
27500,-500,2500,"sd","13:29:17",344500
27600,-400,1800,"sd","13:29:14",342000
27600,-400,1800,"sd","13:29:14",340200
27800,-200,500,"bu","13:28:41",338400
27700,-300,1300,"sd","13:28:28",337900
27800,-200,1000,"bu","13:28:17",336600
27800,-200,200,"bu","13:27:47",335600
27750,-250,200,"bu","13:27:47",335400
27750,-250,100,"bu","13:27:47",335200
27750,-250,700,"bu","13:27:47",335100
27500,-500,100,"sd","13:27:16",334400
27500,-500,100,"sd","13:27:16",334300
27500,-500,700,"sd","13:27:16",334200
27500,-500,100,"sd","13:27:16",333500
27500,-500,200,"bu","13:22:11",333400
27500,-500,100,"bu","13:21:58",333200
27500,-500,500,"sd","13:21:50",333100
27500,-500,200,"sd","13:21:50",332600
27750,-250,200,"bu","13:18:59",332400
27600,-400,800,"bu","13:18:59",332200
27600,-400,1000,"bu","13:18:30",331400
27500,-500,2000,"bu","13:17:47",330400
27400,-600,300,"bu","13:16:51",328400
27400,-600,500,"bu","13:16:50",328100
27400,-600,100,"bu","13:16:35",327600
27400,-600,1000,"bu","13:15:19",327500
27400,-600,100,"bu","13:15:00",326500
27400,-600,100,"bu","13:14:53",326400
27350,-650,100,"bu","13:14:28",326300
27350,-650,1000,"bu","13:14:10",326200
27200,-800,100,"bu","13:13:06",325200
27200,-800,300,"bu","13:11:50",325100
27150,-850,700,"bu","13:11:50",324800
27200,-800,100,"bu","13:10:21",324100
27200,-800,5000,"sd","13:07:55",324000
27200,-800,200,"sd","13:07:55",319000
27200,-800,100,"sd","13:07:55",318800
27200,-800,700,"sd","13:07:55",318700
27200,-800,5100,"sd","13:07:55",318000
27250,-750,200,"sd","13:07:55",312900
27250,-750,5500,"sd","13:07:55",312700
27250,-750,1000,"sd","13:07:55",307200
27300,-700,100,"bu","13:06:21",306200
27300,-700,400,"sd","13:06:07",306100
27300,-700,100,"sd","13:06:07",305700
27300,-700,2000,"sd","13:06:07",305600
27300,-700,100,"sd","13:06:07",303600
27300,-700,500,"sd","13:06:07",303500
27300,-700,800,"sd","13:06:07",303000
27350,-650,1000,"sd","13:04:03",302200
27400,-600,300,"sd","13:03:50",301200
27400,-600,100,"sd","13:03:50",300900
27400,-600,700,"sd","13:03:50",300800
27400,-600,300,"sd","13:03:50",300100
27400,-600,2000,"sd","13:03:50",299800
27750,-250,2400,"bu","13:00:01",297800
27650,-350,1000,"unknown","13:00:01",295400
27650,-350,500,"unknown","13:00:01",294400
27600,-400,1000,"unknown","13:00:01",293900
27600,-400,100,"unknown","13:00:01",292900
27400,-600,3000,"sd","11:29:09",292800
27500,-500,1500,"sd","11:29:09",289800
27300,-700,500,"sd","11:22:57",288300
27300,-700,700,"sd","11:22:32",287800
27350,-650,100,"sd","11:22:32",287100
27350,-650,2000,"sd","11:22:32",287000
27400,-600,1300,"sd","11:22:32",285000
27400,-600,1700,"sd","11:20:44",283700
27400,-600,300,"sd","11:20:44",282000
27400,-600,200,"bu","11:17:31",281700
27400,-600,500,"bu","11:17:12",281500
27600,-400,100,"bu","11:16:29",281000
27400,-600,1000,"sd","11:14:24",280900
27600,-400,1500,"bu","11:12:06",279900
27600,-400,500,"bu","11:12:06",278400
27650,-350,4300,"bu","11:11:46",277900
27600,-400,1000,"bu","11:11:46",273600
27600,-400,200,"bu","11:11:46",272600
27500,-500,2100,"bu","11:11:46",272400
27500,-500,2400,"bu","11:11:46",270300
27400,-600,400,"sd","11:11:07",267900
27400,-600,7600,"sd","11:11:07",267500
27500,-500,4300,"sd","11:10:18",259900
27500,-500,100,"sd","11:10:18",255600
27500,-500,500,"sd","11:10:18",255500
27500,-500,500,"sd","11:10:18",255000
27500,-500,2000,"sd","11:10:18",254500
27500,-500,200,"sd","11:10:18",252500
27600,-400,200,"bu","11:09:58",252300
27550,-450,1000,"sd","11:09:57",250200
27500,-500,900,"sd","11:09:57",252100
27550,-450,1000,"sd","11:09:57",251200
27600,-400,100,"sd","11:08:48",249200
27600,-400,100,"unknown","11:07:11",249100
27600,-400,300,"sd","11:07:11",249000
27600,-400,8000,"sd","11:06:35",248700
27650,-350,1000,"sd","11:05:49",240700
27600,-400,13700,"sd","11:00:47",239700
27600,-400,100,"sd","11:00:47",226000
27600,-400,200,"sd","11:00:47",225900
27600,-400,10000,"sd","11:00:47",225700
27600,-400,3600,"sd","11:00:47",215700
27650,-350,2400,"sd","11:00:47",212100
27650,-350,14600,"sd","11:00:29",209700
27650,-350,100,"sd","11:00:29",195100
27650,-350,500,"sd","11:00:29",195000
27650,-350,100,"sd","11:00:29",194500
27650,-350,700,"sd","11:00:29",194400
27700,-300,300,"sd","11:00:19",193700
27700,-300,100,"sd","11:00:19",193400
27700,-300,2900,"sd","10:59:16",193300
27700,-300,1000,"sd","10:59:16",190400
27700,-300,8100,"sd","10:59:16",189400
27700,-300,5900,"sd","10:58:54",181300
27700,-300,5000,"sd","10:58:54",175400
27700,-300,2100,"sd","10:58:54",170400
27750,-250,6000,"sd","10:56:03",168300
27750,-250,11000,"sd","10:56:03",162300
27800,-200,300,"sd","10:55:51",151300
27800,-200,3600,"sd","10:55:51",151000
27800,-200,6400,"sd","10:46:54",147400
27800,-200,200,"sd","10:46:54",141000
27800,-200,3900,"sd","10:46:54",140800
27900,-100,5500,"sd","10:43:18",136900
27900,-100,2600,"sd","10:43:18",131400
27900,-100,1600,"sd","10:33:22",128800
28000,0,2800,"sd","10:28:05",127200
28000,0,100,"sd","10:24:34",124400
28000,0,100,"sd","10:24:34",124300
28100,100,500,"bu","10:22:55",124200
28000,0,1000,"sd","10:22:40",123700
28000,0,1000,"sd","10:22:17",122700
28100,100,100,"sd","10:21:14",121700
28100,100,2000,"sd","10:20:51",121600
28100,100,1000,"sd","10:18:39",119600
28100,100,200,"sd","10:16:29",118600
28100,100,300,"bu","10:14:24",118400
28100,100,1500,"bu","10:14:24",118100
28050,50,2000,"bu","10:14:24",116600
28050,50,400,"bu","10:14:24",114600
28000,0,1300,"bu","10:14:16",114200
28000,0,800,"bu","10:14:16",112900
27900,-100,2300,"bu","10:14:16",112100
27900,-100,3200,"sd","10:14:02",109800
28000,0,1000,"sd","10:13:57",106600
28000,0,2700,"sd","10:13:57",105600
28000,0,500,"sd","10:13:44",102900
28050,50,700,"sd","10:11:49",102400
28050,50,200,"unknown","10:10:29",101700
28050,50,100,"bu","10:08:40",101500
28100,100,1500,"sd","10:03:14",101400
28100,100,1000,"bu","10:03:02",99900
28100,100,1700,"bu","10:03:02",98900
28000,0,3100,"bu","10:02:57",97200
27900,-100,1800,"bu","10:02:55",94100
27800,-200,1100,"bu","10:02:49",92300
27800,-200,500,"bu","10:02:41",91200
27800,-200,100,"sd","10:01:18",90700
27800,-200,2500,"sd","10:01:18",90600
27800,-200,2500,"bu","10:00:48",88100
27800,-200,7500,"sd","10:00:00",85600
27800,-200,500,"sd","09:59:34",78100
27800,-200,5000,"sd","09:59:34",77600
27800,-200,800,"sd","09:59:34",72600
27800,-200,4200,"sd","09:59:27",71800
27800,-200,800,"sd","09:59:27",67600
27800,-200,4200,"sd","09:59:23",66800
27800,-200,300,"sd","09:59:23",62600
27900,-100,3700,"bu","09:57:10",62300
27900,-100,3300,"sd","09:57:05",58600
27900,-100,3000,"sd","09:56:58",55300
27900,-100,1200,"sd","09:56:58",52300
28000,0,1400,"sd","09:56:51",51100
28100,100,500,"bu","09:53:33",49700
28100,100,300,"bu","09:53:29",49200
28100,100,300,"bu","09:53:24",48900
28000,0,1000,"bu","09:53:19",48600
28000,0,1800,"bu","09:53:19",47600
27900,-100,1000,"bu","09:53:11",45800
27900,-100,2500,"bu","09:53:11",44800
27800,-200,200,"bu","09:47:11",42300
27800,-200,100,"bu","09:46:54",42100
27800,-200,1000,"bu","09:46:16",42000
27750,-250,200,"sd","09:45:58",41000
27800,-200,200,"bu","09:43:07",40800
27800,-200,100,"bu","09:42:47",40600
27800,-200,100,"sd","09:38:50",40500
27800,-200,2500,"sd","09:38:50",40400
27900,-100,3000,"sd","09:38:46",37900
28000,0,100,"sd","09:38:42",34900
28000,0,2900,"sd","09:38:42",34800
28000,0,100,"bu","09:34:17",31900
28000,0,4200,"bu","09:34:17",31800
27900,-100,1000,"unknown","09:34:12",27600
27800,-200,2500,"bu","09:34:09",26600
27700,-300,2900,"bu","09:34:05",24100
27650,-350,4800,"sd","09:32:01",21200
27650,-350,200,"sd","09:32:01",16400
27700,-300,200,"sd","09:31:56",16200
27700,-300,1900,"sd","09:31:56",16000
27800,-200,200,"bu","09:28:45",14100
27800,-200,100,"bu","09:28:25",13900
27800,-200,200,"bu","09:26:48",13800
27700,-300,2600,"bu","09:26:29",13600
27650,-350,400,"bu","09:26:17",11000
27650,-350,100,"bu","09:25:47",10600
27650,-350,900,"bu","09:25:47",10500
27650,-350,100,"bu","09:25:31",9600
27650,-350,1000,"sd","09:25:30",9500
27700,-300,100,"sd","09:25:26",8500
27700,-300,600,"sd","09:25:26",8400
27700,-300,400,"bu","09:23:41",7800
27700,-300,2500,"sd","09:20:51",7400
27800,-200,1500,"sd","09:18:25",4900
27900,-100,1000,"sd","09:18:18",3400
28100,100,400,"bu","09:16:00",2400
28000,0,1200,"bu","09:16:00",2000
28000,0,800,"bu","09:15:00",800
