"price","change","match_qtty","side","time","total_vol"
4170,190,900,"bu","14:45:01",160800
4180,200,900,"sd","14:29:46",159900
4180,200,100,"sd","14:29:39",159000
4180,200,100,"bu","14:28:51",158900
4050,70,200,"bu","14:28:39",158800
4000,20,100,"bu","14:28:20",158600
4000,20,100,"bu","14:27:28",158500
3900,-80,100,"bu","14:26:07",158400
3900,-80,100,"bu","14:26:05",158300
3900,-80,100,"bu","14:25:57",158200
3900,-80,10000,"sd","14:25:46",158100
3900,-80,300,"sd","14:25:46",148100
3910,-70,200,"sd","14:25:46",147800
3910,-70,200,"sd","14:25:46",147600
3910,-70,1000,"sd","14:25:46",147400
4000,20,100,"bu","14:25:30",146400
4000,20,100,"bu","14:23:44",146300
3900,-80,3700,"sd","14:22:24",146200
3900,-80,500,"sd","14:22:24",142500
3900,-80,300,"sd","14:22:24",142000
3910,-70,500,"sd","14:22:24",141700
4000,20,500,"bu","14:21:02",141200
4000,20,100,"bu","14:19:14",140700
3900,-80,1700,"sd","14:17:40",140600
3900,-80,2000,"sd","14:17:40",138900
3910,-70,1000,"sd","14:17:40",136900
3940,-40,200,"sd","14:17:40",135900
3980,0,100,"sd","14:17:40",135700
4000,20,900,"bu","14:17:37",135600
4000,20,200,"bu","14:17:37",134700
4000,20,1900,"bu","14:17:37",134500
4000,20,100,"bu","14:14:50",132600
3980,0,5000,"bu","14:14:50",132500
3940,-40,1600,"bu","14:13:35",127500
3940,-40,100,"bu","14:09:33",125900
3900,-80,44900,"bu","14:07:16",125800
3900,-80,300,"bu","14:06:47",80900
3900,-80,1000,"bu","14:06:17",80600
3900,-80,100,"bu","14:05:13",79600
3900,-80,1000,"bu","14:05:02",79500
3900,-80,6900,"bu","14:04:49",78500
3900,-80,1000,"bu","14:03:40",71600
3890,-90,100,"sd","13:58:39",70600
3890,-90,100,"sd","13:57:56",70500
3900,-80,200,"bu","13:56:03",70400
3900,-80,100,"bu","13:54:15",70200
3880,-100,100,"sd","13:46:07",70100
3880,-100,300,"sd","13:45:38",70000
3880,-100,2400,"bu","13:38:16",69700
3880,-100,100,"bu","13:37:40",67300
3900,-80,200,"bu","13:25:58",67200
3900,-80,200,"bu","13:25:01",67000
3850,-130,1800,"bu","13:21:53",66800
3850,-130,2300,"sd","13:21:31",65000
3870,-110,500,"sd","13:21:31",62700
3880,-100,400,"sd","13:21:31",62200
3880,-100,600,"bu","13:18:25",61800
3880,-100,1000,"bu","13:18:20",61200
3850,-130,6000,"bu","13:17:36",60200
3850,-130,600,"bu","13:16:52",54200
3810,-170,200,"bu","13:14:12",53600
3800,-180,700,"bu","13:13:56",53400
3760,-220,500,"sd","13:10:59",52700
3800,-180,1900,"bu","13:10:10",52200
3800,-180,200,"bu","13:09:50",50300
3800,-180,1000,"bu","13:09:50",50100
3800,-180,500,"bu","13:09:50",49100
3800,-180,500,"bu","13:09:50",48600
3800,-180,100,"bu","13:09:50",48100
3800,-180,100,"bu","13:09:50",48000
3800,-180,5000,"bu","13:09:50",47900
3810,-170,300,"bu","13:09:50",42900
3810,-170,100,"unknown","13:09:50",42600
3840,-140,300,"unknown","13:09:50",42500
3840,-140,700,"sd","13:08:36",42200
3840,-140,100,"sd","13:08:36",41500
3850,-130,200,"sd","13:08:36",41400
3850,-130,500,"sd","13:08:36",41200
3850,-130,100,"sd","13:08:25",40700
3850,-130,200,"sd","13:08:25",40600
3850,-130,200,"sd","13:08:25",40400
3850,-130,800,"sd","13:07:51",40200
3850,-130,200,"sd","13:07:51",39400
3860,-120,800,"bu","13:07:30",39200
3860,-120,3000,"sd","13:07:03",38400
3860,-120,200,"sd","13:07:03",35400
3870,-110,200,"sd","13:05:54",35200
3870,-110,800,"sd","13:05:54",35000
3870,-110,2000,"sd","13:05:54",34200
3880,-100,2400,"bu","13:00:04",32200
3880,-100,2600,"sd","11:28:39",29800
3880,-100,1200,"sd","11:28:39",27200
3880,-100,300,"sd","11:21:49",26000
3900,-80,100,"bu","11:17:49",25700
3870,-110,2900,"sd","10:55:39",25600
3870,-110,100,"sd","10:55:39",22700
3900,-80,100,"bu","10:53:09",22600
3900,-80,3000,"bu","10:53:09",22500
3900,-80,200,"bu","10:53:09",19500
3900,-80,200,"sd","10:53:09",19300
3900,-80,500,"sd","10:53:09",19100
3900,-80,800,"sd","10:39:12",18600
3900,-80,100,"sd","10:39:12",17800
3900,-80,1900,"sd","10:39:12",17700
3950,-30,500,"bu","10:15:44",15800
3900,-80,1100,"sd","10:10:21",15300
3910,-70,1000,"sd","10:09:58",14200
3910,-70,100,"sd","10:09:58",13200
3910,-70,700,"sd","10:09:58",13100
3910,-70,800,"sd","10:03:11",12400
3910,-70,100,"sd","10:03:11",11600
3920,-60,100,"sd","10:03:11",11500
3950,-30,500,"bu","10:02:30",11400
3940,-40,1000,"bu","09:55:32",10900
3940,-40,100,"bu","09:55:32",9900
3940,-40,400,"sd","09:53:12",9800
3960,-20,100,"bu","09:51:07",9400
3960,-20,100,"bu","09:43:48",9300
3960,-20,100,"bu","09:43:48",9200
3960,-20,400,"sd","09:42:57",9100
3980,0,100,"bu","09:42:38",8700
3960,-20,100,"sd","09:39:36",8600
3980,0,300,"bu","09:36:47",8500
3980,0,500,"bu","09:35:31",8200
3980,0,100,"bu","09:35:12",7700
3980,0,100,"bu","09:33:22",7600
3980,0,100,"bu","09:32:23",7500
3970,-10,500,"bu","09:31:53",7400
3960,-20,300,"sd","09:31:48",6900
3970,-10,100,"bu","09:31:35",6600
3970,-10,100,"bu","09:30:55",6500
3970,-10,100,"bu","09:24:14",6400
3980,0,6300,"bu","09:15:00",6300
