"price","change","match_qtty","side","time","total_vol"
40900,1600,18500,"bu","14:45:01",131400
41000,1700,200,"bu","14:27:59",112900
41000,1700,100,"bu","14:27:58",112700
41000,1700,100,"bu","14:27:50",112600
41000,1700,100,"bu","14:27:40",112500
41000,1700,100,"bu","14:27:31",112400
41000,1700,100,"bu","14:27:22",112300
41000,1700,100,"bu","14:27:12",112200
41000,1700,100,"bu","14:27:03",112100
41000,1700,100,"bu","14:26:54",112000
41000,1700,100,"bu","14:26:44",111900
41000,1700,100,"bu","14:26:35",111800
41000,1700,100,"bu","14:26:26",111700
41000,1700,100,"bu","14:26:16",111600
41000,1700,100,"bu","14:26:07",111500
41000,1700,100,"bu","14:25:58",111400
41000,1700,100,"bu","14:25:48",111300
41000,1700,100,"bu","14:25:39",111200
41000,1700,100,"bu","14:25:30",111100
41000,1700,100,"bu","14:25:20",111000
41000,1700,100,"bu","14:25:11",110900
41000,1700,100,"bu","14:25:02",110800
41000,1700,400,"bu","14:25:02",110700
41000,1700,100,"bu","14:24:52",110300
41000,1700,100,"bu","14:24:43",110200
41000,1700,300,"bu","14:24:37",110100
41000,1700,100,"bu","14:24:34",109800
41000,1700,100,"bu","14:24:24",109700
41000,1700,100,"bu","14:24:24",109600
41000,1700,100,"bu","14:24:15",109500
41000,1700,100,"bu","14:24:15",109400
41000,1700,300,"bu","14:24:12",109300
41000,1700,200,"bu","14:24:07",109000
41000,1700,100,"bu","14:24:06",108800
41000,1700,300,"bu","14:24:01",108700
41000,1700,1700,"bu","14:24:01",108400
41000,1700,100,"bu","14:23:56",106700
41000,1700,100,"bu","14:23:47",106600
41000,1700,100,"bu","14:23:46",106500
41000,1700,200,"bu","14:23:46",106400
41000,1700,100,"bu","14:23:37",106200
41000,1700,100,"bu","14:23:28",106100
41000,1700,400,"bu","14:23:21",106000
41000,1700,100,"bu","14:23:19",105600
41000,1700,100,"bu","14:23:09",105500
41000,1700,100,"bu","14:23:00",105400
40950,1650,200,"bu","14:22:56",105300
40950,1650,100,"bu","14:22:51",105100
40950,1650,100,"bu","14:22:41",105000
40950,1650,100,"bu","14:22:32",104900
40950,1650,200,"bu","14:22:31",104800
40950,1650,200,"bu","14:22:31",104600
40950,1650,100,"bu","14:22:23",104400
40700,1400,600,"bu","14:22:14",104300
40700,1400,100,"bu","14:22:13",103700
40700,1400,100,"bu","14:22:06",103600
40700,1400,200,"bu","14:22:06",103500
40700,1400,100,"bu","14:22:04",103300
40700,1400,100,"bu","14:21:55",103200
40700,1400,100,"bu","14:21:45",103100
40700,1400,400,"bu","14:21:41",103000
40700,1400,100,"bu","14:21:36",102600
40500,1200,100,"bu","14:21:32",102500
40500,1200,900,"bu","14:21:32",102400
40500,1200,100,"bu","14:21:27",101500
40500,1200,100,"bu","14:21:17",101400
40500,1200,400,"bu","14:21:15",101300
40500,1200,500,"bu","14:21:12",100900
40500,1200,100,"bu","14:21:08",100400
40350,1050,100,"bu","14:20:59",100300
40300,1000,1100,"bu","14:20:50",100200
40300,1000,200,"bu","14:20:49",99100
40300,1000,100,"bu","14:20:40",98900
40300,1000,100,"bu","14:20:31",98800
40300,1000,300,"bu","14:20:25",98700
40300,1000,100,"bu","14:20:21",98400
40300,1000,100,"bu","14:20:12",98300
40200,900,800,"bu","14:20:12",98200
40200,900,100,"bu","14:20:03",97400
40200,900,300,"bu","14:20:00",97300
40200,900,100,"bu","14:19:53",97000
40200,900,100,"bu","14:19:44",96900
40200,900,100,"bu","14:19:35",96800
40200,900,300,"bu","14:19:35",96700
40200,900,100,"bu","14:19:25",96400
40200,900,100,"bu","14:19:16",96300
40000,700,100,"bu","14:19:07",96200
40000,700,100,"bu","14:18:57",96100
40000,700,300,"bu","14:18:56",96000
40000,700,700,"bu","14:18:56",95700
40000,700,300,"bu","14:18:49",95000
40000,700,300,"bu","14:18:49",94700
40000,700,100,"bu","14:18:48",94400
40000,700,300,"bu","14:18:44",94300
40000,700,100,"bu","14:18:39",94000
40000,700,100,"bu","14:18:29",93900
39950,650,100,"bu","14:18:20",93800
39900,600,200,"bu","14:18:12",93700
39900,600,100,"bu","14:18:11",93500
39900,600,200,"sd","14:18:06",93400
39950,650,100,"bu","14:18:01",93200
39950,650,300,"bu","14:17:54",93100
39950,650,100,"bu","14:17:52",92800
39950,650,100,"bu","14:17:43",92700
39950,650,100,"bu","14:17:33",92600
39950,650,200,"sd","14:17:30",92500
40000,700,200,"bu","14:17:28",92300
40000,700,100,"bu","14:17:24",92100
40000,700,100,"bu","14:17:22",92000
40000,700,200,"bu","14:17:15",91900
40000,700,100,"bu","14:17:05",91700
39950,650,100,"sd","14:17:04",91600
39950,650,100,"sd","14:17:00",91500
39950,650,100,"sd","14:17:00",91400
40000,700,100,"bu","14:16:56",91300
39950,650,200,"sd","14:16:55",91200
40000,700,100,"bu","14:16:47",91000
40000,700,200,"bu","14:16:39",90900
40000,700,100,"bu","14:16:39",90700
40000,700,100,"bu","14:16:37",90600
40000,700,100,"bu","14:16:28",90500
40000,700,100,"bu","14:16:19",90400
40000,700,100,"bu","14:16:13",90300
40000,700,100,"bu","14:16:13",90200
40000,700,100,"bu","14:16:13",90100
40000,700,100,"bu","14:16:09",90000
40000,700,100,"bu","14:16:00",89900
40000,700,100,"bu","14:15:51",89800
40000,700,200,"bu","14:15:48",89700
40000,700,100,"bu","14:15:41",89500
39950,650,100,"sd","14:15:37",89400
40000,700,100,"bu","14:15:32",89300
39950,650,100,"unknown","14:15:22",89200
39950,650,100,"bu","14:15:13",89100
39950,650,100,"bu","14:15:04",89000
39900,600,100,"bu","14:14:57",88900
39900,600,100,"bu","14:14:54",88800
39900,600,100,"bu","14:14:45",88700
39900,600,100,"bu","14:14:36",88600
39900,600,300,"bu","14:14:32",88500
39900,600,100,"bu","14:14:26",88200
39900,600,100,"bu","14:14:17",88100
39900,600,100,"bu","14:14:08",88000
39900,600,200,"bu","14:14:07",87900
39900,600,100,"bu","14:13:58",87700
39900,600,200,"bu","14:13:49",87600
39850,550,200,"bu","14:13:42",87400
39850,550,100,"bu","14:13:40",87200
39850,550,100,"bu","14:13:30",87100
39850,550,100,"bu","14:13:21",87000
39850,550,300,"bu","14:13:17",86900
39850,550,100,"bu","14:13:12",86600
39850,550,100,"bu","14:13:02",86500
39850,550,100,"bu","14:12:53",86400
39850,550,300,"bu","14:12:52",86300
39850,550,100,"bu","14:12:44",86000
39850,550,100,"bu","14:12:34",85900
39850,550,200,"bu","14:12:27",85800
39850,550,100,"bu","14:12:25",85600
39850,550,100,"bu","14:12:16",85500
39850,550,100,"bu","14:12:06",85400
39850,550,300,"bu","14:12:01",85300
39850,550,100,"bu","14:11:57",85000
39850,550,100,"bu","14:11:48",84900
39850,550,100,"bu","14:11:38",84800
39850,550,300,"bu","14:11:36",84700
39850,550,100,"bu","14:11:29",84400
39800,500,100,"bu","14:11:20",84300
39850,550,300,"bu","14:11:11",84200
39850,550,100,"bu","14:11:10",83900
39850,550,100,"bu","14:11:01",83800
39850,550,100,"bu","14:10:52",83700
39850,550,200,"bu","14:10:46",83600
39850,550,100,"bu","14:10:42",83400
39900,600,100,"bu","14:10:33",83300
39900,600,100,"bu","14:10:24",83200
39900,600,300,"bu","14:10:21",83100
39950,650,700,"sd","14:10:15",82800
40000,700,200,"bu","14:10:14",82100
39950,650,200,"bu","14:10:09",81900
39950,650,100,"bu","14:10:05",81700
39950,650,100,"bu","14:09:56",81600
39950,650,300,"bu","14:09:55",81500
40000,700,100,"bu","14:09:46",81200
40000,700,100,"bu","14:09:37",81100
40000,700,300,"bu","14:09:30",81000
40000,700,100,"bu","14:09:28",80700
40000,700,100,"bu","14:09:18",80600
40000,700,100,"bu","14:09:09",80500
40000,700,100,"bu","14:09:06",80400
39950,650,200,"bu","14:09:06",80300
39950,650,300,"sd","14:09:03",80100
40000,700,100,"bu","14:09:00",79800
40000,700,600,"bu","14:08:59",79700
40000,700,400,"bu","14:08:59",79100
40000,700,100,"bu","14:08:50",78700
40000,700,200,"bu","14:08:46",78600
40000,700,100,"bu","14:08:41",78400
40000,700,300,"bu","14:08:40",78300
40000,700,100,"bu","14:08:32",78000
40000,700,100,"bu","14:08:22",77900
40000,700,100,"bu","14:08:13",77800
39950,650,100,"bu","14:08:04",77700
39950,650,100,"bu","14:07:54",77600
39950,650,300,"bu","14:07:49",77500
40000,700,100,"bu","14:07:45",77200
40000,700,100,"bu","14:07:36",77100
40000,700,100,"bu","14:07:26",77000
39950,650,300,"bu","14:07:24",76900
39950,650,100,"bu","14:07:17",76600
39950,650,100,"bu","14:07:07",76500
40000,700,300,"bu","14:06:59",76400
40000,700,100,"bu","14:06:58",76100
40000,700,200,"bu","14:06:49",76000
39900,600,100,"sd","14:06:41",75800
39950,650,100,"bu","14:06:39",75700
39950,650,200,"bu","14:06:34",75600
39950,650,100,"bu","14:06:30",75400
39950,650,200,"sd","14:06:23",75300
39950,650,100,"sd","14:06:21",75100
40000,700,100,"bu","14:06:21",75000
40000,700,100,"bu","14:06:11",74900
39950,650,100,"bu","14:06:02",74800
39950,650,200,"bu","14:05:54",74700
39950,650,100,"bu","14:05:53",74500
39950,650,300,"bu","14:05:44",74400
39900,600,100,"bu","14:05:43",74100
39950,650,100,"bu","14:05:34",74000
39950,650,200,"bu","14:05:30",73900
40000,700,100,"bu","14:05:25",73700
40000,700,300,"bu","14:05:18",73600
40000,700,100,"bu","14:05:15",73300
39900,600,100,"bu","14:05:06",73200
39500,200,300,"bu","14:05:01",73100
39500,200,100,"bu","14:04:57",72800
39500,200,100,"bu","14:04:53",72700
39500,200,200,"bu","14:04:53",72600
39500,200,100,"bu","14:04:47",72400
39500,200,100,"bu","14:04:38",72300
39500,200,100,"bu","14:04:36",72200
39500,200,200,"bu","14:04:36",72100
39500,200,100,"bu","14:04:29",71900
39500,200,100,"bu","14:04:28",71800
39500,200,200,"bu","14:04:28",71700
39500,200,100,"bu","14:04:19",71500
39500,200,100,"bu","14:04:10",71400
39400,100,400,"bu","14:04:09",71300
39400,100,100,"bu","14:04:01",70900
39400,100,500,"bu","14:03:53",70800
39400,100,200,"bu","14:03:53",70300
39400,100,800,"bu","14:03:53",70100
39400,100,100,"bu","14:03:51",69300
39400,100,100,"bu","14:03:42",69200
39300,0,100,"bu","14:03:37",69100
39300,0,100,"bu","14:03:37",69000
39300,0,100,"bu","14:03:33",68900
39300,0,100,"bu","14:03:23",68800
39300,0,200,"bu","14:03:14",68700
39300,0,400,"bu","14:01:50",68500
39300,0,100,"bu","14:01:50",68100
39300,0,500,"bu","14:01:50",68000
39300,0,1800,"bu","14:01:50",67500
39300,0,200,"bu","14:01:50",65700
39250,-50,300,"bu","14:01:50",65500
39250,-50,500,"bu","14:01:48",65200
39250,-50,200,"bu","14:01:26",64700
39250,-50,300,"bu","13:56:58",64500
39250,-50,500,"bu","13:55:59",64200
39250,-50,200,"bu","13:55:59",63700
39200,-100,600,"bu","13:55:25",63500
39200,-100,200,"bu","13:54:39",62900
39200,-100,200,"bu","13:54:31",62700
39200,-100,100,"bu","13:54:16",62500
39200,-100,400,"bu","13:53:57",62400
39200,-100,1000,"bu","13:53:57",62000
39200,-100,500,"bu","13:53:08",61000
39200,-100,500,"bu","13:53:08",60500
38950,-350,100,"sd","13:53:05",60000
38950,-350,1000,"sd","13:53:05",59900
38950,-350,1000,"sd","13:53:05",58900
39000,-300,1000,"sd","13:53:05",57900
39000,-300,100,"sd","13:53:05",56900
39050,-250,700,"sd","13:53:05",56800
39050,-250,100,"sd","13:53:05",56100
39100,-200,1000,"sd","13:53:05",56000
39200,-100,500,"bu","13:53:04",55000
39200,-100,100,"bu","13:53:04",54500
39150,-150,900,"bu","13:52:56",54400
39150,-150,100,"bu","13:52:48",53500
39050,-250,1000,"bu","13:52:11",53400
39050,-250,100,"bu","13:51:57",52400
39050,-250,100,"bu","13:51:47",52300
39050,-250,100,"bu","13:50:33",52200
39000,-300,400,"bu","13:49:53",52100
39000,-300,500,"bu","13:49:47",51700
39000,-300,1000,"sd","13:49:34",51200
39000,-300,100,"sd","13:49:34",50200
38900,-400,200,"bu","13:43:59",50100
38900,-400,100,"bu","13:42:59",49900
38900,-400,400,"bu","13:42:13",49800
38900,-400,100,"sd","13:40:24",49400
38900,-400,200,"sd","13:40:24",49300
39000,-300,1000,"sd","13:40:24",49100
39000,-300,1000,"sd","13:39:09",48100
39000,-300,100,"bu","13:35:03",47100
39000,-300,100,"sd","13:30:57",47000
39000,-300,900,"bu","13:26:29",46900
39000,-300,100,"bu","13:26:15",46000
39000,-300,500,"bu","13:26:15",45900
39000,-300,300,"bu","13:26:15",45400
39000,-300,100,"bu","13:26:15",45100
38900,-400,200,"bu","13:23:18",45000
38900,-400,100,"bu","13:23:18",44800
38900,-400,500,"bu","13:22:48",44700
38900,-400,300,"bu","13:20:11",44200
38850,-450,200,"bu","13:20:11",43900
38900,-400,2500,"bu","13:19:09",43700
38700,-600,300,"bu","13:17:19",41200
38700,-600,500,"bu","13:17:09",40900
38700,-600,200,"bu","13:17:03",40400
38700,-600,500,"bu","13:17:03",40200
38700,-600,300,"bu","13:17:03",39700
38500,-800,200,"bu","13:08:05",39400
38450,-850,200,"bu","13:07:24",39200
38450,-850,100,"sd","13:07:12",39000
38450,-850,100,"bu","13:03:23",38900
38450,-850,100,"bu","13:00:16",38800
38400,-900,1000,"sd","13:00:00",38700
38450,-850,500,"bu","13:00:00",37700
38450,-850,500,"sd","11:28:55",37200
38450,-850,100,"sd","11:28:55",36700
38400,-900,100,"bu","11:21:03",36600
38400,-900,200,"bu","11:19:40",36500
38400,-900,200,"sd","11:19:40",36300
38350,-950,200,"sd","11:17:30",36100
38350,-950,400,"sd","11:16:35",35900
38400,-900,100,"sd","11:13:44",35500
38400,-900,500,"sd","11:13:44",35400
38450,-850,1800,"sd","11:13:31",34900
38500,-800,100,"sd","11:12:17",33100
38500,-800,900,"bu","11:11:05",33000
38500,-800,100,"bu","11:10:34",32100
38450,-850,200,"sd","11:10:13",32000
38450,-850,1000,"sd","11:10:04",31800
38600,-700,100,"bu","11:08:36",30800
38600,-700,100,"bu","11:07:23",30700
38500,-800,500,"sd","11:05:58",30600
38500,-800,1700,"bu","11:02:28",30100
38500,-800,300,"sd","11:01:33",28400
38550,-750,1000,"sd","11:01:33",28100
38500,-800,200,"sd","10:55:53",27100
38600,-700,100,"bu","10:53:18",26900
38500,-800,100,"sd","10:52:16",26800
38500,-800,500,"sd","10:52:16",26700
38500,-800,500,"sd","10:52:16",26200
38500,-800,200,"sd","10:52:16",25700
38500,-800,100,"sd","10:52:16",25500
38500,-800,100,"sd","10:52:14",25400
38500,-800,900,"sd","10:52:14",25300
38500,-800,100,"sd","10:49:53",24400
38500,-800,100,"sd","10:49:53",24300
38500,-800,300,"sd","10:49:53",24200
38500,-800,200,"sd","10:48:07",23900
38500,-800,100,"sd","10:48:07",23700
38500,-800,900,"sd","10:48:07",23600
38550,-750,300,"sd","10:48:07",22700
38600,-700,1800,"sd","10:47:56",22400
38600,-700,2000,"sd","10:47:56",20600
38600,-700,200,"sd","10:47:56",18600
38600,-700,100,"sd","10:47:56",18400
38650,-650,100,"sd","10:47:56",18300
38650,-650,100,"sd","10:47:56",18200
38650,-650,500,"sd","10:47:56",18100
38650,-650,100,"sd","10:47:56",17600
38650,-650,100,"sd","10:47:56",17500
38650,-650,100,"sd","10:47:56",17400
38700,-600,1300,"sd","10:46:34",17300
38700,-600,500,"sd","10:46:28",16000
38700,-600,500,"sd","10:43:50",15500
38700,-600,100,"sd","10:43:12",15000
38700,-600,2500,"sd","10:42:50",14900
38700,-600,500,"sd","10:42:50",12400
39250,-50,100,"bu","10:10:36",11900
39250,-50,200,"bu","09:58:45",11800
39250,-50,600,"bu","09:53:23",11600
38800,-500,100,"sd","09:52:05",11000
38800,-500,200,"sd","09:52:05",10900
38800,-500,500,"sd","09:52:05",10700
39000,-300,500,"sd","09:52:05",10200
39000,-300,100,"sd","09:52:05",9700
39000,-300,100,"sd","09:52:05",9600
39000,-300,100,"sd","09:52:05",9500
39000,-300,500,"sd","09:52:05",9400
39050,-250,100,"sd","09:52:05",8900
39050,-250,100,"sd","09:52:05",8800
39100,-200,100,"sd","09:52:05",8700
39100,-200,100,"sd","09:52:05",8600
38500,-800,100,"sd","09:52:05",8500
39300,0,100,"bu","09:52:00",8400
39300,0,100,"bu","09:49:46",8300
39300,0,800,"sd","09:43:01",8200
39300,0,1500,"sd","09:41:44",7400
39300,0,300,"sd","09:40:13",5900
39300,0,2400,"sd","09:40:06",5600
39300,0,300,"sd","09:40:06",3200
39300,0,100,"sd","09:40:06",2900
39450,150,600,"bu","09:29:02",2800
39500,200,200,"bu","09:27:07",2200
39500,200,300,"bu","09:27:07",2000
39450,150,200,"bu","09:25:36",1700
39450,150,100,"bu","09:25:20",1500
39500,200,100,"sd","09:16:01",1400
39500,200,1300,"sd","09:15:01",1300
