"price","change","match_qtty","side","time","total_vol"
18100,1000,96000,"unknown","14:45:01",1075500
18200,1100,1500,"bu","14:29:58",979500
18100,1000,1000,"sd","14:29:44",978000
18200,1100,1200,"bu","14:29:41",977000
18200,1100,1000,"bu","14:29:40",975800
18100,1000,2000,"sd","14:29:25",974800
18100,1000,100,"sd","14:29:17",972800
18100,1000,4000,"sd","14:29:09",972700
18100,1000,400,"sd","14:28:52",968700
18100,1000,10000,"sd","14:28:36",968300
18200,1100,100,"bu","14:28:20",958300
18200,1100,1200,"bu","14:28:15",958200
18100,1000,100,"sd","14:28:12",957000
18200,1100,1000,"bu","14:27:44",956900
18100,1000,200,"sd","14:27:43",955900
18100,1000,5000,"sd","14:27:42",955700
18200,1100,2100,"bu","14:27:33",950700
18200,1100,1600,"bu","14:27:27",948600
18100,1000,9300,"sd","14:27:22",947000
18200,1100,100,"bu","14:27:19",937700
18100,1000,500,"sd","14:27:13",937600
18100,1000,100,"sd","14:26:45",937100
18100,1000,100,"unknown","14:26:27",937000
18200,1100,6000,"bu","14:26:24",936900
18100,1000,400,"bu","14:26:15",930900
18100,1000,1500,"bu","14:26:10",930500
18100,1000,1000,"bu","14:26:05",929000
18000,900,9400,"bu","14:25:54",928000
18000,900,1500,"bu","14:25:52",918600
18000,900,200,"bu","14:25:50",917100
18000,900,10000,"bu","14:25:48",916900
18000,900,4500,"bu","14:25:47",906900
18000,900,400,"bu","14:25:37",902400
18000,900,100,"bu","14:25:32",902000
17900,800,8300,"bu","14:25:25",901900
17900,800,28000,"bu","14:25:19",893600
17800,700,3700,"bu","14:25:12",865600
17800,700,100,"bu","14:24:59",861900
17800,700,7900,"bu","14:24:54",861800
17800,700,4000,"bu","14:24:52",853900
17800,700,5000,"bu","14:24:44",849900
17800,700,400,"bu","14:24:43",844900
17800,700,1000,"bu","14:24:41",844500
17800,700,100,"bu","14:24:37",843500
17800,700,400,"bu","14:24:27",843400
17800,700,300,"bu","14:24:21",843000
17800,700,100,"bu","14:24:11",842700
17800,700,1000,"bu","14:24:06",842600
17800,700,1300,"bu","14:24:04",841600
17700,600,1700,"sd","14:23:22",840300
17700,600,2000,"bu","14:23:00",838600
17700,600,5000,"bu","14:22:55",836600
17700,600,800,"bu","14:22:43",831600
17600,500,200,"sd","14:22:36",830800
17600,500,200,"bu","14:22:33",830600
17600,500,2000,"bu","14:22:27",830400
17600,500,5000,"bu","14:22:22",828400
17600,500,20000,"bu","14:22:20",823400
17600,500,5000,"bu","14:21:42",803400
17600,500,300,"bu","14:20:58",798400
17500,400,400,"sd","14:20:52",798100
17500,400,4900,"bu","14:20:15",797700
17500,400,500,"bu","14:20:13",792800
17500,400,1000,"bu","14:20:07",792300
17500,400,400,"bu","14:20:00",791300
17500,400,200,"bu","14:19:40",790900
17500,400,100,"bu","14:19:37",790700
17500,400,3000,"bu","14:19:36",790600
17500,400,1000,"bu","14:19:31",787600
17500,400,200,"bu","14:19:12",786600
17500,400,100,"bu","14:17:45",786400
17500,400,500,"bu","14:17:24",786300
17500,400,100,"bu","14:17:17",785800
17500,400,100,"bu","14:17:13",785700
17500,400,1000,"bu","14:16:44",785600
17500,400,10000,"unknown","14:15:17",784600
17500,400,4100,"sd","14:15:13",774600
17500,400,100,"sd","14:14:55",770500
17500,400,1000,"sd","14:14:26",770400
17500,400,2000,"sd","14:14:19",769400
17600,500,1000,"bu","14:13:21",767400
17600,500,1700,"bu","14:12:56",766400
17600,500,300,"bu","14:12:31",764700
17600,500,1000,"bu","14:12:25",764400
17600,500,500,"bu","14:12:20",763400
17600,500,100,"bu","14:11:25",762900
17600,500,500,"bu","14:11:22",762800
17600,500,1100,"sd","14:10:51",762300
17600,500,3500,"sd","14:10:38",761200
17600,500,1000,"sd","14:10:18",757700
17600,500,2000,"sd","14:09:58",756700
17700,600,5000,"bu","14:09:01",754700
17700,600,2000,"bu","14:08:27",749700
17700,600,4000,"sd","14:08:12",747700
17700,600,1000,"sd","14:07:15",743700
17700,600,100,"sd","14:07:06",742700
17700,600,500,"sd","14:07:01",742600
17700,600,1000,"sd","14:06:57",742100
17700,600,1500,"sd","14:06:45",741100
17700,600,300,"sd","14:06:38",739600
17700,600,100,"sd","14:06:22",739300
17700,600,200,"sd","14:06:10",739200
17700,600,1000,"sd","14:06:05",739000
17700,600,100,"sd","14:05:59",738000
17700,600,100,"sd","14:05:40",737900
17800,700,1500,"bu","14:05:39",737800
17800,700,500,"bu","14:05:06",736300
17800,700,100,"bu","14:04:46",735800
17800,700,3000,"bu","14:04:28",735700
17700,600,2500,"bu","14:04:27",732700
17700,600,300,"bu","14:04:17",730200
17700,600,400,"bu","14:04:03",729900
17700,600,500,"bu","14:03:52",729500
17700,600,300,"bu","14:03:50",729000
17700,600,500,"bu","14:03:47",728700
17700,600,2000,"bu","14:03:42",728200
17600,500,3300,"bu","14:03:23",726200
17600,500,3000,"bu","14:03:09",722900
17600,500,10000,"bu","14:02:59",719900
17500,400,500,"sd","14:02:45",709900
17500,400,100,"bu","14:02:42",709400
17500,400,100,"bu","14:02:29",709300
17500,400,1000,"bu","14:02:23",709200
17500,400,1000,"bu","14:01:49",708200
17500,400,800,"bu","14:01:43",707200
17500,400,3000,"bu","14:01:04",706400
17400,300,500,"bu","14:00:51",703400
17400,300,1600,"bu","14:00:48",702900
17400,300,500,"bu","14:00:44",701300
17400,300,500,"bu","14:00:24",700800
17400,300,200,"bu","13:59:54",700300
17400,300,1300,"bu","13:59:35",700100
17300,200,5000,"sd","13:59:24",698800
17400,300,600,"bu","13:59:22",693800
17400,300,500,"bu","13:59:21",693200
17400,300,500,"bu","13:58:42",692700
17400,300,3000,"bu","13:58:36",692200
17400,300,900,"bu","13:58:26",689200
17500,400,500,"bu","13:58:12",688300
17400,300,100,"sd","13:57:55",687800
17500,400,1000,"bu","13:57:07",687700
17300,200,18800,"sd","13:56:41",686700
17500,400,500,"sd","13:56:37",667900
17500,400,1000,"sd","13:56:34",667400
17500,400,3700,"sd","13:56:29",666400
17500,400,1000,"sd","13:56:24",662700
17600,500,200,"bu","13:55:48",661700
17600,500,100,"bu","13:54:58",661500
17600,500,2000,"bu","13:54:53",661400
17600,500,500,"bu","13:54:20",659400
17700,600,300,"bu","13:53:54",658900
17700,600,200,"bu","13:53:49",658600
17700,600,2000,"bu","13:53:10",658400
17600,500,1000,"sd","13:52:59",656400
17700,600,2500,"bu","13:52:46",655400
17700,600,5300,"unknown","13:52:23",652900
17700,600,1000,"bu","13:52:14",647600
17700,600,2000,"bu","13:52:11",646600
17600,500,5000,"sd","13:52:10",644600
17700,600,17000,"bu","13:52:04",639600
17700,600,3000,"bu","13:51:56",622600
17600,500,500,"sd","13:51:48",619600
17600,500,19500,"sd","13:51:44",619100
17600,500,600,"bu","13:51:32",599600
17600,500,100,"bu","13:51:15",599000
17500,400,11700,"sd","13:50:36",598900
17500,400,34200,"bu","13:50:33",587200
17500,400,7000,"bu","13:50:20",553000
17400,300,300,"sd","13:49:47",546000
17400,300,2100,"bu","13:49:41",545700
17400,300,2000,"sd","13:49:11",543600
17400,300,1000,"sd","13:48:47",541600
17400,300,700,"sd","13:48:16",540600
17400,300,4300,"bu","13:47:50",539900
17400,300,4000,"bu","13:47:30",535600
17300,200,300,"sd","13:46:21",531600
17300,200,700,"bu","13:46:17",531300
17300,200,300,"bu","13:46:13",530600
17300,200,2500,"bu","13:46:09",530300
17300,200,1000,"bu","13:46:07",527800
17300,200,300,"bu","13:45:54",526800
17300,200,100,"bu","13:44:48",526500
17300,200,700,"bu","13:44:34",526400
17300,200,100,"bu","13:43:41",525700
17200,100,200,"sd","13:43:05",525600
17200,100,3000,"sd","13:41:04",525400
17300,200,100,"bu","13:41:01",522400
17200,100,200,"sd","13:40:24",522300
17200,100,1000,"sd","13:39:48",522100
17200,100,900,"sd","13:38:36",521100
17200,100,300,"sd","13:38:18",520200
17200,100,1000,"sd","13:38:03",519900
17200,100,1000,"sd","13:37:53",518900
17300,200,400,"bu","13:34:15",517900
17300,200,200,"bu","13:32:23",517500
17300,200,500,"sd","13:32:10",517300
17300,200,100,"sd","13:31:52",516800
17300,200,200,"sd","13:31:20",516700
17300,200,300,"sd","13:31:01",516500
17300,200,500,"sd","13:30:49",516200
17400,300,500,"sd","13:29:21",515700
17400,300,500,"sd","13:29:17",515200
17400,300,2400,"sd","13:28:53",514700
17400,300,7100,"bu","13:28:28",512300
17300,200,1400,"bu","13:28:08",505200
17300,200,200,"bu","13:28:05",503800
17300,200,100,"bu","13:27:51",503600
17300,200,1000,"bu","13:27:50",503500
17300,200,100,"bu","13:27:49",502500
17300,200,100,"bu","13:27:47",502400
17300,200,6000,"bu","13:27:46",502300
17300,200,100,"bu","13:27:44",496300
17300,200,5000,"bu","13:27:43",496200
17300,200,1000,"bu","13:27:40",491200
17300,200,4000,"bu","13:27:26",490200
17300,200,600,"bu","13:27:18",486200
17300,200,900,"bu","13:26:47",485600
17300,200,600,"bu","13:24:24",484700
17100,0,300,"unknown","13:22:18",484100
17100,0,5000,"sd","13:21:59",483800
17200,100,2000,"bu","13:21:40",478800
17200,100,100,"bu","13:21:12",476800
17100,0,1000,"sd","13:20:44",476700
17100,0,3200,"sd","13:20:30",475700
17100,0,2600,"sd","13:20:28",472500
17200,100,200,"bu","13:19:50",469900
17200,100,700,"sd","13:19:48",469700
17300,200,2000,"sd","13:18:48",469000
17300,200,1000,"sd","13:18:44",467000
17300,200,200,"sd","13:18:38",466000
17300,200,500,"sd","13:18:36",465800
17300,200,100,"sd","13:18:26",465300
17300,200,1000,"sd","13:17:52",465200
17300,200,100,"sd","13:17:14",464200
17500,400,5000,"bu","13:16:21",464100
17500,400,2000,"bu","13:16:09",459100
17400,300,30000,"bu","13:16:00",457100
17300,200,200,"sd","13:14:53",427100
17300,200,300,"sd","13:14:51",426900
17300,200,5000,"sd","13:14:48",426600
17300,200,11600,"sd","13:14:29",421600
17300,200,3000,"bu","13:14:26",410000
17300,200,100,"bu","13:14:01",407000
17300,200,100,"bu","13:13:45",406900
17300,200,2100,"bu","13:13:22",406800
17200,100,2900,"sd","13:12:44",404700
17200,100,100,"bu","13:12:38",401800
17200,100,100,"bu","13:12:31",401700
17200,100,2000,"bu","13:12:23",401600
17200,100,100,"bu","13:12:20",399600
17200,100,200,"bu","13:12:11",399500
17200,100,2000,"bu","13:12:00",399300
17200,100,100,"bu","13:11:45",397300
17100,0,1400,"bu","13:11:32",397200
17100,0,1000,"bu","13:11:31",395800
17100,0,1000,"bu","13:11:28",394800
17100,0,100,"bu","13:11:27",393800
17100,0,4000,"bu","13:11:18",393700
17100,0,1000,"bu","13:11:02",389700
17100,0,1000,"bu","13:10:35",388700
17000,-100,5000,"sd","13:09:21",387700
17000,-100,200,"sd","13:09:00",382700
17000,-100,200,"bu","13:08:56",382500
17000,-100,1000,"bu","13:08:50",382300
17000,-100,100,"bu","13:08:49",381300
17000,-100,6900,"sd","13:08:30",381200
17000,-100,1600,"sd","13:08:07",374300
17000,-100,6000,"bu","13:08:03",372700
17000,-100,100,"bu","13:06:21",366700
17000,-100,2500,"bu","13:06:13",366600
17000,-100,1000,"bu","13:06:07",364100
17000,-100,300,"bu","13:05:45",363100
17000,-100,300,"bu","13:05:44",362800
17000,-100,800,"bu","13:05:43",362500
17000,-100,200,"bu","13:05:30",361700
17000,-100,4400,"bu","13:05:27",361500
17100,0,2000,"bu","13:05:07",357100
17000,-100,2000,"sd","13:03:43",355100
17000,-100,100,"sd","13:03:12",353100
17000,-100,2000,"sd","13:02:54",353000
17000,-100,200,"sd","13:02:28",351000
17000,-100,300,"sd","13:01:40",350800
17000,-100,500,"sd","13:01:16",350500
17000,-100,500,"sd","13:01:01",350000
17000,-100,300,"sd","13:00:13",349500
17000,-100,100,"sd","13:00:09",349200
17000,-100,6000,"sd","13:00:06",349100
17000,-100,2100,"sd","13:00:05",343100
17000,-100,100,"sd","13:00:04",341000
17000,-100,2000,"sd","13:00:03",340900
17000,-100,1100,"sd","11:29:29",338900
17100,0,2000,"bu","11:28:16",337800
17100,0,500,"bu","11:28:07",335800
17100,0,2000,"bu","11:27:59",335300
17100,0,100,"bu","11:27:47",333300
17100,0,200,"bu","11:27:37",333200
17100,0,500,"bu","11:27:34",333000
17100,0,100,"bu","11:26:24",332500
17000,-100,100,"bu","11:25:50",332400
17000,-100,400,"bu","11:25:24",332300
17000,-100,100,"bu","11:25:12",331900
17000,-100,100,"bu","11:25:11",331800
17000,-100,100,"bu","11:24:58",331700
17000,-100,500,"bu","11:24:55",331600
17000,-100,100,"bu","11:24:52",331100
17000,-100,100,"bu","11:24:49",331000
17000,-100,100,"bu","11:24:35",330900
17000,-100,100,"bu","11:24:27",330800
17000,-100,100,"bu","11:24:18",330700
17000,-100,100,"bu","11:24:16",330600
17000,-100,100,"bu","11:24:03",330500
17000,-100,100,"bu","11:23:29",330400
17000,-100,400,"bu","11:23:20",330300
17000,-100,200,"sd","11:22:52",329900
17000,-100,200,"bu","11:22:51",329700
17000,-100,100,"bu","11:22:48",329500
17000,-100,200,"bu","11:22:40",329400
17000,-100,100,"bu","11:22:24",329200
17000,-100,1000,"bu","11:22:21",329100
17000,-100,300,"bu","11:21:45",328100
17000,-100,500,"bu","11:21:34",327800
17000,-100,100,"bu","11:21:03",327300
17000,-100,1000,"bu","11:21:02",327200
17000,-100,1300,"bu","11:21:01",326200
17000,-100,300,"sd","11:19:57",324900
17000,-100,800,"sd","11:19:35",324600
17000,-100,300,"bu","11:19:32",323800
17000,-100,400,"bu","11:19:23",323500
17000,-100,3600,"sd","11:19:20",323100
17000,-100,300,"sd","11:18:48",319500
17100,0,100,"bu","11:18:28",319200
17000,-100,3000,"sd","11:18:27",319100
17100,0,100,"bu","11:18:18",316100
17100,0,300,"bu","11:18:02",316000
17000,-100,100,"sd","11:17:33",315700
17000,-100,10000,"sd","11:17:10",315600
17000,-100,1000,"sd","11:17:07",305600
17100,0,200,"bu","11:17:05",304600
17100,0,1000,"bu","11:16:53",304400
17100,0,100,"bu","11:16:41",303400
17100,0,600,"bu","11:16:35",303300
17100,0,100,"bu","11:16:29",302700
17100,0,1000,"bu","11:16:23",302600
17000,-100,10000,"sd","11:15:59",301600
17100,0,500,"bu","11:15:34",291600
17100,0,600,"bu","11:15:28",291100
17100,0,3000,"bu","11:15:21",290500
17100,0,1000,"bu","11:15:04",287500
17100,0,400,"bu","11:14:47",286500
17100,0,1000,"bu","11:14:34",286100
17100,0,500,"bu","11:14:28",285100
17100,0,600,"bu","11:14:00",284600
17100,0,200,"bu","11:13:43",284000
17100,0,500,"bu","11:13:28",283800
17100,0,500,"bu","11:12:53",283300
17100,0,800,"bu","11:11:23",282800
17100,0,200,"bu","11:10:15",282000
17100,0,1000,"bu","11:10:05",281800
17100,0,1500,"bu","11:09:15",280800
17000,-100,1300,"sd","11:09:04",279300
17000,-100,10000,"sd","11:09:03",278000
17100,0,500,"bu","11:07:46",268000
17100,0,400,"bu","11:07:23",267500
17100,0,100,"sd","11:06:44",267100
17100,0,2800,"unknown","11:06:28",267000
17100,0,100,"bu","11:05:07",264200
17100,0,500,"bu","11:05:06",264100
17100,0,500,"bu","11:04:58",263600
17100,0,200,"bu","11:04:46",263100
17100,0,500,"bu","11:04:41",262900
17100,0,2100,"sd","11:04:23",262400
17100,0,18500,"sd","11:02:34",260300
17100,0,600,"sd","11:02:11",241800
17100,0,3000,"sd","11:01:41",241200
17100,0,4000,"sd","11:01:14",238200
17200,100,100,"bu","10:59:20",234200
17200,100,1000,"bu","10:58:52",234100
17200,100,100,"bu","10:58:18",233100
17200,100,3200,"sd","10:55:22",233000
17200,100,900,"sd","10:53:27",229800
17200,100,2000,"sd","10:51:17",228900
17200,100,100,"sd","10:49:14",226900
17200,100,13800,"bu","10:48:12",226800
17200,100,200,"bu","10:48:03",213000
17200,100,500,"bu","10:47:35",212800
17200,100,1000,"bu","10:47:10",212300
17200,100,5000,"sd","10:46:10",211300
17200,100,10000,"sd","10:45:51",206300
17300,200,100,"bu","10:45:26",196300
17200,100,100,"sd","10:43:23",196200
17300,200,200,"bu","10:41:55",196100
17300,200,100,"bu","10:39:49",195900
17300,200,400,"bu","10:39:38",195800
17300,200,100,"sd","10:36:24",195400
17300,200,600,"sd","10:35:26",195300
17300,200,100,"sd","10:34:13",194700
17300,200,400,"bu","10:33:46",194600
17300,200,500,"bu","10:33:45",194200
17300,200,1000,"bu","10:33:07",193700
17300,200,3000,"bu","10:33:04",192700
17300,200,100,"bu","10:32:57",189700
17300,200,100,"bu","10:32:47",189600
17300,200,100,"bu","10:32:37",189500
17300,200,5600,"bu","10:31:17",189400
17300,200,200,"bu","10:30:35",183800
17200,100,200,"bu","10:29:37",183600
17200,100,200,"bu","10:29:26",183400
17200,100,100,"bu","10:29:25",183200
17200,100,1000,"bu","10:29:09",183100
17200,100,200,"bu","10:28:46",182100
17200,100,100,"bu","10:27:28",181900
17200,100,100,"bu","10:27:07",181800
17200,100,1200,"sd","10:26:28",181700
17200,100,800,"bu","10:25:46",180500
17300,200,100,"bu","10:25:26",179700
17300,200,100,"bu","10:25:23",179600
17200,100,800,"bu","10:25:01",179500
17200,100,200,"bu","10:24:03",178700
17200,100,1000,"bu","10:23:36",178500
17100,0,600,"sd","10:23:25",177500
17200,100,100,"bu","10:22:31",176900
17200,100,12900,"sd","10:22:15",176800
17200,100,3000,"sd","10:22:14",163900
17200,100,2000,"sd","10:21:36",160900
17200,100,3000,"sd","10:21:09",158900
17300,200,100,"bu","10:20:58",155900
17200,100,500,"sd","10:20:28",155800
17300,200,100,"sd","10:19:14",155300
17300,200,900,"sd","10:19:09",155200
17300,200,100,"sd","10:18:39",154300
17300,200,500,"sd","10:18:27",154200
17300,200,1000,"sd","10:16:56",153700
17300,200,300,"sd","10:14:57",152700
17300,200,200,"sd","10:14:07",152400
17400,300,200,"bu","10:04:41",152200
17400,300,2200,"bu","10:04:10",152000
17400,300,400,"sd","10:03:03",149800
17400,300,100,"sd","10:02:39",149400
17400,300,200,"sd","10:01:02",149300
17400,300,2000,"sd","10:00:54",149100
17400,300,300,"sd","09:59:09",147100
17400,300,1900,"sd","09:58:56",146800
17400,300,100,"sd","09:56:32",144900
17400,300,4100,"bu","09:56:19",144800
17300,200,3900,"bu","09:55:09",140700
17300,200,10000,"bu","09:55:06",136800
17300,200,4700,"bu","09:54:36",126800
17300,200,2000,"bu","09:53:59",122100
17200,100,2000,"sd","09:48:55",120100
17200,100,3000,"sd","09:47:43",118100
17200,100,200,"sd","09:46:35",115100
17200,100,2000,"sd","09:44:32",114900
17300,200,1500,"bu","09:42:59",112900
17200,100,500,"sd","09:42:56",111400
17200,100,4000,"sd","09:42:44",110900
17200,100,3000,"sd","09:42:37",106900
17200,100,2000,"sd","09:42:33",103900
17200,100,200,"sd","09:41:48",101900
17200,100,2000,"sd","09:41:43",101700
17200,100,800,"sd","09:40:49",99700
17200,100,800,"sd","09:40:41",98900
17200,100,4200,"sd","09:40:31",98100
17300,200,200,"bu","09:39:56",93900
17300,200,300,"bu","09:39:16",93700
17300,200,100,"bu","09:35:29",93400
17300,200,40600,"bu","09:33:10",93300
17400,300,400,"sd","09:32:17",52700
17400,300,1400,"sd","09:32:08",52300
17400,300,5000,"sd","09:32:05",50900
17400,300,500,"sd","09:32:01",45900
17400,300,2000,"sd","09:31:51",45400
17400,300,3000,"sd","09:31:45",43400
17400,300,500,"sd","09:31:32",40400
17400,300,2900,"sd","09:31:27",39900
17500,400,100,"bu","09:31:22",37000
17400,300,300,"sd","09:31:14",36900
17400,300,1000,"sd","09:29:27",36600
17500,400,1000,"bu","09:28:30",35600
17500,400,100,"bu","09:28:06",34600
17400,300,1800,"bu","09:24:11",34500
17300,200,100,"sd","09:23:17",32700
17300,200,2900,"bu","09:22:42",32600
17400,300,100,"sd","09:22:30",29700
17400,300,300,"bu","09:21:59",29600
17300,200,100,"sd","09:19:26",29300
17500,400,1000,"bu","09:18:01",29200
17300,200,400,"sd","09:17:21",28200
17400,300,1000,"bu","09:17:01",27800
17400,300,3700,"sd","09:16:50",26800
17400,300,700,"sd","09:16:47",23100
17400,300,15000,"sd","09:16:30",22400
17500,400,200,"bu","09:16:18",7400
17500,400,200,"bu","09:15:16",7200
17400,300,1000,"sd","09:14:11",7000
17400,300,300,"unknown","09:09:16",6000
17400,300,300,"bu","09:08:50",5700
17400,300,100,"bu","09:08:37",5400
17200,100,700,"sd","09:06:48",5300
17200,100,100,"bu","09:06:27",4600
17200,100,1200,"bu","09:06:13",4500
17200,100,500,"bu","09:05:33",3300
17200,100,1000,"bu","09:05:04",2800
17200,100,100,"bu","09:03:50",1800
17200,100,100,"bu","09:03:49",1700
17200,100,600,"bu","09:01:03",1600
17200,100,1000,"sd","09:00:15",1000
