"price","change","match_qtty","side","time","total_vol"
21600,150,1035400,"sd","14:45:00",10805700
21650,200,4000,"bu","14:29:56",9770300
21550,100,14400,"sd","14:29:55",9766300
21600,150,1000,"sd","14:29:55",9751900
21600,150,7000,"sd","14:29:55",9750900
21600,150,200,"sd","14:29:55",9743900
21600,150,100,"sd","14:29:55",9743700
21600,150,100,"sd","14:29:55",9743600
21600,150,900,"sd","14:29:55",9743500
21650,200,2000,"bu","14:29:49",9742600
21650,200,1000,"bu","14:29:43",9740600
21650,200,100,"bu","14:29:43",9739600
21600,150,1300,"sd","14:29:42",9739500
21600,150,1000,"sd","14:29:42",9738200
21600,150,100,"sd","14:29:42",9737200
21600,150,2000,"sd","14:29:42",9737100
21600,150,100,"sd","14:29:42",9735100
21600,150,15500,"sd","14:29:42",9735000
21650,200,800,"bu","14:29:38",9719500
21650,200,100,"bu","14:29:36",9718700
21600,150,500,"sd","14:29:32",9718600
21600,150,2000,"sd","14:29:25",9718100
21600,150,3000,"sd","14:29:25",9716100
21550,100,800,"sd","14:29:19",9713100
21550,100,5200,"sd","14:29:19",9712300
21600,150,1600,"sd","14:29:19",9707100
21600,150,300,"sd","14:29:19",9705500
21600,150,300,"sd","14:29:17",9705200
21650,200,4200,"bu","14:29:16",9704900
21600,150,800,"bu","14:29:16",9700700
21600,150,1000,"bu","14:29:15",9699900
21600,150,1000,"bu","14:29:15",9698900
21600,150,200,"sd","14:29:15",9697900
21600,150,500,"sd","14:29:15",9697700
21600,150,1000,"sd","14:29:15",9697200
21600,150,7000,"sd","14:29:15",9696200
21600,150,500,"sd","14:29:15",9689200
21600,150,300,"sd","14:29:15",9688700
21600,150,1000,"sd","14:29:15",9688400
21600,150,100,"sd","14:29:15",9687400
21600,150,2000,"sd","14:29:15",9687300
21600,150,100,"sd","14:29:15",9685300
21600,150,3000,"sd","14:29:15",9685200
21600,150,100,"sd","14:29:15",9682200
21600,150,1000,"sd","14:29:15",9682100
21600,150,300,"sd","14:29:15",9681100
21600,150,2000,"sd","14:29:15",9680800
21600,150,500,"sd","14:29:15",9678800
21600,150,1300,"sd","14:29:15",9678300
21650,200,500,"bu","14:29:12",9677000
21650,200,2000,"bu","14:29:10",9676500
21650,200,200,"bu","14:29:09",9674500
21650,200,300,"bu","14:29:06",9674300
21600,150,1000,"sd","14:29:03",9674000
21600,150,2200,"sd","14:29:03",9673000
21600,150,3700,"sd","14:29:03",9670800
21600,150,1000,"sd","14:29:03",9667100
21600,150,300,"sd","14:29:02",9666100
21600,150,2600,"sd","14:29:00",9665800
21650,200,3000,"bu","14:28:53",9663200
21600,150,7900,"sd","14:28:52",9660200
21600,150,6300,"sd","14:28:49",9652300
21650,200,2000,"bu","14:28:46",9646000
21650,200,500,"bu","14:28:44",9644000
21600,150,7900,"sd","14:28:42",9643500
21650,200,2000,"bu","14:28:39",9635600
21650,200,200,"bu","14:28:35",9633600
21650,200,5000,"bu","14:28:33",9633400
21600,150,2800,"sd","14:28:23",9628400
21600,150,200,"sd","14:28:23",9625600
21600,150,1000,"sd","14:28:23",9625400
21600,150,3800,"sd","14:28:23",9624400
21600,150,200,"sd","14:28:14",9620600
21600,150,9800,"sd","14:28:14",9620400
21600,150,100,"sd","14:27:59",9610600
21600,150,100,"bu","14:27:58",9610500
21600,150,6700,"bu","14:27:54",9610400
21600,150,3300,"bu","14:27:54",9603700
21600,150,1000,"bu","14:27:53",9600400
21600,150,100,"bu","14:27:52",9599400
21600,150,2000,"bu","14:27:51",9599300
21600,150,3600,"sd","14:27:51",9597300
21650,200,100,"bu","14:27:50",9593700
21650,200,100,"bu","14:27:50",9593600
21650,200,100,"bu","14:27:50",9593500
21650,200,700,"bu","14:27:50",9593400
21650,200,5000,"bu","14:27:50",9592700
21600,150,1000,"sd","14:27:50",9587700
21600,150,300,"sd","14:27:46",9586700
21600,150,100,"bu","14:27:44",9586400
21550,100,200,"sd","14:27:23",9586300
21600,150,1000,"sd","14:27:23",9586100
21600,150,500,"sd","14:27:23",9585100
21600,150,100,"sd","14:27:23",9584600
21600,150,4600,"sd","14:27:23",9584500
21600,150,400,"sd","14:27:23",9579900
21600,150,100,"sd","14:27:23",9579500
21600,150,800,"sd","14:27:20",9579400
21600,150,200,"sd","14:27:20",9578600
21600,150,100,"sd","14:27:10",9578400
21550,100,4800,"sd","14:26:56",9578300
21600,150,1000,"sd","14:26:56",9573500
21600,150,500,"sd","14:26:56",9572500
21600,150,4500,"sd","14:26:51",9572000
21600,150,900,"sd","14:26:51",9567500
21600,150,4100,"sd","14:26:50",9566600
21600,150,2300,"sd","14:26:50",9562500
21600,150,4500,"sd","14:26:47",9560200
21600,150,7900,"bu","14:26:34",9555700
21600,150,10300,"bu","14:26:34",9547800
21600,150,5300,"bu","14:26:32",9537500
21600,150,100,"bu","14:26:32",9532200
21550,100,6800,"sd","14:26:29",9532100
21600,150,1000,"bu","14:26:26",9525300
21600,150,200,"bu","14:26:26",9524300
21600,150,1100,"bu","14:26:22",9524100
21600,150,100,"bu","14:26:19",9523000
21600,150,100,"bu","14:26:18",9522900
21600,150,1000,"bu","14:26:16",9522800
21600,150,1000,"bu","14:26:15",9521800
21600,150,1000,"bu","14:26:15",9520800
21600,150,1000,"bu","14:26:11",9519800
21600,150,4000,"bu","14:26:10",9518800
21600,150,1000,"sd","14:26:06",9514800
21600,150,2800,"sd","14:26:06",9513800
21600,150,10700,"sd","14:26:02",9511000
21600,150,500,"bu","14:26:02",9500300
21600,150,100,"bu","14:26:02",9499800
21600,150,100,"bu","14:26:02",9499700
21600,150,15800,"bu","14:26:02",9499600
21550,100,6500,"sd","14:26:01",9483800
21600,150,100,"bu","14:25:50",9477300
21600,150,1000,"bu","14:25:49",9477200
21600,150,1000,"bu","14:25:44",9476200
21600,150,200,"bu","14:25:42",9475200
21600,150,10000,"bu","14:25:40",9475000
21600,150,2700,"bu","14:25:35",9465000
21550,100,6500,"sd","14:25:34",9462300
21550,100,300,"sd","14:25:34",9455800
21600,150,500,"bu","14:25:34",9455500
21600,150,500,"bu","14:25:30",9455000
21600,150,100,"bu","14:25:29",9454500
21600,150,200,"bu","14:25:28",9454400
21600,150,1500,"bu","14:25:27",9454200
21600,150,3500,"bu","14:25:27",9452700
21600,150,21500,"bu","14:25:27",9449200
21600,150,2500,"bu","14:25:14",9427700
21550,100,200,"sd","14:25:06",9425200
21550,100,400,"sd","14:25:06",9425000
21600,150,300,"sd","14:25:06",9424600
21600,150,500,"sd","14:25:06",9424300
21600,150,100,"sd","14:25:06",9423800
21600,150,200,"sd","14:25:06",9423700
21600,150,2000,"sd","14:25:06",9423500
21600,150,1000,"sd","14:25:06",9421500
21600,150,1800,"sd","14:25:06",9420500
21600,150,1000,"sd","14:24:41",9418700
21600,150,300,"bu","14:24:40",9417700
21600,150,7900,"bu","14:24:40",9417400
21600,150,6400,"bu","14:24:40",9409500
21600,150,1000,"bu","14:24:40",9403100
21600,150,1000,"bu","14:24:40",9402100
21600,150,500,"bu","14:24:40",9401100
21600,150,100,"bu","14:24:40",9400600
21550,100,400,"sd","14:24:39",9400500
21550,100,1000,"sd","14:24:39",9400100
21550,100,1200,"sd","14:24:39",9399100
21550,100,500,"sd","14:24:39",9397900
21550,100,100,"sd","14:24:39",9397400
21550,100,200,"sd","14:24:39",9397300
21550,100,400,"sd","14:24:39",9397100
21550,100,1000,"sd","14:24:39",9396700
21550,100,100,"sd","14:24:39",9395700
21550,100,1000,"sd","14:24:39",9395600
21550,100,500,"sd","14:24:39",9394600
21550,100,200,"sd","14:24:39",9394100
21600,150,500,"bu","14:24:35",9393900
21600,150,500,"bu","14:24:35",9393400
21600,150,500,"bu","14:24:35",9392900
21600,150,200,"bu","14:24:35",9392400
21600,150,2000,"bu","14:24:35",9392200
21600,150,3300,"bu","14:24:35",9390200
21550,100,200,"sd","14:24:34",9386900
21600,150,900,"bu","14:24:33",9386700
21600,150,300,"bu","14:24:32",9385800
21600,150,7000,"bu","14:24:29",9385500
21600,150,1000,"bu","14:24:29",9378500
21600,150,9200,"bu","14:24:29",9377500
21600,150,500,"bu","14:24:29",9368300
21600,150,20000,"bu","14:24:29",9367800
21600,150,10000,"bu","14:24:29",9347800
21600,150,800,"bu","14:24:29",9337800
21600,150,1000,"bu","14:24:29",9337000
21600,150,1200,"bu","14:24:29",9336000
21600,150,2000,"bu","14:24:27",9334800
21600,150,5000,"bu","14:24:25",9332800
21600,150,500,"bu","14:24:21",9327800
21600,150,200,"bu","14:24:20",9327300
21600,150,100,"bu","14:24:17",9327100
21600,150,3000,"bu","14:24:16",9327000
21600,150,500,"bu","14:24:14",9324000
21550,100,7600,"sd","14:24:12",9323500
21600,150,200,"bu","14:24:03",9315900
21600,150,100,"bu","14:23:53",9315700
21600,150,1000,"bu","14:23:49",9315600
21550,100,1000,"sd","14:23:40",9314600
21550,100,1000,"sd","14:23:40",9313600
21550,100,1000,"sd","14:23:40",9312600
21550,100,200,"sd","14:23:40",9311600
21550,100,500,"sd","14:23:40",9311400
21550,100,500,"sd","14:23:40",9310900
21550,100,1000,"sd","14:23:40",9310400
21550,100,900,"sd","14:23:40",9309400
21550,100,1000,"sd","14:23:40",9308500
21550,100,200,"sd","14:23:40",9307500
21550,100,400,"sd","14:23:40",9307300
21550,100,500,"sd","14:23:37",9306900
21600,150,1200,"bu","14:23:32",9306400
21600,150,5000,"bu","14:23:32",9305200
21600,150,800,"bu","14:23:32",9300200
21550,100,100,"sd","14:23:27",9299400
21550,100,300,"sd","14:23:27",9299300
21550,100,500,"sd","14:23:27",9299000
21550,100,100,"sd","14:23:27",9298500
21550,100,1000,"sd","14:23:27",9298400
21550,100,300,"sd","14:23:27",9297400
21550,100,2000,"sd","14:23:27",9297100
21550,100,1100,"sd","14:23:27",9295100
21550,100,200,"sd","14:23:27",9294000
21550,100,2200,"sd","14:23:27",9293800
21550,100,100,"sd","14:23:27",9291600
21550,100,6500,"sd","14:23:11",9291500
21550,100,1100,"sd","14:23:08",9285000
21550,100,7900,"sd","14:23:07",9283900
21550,100,800,"sd","14:22:55",9276000
21550,100,5200,"sd","14:22:42",9275200
21550,100,500,"sd","14:22:42",9270000
21550,100,200,"sd","14:22:42",9269500
21550,100,200,"sd","14:22:42",9269300
21550,100,500,"sd","14:22:42",9269100
21550,100,500,"sd","14:21:56",9268600
21550,100,2800,"sd","14:21:56",9268100
21550,100,100,"sd","14:21:56",9265300
21550,100,100,"sd","14:21:56",9265200
21550,100,2500,"sd","14:21:56",9265100
21550,100,300,"sd","14:21:56",9262600
21550,100,400,"sd","14:21:56",9262300
21550,100,100,"sd","14:21:56",9261900
21550,100,300,"sd","14:21:56",9261800
21550,100,2900,"sd","14:21:56",9261500
21600,150,18100,"bu","14:21:56",9258600
21550,100,10000,"sd","14:21:51",9240500
21600,150,1100,"bu","14:21:49",9230500
21600,150,100,"bu","14:21:49",9229400
21600,150,22500,"bu","14:21:49",9229300
21600,150,2500,"bu","14:21:35",9206800
21600,150,5000,"bu","14:21:32",9204300
21600,150,300,"bu","14:21:32",9199300
21600,150,12800,"bu","14:21:32",9199000
21600,150,700,"bu","14:21:20",9186200
21600,150,10000,"bu","14:21:20",9185500
21600,150,700,"bu","14:21:05",9175500
21550,100,100,"bu","14:20:54",9174800
21550,100,10000,"bu","14:20:54",9174700
21550,100,700,"bu","14:20:54",9164700
21550,100,300,"bu","14:20:53",9164000
21550,100,300,"bu","14:20:53",9163700
21550,100,1700,"bu","14:20:50",9163400
21550,100,10000,"bu","14:20:50",9161700
21550,100,5500,"bu","14:20:50",9151700
21550,100,1000,"bu","14:20:48",9146200
21550,100,3000,"bu","14:20:46",9145200
21550,100,300,"bu","14:20:45",9142200
21500,50,200,"sd","14:20:40",9141900
21500,50,100,"sd","14:20:38",9141700
21550,100,200,"bu","14:20:36",9141600
21550,100,100,"bu","14:20:36",9141400
21550,100,13000,"bu","14:20:36",9141300
21550,100,3900,"bu","14:20:36",9128300
21550,100,4600,"bu","14:20:36",9124400
21550,100,1500,"bu","14:20:34",9119800
21550,100,1700,"bu","14:20:34",9118300
21550,100,23700,"bu","14:20:27",9116600
21500,50,10000,"sd","14:20:23",9092900
21500,50,800,"sd","14:19:54",9082900
21550,100,5000,"bu","14:19:53",9082100
21550,100,500,"bu","14:19:34",9077100
21500,50,1000,"sd","14:19:10",9076600
21550,100,6500,"bu","14:19:02",9075600
21500,50,10000,"sd","14:18:50",9069100
21500,50,900,"sd","14:18:20",9059100
21500,50,100,"sd","14:18:14",9058200
21550,100,100,"bu","14:18:14",9058100
21500,50,20000,"sd","14:18:03",9058000
21500,50,1900,"sd","14:17:51",9038000
21500,50,100,"sd","14:17:51",9036100
21500,50,800,"sd","14:17:50",9036000
21500,50,7900,"sd","14:17:44",9035200
21500,50,2100,"sd","14:17:44",9027300
21550,100,100,"bu","14:17:40",9025200
21500,50,600,"sd","14:17:38",9025100
21500,50,1400,"sd","14:17:38",9024500
21500,50,600,"sd","14:17:34",9023100
21500,50,200,"sd","14:17:34",9022500
21550,100,100,"bu","14:17:28",9022300
21550,100,12300,"bu","14:17:20",9022200
21550,100,900,"bu","14:17:20",9009900
21550,100,1800,"bu","14:17:20",9009000
21550,100,3000,"bu","14:17:13",9007200
21550,100,200,"bu","14:17:03",9004200
21550,100,800,"bu","14:17:03",9004000
21500,50,100,"sd","14:16:50",9003200
21500,50,500,"sd","14:16:50",9003100
21500,50,200,"sd","14:16:50",9002600
21500,50,200,"sd","14:16:50",9002400
21550,100,100,"bu","14:16:32",9002200
21550,100,1000,"bu","14:16:22",9002100
21550,100,500,"sd","14:16:10",9001100
21550,100,100,"sd","14:16:10",9000600
21550,100,300,"sd","14:16:10",9000500
21550,100,200,"sd","14:16:10",9000200
21550,100,200,"sd","14:16:10",9000000
21550,100,4900,"sd","14:16:10",8999800
21550,100,1900,"sd","14:16:10",8994900
21550,100,3000,"sd","14:16:09",8993000
21550,100,100,"sd","14:15:59",8990000
21550,100,900,"sd","14:15:59",8989900
21550,100,1000,"sd","14:15:58",8989000
21550,100,1000,"sd","14:15:49",8988000
21550,100,100,"sd","14:15:29",8987000
21550,100,500,"sd","14:15:26",8986900
21550,100,2000,"sd","14:15:23",8986400
21600,150,100,"bu","14:15:11",8984400
21550,100,1100,"sd","14:15:08",8984300
21550,100,3000,"sd","14:14:49",8983200
21550,100,30000,"sd","14:14:18",8980200
21550,100,500,"sd","14:14:15",8950200
21550,100,800,"sd","14:14:10",8949700
21550,100,7000,"sd","14:14:06",8948900
21550,100,2000,"sd","14:13:56",8941900
21550,100,100,"sd","14:13:49",8939900
21550,100,500,"sd","14:13:49",8939800
21550,100,100,"sd","14:13:49",8939300
21550,100,200,"sd","14:13:48",8939200
21550,100,700,"sd","14:13:45",8939000
21500,50,800,"sd","14:13:31",8938300
21500,50,300,"sd","14:13:31",8937500
21500,50,700,"sd","14:13:31",8937200
21500,50,100,"sd","14:13:31",8936500
21500,50,1000,"sd","14:13:31",8936400
21500,50,100,"sd","14:13:31",8935400
21500,50,4900,"sd","14:13:31",8935300
21500,50,800,"sd","14:13:25",8930400
21550,100,100,"sd","14:13:25",8929600
21500,50,300,"sd","14:13:18",8929500
21500,50,1000,"sd","14:13:18",8929200
21550,100,100,"sd","14:13:18",8928200
21550,100,2000,"sd","14:13:18",8928100
21550,100,300,"sd","14:13:18",8926100
21550,100,100,"sd","14:13:18",8925800
21550,100,1300,"sd","14:13:18",8925700
21550,100,1000,"sd","14:13:18",8924400
21550,100,1800,"sd","14:13:18",8923400
21600,150,100,"bu","14:13:15",8921600
21550,100,200,"sd","14:13:12",8921500
21550,100,100,"sd","14:13:12",8921300
21550,100,2000,"sd","14:13:12",8921200
21550,100,5000,"sd","14:13:12",8919200
21550,100,200,"sd","14:13:12",8914200
21550,100,400,"sd","14:13:12",8914000
21550,100,1600,"sd","14:13:06",8913600
21550,100,2000,"sd","14:13:06",8912000
21550,100,1000,"sd","14:13:06",8910000
21550,100,1000,"sd","14:13:06",8909000
21550,100,600,"sd","14:13:06",8908000
21550,100,100,"sd","14:13:06",8907400
21550,100,1000,"sd","14:13:06",8907300
21550,100,600,"sd","14:13:06",8906300
21600,150,5600,"bu","14:12:51",8905700
21600,150,200,"bu","14:12:51",8900100
21600,150,24200,"bu","14:12:51",8899900
21550,100,3000,"sd","14:12:41",8875700
21550,100,1800,"sd","14:12:41",8872700
21600,150,20000,"bu","14:12:39",8870900
21600,150,300,"bu","14:12:37",8850900
21600,150,100,"bu","14:12:04",8850600
21550,100,10000,"sd","14:11:45",8850500
21550,100,14600,"sd","14:11:44",8840500
21550,100,2000,"sd","14:11:44",8825900
21550,100,2000,"sd","14:11:44",8823900
21550,100,100,"sd","14:11:44",8821900
21550,100,500,"sd","14:11:44",8821800
21550,100,2000,"sd","14:11:44",8821300
21550,100,1000,"sd","14:11:44",8819300
21550,100,100,"sd","14:11:44",8818300
21550,100,100,"sd","14:11:44",8818200
21550,100,300,"sd","14:11:44",8818100
21550,100,200,"sd","14:11:44",8817800
21550,100,37100,"sd","14:11:44",8817600
21550,100,12900,"sd","14:11:43",8780500
21550,100,100,"sd","14:11:43",8767600
21550,100,17000,"sd","14:11:43",8767500
21550,100,1000,"sd","14:11:37",8750500
21600,150,1000,"bu","14:11:36",8749500
21550,100,200,"sd","14:11:19",8748500
21600,150,1000,"bu","14:11:16",8748300
21550,100,800,"sd","14:11:09",8747300
21550,100,100,"sd","14:11:07",8746500
21550,100,1200,"sd","14:10:23",8746400
21600,150,1000,"bu","14:10:23",8745200
21600,150,1000,"bu","14:10:22",8744200
21550,100,30000,"sd","14:10:21",8743200
21600,150,1400,"bu","14:10:18",8713200
21600,150,5600,"bu","14:10:18",8711800
21550,100,13300,"sd","14:10:07",8706200
21600,150,200,"bu","14:09:59",8692900
21600,150,900,"bu","14:09:48",8692700
21600,150,1000,"bu","14:09:47",8691800
21550,100,7900,"sd","14:09:35",8690800
21550,100,1200,"sd","14:09:25",8682900
21550,100,10300,"sd","14:09:10",8681700
21550,100,1400,"sd","14:09:10",8671400
21550,100,12000,"sd","14:09:10",8670000
21550,100,6300,"sd","14:09:10",8658000
21550,100,3700,"sd","14:09:04",8651700
21550,100,100,"sd","14:09:04",8648000
21550,100,2000,"sd","14:09:04",8647900
21550,100,1000,"sd","14:09:04",8645900
21550,100,1100,"sd","14:09:03",8644900
21600,150,300,"bu","14:08:50",8643800
21600,150,2000,"bu","14:08:41",8643500
21600,150,1800,"bu","14:08:41",8641500
21550,100,7900,"sd","14:08:40",8639700
21600,150,100,"bu","14:08:38",8631800
21600,150,1000,"bu","14:08:32",8631700
21550,100,7900,"sd","14:08:32",8630700
21600,150,600,"bu","14:08:27",8622800
21600,150,200,"bu","14:08:20",8622200
21550,100,1000,"sd","14:08:20",8622000
21600,150,3400,"bu","14:08:09",8621000
21600,150,500,"bu","14:08:08",8617600
21600,150,7000,"bu","14:08:02",8617100
21550,100,100,"sd","14:08:01",8610100
21550,100,7900,"sd","14:08:00",8610000
21550,100,7900,"sd","14:08:00",8602100
21550,100,7900,"sd","14:07:57",8594200
21600,150,3000,"bu","14:07:56",8586300
21550,100,7900,"sd","14:07:56",8583300
21600,150,2000,"bu","14:07:46",8575400
21550,100,1000,"sd","14:07:31",8573400
21600,150,200,"bu","14:07:25",8572400
21600,150,500,"bu","14:06:46",8572200
21600,150,200,"bu","14:06:35",8571700
21600,150,500,"bu","14:06:30",8571500
21600,150,100,"bu","14:06:25",8571000
21550,100,7900,"sd","14:06:15",8570900
21550,100,1000,"bu","14:06:06",8563000
21550,100,1000,"bu","14:06:06",8562000
21500,50,1000,"sd","14:06:01",8561000
21500,50,200,"sd","14:06:01",8560000
21500,50,1000,"sd","14:06:01",8559800
21500,50,1000,"sd","14:06:01",8558800
21500,50,200,"sd","14:06:01",8557800
21500,50,100,"sd","14:06:01",8557600
21500,50,400,"sd","14:06:01",8557500
21500,50,500,"sd","14:06:01",8557100
21500,50,300,"sd","14:06:01",8556600
21500,50,500,"sd","14:06:01",8556300
21500,50,600,"sd","14:06:01",8555800
21550,100,1000,"bu","14:06:00",8555200
21550,100,300,"bu","14:05:56",8554200
21500,50,400,"sd","14:05:49",8553900
21500,50,800,"sd","14:05:49",8553500
21550,100,300,"sd","14:05:48",8552700
21550,100,500,"sd","14:05:48",8552400
21500,50,1700,"sd","14:05:31",8551900
21500,50,1000,"sd","14:05:31",8550200
21500,50,1000,"sd","14:05:31",8549200
21500,50,3000,"sd","14:05:31",8548200
21500,50,100,"sd","14:05:31",8545200
21500,50,300,"sd","14:05:31",8545100
21500,50,100,"sd","14:05:31",8544800
21500,50,200,"sd","14:05:31",8544700
21500,50,200,"sd","14:05:31",8544500
21550,100,200,"sd","14:05:23",8544300
21550,100,100,"sd","14:05:23",8544100
21600,150,28900,"bu","14:05:17",8544000
21600,150,100,"bu","14:05:17",8515100
21600,150,3000,"bu","14:05:17",8515000
21500,50,300,"sd","14:04:48",8512000
21550,100,500,"sd","14:04:48",8511700
21550,100,2000,"sd","14:04:48",8511200
21550,100,1000,"sd","14:04:48",8509200
21550,100,1000,"sd","14:04:48",8508200
21550,100,100,"sd","14:04:48",8507200
21550,100,200,"sd","14:04:48",8507100
21550,100,2800,"sd","14:04:48",8506900
21550,100,1200,"sd","14:04:48",8504100
21550,100,200,"sd","14:04:48",8502900
21600,150,800,"bu","14:04:44",8502700
21600,150,100,"bu","14:04:44",8501900
21550,100,7900,"sd","14:04:28",8501800
21600,150,1900,"bu","14:04:27",8493900
21600,150,500,"bu","14:04:23",8492000
21600,150,2000,"bu","14:04:22",8491500
21550,100,1900,"sd","14:04:20",8489500
21550,100,200,"sd","14:04:20",8487600
21550,100,400,"sd","14:04:20",8487400
21550,100,2000,"sd","14:04:20",8487000
21550,100,3000,"sd","14:04:20",8485000
21550,100,400,"sd","14:04:20",8482000
21600,150,100,"bu","14:04:03",8481600
21550,100,2600,"sd","14:04:02",8481500
21550,100,2400,"sd","14:04:02",8478900
21600,150,1000,"bu","14:04:01",8476500
21600,150,10600,"bu","14:03:45",8475500
21600,150,1000,"bu","14:03:45",8464900
21600,150,1400,"bu","14:03:45",8463900
21550,100,1000,"sd","14:03:34",8462500
21600,150,10000,"bu","14:03:34",8461500
21600,150,500,"bu","14:03:31",8451500
21600,150,2000,"bu","14:03:27",8451000
21600,150,3000,"bu","14:03:10",8449000
21600,150,23100,"bu","14:02:57",8446000
21600,150,6900,"bu","14:02:57",8422900
21550,100,900,"sd","14:02:40",8416000
21550,100,100,"sd","14:02:30",8415100
21550,100,5600,"bu","14:01:59",8415000
21500,50,500,"sd","14:01:58",8409400
21500,50,100,"sd","14:01:58",8408900
21500,50,300,"sd","14:01:58",8408800
21550,100,4400,"bu","14:01:41",8408500
21550,100,100,"bu","14:01:41",8404100
21500,50,3700,"sd","14:01:40",8404000
21500,50,100,"sd","14:01:40",8400300
21500,50,2000,"sd","14:01:40",8400200
21500,50,700,"sd","14:01:40",8398200
21500,50,2000,"sd","14:01:35",8397500
21500,50,3900,"sd","14:01:35",8395500
21550,100,2400,"bu","14:01:22",8391600
21550,100,10000,"bu","14:01:22",8389200
21550,100,11300,"bu","14:01:22",8379200
21550,100,5000,"bu","14:01:13",8367900
21500,50,900,"sd","14:01:10",8362900
21550,100,100,"bu","14:01:02",8362000
21500,50,11100,"sd","14:01:01",8361900
21500,50,900,"sd","14:01:01",8350800
21500,50,100,"sd","14:01:01",8349900
21500,50,1000,"sd","14:01:01",8349800
21500,50,300,"sd","14:01:01",8348800
21500,50,100,"sd","14:01:01",8348500
21500,50,100,"sd","14:01:01",8348400
21500,50,100,"sd","14:01:01",8348300
21500,50,100,"sd","14:01:01",8348200
21500,50,700,"sd","14:01:01",8348100
21500,50,100,"sd","14:01:01",8347400
21500,50,100,"sd","14:01:01",8347300
21500,50,1000,"sd","14:01:01",8347200
21500,50,300,"sd","14:01:01",8346200
21500,50,100,"sd","14:01:01",8345900
21500,50,500,"sd","14:01:01",8345800
21500,50,100,"sd","14:01:01",8345300
21550,100,20600,"bu","14:00:50",8345200
21550,100,3100,"bu","14:00:50",8324600
21550,100,10000,"bu","14:00:50",8321500
21550,100,700,"bu","14:00:42",8311500
21550,100,5000,"bu","14:00:32",8310800
21500,50,1000,"sd","14:00:21",8305800
21550,100,100,"bu","14:00:18",8304800
21500,50,2600,"sd","14:00:13",8304700
21500,50,100,"sd","14:00:13",8302100
21500,50,500,"sd","14:00:13",8302000
21500,50,100,"sd","14:00:13",8301500
21500,50,4600,"sd","14:00:13",8301400
21550,100,1000,"bu","13:59:56",8296800
21550,100,100,"bu","13:59:33",8295800
21550,100,2500,"bu","13:59:33",8295700
21500,50,800,"sd","13:59:31",8293200
21550,100,500,"bu","13:59:14",8292400
21550,100,800,"sd","13:58:51",8291900
21550,100,1000,"sd","13:58:51",8291100
21550,100,100,"sd","13:58:51",8290100
21550,100,100,"sd","13:58:51",8290000
21550,100,1000,"sd","13:58:46",8289900
21550,100,200,"sd","13:58:34",8288900
21550,100,400,"sd","13:58:29",8288700
21550,100,2000,"sd","13:58:24",8288300
21550,100,200,"sd","13:58:12",8286300
21550,100,1000,"sd","13:58:12",8286100
21550,100,800,"sd","13:58:12",8285100
21550,100,1200,"sd","13:57:55",8284300
21600,150,100,"bu","13:57:25",8283100
21600,150,22000,"bu","13:57:14",8283000
21600,150,1000,"sd","13:57:06",8261000
21500,50,18300,"sd","13:56:55",8260000
21550,100,100,"sd","13:56:55",8241700
21550,100,300,"sd","13:56:55",8241600
21550,100,1000,"sd","13:56:55",8241300
21550,100,2800,"sd","13:56:55",8240300
21550,100,1100,"sd","13:56:54",8237500
21550,100,1100,"sd","13:56:50",8236400
21550,100,800,"sd","13:56:50",8235300
21550,100,2000,"sd","13:56:50",8234500
21550,100,200,"sd","13:56:50",8232500
21550,100,700,"sd","13:56:50",8232300
21550,100,1000,"sd","13:56:50",8231600
21550,100,1800,"sd","13:56:50",8230600
21600,150,300,"sd","13:56:46",8228800
21600,150,100,"bu","13:56:38",8228500
21600,150,1000,"bu","13:56:38",8228400
21600,150,4300,"bu","13:56:38",8227400
21600,150,5300,"bu","13:56:38",8223100
21600,150,1000,"bu","13:56:35",8217800
21550,100,900,"sd","13:55:59",8216800
21550,100,300,"bu","13:55:48",8215900
21550,100,100,"bu","13:55:31",8215600
21550,100,100,"bu","13:55:20",8215500
21550,100,100,"bu","13:55:14",8215400
21550,100,100,"sd","13:55:11",8215300
21550,100,100,"sd","13:55:11",8215200
21550,100,200,"sd","13:55:11",8215100
21550,100,300,"sd","13:55:11",8214900
21550,100,5000,"sd","13:55:11",8214600
21550,100,1300,"sd","13:55:11",8209600
21550,100,200,"sd","13:55:11",8208300
21550,100,700,"sd","13:55:11",8208100
21550,100,1500,"sd","13:55:11",8207400
21550,100,900,"sd","13:55:08",8205900
21550,100,2600,"sd","13:54:55",8205000
21550,100,2000,"sd","13:54:55",8202400
21550,100,2000,"sd","13:54:55",8200400
21550,100,700,"sd","13:54:55",8198400
21550,100,600,"sd","13:54:55",8197700
21550,100,100,"sd","13:54:45",8197100
21550,100,300,"sd","13:54:19",8197000
21550,100,800,"sd","13:54:19",8196700
21550,100,100,"sd","13:54:18",8195900
21550,100,4100,"sd","13:54:17",8195800
21550,100,3800,"sd","13:54:17",8191700
21600,150,500,"bu","13:54:08",8187900
21600,150,500,"bu","13:53:57",8187400
21550,100,6200,"sd","13:53:53",8186900
21550,100,500,"sd","13:53:53",8180700
21550,100,1200,"sd","13:53:53",8180200
21600,150,9900,"bu","13:53:52",8179000
21600,150,100,"bu","13:53:51",8169100
21600,150,1100,"bu","13:53:43",8169000
21550,100,200,"sd","13:53:25",8167900
21550,100,800,"sd","13:53:25",8167700
21600,150,200,"bu","13:53:09",8166900
21600,150,600,"bu","13:53:07",8166700
21600,150,100,"sd","13:52:57",8166100
21600,150,5000,"sd","13:52:57",8166000
21600,150,5000,"sd","13:52:57",8161000
21600,150,700,"sd","13:52:57",8156000
21600,150,100,"sd","13:52:37",8155300
21600,150,800,"sd","13:52:34",8155200
21650,200,400,"bu","13:52:33",8154400
21650,200,100,"bu","13:52:33",8154000
21600,150,500,"bu","13:52:31",8153900
21600,150,200,"bu","13:52:30",8153400
21600,150,300,"sd","13:52:29",8153200
21600,150,1700,"bu","13:52:28",8152900
21600,150,5000,"bu","13:52:24",8151200
21600,150,200,"bu","13:52:19",8146200
21600,150,5000,"bu","13:52:19",8146000
21600,150,600,"bu","13:52:09",8141000
21600,150,29000,"bu","13:51:51",8140400
21600,150,400,"bu","13:51:50",8111400
21600,150,100,"bu","13:51:50",8111000
21600,150,1000,"bu","13:51:50",8110900
21600,150,3500,"bu","13:51:50",8109900
21550,100,200,"sd","13:51:49",8106400
21550,100,900,"sd","13:51:49",8106200
21600,150,200,"bu","13:51:48",8105300
21600,150,1500,"bu","13:51:48",8105100
21600,150,14800,"bu","13:51:45",8103600
21600,150,1000,"bu","13:51:45",8088800
21600,150,200,"bu","13:51:45",8087800
21600,150,400,"bu","13:51:44",8087600
21600,150,1000,"bu","13:51:33",8087200
21600,150,400,"bu","13:51:17",8086200
21600,150,600,"bu","13:51:17",8085800
21600,150,2000,"bu","13:51:10",8085200
21600,150,100,"bu","13:51:02",8083200
21550,100,100,"sd","13:50:56",8083100
21550,100,100,"sd","13:50:56",8083000
21550,100,1000,"sd","13:50:56",8082900
21550,100,3800,"sd","13:50:56",8081900
21550,100,1100,"sd","13:50:53",8078100
21600,150,17300,"bu","13:50:48",8077000
21600,150,12700,"bu","13:50:48",8059700
21600,150,9000,"bu","13:50:40",8047000
21600,150,8500,"bu","13:50:35",8038000
21600,150,1000,"bu","13:50:33",8029500
21600,150,100,"bu","13:50:30",8028500
21600,150,3000,"bu","13:50:22",8028400
21550,100,1100,"sd","13:50:11",8025400
21550,100,100,"sd","13:50:11",8024300
21550,100,300,"sd","13:50:11",8024200
21550,100,500,"sd","13:50:11",8023900
21550,100,4500,"sd","13:50:11",8023400
21550,100,1300,"bu","13:49:59",8018900
21550,100,10000,"bu","13:49:58",8017600
21550,100,900,"bu","13:49:58",8007600
21550,100,3300,"bu","13:49:58",8006700
21550,100,500,"bu","13:49:57",8003400
21550,100,1400,"bu","13:49:52",8002900
21550,100,500,"bu","13:49:51",8001500
21550,100,300,"bu","13:49:47",8001000
21550,100,4000,"bu","13:49:46",8000700
21550,100,2900,"bu","13:49:46",7996700
21550,100,4500,"bu","13:49:46",7993800
21550,100,200,"bu","13:49:45",7989300
21550,100,1000,"bu","13:49:40",7989100
21550,100,3000,"bu","13:49:40",7988100
21550,100,1000,"bu","13:49:34",7985100
21550,100,300,"bu","13:49:32",7984100
21550,100,700,"bu","13:49:32",7983800
21550,100,2000,"bu","13:49:13",7983100
21500,50,100,"sd","13:49:13",7981100
21500,50,5900,"sd","13:49:13",7981000
21550,100,12300,"bu","13:49:11",7975100
21550,100,100,"bu","13:49:11",7962800
21550,100,11300,"bu","13:49:11",7962700
21550,100,10000,"bu","13:49:06",7951400
21500,50,2600,"bu","13:48:40",7941400
21500,50,400,"bu","13:48:38",7938800
21500,50,23700,"bu","13:48:34",7938400
21500,50,200,"bu","13:48:30",7914700
21500,50,500,"sd","13:48:30",7914500
21500,50,500,"sd","13:48:30",7914000
21500,50,1000,"sd","13:48:30",7913500
21500,50,100,"sd","13:48:30",7912500
21500,50,100,"sd","13:48:30",7912400
21500,50,1000,"sd","13:48:30",7912300
21500,50,16900,"sd","13:48:30",7911300
21500,50,3100,"sd","13:48:17",7894400
21500,50,500,"sd","13:48:17",7891300
21500,50,2500,"sd","13:48:17",7890800
21550,100,16700,"bu","13:48:15",7888300
21550,100,7900,"bu","13:48:11",7871600
21550,100,14100,"bu","13:48:11",7863700
21550,100,9600,"bu","13:48:11",7849600
21550,100,16300,"bu","13:48:04",7840000
21500,50,900,"sd","13:48:03",7823700
21550,100,10800,"bu","13:48:03",7822800
21500,50,1000,"bu","13:47:55",7812000
21500,50,2000,"bu","13:47:55",7811000
21500,50,3600,"bu","13:47:55",7809000
21500,50,2500,"bu","13:47:55",7805400
21500,50,14600,"bu","13:47:55",7802900
21500,50,400,"bu","13:47:54",7788300
21450,0,100,"sd","13:47:52",7787900
21500,50,5000,"bu","13:47:43",7787800
21500,50,900,"bu","13:47:43",7782800
21500,50,12300,"bu","13:47:43",7781900
21500,50,13000,"bu","13:47:38",7769600
21500,50,400,"bu","13:47:38",7756600
21450,0,300,"sd","13:47:37",7756200
21450,0,200,"sd","13:47:37",7755900
21450,0,1500,"sd","13:47:37",7755700
21500,50,3200,"bu","13:47:25",7754200
21450,0,3500,"sd","13:47:21",7751000
21450,0,1000,"sd","13:47:21",7747500
21450,0,1000,"sd","13:47:21",7746500
21450,0,200,"sd","13:47:21",7745500
21450,0,100,"sd","13:47:21",7745300
21450,0,200,"sd","13:47:21",7745200
21450,0,100,"sd","13:47:21",7745000
21450,0,100,"sd","13:47:21",7744900
21450,0,200,"sd","13:47:21",7744800
21450,0,100,"sd","13:47:21",7744600
21450,0,200,"sd","13:47:21",7744500
21450,0,400,"sd","13:47:16",7744300
21450,0,400,"sd","13:47:15",7743900
21450,0,200,"sd","13:47:15",7743500
21450,0,300,"sd","13:47:15",7743300
21500,50,400,"bu","13:47:13",7743000
21500,50,100,"sd","13:46:52",7742600
21500,50,200,"sd","13:46:52",7742500
21500,50,2000,"sd","13:46:52",7742300
21500,50,5000,"sd","13:46:52",7740300
21500,50,400,"sd","13:46:52",7735300
21500,50,100,"sd","13:46:52",7734900
21500,50,200,"sd","13:46:51",7734800
21500,50,700,"sd","13:46:51",7734600
21500,50,100,"sd","13:46:51",7733900
21500,50,500,"sd","13:46:51",7733800
21500,50,800,"sd","13:46:51",7733300
21500,50,500,"sd","13:46:51",7732500
21500,50,200,"sd","13:46:51",7732000
21500,50,1000,"sd","13:46:51",7731800
21500,50,1000,"sd","13:46:51",7730800
21500,50,500,"sd","13:46:51",7729800
21500,50,100,"sd","13:46:51",7729300
21500,50,2000,"sd","13:46:51",7729200
21500,50,3000,"sd","13:46:51",7727200
21500,50,500,"sd","13:46:51",7724200
21500,50,1000,"sd","13:46:51",7723700
21500,50,200,"sd","13:46:51",7722700
21500,50,100,"sd","13:46:51",7722500
21500,50,300,"sd","13:46:51",7722400
21500,50,100,"sd","13:46:51",7722100
21500,50,100,"sd","13:46:51",7722000
21500,50,200,"sd","13:46:51",7721900
21500,50,100,"sd","13:46:51",7721700
21500,50,4700,"sd","13:46:51",7721600
21550,100,100,"bu","13:46:49",7716900
21500,50,300,"sd","13:46:46",7716800
21500,50,200,"sd","13:46:46",7716500
21500,50,100,"sd","13:46:46",7716300
21500,50,100,"sd","13:46:46",7716200
21500,50,500,"sd","13:46:46",7716100
21500,50,88800,"sd","13:46:46",7715600
21500,50,5400,"sd","13:46:44",7626800
21500,50,1000,"sd","13:46:26",7621400
21500,50,900,"sd","13:46:26",7620400
21500,50,3900,"sd","13:46:19",7619500
21500,50,1000,"sd","13:46:19",7615600
21500,50,500,"sd","13:46:19",7614600
21500,50,300,"sd","13:46:19",7614100
21500,50,200,"sd","13:46:19",7613800
21550,100,100,"bu","13:46:01",7613600
21550,100,100,"bu","13:45:54",7613500
21550,100,1000,"sd","13:45:48",7613400
21550,100,1500,"sd","13:45:48",7612400
21550,100,200,"sd","13:45:48",7610900
21550,100,300,"sd","13:45:48",7610700
21550,100,1700,"sd","13:45:46",7610400
21550,100,500,"sd","13:45:46",7608700
21550,100,17800,"sd","13:45:46",7608200
21550,100,900,"sd","13:45:40",7590400
21600,150,100,"bu","13:45:37",7589500
21550,100,2000,"sd","13:45:28",7589400
21550,100,29300,"sd","13:45:27",7587400
21550,100,100,"sd","13:45:27",7558100
21550,100,200,"sd","13:45:27",7558000
21550,100,200,"sd","13:45:27",7557800
21550,100,2000,"sd","13:45:27",7557600
21550,100,1000,"sd","13:45:27",7555600
21550,100,1000,"sd","13:45:27",7554600
21550,100,16200,"sd","13:45:27",7553600
21550,100,7500,"sd","13:45:26",7537400
21550,100,100,"sd","13:45:26",7529900
21550,100,500,"sd","13:45:26",7529800
21550,100,1900,"sd","13:45:26",7529300
21550,100,1100,"sd","13:45:26",7527400
21550,100,1000,"sd","13:45:26",7526300
21550,100,200,"sd","13:45:26",7525300
21550,100,100,"sd","13:45:26",7525100
21550,100,3600,"sd","13:45:26",7525000
21550,100,20100,"sd","13:45:15",7521400
21550,100,300,"sd","13:45:15",7501300
21550,100,100,"sd","13:45:15",7501000
21550,100,7900,"sd","13:45:15",7500900
21550,100,15000,"sd","13:45:15",7493000
21550,100,100,"sd","13:45:15",7478000
21550,100,100,"sd","13:45:15",7477900
21550,100,6400,"sd","13:45:15",7477800
21550,100,100,"sd","13:45:06",7471400
21550,100,1500,"sd","13:45:06",7471300
21550,100,8000,"sd","13:45:06",7469800
21550,100,7900,"sd","13:45:06",7461800
21550,100,100,"sd","13:45:06",7453900
21550,100,7900,"sd","13:45:06",7453800
21550,100,1000,"sd","13:45:06",7445900
21550,100,7900,"sd","13:45:06",7444900
21550,100,600,"sd","13:45:06",7437000
21550,100,100,"sd","13:45:06",7436400
21550,100,3000,"sd","13:45:06",7436300
21550,100,500,"sd","13:45:06",7433300
21550,100,2000,"sd","13:45:06",7432800
21550,100,7900,"sd","13:45:06",7430800
21550,100,1500,"sd","13:45:06",7422900
21550,100,3500,"sd","13:45:03",7421400
21550,100,100,"sd","13:45:03",7417900
21550,100,2000,"sd","13:45:03",7417800
21550,100,44400,"sd","13:45:03",7415800
21550,100,900,"sd","13:44:53",7371400
21600,150,800,"bu","13:44:33",7370500
21550,100,6300,"sd","13:44:30",7369700
21550,100,900,"sd","13:44:08",7363400
21600,150,100,"bu","13:43:48",7362500
21550,100,7400,"sd","13:43:31",7362400
21600,150,3000,"bu","13:43:24",7355000
21550,100,800,"sd","13:43:21",7352000
21550,100,100,"sd","13:42:44",7351200
21600,150,200,"bu","13:42:39",7351100
21600,150,1500,"bu","13:42:39",7350900
21600,150,1000,"bu","13:42:39",7349400
21600,150,2700,"bu","13:42:39",7348400
21550,100,900,"sd","13:42:38",7345700
21550,100,3000,"sd","13:42:36",7344800
21550,100,6700,"sd","13:42:23",7341800
21550,100,100,"sd","13:42:05",7335100
21600,150,100,"bu","13:42:05",7335000
21550,100,900,"sd","13:41:49",7334900
21600,150,200,"bu","13:41:38",7334000
21600,150,2300,"bu","13:41:38",7333800
21550,100,500,"sd","13:41:29",7331500
21550,100,5800,"sd","13:41:23",7331000
21600,150,100,"bu","13:41:17",7325200
21600,150,9600,"bu","13:41:17",7325100
21600,150,8500,"bu","13:41:17",7315500
21600,150,5500,"bu","13:41:17",7307000
21550,100,600,"sd","13:41:02",7301500
21550,100,900,"sd","13:41:02",7300900
21550,100,500,"sd","13:40:52",7300000
21600,150,10400,"bu","13:39:46",7299500
21600,150,13300,"bu","13:39:46",7289100
21600,150,500,"bu","13:39:35",7275800
21550,100,900,"sd","13:39:31",7275300
21600,150,16200,"bu","13:39:27",7274400
21600,150,5000,"bu","13:39:27",7258200
21600,150,2500,"bu","13:39:27",7253200
21550,100,11000,"sd","13:39:11",7250700
21550,100,100,"sd","13:38:55",7239700
21550,100,900,"sd","13:38:43",7239600
21550,100,5600,"sd","13:38:40",7238700
21600,150,1000,"bu","13:38:40",7233100
21600,150,5100,"bu","13:38:40",7232100
21600,150,17500,"bu","13:38:40",7227000
21600,150,100,"bu","13:38:40",7209500
21600,150,300,"bu","13:38:18",7209400
21550,100,800,"sd","13:38:00",7209100
21550,100,200,"sd","13:38:00",7208300
21550,100,600,"sd","13:37:49",7208100
21550,100,3500,"sd","13:37:49",7207500
21550,100,900,"sd","13:37:49",7204000
21550,100,500,"sd","13:37:49",7203100
21550,100,100,"sd","13:37:49",7202600
21600,150,4600,"bu","13:37:49",7202500
21600,150,500,"bu","13:37:49",7197900
21600,150,100,"bu","13:37:49",7197400
21600,150,4800,"bu","13:37:49",7197300
21550,100,100,"sd","13:37:42",7192500
21600,150,2000,"bu","13:37:27",7192400
21600,150,4000,"bu","13:37:23",7190400
21600,150,14200,"bu","13:37:13",7186400
21600,150,900,"bu","13:37:13",7172200
21600,150,3000,"bu","13:37:13",7171300
21550,100,800,"sd","13:37:08",7168300
21550,100,200,"sd","13:36:59",7167500
21600,150,100,"bu","13:36:58",7167300
21600,150,4200,"bu","13:36:56",7167200
21550,100,400,"sd","13:36:52",7163000
21550,100,500,"sd","13:36:52",7162600
21550,100,1100,"sd","13:36:52",7162100
21550,100,800,"sd","13:36:23",7161000
21600,150,1000,"bu","13:36:18",7160200
21600,150,1700,"bu","13:35:42",7159200
21600,150,9000,"bu","13:35:42",7157500
21550,100,900,"sd","13:35:39",7148500
21600,150,1000,"bu","13:35:36",7147600
21600,150,900,"bu","13:35:31",7146600
21600,150,1000,"bu","13:34:59",7145700
21550,100,1100,"sd","13:34:54",7144700
21600,150,5000,"bu","13:34:47",7143600
21600,150,5000,"bu","13:34:38",7138600
21600,150,400,"sd","13:34:14",7133600
21600,150,2000,"sd","13:34:14",7133200
21600,150,100,"sd","13:34:14",7131200
21600,150,600,"sd","13:34:14",7131100
21600,150,4400,"sd","13:33:54",7130500
21600,150,500,"sd","13:33:54",7126100
21600,150,100,"sd","13:33:54",7125600
21600,150,1000,"sd","13:33:54",7125500
21600,150,4000,"sd","13:33:54",7124500
21600,150,1000,"bu","13:33:15",7120500
21600,150,1900,"bu","13:33:15",7119500
21600,150,50000,"bu","13:32:58",7117600
21600,150,3500,"bu","13:32:56",7067600
21600,150,14600,"bu","13:32:44",7064100
21600,150,900,"bu","13:32:44",7049500
21600,150,1700,"bu","13:32:44",7048600
21600,150,300,"bu","13:32:41",7046900
21600,150,3000,"bu","13:32:41",7046600
21600,150,9300,"bu","13:32:35",7043600
21550,100,1100,"sd","13:32:18",7034300
21550,100,100,"sd","13:32:18",7033200
21600,150,10700,"bu","13:32:17",7033100
21600,150,2800,"bu","13:32:17",7022400
21550,100,200,"sd","13:31:44",7019600
21550,100,19800,"sd","13:31:44",7019400
21600,150,1000,"bu","13:31:21",6999600
21600,150,1000,"bu","13:31:21",6998600
21550,100,1000,"sd","13:31:18",6997600
21650,200,100,"bu","13:30:36",6996600
21550,100,1000,"sd","13:30:21",6996500
21600,150,200,"sd","13:30:21",6995500
21600,150,400,"sd","13:30:13",6995300
21600,150,1100,"bu","13:30:08",6994900
21600,150,900,"bu","13:30:08",6993800
21600,150,1900,"bu","13:30:08",6992900
21600,150,100,"bu","13:30:04",6991000
21600,150,1000,"bu","13:29:53",6990900
21600,150,300,"bu","13:29:50",6989900
21600,150,2400,"bu","13:29:44",6989600
21600,150,100,"bu","13:29:39",6987200
21600,150,5000,"bu","13:29:29",6987100
21600,150,100,"sd","13:29:20",6982100
21600,150,500,"sd","13:29:20",6982000
21600,150,200,"sd","13:29:20",6981500
21600,150,1000,"sd","13:29:20",6981300
21600,150,30000,"sd","13:29:20",6980300
21600,150,100,"sd","13:29:20",6950300
21600,150,300,"sd","13:29:20",6950200
21600,150,500,"sd","13:29:20",6949900
21600,150,1000,"sd","13:29:20",6949400
21600,150,100,"sd","13:29:20",6948400
21600,150,5400,"sd","13:29:20",6948300
21600,150,500,"sd","13:29:09",6942900
21600,150,4100,"sd","13:28:59",6942400
21600,150,1000,"sd","13:28:59",6938300
21600,150,5000,"sd","13:28:59",6937300
21600,150,2000,"sd","13:28:59",6932300
21600,150,100,"sd","13:28:59",6930300
21600,150,23700,"sd","13:28:59",6930200
21600,150,4300,"sd","13:28:59",6906500
21650,200,1000,"sd","13:28:59",6902200
21650,200,1000,"sd","13:28:59",6901200
21600,150,100,"sd","13:28:59",6900200
21650,200,5000,"sd","13:28:59",6900100
21650,200,100,"sd","13:28:59",6895100
21650,200,1000,"sd","13:28:59",6895000
21650,200,600,"sd","13:28:59",6894000
21650,200,1000,"sd","13:28:59",6893400
21650,200,1000,"sd","13:28:33",6892400
21700,250,18900,"bu","13:28:06",6891400
21700,250,4800,"bu","13:28:06",6872500
21700,250,7700,"bu","13:27:59",6867700
21700,250,100,"bu","13:27:48",6860000
21700,250,100,"bu","13:27:46",6859900
21650,200,200,"sd","13:27:41",6859800
21650,200,700,"sd","13:27:41",6859600
21700,250,500,"bu","13:27:39",6858900
21700,250,2300,"bu","13:27:00",6858400
21650,200,1000,"sd","13:26:56",6856100
21650,200,6200,"sd","13:26:25",6855100
21650,200,3800,"sd","13:26:25",6848900
21650,200,900,"bu","13:26:11",6845100
21650,200,300,"bu","13:26:11",6844200
21650,200,100,"bu","13:26:06",6843900
21650,200,500,"bu","13:26:06",6843800
21650,200,5000,"bu","13:26:00",6843300
21650,200,600,"bu","13:25:58",6838300
21650,200,100,"bu","13:25:58",6837700
21650,200,3300,"bu","13:25:55",6837600
21650,200,100,"bu","13:25:50",6834300
21650,200,4900,"bu","13:25:50",6834200
21650,200,15100,"bu","13:25:47",6829300
21650,200,1100,"bu","13:25:47",6814200
21650,200,1400,"bu","13:25:32",6813100
21650,200,1000,"bu","13:25:30",6811700
21650,200,1500,"bu","13:25:27",6810700
21650,200,1000,"bu","13:25:27",6809200
21650,200,2500,"bu","13:25:27",6808200
21650,200,100,"bu","13:25:24",6805700
21650,200,7900,"sd","13:25:09",6805600
21650,200,1700,"sd","13:25:09",6797700
21650,200,37800,"sd","13:25:09",6796000
21650,200,10000,"sd","13:24:54",6758200
21650,200,4000,"sd","13:24:51",6748200
21650,200,16000,"sd","13:24:51",6744200
21600,150,900,"sd","13:24:26",6728200
21650,200,100,"sd","13:24:26",6727300
21700,250,14900,"bu","13:24:22",6727200
21700,250,4200,"bu","13:24:16",6712300
21650,200,19500,"unknown","13:24:16",6708100
21650,200,500,"bu","13:24:11",6688600
21650,200,900,"bu","13:24:11",6688100
21650,200,16700,"bu","13:24:11",6687200
21650,200,1000,"bu","13:23:55",6670500
21650,200,600,"bu","13:23:48",6669500
21650,200,600,"bu","13:23:45",6668900
21650,200,1000,"bu","13:23:42",6668300
21650,200,100,"bu","13:23:14",6667300
21700,250,11100,"bu","13:23:01",6667200
21650,200,600,"bu","13:23:01",6656100
21650,200,40000,"bu","13:23:01",6655500
21650,200,20000,"bu","13:23:01",6615500
21650,200,5000,"bu","13:23:01",6595500
21650,200,23300,"bu","13:23:01",6590500
21600,150,18500,"sd","13:22:58",6567200
21600,150,1500,"sd","13:22:58",6548700
21600,150,10000,"sd","13:22:53",6547200
21600,150,800,"sd","13:22:48",6537200
21600,150,10000,"bu","13:22:44",6536400
21600,150,100,"bu","13:22:44",6526400
21600,150,7300,"bu","13:22:44",6526300
21600,150,4000,"bu","13:22:44",6519000
21600,150,7300,"bu","13:22:44",6515000
21600,150,13000,"bu","13:22:44",6507700
21600,150,400,"bu","13:22:27",6494700
21600,150,6600,"bu","13:22:17",6494300
21600,150,7300,"bu","13:22:17",6487700
21600,150,3300,"bu","13:22:17",6480400
21550,100,800,"sd","13:22:06",6477100
21550,100,900,"sd","13:22:04",6476300
21600,150,15300,"bu","13:21:55",6475400
21600,150,23700,"bu","13:21:52",6460100
21600,150,300,"sd","13:21:46",6436400
21600,150,2000,"sd","13:21:46",6436100
21600,150,100,"sd","13:21:46",6434100
21600,150,200,"sd","13:21:46",6434000
21600,150,5100,"sd","13:21:46",6433800
21600,150,600,"sd","13:21:43",6428700
21600,150,2200,"sd","13:21:40",6428100
21600,150,1000,"sd","13:21:40",6425900
21600,150,1800,"sd","13:21:40",6424900
21600,150,1000,"sd","13:21:40",6423100
21600,150,5100,"sd","13:21:38",6422100
21600,150,100,"sd","13:21:38",6417000
21600,150,1000,"sd","13:21:38",6416900
21600,150,200,"sd","13:21:38",6415900
21600,150,2000,"sd","13:21:38",6415700
21600,150,300,"sd","13:21:38",6413700
21600,150,10000,"sd","13:21:38",6413400
21600,150,1000,"sd","13:21:38",6403400
21600,150,800,"sd","13:21:38",6402400
21600,150,29500,"sd","13:21:38",6401600
21650,200,23700,"bu","13:21:32",6372100
21600,150,3500,"sd","13:21:24",6348400
21600,150,1000,"sd","13:21:24",6344900
21600,150,500,"sd","13:21:24",6343900
21600,150,900,"sd","13:21:18",6343400
21600,150,1500,"sd","13:21:17",6342500
21600,150,10000,"sd","13:21:08",6341000
21600,150,9100,"sd","13:21:08",6331000
21600,150,10000,"sd","13:21:03",6321900
21600,150,200,"sd","13:21:02",6311900
21650,200,100,"bu","13:20:58",6311700
21650,200,100,"bu","13:20:52",6311600
21600,150,100,"sd","13:20:45",6311500
21600,150,20000,"sd","13:20:44",6311400
21600,150,100,"sd","13:20:33",6291400
21600,150,800,"sd","13:20:32",6291300
21600,150,5000,"sd","13:20:32",6290500
21600,150,100,"sd","13:20:31",6285500
21600,150,300,"sd","13:20:25",6285400
21600,150,1000,"sd","13:19:48",6285100
21650,200,500,"bu","13:19:48",6284100
21650,200,5000,"bu","13:19:43",6283600
21650,200,7900,"bu","13:19:35",6278600
21650,200,600,"sd","13:19:34",6270700
21650,200,1000,"sd","13:19:34",6270100
21650,200,1000,"sd","13:19:34",6269100
21650,200,10000,"sd","13:19:34",6268100
21650,200,300,"sd","13:19:34",6258100
21650,200,26500,"sd","13:19:34",6257800
21650,200,50000,"sd","13:19:16",6231300
21700,250,2000,"bu","13:19:16",6181300
21650,200,23500,"sd","13:19:05",6179300
21650,200,1500,"sd","13:19:05",6155800
21650,200,100,"sd","13:18:56",6154300
21650,200,100,"sd","13:18:56",6154200
21650,200,700,"sd","13:18:56",6154100
21650,200,100,"sd","13:18:56",6153400
21700,250,200,"bu","13:18:55",6153300
21700,250,100,"bu","13:18:43",6153100
21700,250,2000,"bu","13:18:32",6153000
21650,200,500,"sd","13:18:26",6151000
21650,200,1100,"sd","13:18:05",6150500
21650,200,300,"sd","13:17:36",6149400
21650,200,800,"sd","13:17:08",6149100
21650,200,500,"sd","13:17:00",6148300
21650,200,100,"bu","13:16:58",6147800
21650,200,1000,"bu","13:16:58",6147700
21650,200,16200,"bu","13:16:58",6146700
21650,200,2000,"bu","13:16:52",6130500
21650,200,300,"bu","13:16:41",6128500
21650,200,300,"bu","13:16:40",6128200
21650,200,300,"bu","13:16:39",6127900
21650,200,200,"sd","13:16:36",6127600
21700,250,1000,"sd","13:16:36",6127400
21700,250,900,"sd","13:16:35",6126400
21700,250,3800,"sd","13:16:35",6125500
21700,250,1000,"bu","13:16:24",6121700
21700,250,200,"bu","13:16:23",6120700
21700,250,1800,"bu","13:16:23",6120500
21650,200,200,"bu","13:16:23",6118700
21650,200,500,"sd","13:16:23",6118500
21650,200,20000,"sd","13:16:23",6118000
21650,200,1000,"sd","13:16:23",6098000
21650,200,800,"sd","13:16:23",6097000
21650,200,26900,"sd","13:16:23",6096200
21700,250,100,"sd","13:16:23",6069300
21700,250,500,"sd","13:16:23",6069200
21700,250,2400,"sd","13:16:14",6068700
21700,250,500,"sd","13:16:14",6066300
21700,250,100,"sd","13:16:14",6065800
21750,300,500,"bu","13:15:49",6065700
21750,300,1000,"bu","13:15:40",6065200
21650,200,25000,"sd","13:15:32",6064200
21650,200,44400,"sd","13:15:28",6039200
21700,250,2000,"sd","13:15:28",5994800
21700,250,200,"sd","13:15:28",5992800
21700,250,10100,"sd","13:15:28",5992600
21700,250,1500,"sd","13:15:18",5982500
21700,250,1000,"sd","13:15:17",5981000
21700,250,900,"bu","13:14:47",5980000
21700,250,20000,"bu","13:14:47",5979100
21700,250,600,"bu","13:14:47",5959100
21700,250,400,"bu","13:14:47",5958500
21700,250,200,"bu","13:14:47",5958100
21700,250,20000,"bu","13:14:47",5957900
21700,250,20000,"bu","13:14:47",5937900
21700,250,100,"bu","13:14:47",5917900
21700,250,20000,"bu","13:14:47",5917800
21700,250,4200,"bu","13:14:47",5897800
21700,250,300,"bu","13:14:39",5893600
21700,250,2100,"bu","13:14:18",5893300
21650,200,600,"sd","13:14:04",5891200
21650,200,2200,"bu","13:14:01",5890600
21650,200,900,"bu","13:14:01",5888400
21650,200,1000,"bu","13:14:01",5887500
21650,200,6800,"bu","13:14:00",5886500
21650,200,5000,"bu","13:14:00",5879700
21650,200,100,"bu","13:14:00",5874700
21650,200,8100,"bu","13:14:00",5874600
21650,200,72000,"bu","13:13:56",5866500
21650,200,19900,"bu","13:13:37",5794500
21650,200,3800,"bu","13:13:37",5774600
21650,200,200,"bu","13:13:21",5770800
21650,200,400,"bu","13:13:21",5770600
21650,200,1000,"bu","13:13:21",5770200
21650,200,100,"bu","13:13:21",5769200
21650,200,20000,"bu","13:13:21",5769100
21650,200,2000,"bu","13:13:21",5749100
21600,150,500,"sd","13:13:19",5747100
21600,150,500,"sd","13:13:15",5746600
21600,150,900,"sd","13:13:10",5746100
21600,150,200,"sd","13:13:08",5745200
21600,150,500,"bu","13:13:08",5745000
21600,150,200,"bu","13:13:08",5744500
21600,150,37600,"bu","13:13:08",5744300
21600,150,2000,"bu","13:12:50",5706700
21600,150,100,"bu","13:12:40",5704700
21600,150,100,"bu","13:12:35",5704600
21600,150,10200,"bu","13:12:33",5704500
21600,150,500,"bu","13:12:33",5694300
21600,150,500,"bu","13:12:33",5693800
21600,150,100,"bu","13:12:33",5693300
21600,150,12700,"bu","13:12:33",5693200
21600,150,100,"bu","13:12:30",5680500
21600,150,5000,"bu","13:12:26",5680400
21550,100,200,"sd","13:12:26",5675400
21550,100,300,"sd","13:12:26",5675200
21550,100,2500,"sd","13:12:26",5674900
21600,150,3500,"bu","13:12:20",5672400
21550,100,500,"sd","13:12:19",5668900
21550,100,200,"sd","13:12:19",5668400
21550,100,200,"sd","13:12:19",5668200
21600,150,100,"bu","13:12:03",5668000
21600,150,100,"bu","13:11:57",5667900
21600,150,1000,"bu","13:11:54",5667800
21550,100,300,"sd","13:11:54",5666800
21600,150,500,"bu","13:11:52",5666500
21600,150,1000,"bu","13:11:50",5666000
21600,150,18000,"bu","13:11:44",5665000
21600,150,7900,"bu","13:11:40",5647000
21550,100,900,"sd","13:11:35",5639100
21550,100,100,"sd","13:10:48",5638200
21550,100,500,"sd","13:10:48",5638100
21550,100,200,"sd","13:10:48",5637600
21550,100,100,"sd","13:10:48",5637400
21550,100,800,"sd","13:10:02",5637300
21550,100,900,"sd","13:09:17",5636500
21550,100,300,"sd","13:09:16",5635600
21550,100,100,"sd","13:08:49",5635300
21550,100,900,"sd","13:08:32",5635200
21550,100,900,"bu","13:08:19",5634300
21550,100,1000,"bu","13:08:19",5633400
21550,100,10000,"bu","13:08:17",5632400
21500,50,100,"sd","13:08:16",5622400
21550,100,100,"bu","13:08:16",5622300
21550,100,1500,"bu","13:08:13",5622200
21550,100,5000,"bu","13:08:13",5620700
21550,100,100,"bu","13:08:11",5615700
21550,100,1000,"bu","13:08:09",5615600
21550,100,10000,"bu","13:08:07",5614600
21550,100,100,"bu","13:08:05",5604600
21550,100,500,"bu","13:07:53",5604500
21550,100,1000,"bu","13:07:42",5604000
21500,50,400,"sd","13:07:42",5603000
21500,50,100,"sd","13:07:42",5602600
21550,100,2000,"bu","13:07:34",5602500
21550,100,8500,"bu","13:07:32",5600500
21550,100,2000,"bu","13:07:29",5592000
21550,100,7200,"bu","13:07:11",5590000
21550,100,16500,"bu","13:07:11",5582800
21550,100,2300,"bu","13:07:06",5566300
21500,50,800,"sd","13:06:59",5564000
21550,100,500,"sd","13:06:59",5563200
21550,100,500,"sd","13:06:59",5562700
21550,100,200,"sd","13:06:59",5562200
21600,150,100,"bu","13:06:59",5562000
21600,150,700,"bu","13:06:59",5561900
21600,150,3000,"bu","13:06:59",5561200
21600,150,16200,"bu","13:06:59",5558200
21600,150,1500,"sd","13:06:34",5542000
21600,150,700,"sd","13:06:34",5540500
21600,150,100,"sd","13:06:34",5539800
21600,150,5000,"sd","13:06:34",5539700
21600,150,9400,"sd","13:06:34",5534700
21600,150,7900,"sd","13:06:34",5525300
21600,150,7900,"sd","13:06:34",5517400
21600,150,23700,"sd","13:06:34",5509500
21600,150,7900,"sd","13:06:34",5485800
21600,150,7900,"sd","13:06:34",5477900
21600,150,7900,"sd","13:06:34",5470000
21600,150,900,"sd","13:06:34",5462100
21600,150,100,"sd","13:06:34",5461200
21600,150,2900,"sd","13:06:34",5461100
21600,150,500,"sd","13:06:17",5458200
21600,150,900,"sd","13:06:16",5457700
21600,150,5000,"sd","13:06:10",5456800
21600,150,1000,"sd","13:06:08",5451800
21600,150,500,"sd","13:06:01",5450800
21650,200,600,"bu","13:05:50",5450300
21650,200,400,"bu","13:05:50",5449700
21650,200,100,"bu","13:05:30",5449300
21600,150,1100,"sd","13:05:26",5449200
21600,150,1700,"sd","13:05:23",5448100
21600,150,200,"sd","13:05:23",5446400
21650,200,100,"bu","13:05:21",5446200
21600,150,100,"sd","13:05:20",5446100
21600,150,1000,"sd","13:04:54",5446000
21600,150,1000,"sd","13:04:51",5445000
21600,150,900,"sd","13:04:32",5444000
21600,150,4700,"sd","13:04:25",5443100
21600,150,800,"sd","13:03:47",5438400
21600,150,1000,"sd","13:03:01",5437600
21650,200,1400,"bu","13:02:47",5436600
21650,200,18600,"bu","13:02:47",5435200
21650,200,100,"bu","13:02:14",5416600
21600,150,800,"sd","13:02:14",5416500
21600,150,200,"sd","13:01:50",5415700
21600,150,1000,"sd","13:01:28",5415500
21650,200,23700,"bu","13:01:16",5414500
21600,150,10000,"sd","13:01:14",5390800
21600,150,400,"sd","13:01:10",5380800
21650,200,7600,"bu","13:00:54",5380400
21650,200,100,"bu","13:00:54",5372800
21650,200,200,"bu","13:00:54",5372700
21650,200,100,"bu","13:00:54",5372500
21600,150,200,"sd","13:00:28",5372400
21600,150,200,"sd","13:00:24",5372200
21600,150,100,"sd","13:00:24",5372000
21600,150,700,"sd","13:00:24",5371900
21600,150,500,"sd","13:00:23",5371200
21600,150,10000,"sd","13:00:22",5370700
21600,150,600,"bu","13:00:20",5360700
21600,150,1500,"bu","13:00:20",5360100
21600,150,800,"bu","13:00:20",5358600
21600,150,500,"bu","13:00:20",5357800
21600,150,300,"bu","13:00:20",5357300
21600,150,200,"bu","13:00:20",5357000
21600,150,200,"bu","13:00:20",5356800
21600,150,50000,"bu","13:00:20",5356600
21600,150,122700,"bu","13:00:20",5306600
21600,150,20000,"bu","13:00:20",5183900
21600,150,55000,"bu","13:00:20",5163900
21550,100,800,"bu","13:00:20",5108900
21550,100,200,"bu","13:00:13",5108100
21550,100,700,"bu","13:00:13",5107900
21500,50,500,"sd","13:00:11",5107200
21550,100,100,"bu","13:00:09",5106700
21550,100,100,"bu","13:00:09",5106600
21500,50,600,"sd","13:00:07",5106500
21500,50,500,"sd","13:00:07",5105900
21500,50,1000,"sd","13:00:07",5105400
21600,150,27600,"bu","13:00:02",5104400
21550,100,900,"bu","13:00:02",5076800
21550,100,1500,"bu","13:00:02",5075900
21550,100,1100,"bu","13:00:02",5074400
21550,100,100,"bu","13:00:02",5073300
21500,50,2100,"sd","13:00:02",5073200
21500,50,500,"sd","13:00:02",5071100
21550,100,100,"bu","13:00:02",5070600
21500,50,10000,"sd","13:00:02",5070500
21550,100,600,"bu","13:00:02",5060500
21500,50,500,"sd","13:00:01",5059900
21500,50,6000,"sd","13:00:01",5059400
21500,50,300,"sd","13:00:01",5053400
21500,50,300,"sd","13:00:01",5053100
21550,100,10900,"unknown","13:00:01",5052800
21500,50,2000,"sd","13:00:01",5041900
21500,50,500,"sd","13:00:01",5039900
21500,50,22000,"sd","13:00:01",5039400
21500,50,5000,"sd","13:00:01",5017400
21450,0,43000,"sd","13:00:01",5012400
21500,50,200,"sd","13:00:01",4969400
21500,50,2000,"sd","13:00:01",4969200
21500,50,200,"sd","13:00:01",4967200
21500,50,100,"sd","13:00:01",4967000
21500,50,100,"sd","13:00:01",4966900
21500,50,200,"sd","13:00:01",4966800
21600,150,1000,"bu","13:00:01",4966600
21600,150,200,"bu","13:00:01",4965600
21500,50,100,"sd","13:00:01",4965400
21500,50,500,"sd","13:00:01",4965300
21500,50,3000,"unknown","13:00:00",4964800
21500,50,500,"sd","13:00:00",4961800
21500,50,600,"sd","13:00:00",4961300
21500,50,1000,"sd","13:00:00",4960700
21500,50,100,"sd","13:00:00",4959700
21500,50,1000,"sd","13:00:00",4959600
21500,50,200,"sd","13:00:00",4958600
21500,50,100,"sd","13:00:00",4958400
21500,50,200,"sd","13:00:00",4958300
21500,50,300,"sd","13:00:00",4958100
21500,50,10000,"sd","13:00:00",4957800
21500,50,14700,"sd","13:00:00",4947800
21500,50,3000,"sd","13:00:00",4933100
21550,100,100,"sd","13:00:00",4930100
21500,50,1000,"sd","13:00:00",4930000
21500,50,4000,"sd","13:00:00",4929000
21550,100,300,"sd","13:00:00",4925000
21550,100,100,"sd","13:00:00",4924700
21600,150,100,"bu","12:59:59",4924600
21550,100,100,"sd","12:59:59",4924500
21600,150,2000,"bu","11:29:53",4924400
21600,150,1000,"bu","11:29:41",4922400
21550,100,800,"sd","11:29:30",4921400
21550,100,900,"sd","11:28:45",4920600
21550,100,1000,"sd","11:27:59",4919700
21550,100,1000,"sd","11:27:09",4918700
21550,100,800,"sd","11:26:15",4917700
21600,150,100,"bu","11:26:14",4916900
21550,100,1000,"bu","11:25:37",4916800
21550,100,8000,"bu","11:25:37",4915800
21550,100,5100,"bu","11:25:37",4907800
21550,100,3000,"bu","11:25:34",4902700
21500,50,900,"sd","11:25:32",4899700
21550,100,300,"bu","11:25:20",4898800
21550,100,300,"bu","11:25:13",4898500
21500,50,800,"sd","11:24:49",4898200
21550,100,600,"bu","11:24:44",4897400
21550,100,5000,"bu","11:24:12",4896800
21500,50,900,"sd","11:24:05",4891800
21550,100,2500,"bu","11:24:00",4890900
21550,100,200,"bu","11:23:55",4888400
21550,100,500,"bu","11:23:51",4888200
21550,100,2500,"bu","11:23:39",4887700
21550,100,100,"bu","11:23:39",4885200
21550,100,2400,"bu","11:23:39",4885100
21550,100,200,"bu","11:23:33",4882700
21550,100,200,"sd","11:23:28",4882500
21550,100,100,"sd","11:23:28",4882300
21550,100,200,"sd","11:23:28",4882200
21550,100,500,"sd","11:23:28",4882000
21550,100,2000,"sd","11:23:28",4881500
21550,100,1000,"sd","11:23:28",4879500
21550,100,100,"sd","11:23:28",4878500
21550,100,100,"sd","11:23:27",4878400
21550,100,3000,"sd","11:23:27",4878300
21550,100,800,"sd","11:23:22",4875300
21550,100,10000,"sd","11:23:00",4874500
21550,100,900,"sd","11:22:38",4864500
21550,100,1000,"sd","11:22:19",4863600
21550,100,100,"sd","11:22:06",4862600
21550,100,100,"sd","11:22:06",4862500
21550,100,300,"sd","11:22:06",4862400
21550,100,4500,"sd","11:22:06",4862100
21550,100,500,"sd","11:21:54",4857600
21550,100,400,"sd","11:21:54",4857100
21550,100,300,"sd","11:21:39",4856700
21550,100,300,"sd","11:21:09",4856400
21550,100,100,"sd","11:21:09",4856100
21550,100,300,"sd","11:21:09",4856000
21550,100,1400,"sd","11:21:09",4855700
21550,100,300,"sd","11:21:09",4854300
21550,100,2000,"sd","11:21:09",4854000
21550,100,300,"sd","11:21:09",4852000
21550,100,300,"sd","11:21:09",4851700
21550,100,800,"sd","11:21:06",4851400
21550,100,1000,"sd","11:20:42",4850600
21550,100,800,"sd","11:20:24",4849600
21550,100,300,"sd","11:20:23",4848800
21550,100,900,"sd","11:19:40",4848500
21600,150,5000,"sd","11:19:28",4847600
21600,150,7900,"sd","11:19:28",4842600
21600,150,100,"sd","11:19:28",4834700
21600,150,2000,"sd","11:19:02",4834600
21600,150,900,"sd","11:18:55",4832600
21600,150,1000,"bu","11:18:37",4831700
21600,150,500,"bu","11:18:37",4830700
21600,150,100,"sd","11:18:25",4830200
21600,150,500,"sd","11:18:25",4830100
21600,150,2000,"sd","11:18:25",4829600
21600,150,400,"sd","11:18:25",4827600
21600,150,200,"sd","11:18:08",4827200
21600,150,300,"sd","11:18:08",4827000
21600,150,300,"sd","11:18:08",4826700
21650,200,100,"bu","11:17:58",4826400
21650,200,7900,"sd","11:17:54",4826300
21650,200,7900,"sd","11:17:54",4818400
21650,200,16700,"sd","11:17:54",4810500
21650,200,100,"sd","11:17:31",4793800
21650,200,500,"sd","11:17:31",4793700
21600,150,3000,"bu","11:17:25",4793200
21600,150,2700,"bu","11:17:25",4790200
21550,100,900,"sd","11:17:25",4787500
21600,150,7300,"bu","11:17:14",4786600
21600,150,1000,"bu","11:17:14",4779300
21600,150,15400,"bu","11:17:14",4778300
21600,150,100,"sd","11:16:46",4762900
21600,150,7900,"sd","11:16:46",4762800
21600,150,1200,"sd","11:16:46",4754900
21600,150,300,"sd","11:16:46",4753700
21600,150,600,"sd","11:16:46",4753400
21600,150,174500,"sd","11:16:46",4752800
21600,150,1000,"sd","11:16:40",4578300
21650,200,300,"sd","11:16:09",4577300
21650,200,500,"sd","11:16:09",4577000
21650,200,300,"sd","11:16:09",4576500
21650,200,23700,"sd","11:16:09",4576200
21650,200,18500,"sd","11:16:09",4552500
21700,250,1000,"sd","11:16:05",4534000
21700,250,200,"sd","11:16:05",4533000
21700,250,2200,"sd","11:16:05",4532800
21700,250,100,"sd","11:15:57",4530600
21700,250,23700,"sd","11:15:57",4530500
21700,250,300,"sd","11:15:57",4506800
21700,250,900,"sd","11:15:57",4506500
21700,250,500,"sd","11:15:51",4505600
21750,300,7900,"bu","11:15:49",4505100
21750,300,7900,"bu","11:15:48",4497200
21700,250,400,"sd","11:15:48",4489300
21700,250,2000,"sd","11:15:37",4488900
21750,300,1500,"bu","11:15:24",4486900
21700,250,500,"sd","11:15:20",4485400
21700,250,200,"sd","11:15:00",4484900
21700,250,500,"sd","11:15:00",4484700
21700,250,400,"sd","11:15:00",4484200
21700,250,1000,"sd","11:14:53",4483800
21700,250,500,"bu","11:14:50",4482800
21700,250,600,"bu","11:14:50",4482300
21700,250,500,"bu","11:14:50",4481700
21700,250,30000,"bu","11:14:50",4481200
21700,250,14000,"bu","11:14:50",4451200
21700,250,100,"bu","11:14:46",4437200
21700,250,23700,"bu","11:14:44",4437100
21700,250,2000,"bu","11:14:42",4413400
21700,250,4100,"bu","11:14:36",4411400
21700,250,500,"bu","11:14:28",4407300
21700,250,100,"bu","11:14:22",4406800
21650,200,900,"sd","11:14:04",4406700
21650,200,4300,"sd","11:14:00",4405800
21650,200,3100,"sd","11:14:00",4401500
21650,200,2600,"sd","11:14:00",4398400
21700,250,23700,"bu","11:13:55",4395800
21650,200,17400,"sd","11:13:55",4372100
21650,200,2600,"sd","11:13:55",4354700
21700,250,7900,"bu","11:13:29",4352100
21700,250,7900,"bu","11:13:27",4344200
21700,250,7900,"bu","11:13:26",4336300
21700,250,7900,"bu","11:13:26",4328400
21700,250,200,"bu","11:13:26",4320500
21700,250,100,"bu","11:13:26",4320300
21700,250,3000,"bu","11:13:26",4320200
21700,250,200,"bu","11:13:26",4317200
21700,250,200,"bu","11:13:26",4317000
21700,250,400,"bu","11:13:26",4316800
21700,250,1800,"bu","11:13:26",4316400
21700,250,2000,"bu","11:13:26",4314600
21700,250,3200,"bu","11:13:25",4312600
21700,250,100,"bu","11:13:25",4309400
21700,250,4600,"bu","11:13:25",4309300
21700,250,4100,"bu","11:13:25",4304700
21650,200,1000,"sd","11:13:16",4300600
21700,250,7900,"bu","11:13:10",4299600
21650,200,500,"bu","11:13:06",4291700
21650,200,5000,"bu","11:13:06",4291200
21650,200,10000,"bu","11:13:06",4286200
21650,200,4600,"bu","11:13:06",4276200
21600,150,5000,"bu","11:13:01",4271600
21600,150,100,"bu","11:13:01",4266600
21600,150,100,"bu","11:13:01",4266500
21600,150,19300,"bu","11:13:00",4266400
21600,150,10000,"bu","11:13:00",4247100
21600,150,3700,"bu","11:12:59",4237100
21600,150,14900,"bu","11:12:46",4233400
21600,150,18100,"bu","11:12:39",4218500
21600,150,400,"bu","11:12:24",4200400
21550,100,900,"sd","11:12:23",4200000
21600,150,23700,"bu","11:12:02",4199100
21600,150,300,"bu","11:11:52",4175400
21550,100,800,"sd","11:11:37",4175100
21550,100,200,"sd","11:11:15",4174300
21550,100,1000,"sd","11:11:01",4174100
21550,100,900,"sd","11:10:53",4173100
21500,50,10000,"sd","11:10:50",4172200
21500,50,1000,"sd","11:10:50",4162200
21500,50,200,"sd","11:10:50",4161200
21500,50,1000,"sd","11:10:50",4161000
21500,50,200,"sd","11:10:50",4160000
21500,50,1000,"sd","11:10:50",4159800
21500,50,1000,"sd","11:10:50",4158800
21500,50,300,"sd","11:10:50",4157800
21500,50,200,"sd","11:10:50",4157500
21500,50,3000,"sd","11:10:50",4157300
21500,50,2000,"sd","11:10:50",4154300
21500,50,500,"sd","11:10:50",4152300
21500,50,1000,"sd","11:10:50",4151800
21500,50,1100,"sd","11:10:50",4150800
21500,50,1000,"sd","11:10:50",4149700
21500,50,20000,"sd","11:10:50",4148700
21500,50,1500,"sd","11:10:50",4128700
21500,50,300,"sd","11:10:50",4127200
21500,50,500,"sd","11:10:50",4126900
21500,50,2000,"sd","11:10:50",4126400
21500,50,100,"sd","11:10:50",4124400
21500,50,100,"sd","11:10:50",4124300
21500,50,200,"sd","11:10:50",4124200
21500,50,500,"sd","11:10:50",4124000
21500,50,500,"sd","11:10:50",4123500
21500,50,500,"sd","11:10:50",4123000
21500,50,700,"sd","11:10:50",4122500
21500,50,100,"sd","11:10:50",4121800
21550,100,7900,"sd","11:10:50",4121700
21550,100,1600,"sd","11:10:50",4113800
21550,100,400,"sd","11:10:28",4112200
21550,100,20000,"sd","11:10:24",4111800
21550,100,10000,"sd","11:10:19",4091800
21550,100,1000,"sd","11:10:07",4081800
21550,100,1100,"sd","11:10:06",4080800
21550,100,1000,"sd","11:10:06",4079700
21550,100,200,"sd","11:10:06",4078700
21550,100,600,"sd","11:10:06",4078500
21550,100,200,"sd","11:10:06",4077900
21550,100,500,"sd","11:10:06",4077700
21550,100,1400,"sd","11:10:06",4077200
21600,150,1000,"bu","11:10:01",4075800
21600,150,5000,"sd","11:09:49",4074800
21600,150,3600,"sd","11:09:49",4069800
21600,150,4300,"sd","11:09:44",4066200
21600,150,500,"sd","11:09:44",4061900
21600,150,200,"sd","11:09:44",4061400
21600,150,100,"sd","11:09:39",4061200
21600,150,100,"sd","11:09:26",4061100
21600,150,7000,"sd","11:09:26",4061000
21600,150,100,"sd","11:09:26",4054000
21600,150,200,"sd","11:09:26",4053900
21600,150,900,"sd","11:09:26",4053700
21600,150,500,"sd","11:09:26",4052800
21600,150,5000,"sd","11:09:26",4052300
21600,150,100,"sd","11:09:26",4047300
21600,150,32000,"sd","11:09:26",4047200
21600,150,3800,"sd","11:09:26",4015200
21600,150,300,"sd","11:09:26",4011400
21600,150,200,"sd","11:09:18",4011100
21600,150,800,"sd","11:09:17",4010900
21650,200,7900,"sd","11:09:11",4010100
21650,200,7900,"sd","11:09:11",4002200
21650,200,7900,"sd","11:09:11",3994300
21650,200,100,"sd","11:09:11",3986400
21650,200,100,"sd","11:09:11",3986300
21650,200,7900,"sd","11:09:11",3986200
21650,200,7900,"sd","11:09:11",3978300
21650,200,7900,"sd","11:09:11",3970400
21650,200,7900,"sd","11:09:11",3962500
21650,200,7900,"sd","11:09:11",3954600
21650,200,7900,"sd","11:09:11",3946700
21650,200,7900,"sd","11:09:11",3938800
21650,200,300,"sd","11:09:11",3930900
21650,200,7900,"sd","11:09:11",3930600
21650,200,7900,"sd","11:09:11",3922700
21650,200,100,"sd","11:09:11",3914800
21650,200,900,"sd","11:08:45",3914700
21650,200,1000,"sd","11:08:45",3913800
21650,200,200,"sd","11:08:45",3912800
21650,200,7900,"sd","11:08:45",3912600
21650,200,10000,"sd","11:08:45",3904700
21650,200,100,"sd","11:08:45",3894700
21650,200,200,"sd","11:08:45",3894600
21650,200,100,"sd","11:08:45",3894400
21650,200,200,"sd","11:08:45",3894300
21650,200,2000,"sd","11:08:45",3894100
21650,200,27400,"sd","11:08:45",3892100
21650,200,800,"sd","11:08:34",3864700
21650,200,50000,"sd","11:08:25",3863900
21700,250,1200,"bu","11:07:56",3813900
21650,200,900,"sd","11:07:50",3812700
21700,250,200,"bu","11:07:48",3811800
21650,200,900,"sd","11:07:06",3811600
21650,200,2000,"sd","11:06:54",3810700
21650,200,5000,"sd","11:06:46",3808700
21650,200,800,"sd","11:06:19",3803700
21650,200,2000,"sd","11:05:53",3802900
21650,200,900,"sd","11:05:35",3800900
21650,200,12000,"sd","11:05:29",3800000
21650,200,900,"sd","11:04:51",3788000
21700,250,1000,"bu","11:04:25",3787100
21650,200,600,"sd","11:04:23",3786100
21650,200,900,"sd","11:04:03",3785500
21700,250,1000,"bu","11:03:53",3784600
21650,200,400,"sd","11:03:43",3783600
21700,250,100,"sd","11:03:43",3783200
21700,250,500,"sd","11:03:43",3783100
21700,250,400,"sd","11:03:41",3782600
21700,250,100,"bu","11:03:36",3782200
21700,250,100,"bu","11:03:26",3782100
21700,250,700,"bu","11:03:26",3782000
21650,200,800,"sd","11:03:18",3781300
21700,250,300,"bu","11:03:18",3780500
21700,250,100,"bu","11:03:18",3780200
21650,200,10100,"sd","11:02:05",3780100
21700,250,7900,"sd","11:02:05",3770000
21700,250,2000,"sd","11:02:05",3762100
21700,250,5900,"sd","11:01:48",3760100
21700,250,4100,"sd","11:01:48",3754200
21700,250,2500,"sd","11:01:45",3750100
21700,250,500,"bu","11:01:42",3747600
21700,250,100,"bu","11:01:42",3747100
21700,250,3000,"bu","11:01:42",3747000
21700,250,700,"bu","11:01:42",3744000
21700,250,9100,"bu","11:01:42",3743300
21650,200,1100,"sd","11:01:41",3734200
21650,200,800,"sd","11:00:47",3733100
21650,200,1000,"sd","11:00:44",3732300
21700,250,3000,"bu","11:00:35",3731300
21650,200,1500,"sd","11:00:24",3728300
21650,200,1000,"sd","11:00:02",3726800
21650,200,1000,"sd","10:59:51",3725800
21650,200,900,"sd","10:59:09",3724800
21650,200,4000,"sd","10:59:07",3723900
21700,250,7900,"sd","10:59:06",3719900
21700,250,500,"sd","10:58:55",3712000
21700,250,100,"sd","10:58:55",3711500
21700,250,1300,"sd","10:58:55",3711400
21700,250,100,"sd","10:58:55",3710100
21700,250,6000,"sd","10:58:55",3710000
21700,250,800,"sd","10:58:25",3704000
21700,250,100,"sd","10:58:18",3703200
21700,250,1000,"sd","10:58:00",3703100
21700,250,300,"sd","10:58:00",3702100
21700,250,7900,"sd","10:58:00",3701800
21700,250,7900,"sd","10:58:00",3693900
21700,250,400,"sd","10:58:00",3686000
21700,250,2500,"sd","10:58:00",3685600
21700,250,5400,"sd","10:57:52",3683100
21700,250,7900,"sd","10:57:52",3677700
21700,250,7900,"sd","10:57:52",3669800
21700,250,5000,"sd","10:57:52",3661900
21700,250,600,"sd","10:57:52",3656900
21700,250,200,"sd","10:57:52",3656300
21700,250,50000,"sd","10:57:52",3656100
21700,250,100,"sd","10:57:52",3606100
21700,250,200,"sd","10:57:52",3606000
21700,250,22700,"sd","10:57:52",3605800
21700,250,900,"sd","10:57:42",3583100
21750,300,300,"sd","10:57:14",3582200
21750,300,1700,"sd","10:57:14",3581900
21750,300,900,"sd","10:56:59",3580200
21750,300,200,"sd","10:56:49",3579300
21750,300,800,"bu","10:56:49",3579100
21750,300,400,"bu","10:56:49",3578300
21750,300,500,"bu","10:56:49",3577900
21750,300,100,"bu","10:56:49",3577400
21750,300,400,"bu","10:56:49",3577300
21750,300,300,"bu","10:55:41",3576900
21750,300,4000,"bu","10:55:30",3576600
21700,250,800,"sd","10:55:27",3572600
21750,300,200,"bu","10:55:19",3571800
21700,250,2000,"sd","10:55:07",3571600
21700,250,500,"sd","10:55:00",3569600
21700,250,900,"sd","10:54:43",3569100
21700,250,7100,"sd","10:54:19",3568200
21700,250,800,"sd","10:54:00",3561100
21750,300,200,"bu","10:53:51",3560300
21750,300,500,"bu","10:53:19",3560100
21700,250,800,"sd","10:53:18",3559600
21700,250,200,"sd","10:53:14",3558800
21750,300,100,"bu","10:53:01",3558600
21750,300,6800,"bu","10:52:49",3558500
21750,300,1100,"bu","10:52:49",3551700
21750,300,7900,"bu","10:52:48",3550600
21750,300,7900,"bu","10:52:48",3542700
21750,300,6500,"bu","10:52:46",3534800
21750,300,500,"bu","10:52:46",3528300
21750,300,900,"bu","10:52:46",3527800
21750,300,4100,"bu","10:52:45",3526900
21750,300,1000,"bu","10:52:45",3522800
21750,300,2800,"bu","10:52:45",3521800
21700,250,900,"sd","10:52:34",3519000
21700,250,1000,"sd","10:51:51",3518100
21700,250,10000,"sd","10:51:37",3517100
21700,250,1000,"sd","10:51:35",3507100
21700,250,5000,"sd","10:51:33",3506100
21700,250,10000,"sd","10:51:29",3501100
21700,250,800,"sd","10:50:58",3491100
21700,250,500,"sd","10:50:15",3490300
21700,250,900,"sd","10:50:13",3489800
21750,300,300,"sd","10:49:51",3488900
21750,300,7900,"sd","10:49:51",3488600
21750,300,200,"sd","10:49:51",3480700
21750,300,12000,"sd","10:49:51",3480500
21750,300,200,"sd","10:49:51",3468500
21750,300,2000,"sd","10:49:50",3468300
21750,300,100,"sd","10:49:50",3466300
21750,300,400,"sd","10:49:50",3466200
21750,300,100,"sd","10:49:50",3465800
21750,300,7900,"sd","10:49:50",3465700
21750,300,200,"sd","10:49:50",3457800
21750,300,5000,"sd","10:49:50",3457600
21750,300,7900,"sd","10:49:50",3452600
21750,300,200,"sd","10:49:50",3444700
21750,300,400,"sd","10:49:50",3444500
21750,300,2400,"sd","10:49:50",3444100
21750,300,17600,"sd","10:49:30",3441700
21750,300,300,"sd","10:49:30",3424100
21750,300,3000,"sd","10:49:30",3423800
21750,300,6100,"sd","10:49:30",3420800
21750,300,100,"sd","10:49:28",3414700
21750,300,1000,"sd","10:49:28",3414600
21750,300,800,"sd","10:48:35",3413600
21800,350,100,"unknown","10:48:17",3412800
21800,350,900,"unknown","10:48:17",3412700
21800,350,200,"sd","10:48:15",3411800
21800,350,100,"sd","10:48:09",3411600
21800,350,500,"sd","10:48:02",3411500
21800,350,700,"sd","10:47:57",3411000
21800,350,900,"sd","10:47:53",3410300
21800,350,100,"sd","10:47:49",3409400
21800,350,4500,"sd","10:47:38",3409300
21800,350,7900,"sd","10:47:38",3404800
21800,350,200,"sd","10:47:38",3396900
21800,350,7400,"sd","10:47:38",3396700
21800,350,300,"sd","10:47:11",3389300
21800,350,800,"sd","10:47:09",3389000
21800,350,600,"sd","10:46:57",3388200
21800,350,6700,"sd","10:46:29",3387600
21800,350,3000,"sd","10:46:29",3380900
21800,350,200,"sd","10:46:29",3377900
21800,350,900,"sd","10:46:25",3377700
21800,350,300,"sd","10:46:23",3376800
21800,350,6700,"sd","10:46:07",3376500
21800,350,300,"sd","10:46:07",3369800
21800,350,7900,"sd","10:46:07",3369500
21800,350,600,"sd","10:46:07",3361600
21800,350,11100,"sd","10:46:07",3361000
21800,350,800,"sd","10:45:40",3349900
21800,350,900,"sd","10:44:55",3349100
21800,350,900,"sd","10:44:11",3348200
21850,400,100,"bu","10:44:02",3347300
21850,400,1000,"bu","10:43:46",3347200
21800,350,900,"sd","10:43:22",3346200
21850,400,100,"bu","10:43:03",3345300
21800,350,100,"sd","10:42:56",3345200
21800,350,900,"sd","10:42:36",3345100
21800,350,600,"bu","10:42:32",3344200
21800,350,500,"bu","10:42:32",3343600
21800,350,2000,"bu","10:42:32",3343100
21800,350,100,"bu","10:42:32",3341100
21800,350,500,"bu","10:42:32",3341000
21800,350,700,"bu","10:42:32",3340500
21800,350,100,"bu","10:42:16",3339800
21800,350,100,"bu","10:42:09",3339700
21750,300,2000,"sd","10:42:01",3339600
21750,300,100,"sd","10:41:50",3337600
21750,300,400,"sd","10:41:50",3337500
21750,300,300,"sd","10:41:50",3337100
21750,300,400,"sd","10:41:50",3336800
21800,350,100,"bu","10:41:44",3336400
21750,300,200,"sd","10:41:33",3336300
21750,300,900,"sd","10:41:07",3336100
21750,300,200,"sd","10:41:01",3335200
21800,350,100,"bu","10:40:43",3335000
21750,300,800,"sd","10:40:23",3334900
21800,350,100,"bu","10:40:04",3334100
21750,300,800,"sd","10:39:40",3334000
21800,350,100,"bu","10:39:12",3333200
21750,300,900,"sd","10:38:13",3333100
21850,400,2000,"bu","10:37:45",3332200
21850,400,200,"bu","10:37:24",3330200
21750,300,500,"sd","10:37:24",3330000
21800,350,200,"sd","10:37:24",3329500
21800,350,200,"sd","10:37:24",3329300
21850,400,200,"sd","10:36:48",3329100
21850,400,7900,"sd","10:36:48",3328900
21850,400,7900,"sd","10:36:48",3321000
21850,400,500,"sd","10:36:48",3313100
21850,400,7700,"sd","10:36:48",3312600
21850,400,200,"sd","10:36:36",3304900
21850,400,800,"sd","10:36:36",3304700
21850,400,900,"sd","10:35:47",3303900
21900,450,200,"bu","10:35:15",3303000
21850,400,1000,"sd","10:34:55",3302800
21850,400,5200,"sd","10:34:50",3301800
21850,400,4800,"sd","10:34:49",3296600
21850,400,100,"sd","10:34:17",3291800
21850,400,800,"sd","10:34:07",3291700
21850,400,2200,"sd","10:34:03",3290900
21850,400,7900,"sd","10:34:03",3288700
21850,400,4900,"sd","10:34:03",3280800
21850,400,800,"sd","10:33:23",3275900
21850,400,900,"sd","10:33:12",3275100
21850,400,500,"sd","10:33:09",3274200
21850,400,800,"bu","10:32:55",3273700
21850,400,7900,"bu","10:32:54",3272900
21850,400,1300,"bu","10:32:54",3265000
21850,400,6300,"bu","10:32:54",3263700
21850,400,300,"bu","10:32:54",3257400
21850,400,7900,"bu","10:32:54",3257100
21850,400,5300,"bu","10:32:53",3249200
21800,350,1000,"sd","10:32:47",3243900
21800,350,900,"sd","10:32:41",3242900
21800,350,100,"sd","10:32:40",3242000
21800,350,600,"bu","10:32:31",3241900
21800,350,1000,"bu","10:32:29",3241300
21800,350,1000,"sd","10:32:16",3240300
21800,350,100,"sd","10:32:16",3239300
21800,350,300,"sd","10:32:16",3239200
21800,350,800,"sd","10:31:58",3238900
21800,350,900,"sd","10:31:44",3238100
21800,350,2100,"sd","10:31:40",3237200
21800,350,1000,"sd","10:31:40",3235100
21800,350,1200,"sd","10:31:40",3234100
21800,350,900,"sd","10:31:40",3232900
21800,350,100,"sd","10:31:14",3232000
21800,350,800,"sd","10:31:14",3231900
21800,350,1000,"sd","10:31:08",3231100
21800,350,100,"sd","10:30:46",3230100
21800,350,2000,"bu","10:30:35",3230000
21800,350,16100,"bu","10:30:35",3228000
21800,350,3000,"bu","10:30:29",3211900
21800,350,500,"bu","10:30:26",3208900
21800,350,1000,"bu","10:30:26",3208400
21800,350,500,"bu","10:30:26",3207400
21750,300,900,"sd","10:30:25",3206900
21800,350,500,"bu","10:30:11",3206000
21800,350,300,"bu","10:30:11",3205500
21800,350,200,"bu","10:30:11",3205200
21750,300,1000,"sd","10:29:38",3205000
21750,300,1000,"sd","10:29:05",3204000
21750,300,600,"sd","10:28:56",3203000
21750,300,400,"sd","10:28:56",3202400
21800,350,300,"bu","10:28:51",3202000
21800,350,100,"bu","10:28:51",3201700
21750,300,800,"sd","10:28:49",3201600
21800,350,100,"bu","10:28:48",3200800
21800,350,700,"bu","10:28:48",3200700
21800,350,7700,"bu","10:28:48",3200000
21800,350,400,"bu","10:28:35",3192300
21800,350,900,"bu","10:28:26",3191900
21750,300,900,"sd","10:28:04",3191000
21750,300,1100,"sd","10:28:00",3190100
21750,300,300,"sd","10:27:37",3189000
21750,300,4800,"sd","10:27:37",3188700
21750,300,5200,"sd","10:27:37",3183900
21750,300,100,"sd","10:27:30",3178700
21750,300,100,"sd","10:27:27",3178600
21800,350,200,"bu","10:27:25",3178500
21750,300,900,"sd","10:27:22",3178300
21750,300,1000,"sd","10:26:45",3177400
21750,300,600,"sd","10:26:43",3176400
21750,300,400,"sd","10:26:43",3175800
21800,350,200,"bu","10:26:40",3175400
21750,300,800,"sd","10:26:35",3175200
21750,300,100,"sd","10:26:22",3174400
21750,300,6600,"sd","10:26:03",3174300
21750,300,100,"sd","10:26:03",3167700
21750,300,10000,"sd","10:26:03",3167600
21750,300,3300,"sd","10:26:03",3157600
21750,300,4600,"sd","10:26:00",3154300
21750,300,1800,"sd","10:25:59",3149700
21750,300,100,"sd","10:25:59",3147900
21750,300,3500,"sd","10:25:59",3147800
21750,300,100,"sd","10:25:51",3144300
21750,300,900,"sd","10:25:49",3144200
21750,300,1000,"sd","10:25:26",3143300
21750,300,400,"sd","10:25:16",3142300
21750,300,2000,"sd","10:25:14",3141900
21750,300,900,"sd","10:25:03",3139900
21750,300,1000,"sd","10:24:50",3139000
21750,300,1500,"sd","10:24:44",3138000
21750,300,1100,"sd","10:24:39",3136500
21750,300,1000,"sd","10:24:29",3135400
21750,300,200,"sd","10:24:25",3134400
21750,300,2200,"sd","10:24:18",3134200
21750,300,100,"sd","10:24:18",3132000
21750,300,700,"sd","10:24:18",3131900
21750,300,300,"sd","10:24:15",3131200
21750,300,600,"sd","10:24:15",3130900
21750,300,5000,"sd","10:23:44",3130300
21750,300,800,"sd","10:23:32",3125300
21750,300,15000,"sd","10:23:30",3124500
21750,300,4400,"sd","10:23:28",3109500
21750,300,500,"sd","10:23:16",3105100
21750,300,5000,"sd","10:22:59",3104600
21750,300,20000,"sd","10:22:57",3099600
21750,300,900,"sd","10:22:47",3079600
21800,350,500,"bu","10:22:30",3078700
21800,350,100,"sd","10:22:16",3078200
21800,350,800,"sd","10:22:03",3078100
21800,350,2000,"sd","10:22:03",3077300
21800,350,2100,"sd","10:21:46",3075300
21800,350,300,"sd","10:21:46",3073200
21800,350,100,"sd","10:21:46",3072900
21800,350,500,"sd","10:21:46",3072800
21800,350,2000,"sd","10:21:46",3072300
21800,350,4100,"sd","10:21:46",3070300
21800,350,10000,"sd","10:21:46",3066200
21800,350,100,"sd","10:21:46",3056200
21800,350,200,"sd","10:21:46",3056100
21800,350,500,"sd","10:21:46",3055900
21800,350,100,"sd","10:21:46",3055400
21800,350,1000,"sd","10:21:46",3055300
21800,350,79000,"sd","10:21:46",3054300
21850,400,100,"bu","10:21:29",2975300
21800,350,800,"sd","10:21:20",2975200
21850,400,300,"bu","10:21:00",2974400
21850,400,100,"sd","10:20:54",2974100
21850,400,3900,"sd","10:20:52",2974000
21850,400,3300,"sd","10:20:52",2970100
21850,400,500,"sd","10:20:52",2966800
21850,400,200,"sd","10:20:52",2966300
21850,400,2100,"sd","10:20:52",2966100
21900,450,500,"bu","10:20:49",2964000
21850,400,2000,"sd","10:20:37",2963500
21850,400,7900,"sd","10:20:37",2961500
21850,400,800,"sd","10:20:36",2953600
21850,400,2000,"sd","10:20:33",2952800
21900,450,100,"bu","10:20:22",2950800
21900,450,200,"bu","10:20:15",2950700
21900,450,3500,"bu","10:19:59",2950500
21850,400,5000,"sd","10:19:59",2947000
21850,400,5000,"sd","10:19:57",2942000
21850,400,2000,"sd","10:19:51",2937000
21850,400,1000,"sd","10:19:17",2935000
21900,450,3300,"bu","10:19:17",2934000
21850,400,100,"sd","10:18:54",2930700
21900,450,3400,"bu","10:18:36",2930600
21850,400,10000,"bu","10:18:35",2927200
21850,400,300,"bu","10:18:35",2917200
21850,400,500,"bu","10:18:35",2916900
21850,400,400,"bu","10:18:35",2916400
21850,400,30900,"bu","10:18:35",2916000
21800,350,200,"sd","10:18:07",2885100
21800,350,20000,"sd","10:18:07",2884900
21800,350,1000,"sd","10:18:07",2864900
21800,350,500,"sd","10:18:07",2863900
21800,350,100,"sd","10:18:07",2863400
21800,350,28400,"sd","10:18:07",2863300
21850,400,3500,"bu","10:17:53",2834900
21850,400,7900,"bu","10:17:43",2831400
21850,400,1000,"bu","10:17:43",2823500
21850,400,5000,"bu","10:17:43",2822500
21850,400,15600,"bu","10:17:43",2817500
21850,400,500,"bu","10:17:43",2801900
21800,350,2500,"sd","10:17:30",2801400
21850,400,100,"bu","10:17:15",2798900
21850,400,3300,"bu","10:17:11",2798800
21850,400,200,"bu","10:17:05",2795500
21800,350,2000,"sd","10:17:01",2795300
21850,400,1000,"bu","10:16:41",2793300
21850,400,3500,"bu","10:16:29",2792300
21850,400,3800,"bu","10:16:23",2788800
21850,400,3500,"bu","10:15:46",2785000
21800,350,400,"sd","10:15:37",2781500
21850,400,500,"bu","10:15:29",2781100
21850,400,3300,"bu","10:15:03",2780600
21850,400,1000,"sd","10:14:46",2777300
21850,400,100,"sd","10:14:46",2776300
21850,400,200,"sd","10:14:46",2776200
21850,400,24500,"sd","10:14:46",2776000
21850,400,10000,"sd","10:14:38",2751500
21850,400,5000,"sd","10:14:23",2741500
21900,450,3600,"bu","10:14:22",2736500
21850,400,10000,"sd","10:13:43",2732900
21900,450,3500,"bu","10:13:38",2722900
21900,450,400,"bu","10:13:33",2719400
21900,450,3500,"bu","10:12:54",2719000
21900,450,100,"bu","10:12:41",2715500
21850,400,100,"sd","10:12:35",2715400
21900,450,3500,"bu","10:12:11",2715300
21850,400,30000,"sd","10:12:09",2711800
21900,450,100,"bu","10:12:03",2681800
21900,450,700,"sd","10:12:03",2681700
21900,450,1300,"sd","10:12:00",2681000
21900,450,3300,"sd","10:12:00",2679700
21900,450,300,"sd","10:12:00",2676400
21900,450,100,"sd","10:12:00",2676100
21950,500,100,"bu","10:11:34",2676000
21950,500,500,"sd","10:11:09",2675900
21950,500,2300,"sd","10:11:09",2675400
21950,500,6000,"sd","10:11:03",2673100
22000,550,100,"bu","10:10:56",2667100
22000,550,900,"bu","10:10:56",2667000
21950,500,2000,"sd","10:10:51",2666100
21950,500,5000,"sd","10:10:48",2664100
22000,550,100,"bu","10:10:47",2659100
22000,550,600,"bu","10:10:47",2659000
22000,550,2900,"bu","10:10:47",2658400
21950,500,600,"sd","10:10:44",2655500
21950,500,100,"sd","10:10:44",2654900
21950,500,2000,"sd","10:10:44",2654800
21950,500,10000,"sd","10:10:34",2652800
21950,500,5000,"sd","10:10:25",2642800
21950,500,7900,"sd","10:10:23",2637800
21950,500,500,"sd","10:10:22",2629900
22000,550,3400,"bu","10:10:03",2629400
21950,500,2000,"sd","10:10:00",2626000
22000,550,3400,"bu","10:09:21",2624000
22000,550,100,"bu","10:08:52",2620600
21950,500,16600,"sd","10:08:46",2620500
21950,500,3400,"sd","10:08:46",2603900
21950,500,80000,"sd","10:08:46",2600500
22000,550,3300,"bu","10:08:39",2520500
22000,550,100,"bu","10:08:02",2517200
22000,550,80000,"bu","10:07:56",2517100
22000,550,6800,"bu","10:07:56",2437100
22000,550,1000,"sd","10:07:51",2430300
22050,600,100,"bu","10:07:50",2429300
22000,550,700,"sd","10:07:49",2429200
22000,550,1000,"sd","10:07:41",2428500
22000,550,3000,"sd","10:07:39",2427500
22050,600,100,"bu","10:07:34",2424500
22000,550,8000,"sd","10:07:30",2424400
22000,550,10000,"sd","10:07:29",2416400
22000,550,200,"sd","10:07:17",2406400
22050,600,400,"bu","10:07:16",2406200
22050,600,2000,"bu","10:07:16",2405800
22050,600,900,"bu","10:07:16",2403800
22000,550,2000,"bu","10:07:07",2402900
22000,550,40800,"bu","10:07:07",2400900
22000,550,600,"bu","10:07:07",2360100
22000,550,22100,"bu","10:07:07",2359500
21900,450,3800,"bu","10:07:07",2337400
21900,450,3400,"sd","10:07:06",2333600
21900,450,200,"sd","10:07:06",2330200
21900,450,500,"sd","10:07:06",2330000
21900,450,100,"sd","10:07:06",2329500
21900,450,100,"sd","10:07:06",2329400
21900,450,100,"sd","10:07:06",2329300
21900,450,500,"sd","10:07:06",2329200
21900,450,1300,"sd","10:07:06",2328700
21900,450,2000,"sd","10:07:05",2327400
21900,450,10000,"sd","10:07:01",2325400
22000,550,27900,"bu","10:06:56",2315400
22000,550,2000,"bu","10:06:56",2287500
22000,550,10000,"bu","10:06:56",2285500
22000,550,1100,"bu","10:06:56",2275500
22000,550,200,"bu","10:06:56",2274400
22000,550,500,"bu","10:06:56",2274200
22000,550,100,"bu","10:06:56",2273700
22000,550,1000,"bu","10:06:56",2273600
22000,550,500,"bu","10:06:56",2272600
22000,550,100,"bu","10:06:56",2272100
22000,550,100,"bu","10:06:56",2272000
22000,550,3600,"bu","10:06:56",2271900
22000,550,100,"bu","10:06:56",2268300
22000,550,31800,"bu","10:06:56",2268200
21950,500,200,"bu","10:06:56",2236400
21950,500,7900,"bu","10:06:56",2236200
21950,500,7900,"bu","10:06:56",2228300
21950,500,5000,"bu","10:06:56",2220400
21900,450,500,"sd","10:06:54",2215400
21900,450,5000,"sd","10:06:53",2214900
21900,450,500,"sd","10:06:50",2209900
21900,450,1000,"sd","10:06:48",2209400
21900,450,2000,"sd","10:06:48",2208400
21900,450,200,"sd","10:06:38",2206400
21900,450,7000,"sd","10:06:28",2206200
21900,450,8000,"sd","10:06:28",2199200
21900,450,4100,"sd","10:06:10",2191200
21950,500,2900,"sd","10:06:05",2187100
21950,500,900,"sd","10:05:58",2184200
21950,500,200,"sd","10:05:58",2183300
21950,500,900,"sd","10:05:58",2183100
21950,500,100,"sd","10:05:41",2182200
21950,500,10000,"sd","10:05:40",2182100
22000,550,500,"bu","10:05:34",2172100
21950,500,69000,"sd","10:05:34",2171600
21950,500,40000,"sd","10:05:34",2102600
22000,550,100,"bu","10:05:17",2062600
22000,550,3400,"bu","10:05:07",2062500
22000,550,200,"sd","10:05:01",2059100
22000,550,4000,"sd","10:05:01",2058900
22000,550,900,"sd","10:05:01",2054900
22000,550,400,"bu","10:04:54",2054000
22000,550,4700,"bu","10:04:54",2053600
22000,550,300,"sd","10:04:42",2048900
22000,550,1000,"sd","10:04:42",2048600
22000,550,100,"sd","10:04:41",2047600
22000,550,1000,"sd","10:04:39",2047500
22000,550,400,"sd","10:04:38",2046500
22000,550,600,"sd","10:04:35",2046100
22000,550,1000,"sd","10:04:35",2045500
22000,550,100,"sd","10:04:35",2044500
22000,550,1000,"sd","10:04:35",2044400
22000,550,5000,"sd","10:04:35",2043400
22000,550,200,"sd","10:04:35",2038400
22000,550,2100,"sd","10:04:35",2038200
22000,550,1500,"sd","10:04:35",2036100
22000,550,10000,"sd","10:04:35",2034600
22000,550,2000,"sd","10:04:31",2024600
22000,550,100,"sd","10:04:25",2022600
22000,550,2000,"sd","10:04:10",2022500
22050,600,100,"bu","10:03:58",2020500
22050,600,100,"bu","10:03:58",2020400
22000,550,56400,"sd","10:03:50",2020300
22050,600,400,"sd","10:03:50",1963900
22050,600,1000,"sd","10:03:48",1963500
22050,600,1000,"sd","10:03:45",1962500
22050,600,1000,"bu","10:03:43",1961500
22050,600,400,"bu","10:03:43",1960500
22050,600,1000,"sd","10:03:42",1960100
22050,600,2600,"sd","10:03:42",1959100
22050,600,2000,"sd","10:03:42",1956500
22050,600,100,"sd","10:03:42",1954500
22050,600,1000,"sd","10:03:41",1954400
22050,600,500,"sd","10:03:36",1953400
22050,600,300,"sd","10:03:36",1952900
22050,600,4300,"sd","10:03:36",1952600
22050,600,6000,"sd","10:03:35",1948300
22050,600,5000,"sd","10:03:34",1942300
22050,600,4000,"sd","10:03:31",1937300
22050,600,5000,"sd","10:03:30",1933300
22050,600,10000,"sd","10:03:29",1928300
22050,600,16000,"sd","10:03:28",1918300
22050,600,700,"sd","10:03:19",1902300
22050,600,1000,"sd","10:03:17",1901600
22050,600,100,"sd","10:03:06",1900600
22100,650,700,"bu","10:02:56",1900500
22100,650,600,"bu","10:02:56",1899800
22100,650,1000,"bu","10:02:56",1899200
22100,650,400,"bu","10:02:56",1898200
22100,650,500,"bu","10:02:56",1897800
22100,650,200,"bu","10:02:56",1897300
22050,600,200,"sd","10:02:52",1897100
22050,600,200,"sd","10:02:51",1896900
22050,600,1000,"sd","10:02:44",1896700
22050,600,1000,"sd","10:02:43",1895700
22050,600,10000,"sd","10:02:33",1894700
22100,650,600,"bu","10:02:14",1884700
22100,650,1000,"bu","10:02:14",1884100
22100,650,1000,"bu","10:02:14",1883100
22100,650,800,"bu","10:02:14",1882100
22050,600,1000,"sd","10:02:09",1881300
22050,600,200,"sd","10:02:03",1880300
22050,600,1500,"sd","10:01:55",1880100
22100,650,3200,"bu","10:01:32",1878600
22100,650,200,"bu","10:01:32",1875400
22100,650,100,"bu","10:01:29",1875200
22050,600,100,"sd","10:01:28",1875100
22100,650,2000,"bu","10:01:24",1875000
22100,650,3300,"bu","10:00:50",1873000
22050,600,500,"sd","10:00:49",1869700
22050,600,5000,"sd","10:00:44",1869200
22050,600,200,"sd","10:00:28",1864200
22050,600,500,"sd","10:00:28",1864000
22000,550,5000,"sd","10:00:17",1863500
22100,650,4400,"bu","10:00:15",1858500
22000,550,900,"bu","10:00:12",1854100
22000,550,1000,"bu","10:00:10",1853200
22000,550,1100,"bu","10:00:09",1852200
22000,550,100,"bu","10:00:09",1851100
22000,550,500,"bu","10:00:09",1851000
22000,550,200,"bu","10:00:09",1850500
22000,550,1600,"bu","10:00:09",1850300
22000,550,6300,"bu","10:00:07",1848700
22000,550,100,"bu","10:00:07",1842400
22000,550,5400,"bu","10:00:07",1842300
22000,550,1000,"bu","10:00:07",1836900
22000,550,7900,"bu","10:00:07",1835900
22000,550,5000,"bu","10:00:07",1828000
22000,550,7900,"bu","10:00:07",1823000
22000,550,500,"bu","10:00:07",1815100
22000,550,5000,"bu","10:00:07",1814600
22000,550,300,"bu","10:00:07",1809600
22000,550,100,"bu","10:00:07",1809300
22000,550,3000,"bu","10:00:07",1809200
22000,550,1000,"bu","10:00:07",1806200
22000,550,10000,"bu","10:00:07",1805200
22000,550,100,"bu","10:00:07",1795200
22000,550,500,"bu","10:00:07",1795100
22000,550,2000,"bu","10:00:07",1794600
22000,550,200,"bu","10:00:07",1792600
22000,550,2000,"bu","10:00:07",1792400
22000,550,400,"bu","10:00:07",1790400
22000,550,400,"bu","10:00:07",1790000
22000,550,1000,"bu","10:00:07",1789600
22000,550,100,"bu","10:00:07",1788600
22000,550,3400,"bu","10:00:07",1788500
22000,550,10000,"bu","10:00:07",1785100
22000,550,800,"bu","10:00:07",1775100
22000,550,100,"bu","10:00:07",1774300
22000,550,300,"bu","10:00:07",1774200
22000,550,1000,"bu","10:00:07",1773900
22000,550,3000,"bu","10:00:07",1772900
22000,550,500,"bu","10:00:07",1769900
22000,550,600,"bu","10:00:07",1769400
22000,550,100,"bu","10:00:07",1768800
21950,500,30000,"sd","10:00:03",1768700
21950,500,10000,"sd","09:59:57",1738700
21950,500,1700,"sd","09:59:40",1728700
21950,500,8300,"sd","09:59:40",1727000
22000,550,1000,"bu","09:59:32",1718700
22000,550,3400,"bu","09:59:26",1717700
21950,500,5000,"sd","09:59:20",1714300
21950,500,5000,"sd","09:58:56",1709300
21950,500,10000,"sd","09:58:51",1704300
21950,500,5000,"sd","09:58:51",1694300
22000,550,1000,"bu","09:58:43",1689300
22000,550,100,"bu","09:58:43",1688300
22000,550,100,"bu","09:58:43",1688200
22000,550,2200,"bu","09:58:43",1688100
21950,500,5000,"sd","09:58:38",1685900
22000,550,100,"bu","09:58:36",1680900
22000,550,900,"bu","09:58:36",1680800
21950,500,800,"sd","09:58:36",1679900
21950,500,500,"sd","09:58:32",1679100
21950,500,5000,"bu","09:58:31",1678600
21950,500,1400,"bu","09:58:31",1673600
21950,500,34000,"bu","09:58:31",1672200
21950,500,1500,"bu","09:58:23",1638200
21950,500,200,"sd","09:58:21",1636700
21950,500,7000,"sd","09:58:21",1636500
21950,500,5000,"sd","09:58:21",1629500
21950,500,200,"sd","09:58:21",1624500
21950,500,3000,"sd","09:58:21",1624300
21950,500,500,"sd","09:58:21",1621300
21950,500,3400,"sd","09:58:21",1620800
21950,500,45200,"sd","09:58:21",1617400
21950,500,500,"sd","09:58:18",1572200
21950,500,1000,"sd","09:58:17",1571700
21950,500,300,"sd","09:58:14",1570700
21950,500,100,"sd","09:58:10",1570400
21950,500,300,"sd","09:58:05",1570300
21950,500,1000,"sd","09:58:04",1570000
21950,500,11500,"sd","09:58:04",1569000
21950,500,100,"sd","09:58:01",1557500
22000,550,1100,"bu","09:58:01",1557400
22000,550,2200,"bu","09:58:01",1556300
21950,500,4000,"sd","09:57:25",1554100
22000,550,2800,"bu","09:57:21",1550100
22000,550,300,"bu","09:57:21",1547300
22000,550,100,"bu","09:57:21",1547000
22000,550,200,"bu","09:57:21",1546900
21950,500,1000,"sd","09:57:17",1546700
21950,500,100,"sd","09:57:00",1545700
21950,500,1000,"sd","09:56:57",1545600
21950,500,2500,"sd","09:56:55",1544600
21950,500,200,"sd","09:56:51",1542100
21950,500,100,"bu","09:56:50",1541900
21950,500,1000,"bu","09:56:50",1541800
21950,500,5000,"bu","09:56:50",1540800
21950,500,1000,"bu","09:56:50",1535800
21950,500,1000,"bu","09:56:50",1534800
21950,500,100,"bu","09:56:50",1533800
21950,500,2500,"bu","09:56:50",1533700
21950,500,500,"bu","09:56:50",1531200
21900,450,10000,"sd","09:56:46",1530700
21950,500,1000,"bu","09:56:44",1520700
21900,450,2000,"sd","09:56:41",1519700
21950,500,300,"bu","09:56:40",1517700
21950,500,2200,"bu","09:56:39",1517400
21950,500,1200,"bu","09:56:39",1515200
21900,450,100,"sd","09:56:37",1514000
21900,450,300,"sd","09:56:36",1513900
21900,450,2000,"sd","09:56:34",1513600
21900,450,1000,"sd","09:56:30",1511600
21900,450,8500,"sd","09:56:23",1510600
21900,450,500,"bu","09:56:19",1502100
21900,450,5000,"bu","09:56:19",1501600
21900,450,700,"bu","09:56:19",1496600
21900,450,200,"bu","09:56:19",1495900
21900,450,100,"bu","09:56:19",1495700
21900,450,1000,"bu","09:56:19",1495600
21900,450,5000,"bu","09:56:19",1494600
21900,450,300,"bu","09:56:19",1489600
21900,450,1500,"bu","09:56:19",1489300
21900,450,200,"bu","09:56:19",1487800
21850,400,400,"bu","09:56:12",1487600
21850,400,100,"bu","09:56:10",1487200
21850,400,2600,"bu","09:55:56",1487100
21850,400,1000,"bu","09:55:56",1484500
21800,350,1000,"sd","09:55:45",1483500
21800,350,3000,"sd","09:55:45",1482500
21800,350,2100,"sd","09:55:45",1479500
21800,350,2000,"sd","09:55:45",1477400
21800,350,200,"sd","09:55:45",1475400
21800,350,300,"sd","09:55:45",1475200
21800,350,500,"sd","09:55:45",1474900
21800,350,1000,"sd","09:55:45",1474400
21800,350,500,"sd","09:55:45",1473400
21800,350,100,"sd","09:55:45",1472900
21800,350,5000,"sd","09:55:45",1472800
21800,350,1000,"sd","09:55:45",1467800
21800,350,200,"bu","09:55:45",1466800
21800,350,100,"bu","09:55:45",1466600
21800,350,3000,"bu","09:55:45",1466500
21800,350,200,"bu","09:55:45",1463500
21800,350,400,"bu","09:55:45",1463300
21800,350,26100,"bu","09:55:45",1462900
21750,300,10000,"sd","09:55:42",1436800
21800,350,3900,"bu","09:55:35",1426800
21750,300,300,"bu","09:55:32",1422900
21750,300,1000,"bu","09:55:32",1422600
21750,300,100,"bu","09:55:32",1421600
21750,300,11400,"bu","09:55:32",1421500
21750,300,5000,"bu","09:55:32",1410100
21700,250,100,"sd","09:55:31",1405100
21700,250,2000,"bu","09:55:22",1405000
21700,250,1000,"bu","09:55:22",1403000
21700,250,1000,"bu","09:55:22",1402000
21700,250,2000,"bu","09:55:22",1401000
21700,250,200,"bu","09:55:22",1399000
21700,250,5000,"bu","09:55:22",1398800
21700,250,1000,"bu","09:55:22",1393800
21700,250,900,"bu","09:55:22",1392800
21700,250,500,"bu","09:55:22",1391900
21700,250,8500,"bu","09:55:17",1391400
21700,250,3700,"bu","09:55:12",1382900
21700,250,2600,"bu","09:55:10",1379200
21700,250,5300,"bu","09:55:10",1376600
21700,250,7900,"bu","09:55:10",1371300
21700,250,7900,"bu","09:55:10",1363400
21700,250,7900,"bu","09:55:09",1355500
21700,250,1000,"bu","09:55:02",1347600
21650,200,11300,"bu","09:54:52",1346600
21650,200,200,"bu","09:54:52",1335300
21650,200,800,"bu","09:54:52",1335100
21650,200,10000,"bu","09:54:52",1334300
21650,200,10000,"bu","09:54:52",1324300
21600,150,2000,"bu","09:54:43",1314300
21600,150,400,"bu","09:54:43",1312300
21600,150,1500,"bu","09:54:43",1311900
21600,150,100,"bu","09:54:43",1310400
21600,150,1000,"bu","09:54:43",1310300
21600,150,20000,"bu","09:54:43",1309300
21600,150,1000,"bu","09:54:43",1289300
21600,150,1000,"bu","09:54:43",1288300
21600,150,500,"bu","09:54:43",1287300
21600,150,19500,"bu","09:54:43",1286800
21600,150,3300,"bu","09:54:27",1267300
21600,150,50000,"bu","09:54:27",1264000
21600,150,7200,"bu","09:54:22",1214000
21600,150,100,"bu","09:54:22",1206800
21600,150,400,"bu","09:54:22",1206700
21600,150,100,"bu","09:54:22",1206300
21600,150,3000,"bu","09:54:22",1206200
21600,150,6000,"bu","09:54:22",1203200
21600,150,2000,"bu","09:54:22",1197200
21600,150,5000,"bu","09:54:22",1195200
21600,150,10000,"bu","09:54:22",1190200
21600,150,100,"bu","09:54:22",1180200
21600,150,16100,"bu","09:54:22",1180100
21550,100,4600,"sd","09:54:19",1164000
21550,100,4000,"sd","09:54:14",1159400
21500,50,400,"sd","09:53:30",1155400
21600,150,2400,"bu","09:53:04",1155000
21550,100,1200,"bu","09:53:04",1152600
21550,100,800,"bu","09:52:52",1151400
21550,100,200,"bu","09:52:52",1150600
21550,100,100,"bu","09:52:48",1150400
21550,100,100,"bu","09:52:44",1150300
21550,100,1000,"bu","09:52:25",1150200
21550,100,3300,"bu","09:52:20",1149200
21550,100,3500,"sd","09:52:18",1145900
21550,100,1300,"sd","09:52:18",1142400
21550,100,3000,"sd","09:52:14",1141100
21550,100,2000,"bu","09:52:12",1138100
21550,100,100,"bu","09:52:12",1136100
21550,100,1500,"bu","09:52:12",1136000
21550,100,7900,"bu","09:52:12",1134500
21550,100,600,"bu","09:52:12",1126600
21550,100,200,"bu","09:52:12",1126000
21550,100,600,"bu","09:52:12",1125800
21550,100,4500,"bu","09:52:12",1125200
21500,50,2000,"sd","09:52:00",1120700
21550,100,500,"bu","09:51:52",1118700
21550,100,5000,"bu","09:51:52",1118200
21550,100,2400,"bu","09:51:52",1113200
21550,100,4300,"bu","09:51:52",1110800
21550,100,100,"bu","09:51:50",1106500
21550,100,3000,"bu","09:51:50",1106400
21550,100,2000,"bu","09:51:39",1103400
21500,50,3600,"bu","09:51:20",1101400
21500,50,6400,"bu","09:51:20",1097800
21500,50,500,"bu","09:51:20",1091400
21500,50,100,"bu","09:51:20",1090900
21500,50,900,"bu","09:51:20",1090800
21500,50,4100,"bu","09:51:20",1089900
21500,50,1500,"bu","09:51:20",1085800
21500,50,500,"bu","09:51:20",1084300
21500,50,100,"bu","09:51:20",1083800
21500,50,9600,"bu","09:51:20",1083700
21500,50,400,"bu","09:51:20",1074100
21500,50,300,"bu","09:51:20",1073700
21500,50,6000,"bu","09:51:20",1073400
21500,50,1200,"bu","09:51:20",1067400
21500,50,800,"bu","09:51:20",1066200
21500,50,300,"bu","09:51:20",1065400
21500,50,6800,"bu","09:51:20",1065100
21500,50,7900,"bu","09:51:19",1058300
21500,50,2600,"bu","09:51:19",1050400
21500,50,5300,"bu","09:51:19",1047800
21500,50,7400,"bu","09:51:19",1042500
21500,50,100,"bu","09:51:19",1035100
21500,50,400,"bu","09:51:19",1035000
21500,50,3300,"bu","09:50:56",1034600
21450,0,10000,"sd","09:50:40",1031300
21500,50,6300,"bu","09:50:21",1021300
21500,50,2200,"bu","09:50:21",1015000
21500,50,2800,"bu","09:50:15",1012800
21500,50,200,"bu","09:50:15",1010000
21500,50,300,"bu","09:50:15",1009800
21500,50,400,"bu","09:50:15",1009500
21500,50,1000,"bu","09:50:00",1009100
21500,50,3400,"bu","09:49:29",1008100
21450,0,100,"sd","09:49:02",1004700
21500,50,3400,"bu","09:48:46",1004600
21500,50,3300,"bu","09:48:05",1001200
21500,50,1000,"bu","09:47:59",997900
21500,50,3300,"bu","09:47:24",996900
21500,50,3400,"bu","09:46:43",993600
21500,50,800,"bu","09:46:10",990200
21500,50,1700,"bu","09:46:10",989400
21450,0,5000,"sd","09:46:07",987700
21500,50,200,"bu","09:46:06",982700
21500,50,3300,"bu","09:46:02",982500
21500,50,1000,"bu","09:45:41",979200
21450,0,10000,"sd","09:45:39",978200
21500,50,1400,"bu","09:45:21",968200
21500,50,2000,"bu","09:45:21",966800
21500,50,3000,"bu","09:44:39",964800
21500,50,300,"bu","09:44:39",961800
21500,50,700,"bu","09:44:28",961500
21500,50,800,"bu","09:44:28",960800
21500,50,1000,"bu","09:44:28",960000
21500,50,2000,"bu","09:44:28",959000
21500,50,500,"bu","09:44:28",957000
21500,50,500,"bu","09:44:28",956500
21500,50,100,"bu","09:44:28",956000
21500,50,13400,"bu","09:44:28",955900
21450,0,3000,"sd","09:44:03",942500
21500,50,3700,"bu","09:43:58",939500
21450,0,200,"sd","09:43:43",935800
21500,50,200,"bu","09:43:24",935600
21500,50,2000,"bu","09:43:16",935400
21500,50,3700,"bu","09:43:13",933400
21500,50,100,"bu","09:42:54",929700
21450,0,500,"sd","09:42:53",929600
21500,50,3300,"bu","09:42:27",929100
21450,0,500,"sd","09:42:15",925800
21500,50,3300,"bu","09:41:46",925300
21500,50,100,"bu","09:41:40",922000
21500,50,300,"bu","09:41:10",921900
21500,50,100,"bu","09:41:08",921600
21500,50,3400,"bu","09:41:05",921500
21500,50,100,"bu","09:40:40",918100
21500,50,100,"bu","09:40:34",918000
21500,50,100,"bu","09:40:30",917900
21500,50,100,"bu","09:40:28",917800
21500,50,3300,"bu","09:40:23",917700
21500,50,100,"bu","09:40:17",914400
21500,50,100,"bu","09:40:06",914300
21500,50,100,"bu","09:39:55",914200
21500,50,3600,"bu","09:39:42",914100
21500,50,100,"bu","09:39:36",910500
21450,0,3800,"sd","09:39:31",910400
21450,0,6600,"sd","09:39:30",906600
21450,0,2000,"sd","09:39:10",900000
21450,0,2500,"sd","09:39:03",898000
21450,0,500,"sd","09:39:02",895500
21500,50,3300,"bu","09:38:59",895000
21500,50,5000,"bu","09:38:39",891700
21500,50,400,"bu","09:38:17",886700
21500,50,2900,"bu","09:38:17",886300
21500,50,100,"bu","09:38:15",883400
21500,50,3300,"sd","09:37:43",883300
21500,50,3700,"sd","09:37:43",880000
21500,50,10000,"bu","09:37:37",876300
21500,50,100,"bu","09:37:37",866300
21500,50,5000,"bu","09:37:37",866200
21500,50,2000,"bu","09:37:37",861200
21500,50,100,"bu","09:37:37",859200
21500,50,10000,"bu","09:37:37",859100
21500,50,100,"bu","09:37:37",849100
21500,50,3600,"bu","09:37:36",849000
21500,50,5000,"bu","09:37:25",845400
21450,0,300,"sd","09:37:08",840400
21500,50,100,"bu","09:36:58",840100
21500,50,1200,"bu","09:36:52",840000
21500,50,500,"bu","09:36:52",838800
21500,50,1600,"bu","09:36:52",838300
21500,50,100,"bu","09:36:44",836700
21500,50,100,"bu","09:36:26",836600
21450,0,100,"sd","09:36:25",836500
21500,50,400,"bu","09:36:24",836400
21500,50,3700,"bu","09:36:11",836000
21500,50,1000,"bu","09:35:52",832300
21450,0,20000,"sd","09:35:37",831300
21450,0,17000,"sd","09:35:21",811300
21500,50,3100,"bu","09:34:44",794300
21500,50,200,"bu","09:34:44",791200
