"price","change","match_qtty","side","time","total_vol"
18300,0,3700,"bu","14:45:00",419600
18300,0,100,"bu","14:29:28",415900
18200,-100,500,"bu","14:29:28",415800
18200,-100,500,"bu","14:28:06",415300
18200,-100,200,"bu","14:28:06",414800
18200,-100,200,"bu","14:26:16",414600
18200,-100,100,"bu","14:24:21",414400
18200,-100,600,"bu","14:23:39",414300
18200,-100,300,"bu","14:22:53",413700
18200,-100,600,"bu","14:22:53",413400
18200,-100,400,"bu","14:22:28",412800
18200,-100,100,"bu","14:22:28",412400
18150,-150,200,"sd","14:20:30",412300
18100,-200,800,"bu","14:20:17",412100
18150,-150,3000,"bu","14:20:17",411300
18100,-200,500,"sd","14:19:17",408300
18100,-200,700,"sd","14:19:17",407800
18150,-150,100,"bu","14:16:55",407100
18150,-150,800,"bu","14:15:01",407000
18150,-150,3700,"bu","14:14:17",406200
18200,-100,300,"bu","14:13:41",402500
18200,-100,2000,"bu","14:12:18",402200
18200,-100,2000,"bu","14:11:51",400200
18200,-100,400,"bu","14:11:51",398200
18200,-100,1000,"bu","14:11:51",397800
18150,-150,600,"bu","14:11:51",396800
18150,-150,2400,"sd","14:10:55",396200
18150,-150,300,"bu","14:10:46",393800
18150,-150,2200,"bu","14:10:41",393500
18150,-150,500,"bu","14:10:41",391300
18150,-150,3500,"bu","14:09:56",390800
18200,-100,1800,"bu","14:08:42",387300
18200,-100,500,"bu","14:08:42",385500
18200,-100,1600,"bu","14:08:18",385000
18200,-100,1300,"bu","14:08:18",383400
18150,-150,100,"bu","14:08:18",382100
18200,-100,1200,"bu","14:07:38",382000
18150,-150,100,"bu","14:07:38",380800
18150,-150,1500,"bu","14:07:38",380700
18150,-150,1200,"bu","14:07:38",379200
18100,-200,600,"bu","14:05:57",378000
18100,-200,1400,"bu","14:05:39",377400
18100,-200,200,"bu","14:05:39",376000
18100,-200,4000,"bu","14:05:16",375800
18150,-150,1400,"bu","14:04:12",371800
18150,-150,600,"bu","14:03:53",370400
18150,-150,500,"bu","14:03:53",369800
18150,-150,800,"bu","14:03:36",369300
18150,-150,1000,"bu","14:03:36",368500
18150,-150,700,"bu","14:03:36",367500
18100,-200,800,"bu","14:03:36",366800
18100,-200,300,"bu","14:03:36",366000
18100,-200,1000,"bu","14:03:36",365700
18050,-250,400,"bu","14:03:36",364700
18050,-250,600,"bu","14:02:37",364300
18050,-250,1500,"bu","14:02:37",363700
18050,-250,900,"bu","14:02:37",362200
18050,-250,100,"bu","14:02:27",361300
18050,-250,1200,"bu","14:01:37",361200
18050,-250,3000,"bu","14:00:59",360000
18100,-200,1900,"bu","14:00:17",357000
18100,-200,2100,"bu","13:59:52",355100
18150,-150,500,"bu","13:59:29",353000
18150,-150,1000,"bu","13:59:29",352500
18150,-150,800,"bu","13:59:29",351500
18100,-200,1500,"bu","13:59:29",350700
18050,-250,200,"bu","13:59:29",349200
18050,-250,1800,"bu","13:58:40",349000
18050,-250,200,"bu","13:58:40",347200
18050,-250,1000,"bu","13:58:40",347000
18050,-250,3000,"bu","13:58:12",346000
18100,-200,1000,"bu","13:57:32",343000
18100,-200,3000,"bu","13:56:52",342000
18150,-150,400,"bu","13:56:26",339000
18150,-150,1000,"bu","13:56:26",338600
18000,-300,100,"bu","13:55:48",337600
18000,-300,500,"bu","13:55:42",337500
18000,-300,1200,"sd","13:55:34",337000
18000,-300,1000,"sd","13:55:34",335800
18000,-300,200,"sd","13:55:34",334800
18050,-250,3000,"bu","13:51:55",334600
18100,-200,200,"bu","13:49:11",331600
18100,-200,1000,"bu","13:48:34",331400
18100,-200,200,"bu","13:48:18",330400
18100,-200,200,"bu","13:48:18",330200
18050,-250,1600,"bu","13:48:18",330000
18050,-250,400,"bu","13:48:09",328400
18050,-250,800,"sd","13:48:08",328000
18100,-200,1800,"bu","13:47:12",327200
18100,-200,900,"bu","13:47:02",325400
18100,-200,300,"bu","13:47:02",324500
18100,-200,500,"bu","13:47:02",324200
18050,-250,100,"bu","13:47:02",323700
18050,-250,1000,"bu","13:46:42",323600
18050,-250,1200,"bu","13:46:07",322600
18050,-250,500,"bu","13:45:42",321400
18100,-200,300,"bu","13:44:26",320900
18100,-200,2000,"bu","13:39:36",320600
18050,-250,800,"bu","13:39:22",318600
18050,-250,500,"bu","13:38:13",317800
18050,-250,300,"bu","13:38:13",317300
18050,-250,500,"bu","13:37:58",317000
18050,-250,500,"bu","13:37:47",316500
18050,-250,200,"sd","13:37:47",316000
18050,-250,1300,"sd","13:37:47",315800
18100,-200,100,"bu","13:37:10",314500
18100,-200,400,"bu","13:37:10",314400
18100,-200,300,"bu","13:36:31",314000
18100,-200,2000,"bu","13:33:51",313700
18100,-200,500,"sd","13:32:46",311700
18150,-150,1000,"bu","13:32:27",311200
18150,-150,200,"bu","13:32:01",310200
18100,-200,1800,"bu","13:32:01",310000
18100,-200,1000,"sd","13:31:51",308200
18100,-200,1200,"sd","13:31:51",307200
18150,-150,1000,"bu","13:31:47",306000
18150,-150,1000,"bu","13:31:47",305000
18150,-150,600,"bu","13:31:25",304000
18150,-150,500,"bu","13:31:25",303400
18150,-150,200,"bu","13:31:25",302900
18100,-200,700,"bu","13:31:25",302700
18100,-200,2000,"bu","13:31:00",302000
18100,-200,900,"sd","13:30:47",300000
18150,-150,1100,"bu","13:30:38",299100
18150,-150,1200,"bu","13:30:38",298000
18150,-150,200,"bu","13:30:38",296800
18100,-200,100,"bu","13:30:24",296600
18100,-200,1000,"bu","13:30:24",296500
18100,-200,2000,"bu","13:30:13",295500
18100,-200,500,"sd","13:30:12",293500
18100,-200,600,"sd","13:30:12",293000
18150,-150,500,"bu","13:30:08",292400
18150,-150,400,"bu","13:29:28",291900
18150,-150,500,"bu","13:29:07",291500
18150,-150,1600,"bu","13:29:07",291000
18150,-150,900,"bu","13:29:07",289400
18100,-200,1300,"bu","13:29:06",288500
18100,-200,100,"bu","13:29:06",287200
18100,-200,1800,"bu","13:28:33",287100
18100,-200,1200,"sd","13:28:26",285300
18150,-150,1000,"bu","13:27:55",284100
18100,-200,3000,"sd","13:27:43",283100
18150,-150,900,"bu","13:27:38",280100
18150,-150,800,"bu","13:27:38",279200
18100,-200,600,"bu","13:27:38",278400
18100,-200,500,"bu","13:27:26",277800
18100,-200,1000,"bu","13:27:18",277300
18100,-200,400,"bu","13:26:39",276300
18100,-200,1500,"bu","13:26:35",275900
18100,-200,500,"bu","13:26:35",274400
18100,-200,1000,"bu","13:26:26",273900
18100,-200,1700,"bu","13:26:14",272900
18150,-150,1000,"bu","13:25:27",271200
18150,-150,2000,"sd","13:25:22",270200
18200,-100,800,"bu","13:25:11",268200
18150,-150,1400,"unknown","13:25:11",267400
18150,-150,700,"unknown","13:25:11",266000
18150,-150,1300,"unknown","13:25:11",265300
18150,-150,400,"unknown","13:25:11",264000
18100,-200,400,"unknown","13:25:11",263600
18100,-200,500,"bu","13:24:34",263200
18100,-200,100,"bu","13:23:35",262700
18100,-200,1200,"bu","13:23:04",262600
18100,-200,800,"bu","13:23:04",261400
18100,-200,700,"bu","13:21:16",260600
18100,-200,300,"bu","13:21:16",259900
18100,-200,1500,"bu","13:21:12",259600
18100,-200,1000,"sd","13:21:05",258100
18150,-150,600,"bu","13:20:37",257100
18150,-150,200,"bu","13:20:37",256500
18100,-200,3000,"bu","13:20:37",256300
18100,-200,200,"bu","13:20:37",253300
18100,-200,1000,"bu","13:20:28",253100
18100,-200,1000,"bu","13:20:06",252100
18100,-200,1000,"sd","13:19:59",251100
18100,-200,300,"sd","13:19:59",250100
18100,-200,1500,"sd","13:19:59",249800
18150,-150,100,"bu","13:19:06",248300
18150,-150,1300,"bu","13:18:46",248200
18150,-150,1000,"bu","13:18:17",246900
18150,-150,200,"bu","13:17:49",245900
18150,-150,200,"bu","13:17:20",245700
18150,-150,1000,"bu","13:17:20",245500
18150,-150,1100,"bu","13:17:02",244500
18150,-150,1500,"bu","13:17:02",243400
18150,-150,200,"bu","13:17:02",241900
18100,-200,700,"bu","13:17:02",241700
18100,-200,700,"bu","13:16:35",241000
18100,-200,1100,"bu","13:16:35",240300
18100,-200,500,"bu","13:15:59",239200
18100,-200,1000,"bu","13:15:59",238700
18100,-200,2000,"bu","13:15:39",237700
18100,-200,300,"sd","13:15:30",235700
18100,-200,1000,"sd","13:15:30",235400
18100,-200,200,"sd","13:15:30",234400
18150,-150,500,"bu","13:15:30",234200
18150,-150,1000,"bu","13:14:43",233700
18150,-150,2000,"bu","13:14:15",232700
18150,-150,600,"bu","13:13:37",230700
18150,-150,400,"bu","13:13:37",230100
18150,-150,1500,"bu","13:13:13",229700
18150,-150,1400,"bu","13:13:13",228200
18150,-150,100,"bu","13:13:13",226800
18100,-200,200,"bu","13:12:36",226700
18100,-200,1600,"bu","13:12:36",226500
18100,-200,300,"bu","13:11:13",224900
18100,-200,100,"bu","13:10:39",224600
18100,-200,900,"bu","13:10:39",224500
18100,-200,100,"bu","13:09:30",223600
18100,-200,400,"sd","13:09:07",223500
18100,-200,600,"bu","13:08:59",223100
18100,-200,1500,"bu","13:08:59",222500
18100,-200,300,"bu","13:08:49",221000
18100,-200,700,"bu","13:08:49",220700
18100,-200,600,"bu","13:08:49",220000
18100,-200,500,"bu","13:08:45",219400
18100,-200,800,"bu","13:08:26",218900
18100,-200,800,"bu","13:08:26",218100
18100,-200,400,"bu","13:08:26",217300
18100,-200,700,"bu","13:08:20",216900
18100,-200,1300,"bu","13:08:20",216200
18100,-200,300,"bu","13:08:02",214900
18100,-200,2500,"bu","13:07:46",214600
18100,-200,200,"bu","13:07:29",212100
18100,-200,1000,"bu","13:07:00",211900
18100,-200,100,"bu","13:06:44",210900
18100,-200,1200,"sd","13:06:39",210800
18150,-150,500,"bu","13:05:51",209600
18150,-150,2000,"bu","13:04:12",209100
18150,-150,400,"bu","13:02:35",207100
18150,-150,200,"bu","11:29:02",206700
18150,-150,800,"bu","11:29:02",206500
18150,-150,200,"bu","11:28:17",205700
18150,-150,1000,"bu","11:27:58",205500
18150,-150,2000,"bu","11:26:22",204500
18200,-100,600,"bu","11:26:06",202500
18200,-100,1000,"bu","11:26:06",201900
18200,-100,800,"bu","11:26:06",200900
18150,-150,1600,"bu","11:26:06",200100
18150,-150,900,"bu","11:26:02",198500
18150,-150,600,"bu","11:26:02",197600
18150,-150,300,"bu","11:26:02",197000
18100,-200,200,"bu","11:26:02",196700
18100,-200,800,"bu","11:25:41",196500
18100,-200,1000,"bu","11:24:50",195700
18100,-200,1200,"bu","11:24:42",194700
18100,-200,800,"sd","11:24:41",193500
18150,-150,300,"bu","11:23:33",192700
18150,-150,1000,"bu","11:22:41",192400
18200,-100,1000,"bu","11:22:39",191400
18150,-150,3500,"bu","11:22:39",190400
18100,-200,500,"bu","11:22:39",186900
18100,-200,200,"bu","11:21:59",186400
18100,-200,500,"bu","11:21:15",186200
18100,-200,500,"bu","11:20:08",185700
18100,-200,200,"bu","11:19:42",185200
18100,-200,600,"bu","11:17:49",185000
18100,-200,1400,"bu","11:17:49",184400
18100,-200,500,"bu","11:17:28",183000
18100,-200,1000,"sd","11:17:19",182500
18150,-150,100,"bu","11:16:41",181500
18150,-150,300,"bu","11:16:41",181400
18150,-150,800,"bu","11:16:17",181100
18150,-150,2700,"bu","11:16:17",180300
18100,-200,900,"bu","11:16:17",177600
18100,-200,100,"bu","11:16:17",176700
18050,-250,500,"bu","11:16:17",176600
18050,-250,1000,"bu","11:15:42",176100
18050,-250,1000,"sd","11:14:58",175100
18050,-250,1000,"sd","11:14:58",174100
18050,-250,400,"sd","11:14:58",173100
18100,-200,1500,"bu","11:14:06",172700
18100,-200,2000,"bu","11:13:30",171200
18150,-150,900,"bu","11:12:49",169200
18150,-150,300,"bu","11:12:49",168300
18150,-150,1100,"bu","11:12:32",168000
18150,-150,800,"bu","11:12:32",166900
18150,-150,100,"bu","11:12:32",166100
18050,-250,1000,"bu","11:11:06",166000
18050,-250,1700,"sd","11:10:46",165000
18100,-200,200,"bu","11:06:20",163300
18100,-200,100,"bu","11:06:13",163100
18100,-200,100,"bu","11:06:13",163000
18100,-200,1500,"bu","11:05:45",162900
18100,-200,100,"bu","11:05:10",161400
18100,-200,1000,"bu","11:04:54",161300
18100,-200,2000,"bu","11:04:47",160300
18100,-200,300,"sd","11:04:41",158300
18150,-150,1500,"bu","11:03:55",158000
18150,-150,1000,"bu","11:03:19",156500
18150,-150,200,"bu","11:02:39",155500
18150,-150,1000,"bu","11:02:02",155300
18200,-100,700,"bu","11:01:49",154300
18200,-100,200,"bu","11:01:49",153600
18150,-150,2100,"bu","11:01:49",153400
18150,-150,1000,"bu","11:01:49",151300
18150,-150,200,"bu","11:01:49",150300
18100,-200,100,"bu","11:01:49",150100
18100,-200,200,"bu","11:01:49",150000
18100,-200,1000,"bu","11:01:45",149800
18100,-200,300,"bu","11:00:37",148800
18100,-200,2000,"bu","10:59:58",148500
18100,-200,500,"unknown","10:59:54",146500
18150,-150,1200,"bu","10:59:18",146000
18150,-150,200,"bu","10:58:43",144800
18150,-150,2000,"bu","10:58:08",144600
18200,-100,400,"bu","10:57:33",142600
18150,-150,2300,"bu","10:57:33",142200
18150,-150,700,"bu","10:57:33",139900
18100,-200,300,"bu","10:57:33",139200
18100,-200,300,"bu","10:57:33",138900
18100,-200,200,"bu","10:56:54",138600
18100,-200,1000,"bu","10:56:18",138400
18100,-200,2000,"bu","10:55:13",137400
18100,-200,300,"bu","10:54:53",135400
18100,-200,200,"bu","10:54:24",135100
18150,-150,1800,"bu","10:53:54",134900
18150,-150,200,"bu","10:53:54",133100
18150,-150,1000,"bu","10:53:28",132900
18150,-150,100,"bu","10:53:15",131900
18150,-150,1100,"bu","10:53:15",131800
18100,-200,800,"bu","10:53:15",130700
18100,-200,1000,"bu","10:53:11",129900
18100,-200,400,"bu","10:52:44",128900
18100,-200,400,"bu","10:52:44",128500
18100,-200,1500,"bu","10:52:14",128100
18100,-200,1600,"bu","10:51:28",126600
18100,-200,500,"bu","10:51:23",125000
18100,-200,1000,"sd","10:50:28",124500
18100,-200,100,"sd","10:47:40",123500
18100,-200,300,"sd","10:47:40",123400
18100,-200,500,"sd","10:47:40",120600
18100,-200,2500,"sd","10:47:40",123100
18150,-150,1200,"bu","10:42:44",120100
18150,-150,300,"bu","10:40:31",118900
18150,-150,1000,"bu","10:40:10",118600
18200,-100,300,"bu","10:39:56",117600
18200,-100,100,"bu","10:39:19",117300
18200,-100,300,"bu","10:39:19",117200
18200,-100,2000,"bu","10:39:03",116900
18150,-150,600,"sd","10:38:39",114900
18150,-150,1000,"bu","10:38:38",114300
18150,-150,200,"bu","10:38:38",113300
18150,-150,100,"bu","10:37:50",113100
18150,-150,500,"bu","10:37:08",113000
18150,-150,200,"bu","10:33:47",112500
18150,-150,1000,"bu","10:31:58",112300
18150,-150,500,"bu","10:29:07",111300
18200,-100,500,"bu","10:25:37",110800
18200,-100,1500,"bu","10:25:37",110300
18200,-100,400,"bu","10:25:00",108800
18150,-150,500,"bu","10:25:00",108400
18150,-150,200,"bu","10:25:00",107900
18150,-150,700,"bu","10:25:00",107700
18150,-150,1000,"bu","10:23:42",107000
18150,-150,1000,"bu","10:23:08",106000
18200,-100,300,"bu","10:20:40",105000
18200,-100,1700,"bu","10:20:40",104700
18200,-100,1300,"bu","10:20:25",103000
18200,-100,200,"bu","10:20:25",101700
18150,-150,400,"sd","10:20:23",101500
18150,-150,200,"bu","10:20:09",101100
18150,-150,1800,"bu","10:19:14",100900
18150,-150,200,"bu","10:19:14",99100
18150,-150,2000,"sd","10:18:11",98900
18150,-150,500,"sd","10:18:11",96900
18150,-150,100,"sd","10:18:11",96400
18150,-150,1200,"sd","10:18:11",96300
18200,-100,500,"bu","10:15:52",95100
18200,-100,600,"bu","10:14:38",94600
18200,-100,300,"bu","10:09:54",94000
18200,-100,1000,"bu","10:05:55",93700
18200,-100,100,"bu","10:04:46",92700
18200,-100,800,"bu","10:01:27",92600
18200,-100,100,"bu","09:59:58",91800
18200,-100,200,"bu","09:59:58",91700
18200,-100,300,"bu","09:57:10",91500
18150,-150,800,"bu","09:56:02",91200
18150,-150,200,"bu","09:55:35",90400
18150,-150,1000,"bu","09:55:35",90200
18150,-150,300,"bu","09:55:06",89200
18150,-150,200,"bu","09:54:53",88900
18150,-150,500,"bu","09:54:17",88700
18150,-150,1200,"sd","09:54:07",88200
18200,-100,1900,"bu","09:54:01",87000
18200,-100,100,"bu","09:54:01",85100
18150,-150,800,"bu","09:53:47",85000
18150,-150,100,"bu","09:53:22",84200
18150,-150,500,"sd","09:53:22",84100
18150,-150,600,"sd","09:53:22",83600
18200,-100,100,"bu","09:52:55",83000
18150,-150,1400,"sd","09:52:31",82900
18150,-150,800,"sd","09:52:31",81500
18150,-150,200,"sd","09:52:31",80700
18150,-150,800,"sd","09:52:31",80500
18200,-100,300,"bu","09:51:50",79700
18200,-100,1100,"bu","09:51:03",79400
18200,-100,900,"bu","09:51:03",78300
18150,-150,700,"bu","09:50:47",77400
18150,-150,2000,"sd","09:50:44",76700
18150,-150,300,"sd","09:50:44",74700
18200,-100,1400,"bu","09:50:16",74400
18200,-100,600,"bu","09:50:16",73000
18150,-150,700,"bu","09:50:10",72400
18150,-150,1800,"bu","09:49:25",71700
18150,-150,1300,"bu","09:48:59",69900
18150,-150,200,"sd","09:48:58",68600
18150,-150,1300,"sd","09:48:40",68400
18150,-150,500,"sd","09:48:40",67100
18150,-150,1200,"sd","09:48:40",66600
18200,-100,800,"bu","09:47:17",65400
18150,-150,2000,"sd","09:46:40",64600
18150,-150,200,"sd","09:46:40",62600
18150,-150,1100,"sd","09:46:11",62400
18150,-150,1000,"sd","09:46:11",61300
18150,-150,900,"sd","09:46:11",60300
18200,-100,1000,"bu","09:44:58",59400
18200,-100,500,"bu","09:44:58",58400
18150,-150,400,"bu","09:44:18",57900
18150,-150,1000,"sd","09:44:04",57500
18150,-150,1500,"sd","09:44:04",56500
18200,-100,300,"bu","09:40:19",55000
18200,-100,1000,"bu","09:39:33",54700
18200,-100,100,"bu","09:37:59",53700
18200,-100,500,"bu","09:37:50",53600
18200,-100,600,"bu","09:37:24",53100
18200,-100,900,"bu","09:37:24",52500
18200,-100,1400,"bu","09:37:14",51600
18150,-150,1600,"bu","09:37:14",50200
18150,-150,1300,"bu","09:37:11",48600
18150,-150,700,"bu","09:37:11",47300
18150,-150,1000,"bu","09:35:54",46600
18150,-150,600,"sd","09:35:47",45600
18150,-150,500,"sd","09:35:47",45000
18150,-150,3200,"sd","09:35:47",44500
18200,-100,500,"bu","09:34:15",41300
18200,-100,500,"bu","09:34:15",40800
18200,-100,500,"bu","09:34:11",40300
18200,-100,800,"bu","09:34:08",39800
18200,-100,1000,"bu","09:33:37",39000
18200,-100,1500,"bu","09:33:25",38000
18200,-100,1700,"sd","09:33:20",36500
18250,-50,1000,"bu","09:33:19",34800
18250,-50,500,"bu","09:33:19",33800
18200,-100,300,"bu","09:33:16",33300
18200,-100,2000,"bu","09:33:15",33000
18200,-100,1500,"bu","09:32:36",31000
18200,-100,1500,"sd","09:32:21",29500
18250,-50,1100,"bu","09:32:15",28000
18250,-50,1100,"bu","09:32:15",26900
18250,-50,100,"bu","09:32:15",25800
18200,-100,200,"bu","09:32:15",25700
18200,-100,1700,"bu","09:31:58",25500
18200,-100,100,"bu","09:31:58",23800
18200,-100,1500,"bu","09:31:34",23700
18200,-100,200,"bu","09:31:03",22200
18200,-100,800,"bu","09:31:03",22000
18200,-100,100,"bu","09:30:34",21200
18200,-100,1300,"unknown","09:29:24",21100
18250,-50,1400,"bu","09:28:52",19800
18250,-50,600,"bu","09:28:52",18400
18250,-50,1000,"bu","09:28:52",17800
18200,-100,100,"bu","09:28:39",16800
18200,-100,1100,"bu","09:28:39",16700
18200,-100,1500,"bu","09:27:36",15600
18200,-100,1500,"bu","09:27:36",14100
18200,-100,200,"sd","09:27:07",12600
18200,-100,900,"sd","09:26:56",12400
18200,-100,1000,"sd","09:26:56",11500
18200,-100,100,"sd","09:26:56",10500
18250,-50,200,"bu","09:26:54",10400
18250,-50,300,"bu","09:26:54",10200
18250,-50,500,"bu","09:21:53",9900
18250,-50,300,"bu","09:17:30",9400
18250,-50,1000,"bu","09:16:53",9100
18250,-50,300,"bu","09:16:05",8100
18250,-50,500,"bu","09:16:05",7800
18250,-50,2500,"sd","09:15:34",7300
18250,-50,500,"sd","09:15:34",4800
18250,-50,1400,"sd","09:15:34",4300
18250,-50,100,"sd","09:15:34",2900
18300,0,500,"bu","09:15:14",2800
18300,0,500,"bu","09:15:14",2300
18300,0,1800,"bu","09:15:00",1800
