"price","change","match_qtty","side","time","total_vol"
43400,-500,236200,"unknown","14:45:01",1810700
43500,-400,500,"bu","14:29:45",1574500
43400,-500,100,"sd","14:29:43",1574000
43500,-400,400,"bu","14:29:40",1573900
43500,-400,600,"bu","14:29:31",1573500
43500,-400,3300,"bu","14:29:29",1572900
43400,-500,300,"sd","14:29:23",1569600
43500,-400,10000,"bu","14:29:19",1569300
43500,-400,2100,"bu","14:29:17",1559300
43400,-500,1000,"sd","14:29:15",1557200
43500,-400,100,"bu","14:29:06",1556200
43500,-400,600,"bu","14:29:03",1556100
43500,-400,300,"bu","14:28:47",1555500
43500,-400,500,"bu","14:28:45",1555200
43500,-400,1000,"bu","14:28:40",1554700
43500,-400,500,"bu","14:28:32",1553700
43500,-400,2000,"unknown","14:28:15",1553200
43500,-400,18000,"bu","14:28:07",1551200
43500,-400,500,"bu","14:28:05",1533200
43400,-500,200,"sd","14:27:31",1532700
43500,-400,1000,"bu","14:27:10",1532500
43500,-400,3800,"sd","14:27:08",1531500
43500,-400,10000,"sd","14:26:55",1527700
43500,-400,200,"sd","14:26:47",1517700
43500,-400,300,"sd","14:26:41",1517500
43500,-400,3000,"sd","14:26:29",1517200
43500,-400,5000,"sd","14:26:14",1514200
43500,-400,1000,"sd","14:26:13",1509200
43500,-400,600,"sd","14:25:59",1508200
43500,-400,4400,"bu","14:25:42",1507600
43500,-400,200,"bu","14:25:39",1503200
43500,-400,300,"bu","14:25:32",1503000
43500,-400,7700,"bu","14:25:08",1502700
43500,-400,1000,"sd","14:24:48",1495000
43500,-400,2000,"sd","14:24:44",1494000
43600,-300,300,"bu","14:24:42",1492000
43500,-400,10000,"sd","14:24:41",1491700
43600,-300,500,"bu","14:24:13",1481700
43600,-300,3000,"bu","14:23:41",1481200
43500,-400,3000,"sd","14:23:08",1478200
43500,-400,1000,"sd","14:22:42",1475200
43600,-300,800,"bu","14:22:34",1474200
43600,-300,5000,"bu","14:22:33",1473400
43600,-300,100,"bu","14:21:14",1468400
43500,-400,500,"sd","14:20:56",1468300
43500,-400,200,"sd","14:20:55",1467800
43500,-400,500,"sd","14:20:31",1467600
43600,-300,100,"bu","14:20:23",1467100
43500,-400,600,"sd","14:20:12",1467000
43500,-400,500,"sd","14:20:08",1466400
43500,-400,25000,"sd","14:20:06",1465900
43600,-300,500,"bu","14:20:04",1440900
43600,-300,300,"bu","14:19:42",1440400
43500,-400,3000,"sd","14:19:33",1440100
43500,-400,300,"sd","14:18:58",1437100
43500,-400,2500,"sd","14:18:39",1436800
43500,-400,200,"sd","14:18:14",1434300
43500,-400,1000,"sd","14:18:09",1434100
43600,-300,1000,"bu","14:18:08",1433100
43600,-300,500,"bu","14:17:10",1432100
43600,-300,100,"bu","14:17:08",1431600
43500,-400,200,"sd","14:16:53",1431500
43500,-400,300,"sd","14:16:30",1431300
43600,-300,100,"bu","14:16:28",1431000
43500,-400,2200,"sd","14:16:03",1430900
43500,-400,100,"sd","14:16:01",1428700
43500,-400,700,"sd","14:15:52",1428600
43500,-400,5000,"sd","14:15:42",1427900
43500,-400,1000,"sd","14:14:15",1422900
43500,-400,2000,"sd","14:14:04",1421900
43500,-400,2500,"sd","14:13:50",1419900
43500,-400,2000,"sd","14:13:41",1417400
43500,-400,1000,"sd","14:13:19",1415400
43600,-300,100,"bu","14:13:17",1414400
43600,-300,100,"bu","14:13:16",1414300
43600,-300,3000,"bu","14:13:05",1414200
43600,-300,100,"bu","14:12:56",1411200
43600,-300,300,"bu","14:12:49",1411100
43600,-300,300,"bu","14:12:24",1410800
43500,-400,1700,"sd","14:12:13",1410500
43500,-400,100,"sd","14:11:50",1408800
43600,-300,200,"bu","14:11:33",1408700
43500,-400,1500,"sd","14:11:21",1408500
43600,-300,200,"bu","14:10:38",1407000
43600,-300,1000,"bu","14:10:30",1406800
43500,-400,1000,"sd","14:10:08",1405800
43600,-300,1000,"bu","14:10:06",1404800
43500,-400,500,"sd","14:09:58",1403800
43600,-300,100,"bu","14:09:29",1403300
43500,-400,3300,"sd","14:09:12",1403200
43500,-400,10000,"sd","14:08:56",1399900
43600,-300,700,"bu","14:07:40",1389900
43600,-300,200,"bu","14:06:55",1389200
43600,-300,1000,"bu","14:06:28",1389000
43600,-300,300,"bu","14:06:16",1388000
43600,-300,1000,"bu","14:06:03",1387700
43600,-300,100,"bu","14:05:43",1386700
43600,-300,2000,"bu","14:05:22",1386600
43600,-300,100,"bu","14:05:05",1384600
43600,-300,200,"bu","14:04:54",1384500
43500,-400,100,"sd","14:03:28",1384300
43500,-400,100,"sd","14:02:17",1384200
43500,-400,400,"sd","14:01:06",1384100
43500,-400,100,"sd","14:00:53",1383700
43500,-400,600,"sd","14:00:25",1383600
43500,-400,6000,"sd","14:00:20",1383000
43500,-400,500,"sd","14:00:08",1377000
43500,-400,2600,"sd","13:59:54",1376500
43500,-400,2000,"sd","13:59:39",1373900
43500,-400,500,"sd","13:59:15",1371900
43500,-400,2100,"sd","13:59:11",1371400
43500,-400,2300,"sd","13:58:44",1369300
43500,-400,5000,"sd","13:58:36",1367000
43600,-300,200,"bu","13:58:33",1362000
43600,-300,400,"bu","13:58:23",1361800
43600,-300,100,"bu","13:58:16",1361400
43500,-400,1700,"bu","13:58:04",1361300
43500,-400,1600,"bu","13:58:02",1359600
43500,-400,2000,"bu","13:57:59",1358000
43500,-400,200,"bu","13:57:55",1356000
43500,-400,200,"bu","13:57:44",1355800
43400,-500,100,"sd","13:57:41",1355600
43500,-400,1000,"bu","13:57:30",1355500
43400,-500,300,"sd","13:56:45",1354500
43400,-500,1000,"sd","13:56:14",1354200
43400,-500,500,"sd","13:56:02",1353200
43500,-400,100,"bu","13:56:01",1352700
43500,-400,100,"bu","13:55:55",1352600
43500,-400,10000,"bu","13:55:48",1352500
43500,-400,200,"bu","13:55:30",1342500
43400,-500,400,"sd","13:55:24",1342300
43500,-400,400,"bu","13:55:17",1341900
43500,-400,100,"bu","13:55:05",1341500
43400,-500,12000,"sd","13:55:00",1341400
43500,-400,200,"bu","13:54:41",1329400
43400,-500,600,"sd","13:54:33",1329200
43400,-500,500,"sd","13:54:02",1328600
43400,-500,100,"sd","13:53:23",1328100
43500,-400,1000,"bu","13:53:14",1328000
43500,-400,2000,"bu","13:51:56",1327000
43500,-400,1000,"bu","13:51:49",1325000
43500,-400,300,"bu","13:51:41",1324000
43500,-400,200,"unknown","13:50:58",1323700
43500,-400,200,"bu","13:50:07",1323500
43500,-400,500,"sd","13:50:05",1323300
43500,-400,100,"sd","13:49:53",1322800
43500,-400,4500,"sd","13:49:51",1322700
43400,-500,100,"sd","13:49:19",1318200
43500,-400,1000,"bu","13:49:16",1318100
43500,-400,800,"sd","13:49:11",1317100
43500,-400,1000,"sd","13:49:05",1316300
43500,-400,200,"sd","13:49:03",1315300
43500,-400,1000,"unknown","13:48:56",1315100
43500,-400,200,"sd","13:48:46",1314100
43500,-400,500,"sd","13:48:35",1313900
43500,-400,1300,"sd","13:48:26",1313400
43400,-500,5000,"sd","13:48:21",1312100
43500,-400,300,"bu","13:48:19",1307100
43500,-400,10000,"sd","13:48:18",1306800
43500,-400,1000,"sd","13:48:10",1296800
43500,-400,3000,"sd","13:48:01",1295800
43500,-400,20000,"sd","13:47:52",1292800
43500,-400,3000,"sd","13:47:13",1272800
43500,-400,100,"sd","13:47:09",1269800
43500,-400,100,"sd","13:46:37",1269700
43500,-400,1000,"sd","13:46:14",1269600
43500,-400,1000,"sd","13:45:54",1268600
43500,-400,500,"sd","13:45:38",1267600
43500,-400,100,"sd","13:45:26",1267100
43500,-400,12000,"sd","13:45:24",1267000
43500,-400,1000,"sd","13:45:08",1255000
43500,-400,2000,"sd","13:44:51",1254000
43500,-400,1500,"sd","13:44:33",1252000
43500,-400,2000,"sd","13:44:22",1250500
43500,-400,600,"sd","13:44:20",1248500
43500,-400,2000,"sd","13:44:19",1247900
43600,-300,100,"bu","13:44:10",1245900
43500,-400,1000,"sd","13:44:09",1245800
43500,-400,1000,"sd","13:43:54",1244800
43500,-400,1000,"sd","13:43:49",1243800
43600,-300,2000,"bu","13:43:16",1242800
43500,-400,400,"sd","13:42:58",1240800
43500,-400,2000,"sd","13:42:51",1240400
43500,-400,1000,"sd","13:42:50",1238400
43500,-400,3000,"sd","13:42:45",1237400
43500,-400,1000,"sd","13:42:44",1234400
43500,-400,10000,"sd","13:42:40",1233400
43500,-400,7000,"sd","13:42:35",1223400
43500,-400,10000,"sd","13:42:30",1216400
43500,-400,3000,"sd","13:42:25",1206400
43500,-400,1500,"sd","13:42:20",1203400
43500,-400,1800,"sd","13:42:15",1201900
43500,-400,600,"sd","13:42:10",1200100
43500,-400,200,"sd","13:42:02",1199500
43500,-400,100,"sd","13:41:53",1199300
43500,-400,400,"sd","13:41:38",1199200
43500,-400,3100,"sd","13:41:31",1198800
43500,-400,500,"sd","13:41:13",1195700
43500,-400,5000,"sd","13:41:09",1195200
43600,-300,100,"bu","13:40:43",1190200
43600,-300,100,"bu","13:40:23",1190100
43600,-300,100,"bu","13:39:22",1190000
43600,-300,1800,"bu","13:39:18",1189900
43600,-300,1000,"bu","13:39:01",1188100
43600,-300,200,"bu","13:38:21",1187100
43600,-300,2000,"bu","13:38:06",1186900
43600,-300,1000,"bu","13:37:48",1184900
43600,-300,300,"bu","13:37:41",1183900
43600,-300,1000,"bu","13:37:39",1183600
43600,-300,25000,"bu","13:37:28",1182600
43600,-300,100,"bu","13:37:18",1157600
43600,-300,500,"bu","13:37:03",1157500
43600,-300,900,"bu","13:36:03",1157000
43600,-300,1300,"sd","13:36:02",1156100
43600,-300,200,"sd","13:35:49",1154800
43600,-300,12600,"sd","13:35:48",1154600
43600,-300,10000,"bu","13:34:23",1142000
43600,-300,400,"bu","13:34:13",1132000
43500,-400,1000,"sd","13:34:01",1131600
43500,-400,1300,"sd","13:33:02",1130600
43600,-300,300,"bu","13:32:32",1129300
43600,-300,100,"bu","13:32:30",1129000
43600,-300,19000,"bu","13:32:12",1128900
43600,-300,100,"sd","13:32:06",1109900
43600,-300,4700,"sd","13:31:52",1109800
43600,-300,100,"bu","13:31:06",1105100
43600,-300,10400,"bu","13:31:02",1105000
43600,-300,100,"sd","13:30:58",1094600
43600,-300,15000,"sd","13:30:55",1094500
43600,-300,13400,"sd","13:30:34",1079500
43700,-200,100,"bu","13:30:31",1066100
43700,-200,300,"bu","13:29:42",1066000
43600,-300,500,"sd","13:29:11",1065700
43600,-300,300,"sd","13:29:08",1065200
43600,-300,200,"sd","13:28:34",1064900
43700,-200,500,"bu","13:28:01",1064700
43700,-200,100,"bu","13:27:36",1064200
43700,-200,300,"bu","13:27:25",1064100
43700,-200,1600,"bu","13:26:44",1063800
43700,-200,2000,"bu","13:26:37",1062200
43700,-200,1700,"bu","13:26:32",1060200
43700,-200,5000,"bu","13:26:21",1058500
43600,-300,3000,"sd","13:26:16",1053500
43700,-200,1400,"bu","13:25:48",1050500
43700,-200,6700,"bu","13:25:32",1049100
43600,-300,25900,"sd","13:25:17",1042400
43600,-300,700,"bu","13:23:57",1016500
43600,-300,1000,"sd","13:23:50",1015800
43600,-300,100,"sd","13:23:45",1014800
43600,-300,500,"sd","13:23:44",1014700
43600,-300,400,"sd","13:23:41",1014200
43600,-300,100,"sd","13:23:39",1013800
43600,-300,2000,"sd","13:23:28",1013700
43600,-300,3400,"sd","13:23:26",1011700
43500,-400,100,"sd","13:23:15",1008300
43600,-300,300,"bu","13:23:08",1008200
43600,-300,2900,"bu","13:23:01",1007900
43500,-400,100,"sd","13:22:52",1005000
43600,-300,1000,"bu","13:22:51",1004900
43600,-300,1700,"bu","13:22:37",1003900
43600,-300,1900,"bu","13:21:16",1002200
43600,-300,200,"bu","13:20:55",1000300
43500,-400,2000,"sd","13:20:38",1000100
43600,-300,4600,"sd","13:20:35",998100
43500,-400,100,"sd","13:20:28",993500
43500,-400,1900,"sd","13:20:16",993400
43500,-400,100,"sd","13:20:15",991500
43500,-400,100,"sd","13:20:04",991400
43500,-400,4000,"sd","13:19:57",991300
43500,-400,1000,"sd","13:19:49",987300
43600,-300,1000,"bu","13:19:44",986300
43500,-400,300,"sd","13:19:38",985300
43600,-300,1000,"bu","13:19:26",985000
43600,-300,10000,"bu","13:19:21",984000
43500,-400,1000,"sd","13:19:13",974000
43500,-400,300,"sd","13:19:05",973000
43600,-300,4400,"sd","13:18:24",972700
43600,-300,6500,"sd","13:18:22",968300
43600,-300,200,"sd","13:18:09",961800
43600,-300,700,"sd","13:18:06",961600
43600,-300,500,"sd","13:18:02",960900
43600,-300,500,"sd","13:17:57",960400
43600,-300,2600,"sd","13:17:44",959900
43600,-300,200,"sd","13:17:40",957300
43600,-300,4200,"sd","13:17:18",957100
43600,-300,51700,"sd","13:17:08",952900
43500,-400,500,"sd","13:17:04",901200
43500,-400,5000,"sd","13:16:57",900700
43500,-400,100,"sd","13:16:37",895700
43500,-400,1000,"sd","13:16:35",895600
43500,-400,3000,"sd","13:16:23",894600
43600,-300,100,"bu","13:15:55",891600
43500,-400,5000,"sd","13:15:53",891500
43600,-300,3200,"bu","13:15:46",886500
43600,-300,5000,"sd","13:15:45",883300
43600,-300,1000,"sd","13:15:44",878300
43600,-300,200,"sd","13:15:40",877300
43600,-300,2900,"sd","13:15:32",877100
43600,-300,1500,"sd","13:15:27",874200
43700,-200,300,"bu","13:14:55",872700
43700,-200,100,"bu","13:13:58",872400
43600,-300,1000,"sd","13:13:44",872300
43600,-300,1000,"sd","13:13:41",871300
43600,-300,2200,"bu","13:13:34",870300
43600,-300,400,"bu","13:13:20",868100
43600,-300,1600,"bu","13:13:11",867700
43600,-300,11000,"bu","13:12:48",866100
43600,-300,500,"bu","13:12:31",855100
43500,-400,5000,"sd","13:11:26",854600
43500,-400,500,"sd","13:11:24",849600
43500,-400,1000,"sd","13:10:43",849100
43600,-300,100,"bu","13:10:42",848100
43500,-400,1700,"sd","13:10:38",848000
43400,-500,300,"sd","13:10:18",846300
43500,-400,200,"bu","13:10:13",846000
43500,-400,4600,"bu","13:09:55",845800
43500,-400,200,"sd","13:09:40",841200
43500,-400,6300,"sd","13:09:17",841000
43500,-400,10000,"bu","13:09:16",834700
43500,-400,5000,"bu","13:09:11",824700
43500,-400,2200,"bu","13:09:07",819700
43500,-400,4300,"bu","13:09:05",817500
43500,-400,7100,"sd","13:09:04",813200
43500,-400,1000,"sd","13:08:45",806100
43600,-300,5000,"bu","13:08:43",805100
43500,-400,100,"sd","13:08:34",800100
43500,-400,1000,"bu","13:08:31",800000
43500,-400,100,"bu","13:08:22",799000
43500,-400,1000,"bu","13:08:21",798900
43500,-400,100,"bu","13:08:19",797900
43500,-400,200,"bu","13:08:08",797800
43500,-400,200,"bu","13:08:02",797600
43400,-500,1800,"sd","13:07:51",797400
43400,-500,2500,"bu","13:07:48",795600
43300,-600,1000,"sd","13:07:43",793100
43400,-500,3200,"bu","13:07:42",792100
43400,-500,1000,"bu","13:07:39",788900
43300,-600,1300,"sd","13:07:26",787900
43300,-600,100,"sd","13:07:20",786600
43300,-600,100,"sd","13:07:15",786500
43400,-500,2000,"bu","13:07:14",786400
43300,-600,1900,"sd","13:07:07",784400
43300,-600,100,"bu","13:07:06",782500
43300,-600,500,"bu","13:07:02",782400
43300,-600,500,"bu","13:06:59",781900
43200,-700,800,"sd","13:06:58",781400
43300,-600,100,"bu","13:06:54",780600
43300,-600,100,"bu","13:06:50",780500
43300,-600,2600,"bu","13:06:46",780400
43300,-600,1300,"sd","13:06:43",777800
43300,-600,200,"sd","13:06:42",776500
43300,-600,6600,"sd","13:06:40",776300
43400,-500,800,"bu","13:06:34",769700
43400,-500,500,"bu","13:06:28",768900
43400,-500,500,"bu","13:06:22",768400
43300,-600,200,"sd","13:06:15",767900
43300,-600,100,"sd","13:06:10",767700
43300,-600,3000,"sd","13:06:01",767600
43400,-500,100,"bu","13:05:48",764600
43400,-500,2000,"bu","13:05:34",764500
43300,-600,100,"sd","13:05:29",762500
43400,-500,500,"bu","13:05:18",762400
43400,-500,100,"bu","13:05:09",761900
43400,-500,1000,"bu","13:04:53",761800
43300,-600,2600,"sd","13:04:49",760800
43400,-500,16200,"bu","13:04:39",758200
43400,-500,700,"sd","13:04:37",742000
43400,-500,4200,"sd","13:04:32",741300
43500,-400,7200,"sd","13:04:21",737100
43500,-400,100,"sd","13:04:19",729900
43500,-400,400,"sd","13:04:17",729800
43500,-400,200,"sd","13:04:16",729400
43500,-400,68100,"sd","13:04:14",729200
43500,-400,600,"sd","13:04:10",661100
43500,-400,3000,"sd","13:04:09",660500
43500,-400,4400,"sd","13:04:06",657500
43500,-400,1000,"sd","13:03:53",653100
43500,-400,3000,"sd","13:03:52",652100
43600,-300,500,"bu","13:03:14",649100
43500,-400,1000,"sd","13:03:09",648600
43600,-300,5000,"bu","13:02:50",647600
43600,-300,5000,"bu","13:02:15",642600
43600,-300,5000,"bu","13:02:09",637600
43600,-300,10900,"bu","13:01:16",632600
43600,-300,8300,"sd","13:01:14",621700
43600,-300,5000,"sd","13:01:12",613400
43600,-300,1000,"sd","13:01:10",608400
43600,-300,1200,"sd","13:01:05",607400
43600,-300,500,"sd","13:00:54",606200
43600,-300,100,"sd","13:00:50",605700
43600,-300,1000,"sd","13:00:30",605600
43600,-300,100,"sd","13:00:29",604600
43600,-300,4000,"sd","13:00:25",604500
43700,-200,100,"bu","13:00:17",600500
43600,-300,600,"sd","13:00:10",600400
43600,-300,20700,"sd","13:00:09",599800
43600,-300,2000,"sd","13:00:08",579100
43700,-200,4800,"bu","13:00:07",577100
43700,-200,3900,"bu","13:00:06",572300
43700,-200,5000,"bu","13:00:05",568400
43700,-200,30800,"bu","13:00:04",563400
43700,-200,6300,"sd","13:00:03",532600
43700,-200,500,"sd","11:29:29",526300
43700,-200,500,"sd","11:28:15",525800
43700,-200,500,"sd","11:27:50",525300
43800,-100,5000,"bu","11:27:39",524800
43800,-100,5000,"bu","11:26:23",519800
43700,-200,600,"sd","11:26:03",514800
43700,-200,1000,"sd","11:25:48",514200
43700,-200,1000,"sd","11:25:41",513200
43700,-200,500,"sd","11:23:33",512200
43700,-200,100,"sd","11:23:25",511700
43700,-200,1000,"sd","11:23:19",511600
43700,-200,100,"sd","11:22:38",510600
43700,-200,400,"sd","11:22:22",510500
43700,-200,1000,"sd","11:20:17",510100
43800,-100,100,"bu","11:19:45",509100
43700,-200,100,"sd","11:18:33",509000
43700,-200,100,"sd","11:18:30",508900
43700,-200,15000,"sd","11:17:17",508800
43700,-200,200,"sd","11:16:09",493800
43700,-200,200,"sd","11:16:02",493600
43800,-100,5000,"bu","11:14:52",493400
43800,-100,100,"bu","11:13:04",488400
43800,-100,300,"bu","11:12:59",488300
43800,-100,1000,"bu","11:11:36",488000
43700,-200,100,"sd","11:09:09",487000
43700,-200,2000,"sd","11:08:51",486900
43700,-200,1000,"sd","11:07:48",484900
43700,-200,100,"sd","11:06:57",483900
43700,-200,800,"sd","11:05:50",483800
43700,-200,200,"sd","11:04:43",483000
43700,-200,1000,"sd","11:03:22",482800
43700,-200,200,"sd","11:03:16",481800
43700,-200,200,"sd","11:02:51",481600
43700,-200,3500,"sd","11:01:21",481400
43700,-200,8400,"bu","11:01:11",477900
43700,-200,60000,"sd","11:00:31",469500
43800,-100,1500,"sd","10:59:38",409500
43800,-100,500,"sd","10:59:16",408000
43800,-100,400,"bu","10:59:15",407500
43800,-100,3000,"bu","10:59:07",407100
43800,-100,100,"bu","10:56:31",404100
43800,-100,300,"sd","10:55:42",404000
43800,-100,500,"sd","10:55:25",403700
43800,-100,2000,"sd","10:55:08",403200
43800,-100,300,"sd","10:54:16",401200
43800,-100,5000,"sd","10:53:57",400900
43900,0,100,"bu","10:53:10",395900
43800,-100,12800,"sd","10:53:07",395800
43800,-100,300,"sd","10:52:58",383000
43800,-100,5800,"sd","10:52:43",382700
43800,-100,10000,"sd","10:51:57",376900
43800,-100,200,"sd","10:51:47",366900
43800,-100,2200,"sd","10:51:44",366700
43800,-100,1000,"sd","10:51:35",364500
43800,-100,6300,"sd","10:51:21",363500
43800,-100,1500,"bu","10:50:09",357200
43800,-100,7500,"bu","10:50:04",355700
43700,-200,500,"sd","10:47:54",348200
43800,-100,100,"bu","10:46:35",347700
43800,-100,200,"bu","10:46:07",347600
43800,-100,1000,"bu","10:43:54",347400
43800,-100,5000,"bu","10:43:42",346400
43800,-100,600,"bu","10:43:00",341400
43700,-200,1100,"sd","10:42:53",340800
43800,-100,100,"bu","10:41:19",339700
43800,-100,1000,"bu","10:40:36",339600
43800,-100,100,"bu","10:40:11",338600
43800,-100,100,"bu","10:40:02",338500
43700,-200,20000,"sd","10:39:37",338400
43700,-200,1700,"sd","10:39:27",318400
43800,-100,1000,"bu","10:38:36",316700
43800,-100,5000,"bu","10:37:53",315700
43800,-100,800,"bu","10:37:30",310700
43800,-100,1000,"bu","10:36:42",309900
43800,-100,5000,"bu","10:35:20",308900
43800,-100,200,"bu","10:33:46",303900
43800,-100,300,"bu","10:33:38",303700
43800,-100,100,"bu","10:33:29",303400
43700,-200,500,"sd","10:32:53",303300
43800,-100,100,"bu","10:31:20",302800
43800,-100,5000,"bu","10:29:46",302700
43800,-100,100,"bu","10:29:21",297700
43800,-100,100,"bu","10:27:40",297600
43800,-100,400,"bu","10:27:16",297500
43800,-100,100,"bu","10:26:58",297100
43800,-100,100,"bu","10:26:56",297000
43800,-100,500,"bu","10:24:50",296900
43800,-100,100,"bu","10:24:38",296400
43800,-100,5000,"bu","10:24:10",296300
43800,-100,500,"bu","10:23:01",291300
43800,-100,200,"bu","10:22:54",290800
43800,-100,200,"bu","10:22:35",290600
43800,-100,1400,"bu","10:22:24",290400
43800,-100,400,"bu","10:22:12",289000
43800,-100,300,"bu","10:20:06",288600
43800,-100,100,"bu","10:18:55",288300
43800,-100,2000,"bu","10:18:41",288200
43800,-100,4000,"bu","10:18:32",286200
43800,-100,1500,"bu","10:18:12",282200
43800,-100,5000,"bu","10:17:45",280700
43800,-100,1000,"bu","10:17:23",275700
43800,-100,100,"bu","10:17:15",274700
43800,-100,200,"bu","10:16:35",274600
43800,-100,100,"bu","10:16:21",274400
43800,-100,100,"bu","10:15:58",274300
43800,-100,100,"bu","10:15:29",274200
43800,-100,4600,"bu","10:15:28",274100
43800,-100,10000,"sd","10:15:22",269500
43900,0,2000,"bu","10:15:16",259500
43800,-100,200,"sd","10:15:00",257500
43900,0,100,"bu","10:14:35",257300
43800,-100,2000,"sd","10:14:14",257200
43800,-100,6000,"sd","10:14:07",255200
43800,-100,500,"sd","10:13:57",249200
43800,-100,100,"sd","10:13:07",248700
43800,-100,1000,"sd","10:12:54",248600
43800,-100,600,"sd","10:12:25",247600
43800,-100,1800,"sd","10:10:21",247000
43800,-100,3000,"sd","10:10:07",245200
43800,-100,200,"sd","10:09:59",242200
43800,-100,5000,"sd","10:09:40",242000
43800,-100,1100,"sd","10:08:52",237000
43900,0,200,"bu","10:08:19",235900
43800,-100,1000,"sd","10:08:06",235700
43900,0,100,"bu","10:07:31",234700
43800,-100,800,"sd","10:06:36",234600
43800,-100,2000,"sd","10:05:55",233800
43800,-100,500,"sd","10:05:49",231800
43800,-100,500,"sd","10:05:34",231300
43800,-100,4300,"sd","10:05:30",230800
43800,-100,13000,"sd","10:04:45",226500
43900,0,200,"bu","10:04:37",213500
43900,0,1400,"bu","10:03:01",213300
43900,0,1000,"bu","10:02:01",211900
43900,0,100,"bu","10:01:47",210900
43900,0,3500,"bu","10:01:38",210800
43900,0,1500,"sd","10:01:35",207300
43900,0,100,"bu","10:01:05",205800
43900,0,100,"bu","10:00:58",205700
43900,0,300,"bu","10:00:47",205600
43900,0,100,"bu","10:00:39",205300
43900,0,2700,"bu","09:59:45",205200
43900,0,100,"bu","09:59:40",202500
43900,0,300,"bu","09:59:21",202400
43900,0,900,"bu","09:58:16",202100
43900,0,200,"bu","09:58:13",201200
43800,-100,2500,"sd","09:58:11",201000
43900,0,8700,"sd","09:58:04",198500
43900,0,3000,"sd","09:57:48",189800
43900,0,200,"sd","09:57:33",186800
43900,0,300,"sd","09:56:58",186600
43900,0,18300,"bu","09:56:11",186300
43900,0,100,"bu","09:54:39",168000
43900,0,1000,"bu","09:54:21",167900
43900,0,1000,"bu","09:53:57",166900
43900,0,10000,"bu","09:52:37",165900
43900,0,100,"bu","09:52:36",155900
43900,0,400,"bu","09:52:05",155800
43800,-100,200,"sd","09:51:44",155400
43800,-100,100,"sd","09:51:13",155200
43800,-100,300,"sd","09:51:01",155100
43800,-100,1000,"sd","09:50:59",154800
43800,-100,2700,"sd","09:50:54",153800
43800,-100,5300,"bu","09:50:39",151100
43800,-100,2300,"bu","09:50:37",145800
43800,-100,11500,"bu","09:50:23",143500
43800,-100,900,"bu","09:50:13",132000
43800,-100,100,"bu","09:49:44",131100
43800,-100,2000,"bu","09:49:24",131000
43700,-200,100,"sd","09:49:21",129000
43700,-200,100,"sd","09:48:47",128900
43700,-200,3000,"sd","09:48:09",128800
43700,-200,1300,"sd","09:47:42",125800
43700,-200,300,"sd","09:47:05",124500
43800,-100,700,"bu","09:46:46",124200
43800,-100,300,"bu","09:44:25",123500
43800,-100,1000,"bu","09:44:06",123200
43800,-100,300,"sd","09:42:56",122200
43800,-100,100,"sd","09:42:18",121900
43800,-100,400,"bu","09:42:08",121800
43800,-100,100,"sd","09:42:03",121400
43700,-200,1500,"sd","09:41:50",121300
43800,-100,4500,"sd","09:41:44",119800
43800,-100,500,"bu","09:40:58",115300
43800,-100,500,"bu","09:39:39",114800
43800,-100,300,"sd","09:36:57",114300
43800,-100,7200,"sd","09:36:13",114000
43800,-100,100,"sd","09:35:36",106800
43800,-100,2000,"sd","09:35:23",106700
43800,-100,400,"sd","09:34:45",104700
43800,-100,100,"sd","09:34:03",104300
43800,-100,200,"sd","09:32:48",104200
43800,-100,900,"sd","09:32:47",104000
43800,-100,1000,"sd","09:32:38",103100
43800,-100,400,"sd","09:30:54",102100
43800,-100,2000,"sd","09:30:35",101700
43800,-100,500,"sd","09:30:30",99700
43800,-100,1000,"sd","09:29:24",99200
43800,-100,2000,"sd","09:29:21",98200
43800,-100,1800,"sd","09:29:13",96200
43800,-100,3000,"sd","09:29:03",94400
43800,-100,1500,"sd","09:28:12",91400
43900,0,1100,"bu","09:28:02",89900
43800,-100,2000,"sd","09:26:25",88800
43800,-100,11000,"sd","09:25:47",86800
43900,0,200,"bu","09:25:25",75800
43800,-100,1500,"sd","09:25:03",75600
43800,-100,3300,"sd","09:23:19",74100
43800,-100,400,"sd","09:22:59",70800
44000,100,100,"bu","09:21:52",70400
44000,100,500,"bu","09:21:50",70300
44000,100,800,"bu","09:21:40",69800
44000,100,2000,"bu","09:20:38",69000
43900,0,1400,"sd","09:20:33",67000
43900,0,2000,"sd","09:20:30",65600
44000,100,300,"bu","09:20:25",63600
44000,100,200,"sd","09:19:53",63300
44000,100,800,"bu","09:19:45",63100
44000,100,100,"sd","09:19:08",62300
44000,100,10900,"sd","09:18:57",62200
44000,100,200,"bu","09:18:38",51300
44000,100,1700,"bu","09:18:31",51100
44000,100,1700,"bu","09:17:46",49400
44000,100,7700,"sd","09:17:25",47700
44000,100,2200,"sd","09:17:23",40000
44000,100,10200,"sd","09:16:50",37800
44000,100,100,"bu","09:16:25",27600
43900,0,5000,"sd","09:16:07",27500
44000,100,300,"bu","09:13:16",22500
44000,100,4000,"bu","09:13:14",22200
44000,100,200,"bu","09:12:02",18200
44000,100,100,"bu","09:10:07",18000
44000,100,2000,"bu","09:09:51",17900
44000,100,3900,"bu","09:07:18",15900
44000,100,1700,"bu","09:06:11",12000
44000,100,1000,"bu","09:05:33",10300
44000,100,300,"bu","09:04:05",9300
44000,100,300,"bu","09:03:20",9000
44000,100,1000,"sd","09:02:37",8700
44000,100,100,"sd","09:02:11",7700
44000,100,400,"sd","09:01:25",7600
43900,0,5400,"sd","09:00:20",7200
44000,100,1400,"bu","09:00:19",1800
44100,200,200,"bu","09:00:13",400
43700,-200,200,"sd","02:00:10",200
