"price","change","match_qtty","side","time","total_vol"
19550,-100,2317400,"unknown","14:45:00",28419400
19650,0,5000,"sd","14:29:58",26102000
19650,0,1000,"sd","14:29:57",26097000
19650,0,500,"sd","14:29:55",26096000
19650,0,10000,"sd","14:29:55",26095500
19650,0,500,"sd","14:29:53",26085500
19650,0,1100,"sd","14:29:50",26085000
19650,0,5000,"sd","14:29:49",26083900
19700,50,1000,"bu","14:29:46",26078900
19700,50,100,"bu","14:29:45",26077900
19650,0,20000,"sd","14:29:45",26077800
19650,0,5000,"sd","14:29:44",26057800
19650,0,1000,"sd","14:29:43",26052800
19650,0,1000,"sd","14:29:42",26051800
19650,0,12200,"sd","14:29:42",26050800
19650,0,10000,"sd","14:29:42",26038600
19650,0,1000,"sd","14:29:42",26028600
19650,0,500,"sd","14:29:42",26027600
19650,0,200,"sd","14:29:42",26027100
19650,0,200,"sd","14:29:42",26026900
19650,0,600,"sd","14:29:42",26026700
19650,0,500,"sd","14:29:42",26026100
19650,0,100,"sd","14:29:42",26025600
19650,0,1000,"sd","14:29:41",26025500
19650,0,2000,"sd","14:29:41",26024500
19650,0,5000,"sd","14:29:41",26022500
19650,0,5200,"sd","14:29:41",26017500
19650,0,100,"sd","14:29:41",26012300
19650,0,5400,"sd","14:29:41",26012200
19650,0,500,"sd","14:29:41",26006800
19650,0,1000,"sd","14:29:41",26006300
19650,0,3000,"sd","14:29:41",26005300
19650,0,500,"sd","14:29:41",26002300
19650,0,500,"sd","14:29:40",26001800
19650,0,4500,"sd","14:29:40",26001300
19650,0,500,"sd","14:29:40",25996800
19650,0,100,"sd","14:29:39",25996300
19650,0,20000,"sd","14:29:39",25996200
19650,0,3000,"sd","14:29:38",25976200
19650,0,15000,"sd","14:29:35",25973200
19650,0,5000,"sd","14:29:33",25958200
19650,0,200,"sd","14:29:33",25953200
19650,0,900,"sd","14:29:28",25953000
19700,50,100,"bu","14:29:28",25952100
19650,0,3000,"sd","14:29:28",25952000
19650,0,1000,"sd","14:29:24",25949000
19650,0,600,"sd","14:29:24",25948000
19650,0,500,"sd","14:29:24",25947400
19650,0,15000,"sd","14:29:23",25946900
19650,0,14800,"sd","14:29:23",25931900
19650,0,6000,"sd","14:29:18",25917100
19650,0,9700,"sd","14:29:16",25911100
19650,0,20000,"sd","14:29:13",25901400
19650,0,1700,"bu","14:29:10",25881400
19650,0,8500,"bu","14:29:10",25879700
19650,0,1000,"bu","14:29:10",25871200
19650,0,400,"bu","14:29:10",25870200
19650,0,10100,"unknown","14:29:09",25869800
19650,0,4900,"unknown","14:29:08",25859700
19650,0,100,"unknown","14:29:08",25854800
19650,0,400,"bu","14:29:07",25854700
19600,-50,300,"sd","14:29:07",25854300
19600,-50,200,"sd","14:29:07",25854000
19600,-50,200,"sd","14:29:07",25853800
19600,-50,300,"sd","14:29:07",25853600
19600,-50,300,"sd","14:29:07",25853300
19600,-50,100,"sd","14:29:07",25853000
19650,0,300,"sd","14:29:07",25852900
19650,0,700,"sd","14:29:07",25852600
19650,0,1500,"sd","14:29:06",25851900
19650,0,500,"sd","14:29:06",25850400
19650,0,1000,"sd","14:29:06",25849900
19650,0,700,"sd","14:29:06",25848900
19650,0,100,"sd","14:29:06",25848200
19650,0,1000,"sd","14:29:06",25848100
19650,0,500,"sd","14:29:06",25847100
19650,0,1100,"sd","14:29:06",25846600
19650,0,100,"sd","14:29:06",25845500
19650,0,100,"sd","14:29:06",25845400
19650,0,400,"sd","14:29:06",25845300
19650,0,200,"sd","14:29:06",25844900
19650,0,200,"sd","14:29:06",25844700
19650,0,1100,"sd","14:29:05",25844500
19650,0,100,"sd","14:29:05",25843400
19650,0,200,"sd","14:29:05",25843300
19650,0,1800,"sd","14:29:05",25843100
19650,0,300,"sd","14:29:05",25841300
19650,0,200,"sd","14:29:05",25841000
19650,0,1900,"sd","14:29:05",25840800
19650,0,100,"sd","14:29:05",25838900
19650,0,200,"sd","14:29:05",25838800
19650,0,400,"sd","14:29:04",25838600
19650,0,100,"sd","14:29:04",25838200
19650,0,1000,"sd","14:29:04",25838100
19650,0,500,"sd","14:29:04",25837100
19650,0,100,"sd","14:29:04",25836600
19650,0,800,"sd","14:29:04",25836500
19650,0,600,"sd","14:29:04",25835700
19650,0,1800,"sd","14:29:04",25835100
19650,0,500,"sd","14:29:04",25833300
19650,0,700,"sd","14:29:04",25832800
19650,0,100,"sd","14:29:04",25832100
19650,0,500,"sd","14:29:04",25832000
19650,0,400,"sd","14:29:04",25831500
19650,0,600,"sd","14:29:04",25831100
19650,0,400,"sd","14:29:03",25830500
19650,0,900,"sd","14:29:03",25830100
19650,0,900,"sd","14:29:03",25829200
19650,0,100,"sd","14:29:03",25828300
19650,0,100,"sd","14:29:03",25828200
19650,0,200,"sd","14:29:03",25828100
19650,0,3000,"sd","14:29:02",25827900
19650,0,5000,"sd","14:28:59",25824900
19650,0,9300,"sd","14:28:56",25819900
19650,0,2000,"sd","14:28:56",25810600
19650,0,300,"bu","14:28:48",25808600
19650,0,1300,"bu","14:28:48",25808300
19650,0,1000,"bu","14:28:47",25807000
19650,0,2000,"bu","14:28:47",25806000
19650,0,700,"bu","14:28:45",25804000
19650,0,1300,"bu","14:28:45",25803300
19650,0,500,"bu","14:28:45",25802000
19650,0,500,"bu","14:28:44",25801500
19650,0,100,"bu","14:28:44",25801000
19650,0,600,"bu","14:28:43",25800900
19650,0,3000,"bu","14:28:42",25800300
19650,0,300,"bu","14:28:40",25797300
19650,0,1000,"bu","14:28:40",25797000
19650,0,300,"bu","14:28:39",25796000
19650,0,300,"bu","14:28:38",25795700
19650,0,20000,"sd","14:28:36",25795400
19650,0,1000,"sd","14:28:35",25775400
19650,0,200,"sd","14:28:35",25774400
19650,0,100,"sd","14:28:34",25774200
19650,0,400,"sd","14:28:34",25774100
19650,0,1400,"sd","14:28:34",25773700
19650,0,100,"sd","14:28:33",25772300
19650,0,200,"sd","14:28:32",25772200
19650,0,300,"sd","14:28:32",25772000
19650,0,700,"sd","14:28:32",25771700
19650,0,1000,"sd","14:28:32",25771000
19650,0,400,"sd","14:28:32",25770000
19650,0,100,"sd","14:28:32",25769600
19650,0,600,"sd","14:28:32",25769500
19650,0,100,"sd","14:28:32",25768900
19650,0,100,"sd","14:28:31",25768800
19650,0,100,"sd","14:28:31",25768700
19650,0,400,"sd","14:28:31",25768600
19650,0,300,"sd","14:28:31",25768200
19650,0,100,"sd","14:28:31",25767900
19650,0,200,"sd","14:28:31",25767800
19650,0,3300,"sd","14:28:31",25767600
19650,0,300,"sd","14:28:31",25764300
19650,0,200,"sd","14:28:30",25764000
19650,0,1200,"sd","14:28:30",25763800
19650,0,800,"sd","14:28:30",25762600
19650,0,100,"sd","14:28:30",25761800
19650,0,100,"sd","14:28:30",25761700
19650,0,300,"sd","14:28:30",25761600
19650,0,100,"sd","14:28:30",25761300
19650,0,200,"sd","14:28:30",25761200
19650,0,1000,"sd","14:28:30",25761000
19700,50,1000,"bu","14:28:30",25760000
19650,0,100,"sd","14:28:30",25759000
19650,0,300,"sd","14:28:30",25758900
19650,0,800,"sd","14:28:30",25758600
19650,0,1100,"sd","14:28:30",25757800
19650,0,200,"sd","14:28:29",25756700
19650,0,100,"sd","14:28:29",25756500
19650,0,2800,"sd","14:28:29",25756400
19650,0,1000,"sd","14:28:29",25753600
19650,0,900,"sd","14:28:29",25752600
19650,0,200,"sd","14:28:29",25751700
19650,0,4600,"sd","14:28:29",25751500
19650,0,7000,"sd","14:28:29",25746900
19650,0,200,"sd","14:28:29",25739900
19650,0,1600,"sd","14:28:29",25739700
19650,0,300,"sd","14:28:29",25738100
19650,0,500,"sd","14:28:29",25737800
19650,0,300,"sd","14:28:28",25737300
19650,0,100,"sd","14:28:28",25737000
19650,0,100,"sd","14:28:28",25736900
19650,0,600,"sd","14:28:28",25736800
19650,0,600,"sd","14:28:28",25736200
19650,0,200,"sd","14:28:28",25735600
19650,0,100,"sd","14:28:28",25735400
19650,0,400,"sd","14:28:28",25735300
19650,0,2000,"sd","14:28:27",25734900
19650,0,15000,"sd","14:28:27",25732900
19650,0,16400,"sd","14:28:27",25717900
19650,0,500,"sd","14:28:27",25701500
19650,0,500,"sd","14:28:27",25701000
19650,0,100,"sd","14:28:27",25700500
19650,0,2000,"sd","14:28:27",25700400
19650,0,900,"sd","14:28:27",25698400
19650,0,300,"sd","14:28:27",25697500
19650,0,10000,"sd","14:28:27",25697200
19650,0,200,"sd","14:28:27",25687200
19650,0,100,"sd","14:28:27",25687000
19650,0,400,"sd","14:28:26",25686900
19650,0,1000,"sd","14:28:26",25686500
19650,0,200,"sd","14:28:26",25685500
19650,0,100,"sd","14:28:26",25685300
19650,0,18300,"sd","14:28:26",25685200
19650,0,1500,"sd","14:28:25",25666900
19650,0,11000,"sd","14:28:24",25665400
19650,0,100,"sd","14:28:24",25654400
19650,0,500,"sd","14:28:24",25654300
19650,0,6500,"sd","14:28:17",25653800
19650,0,30000,"sd","14:28:17",25647300
19650,0,2000,"sd","14:28:15",25617300
19650,0,1000,"sd","14:28:13",25615300
19650,0,3300,"bu","14:28:08",25614300
19650,0,2500,"sd","14:28:08",25611000
19650,0,1000,"bu","14:28:07",25608500
19650,0,300,"bu","14:28:07",25607500
19650,0,14600,"bu","14:28:07",25607200
19650,0,1000,"bu","14:28:07",25592600
19650,0,1000,"bu","14:28:07",25591600
19650,0,1200,"bu","14:28:07",25590600
19650,0,4200,"bu","14:28:07",25589400
19650,0,100,"bu","14:28:06",25585200
19600,-50,900,"sd","14:28:06",25585100
19600,-50,9100,"sd","14:28:06",25584200
19650,0,100,"bu","14:28:06",25575100
19650,0,200,"bu","14:28:05",25575000
19650,0,4200,"bu","14:28:05",25574800
19650,0,5000,"bu","14:28:04",25570600
19650,0,600,"bu","14:28:04",25565600
19650,0,5500,"bu","14:28:04",25565000
19650,0,2500,"bu","14:28:01",25559500
19650,0,1000,"bu","14:28:01",25557000
19650,0,3000,"bu","14:28:00",25556000
19650,0,27000,"bu","14:27:59",25553000
19650,0,2000,"bu","14:27:59",25526000
19650,0,100000,"bu","14:27:58",25524000
19650,0,200,"bu","14:27:53",25424000
19650,0,300,"bu","14:27:52",25423800
19650,0,7200,"bu","14:27:48",25423500
19600,-50,900,"sd","14:27:48",25416300
19600,-50,100,"sd","14:27:48",25415400
19650,0,400,"sd","14:27:46",25415300
19650,0,100,"sd","14:27:46",25414900
19650,0,1000,"sd","14:27:46",25414800
19650,0,2000,"sd","14:27:46",25413800
19650,0,100,"sd","14:27:46",25411800
19650,0,1000,"sd","14:27:46",25411700
19650,0,300,"sd","14:27:46",25410700
19650,0,1000,"sd","14:27:46",25410400
19650,0,1000,"sd","14:27:46",25409400
19650,0,1000,"sd","14:27:46",25408400
19650,0,200,"sd","14:27:46",25407400
19650,0,1000,"sd","14:27:46",25407200
19650,0,5000,"sd","14:27:46",25406200
19650,0,400,"sd","14:27:46",25401200
19650,0,9000,"sd","14:27:46",25400800
19650,0,200,"sd","14:27:46",25391800
19650,0,4000,"sd","14:27:46",25391600
19650,0,5000,"sd","14:27:46",25387600
19650,0,200,"sd","14:27:46",25382600
19650,0,1500,"sd","14:27:46",25382400
19650,0,500,"sd","14:27:46",25380900
19650,0,200,"sd","14:27:46",25380400
19650,0,1000,"sd","14:27:46",25380200
19650,0,1000,"sd","14:27:46",25379200
19650,0,200,"sd","14:27:46",25378200
19650,0,100,"sd","14:27:46",25378000
19650,0,100,"sd","14:27:46",25377900
19650,0,1600,"sd","14:27:46",25377800
19650,0,100,"sd","14:27:46",25376200
19650,0,500,"sd","14:27:46",25376100
19650,0,100,"sd","14:27:46",25375600
19650,0,100,"sd","14:27:46",25375500
19650,0,900,"sd","14:27:45",25375400
19650,0,500,"sd","14:27:45",25374500
19650,0,3600,"sd","14:27:45",25374000
19650,0,10000,"sd","14:27:45",25370400
19650,0,100,"sd","14:27:45",25360400
19650,0,700,"sd","14:27:44",25360300
19650,0,2500,"sd","14:27:44",25359600
19650,0,1100,"sd","14:27:44",25357100
19650,0,300,"sd","14:27:44",25356000
19650,0,7500,"sd","14:27:44",25355700
19650,0,900,"sd","14:27:44",25348200
19650,0,400,"sd","14:27:44",25347300
19650,0,700,"sd","14:27:44",25346900
19650,0,300,"sd","14:27:44",25346200
19650,0,1400,"sd","14:27:44",25345900
19650,0,300,"sd","14:27:44",25344500
19650,0,1900,"sd","14:27:44",25344200
19650,0,600,"sd","14:27:44",25342300
19650,0,600,"sd","14:27:44",25341700
19650,0,8100,"sd","14:27:44",25341100
19650,0,300,"sd","14:27:43",25333000
19650,0,200,"sd","14:27:43",25332700
19650,0,500,"sd","14:27:43",25332500
19650,0,100,"sd","14:27:43",25332000
19650,0,600,"sd","14:27:43",25331900
19650,0,300,"sd","14:27:43",25331300
19650,0,300,"sd","14:27:43",25331000
19650,0,3200,"sd","14:27:42",25330700
19650,0,100,"sd","14:27:42",25327500
19650,0,300,"sd","14:27:42",25327400
19650,0,200,"sd","14:27:42",25327100
19650,0,2900,"sd","14:27:42",25326900
19650,0,2600,"sd","14:27:42",25324000
19650,0,200,"sd","14:27:42",25321400
19650,0,200,"sd","14:27:42",25321200
19650,0,700,"sd","14:27:42",25321000
19650,0,800,"sd","14:27:41",25320300
19650,0,100,"sd","14:27:41",25319500
19650,0,3900,"sd","14:27:41",25319400
19650,0,100,"sd","14:27:41",25315500
19650,0,200,"sd","14:27:41",25315400
19650,0,900,"sd","14:27:41",25315200
19650,0,800,"sd","14:27:41",25314300
19650,0,2900,"sd","14:27:41",25313500
19650,0,1400,"sd","14:27:41",25310600
19650,0,600,"sd","14:27:40",25309200
19650,0,400,"sd","14:27:40",25308600
19650,0,10000,"sd","14:27:40",25308200
19650,0,1600,"sd","14:27:40",25298200
19650,0,1500,"sd","14:27:40",25296600
19650,0,200,"sd","14:27:40",25295100
19650,0,5000,"sd","14:27:40",25294900
19700,50,13300,"bu","14:27:39",25289900
19700,50,100,"bu","14:27:39",25276600
19700,50,100,"bu","14:27:39",25276500
19700,50,500,"bu","14:27:39",25276400
19700,50,5400,"bu","14:27:39",25275900
19700,50,1400,"bu","14:27:39",25270500
19700,50,5000,"bu","14:27:39",25269100
19700,50,500,"bu","14:27:39",25264100
19700,50,700,"bu","14:27:39",25263600
19650,0,15900,"sd","14:27:38",25262900
19650,0,1000,"sd","14:27:38",25247000
19650,0,100,"sd","14:27:38",25246000
19650,0,500,"sd","14:27:38",25245900
19650,0,100,"sd","14:27:38",25245400
19650,0,2400,"sd","14:27:38",25245300
19650,0,200,"sd","14:27:38",25242900
19650,0,2000,"sd","14:27:37",25242700
19650,0,300,"sd","14:27:33",25240700
19700,50,500,"bu","14:27:31",25240400
19650,0,2100,"sd","14:27:27",25239900
19650,0,400,"sd","14:27:27",25237800
19650,0,400,"sd","14:27:27",25237400
19650,0,300,"sd","14:27:27",25237000
19650,0,1200,"sd","14:27:27",25236700
19650,0,700,"sd","14:27:27",25235500
19650,0,5000,"sd","14:27:27",25234800
19650,0,600,"sd","14:27:27",25229800
19650,0,200,"sd","14:27:27",25229200
19650,0,2300,"sd","14:27:27",25229000
19650,0,400,"sd","14:27:27",25226700
19650,0,200,"sd","14:27:27",25226300
19650,0,100,"sd","14:27:27",25226100
19650,0,100,"sd","14:27:27",25226000
19650,0,2900,"sd","14:27:27",25225900
19650,0,700,"sd","14:27:27",25223000
19650,0,1400,"sd","14:27:27",25222300
19650,0,400,"sd","14:27:26",25220900
19650,0,200,"sd","14:27:26",25220500
19650,0,600,"sd","14:27:26",25220300
19650,0,1900,"sd","14:27:26",25219700
19650,0,100,"sd","14:27:26",25217800
19650,0,400,"sd","14:27:26",25217700
19650,0,300,"sd","14:27:26",25217300
19650,0,500,"sd","14:27:26",25217000
19650,0,200,"sd","14:27:26",25216500
19650,0,400,"sd","14:27:25",25216300
19650,0,500,"sd","14:27:25",25215900
19650,0,100,"sd","14:27:25",25215400
19650,0,500,"sd","14:27:25",25215300
19650,0,1500,"sd","14:27:25",25214800
19650,0,500,"sd","14:27:25",25213300
19650,0,200,"sd","14:27:25",25212800
19650,0,200,"sd","14:27:25",25212600
19650,0,200,"sd","14:27:25",25212400
19650,0,1000,"sd","14:27:25",25212200
19650,0,1000,"sd","14:27:25",25211200
19650,0,400,"sd","14:27:25",25210200
19650,0,500,"sd","14:27:25",25209800
19650,0,100,"sd","14:27:25",25209300
19650,0,300,"sd","14:27:25",25209200
19650,0,700,"sd","14:27:25",25208900
19650,0,100,"sd","14:27:25",25208200
19650,0,100,"sd","14:27:25",25208100
19650,0,2000,"sd","14:27:25",25208000
19650,0,14300,"sd","14:27:25",25206000
19650,0,3900,"sd","14:27:25",25191700
19650,0,200,"sd","14:27:24",25187800
19650,0,700,"sd","14:27:24",25187600
19650,0,100,"sd","14:27:24",25186900
19650,0,800,"sd","14:27:24",25186800
19650,0,100,"sd","14:27:24",25186000
19650,0,100,"sd","14:27:24",25185900
19650,0,1500,"sd","14:27:24",25185800
19650,0,300,"sd","14:27:23",25184300
19650,0,700,"sd","14:27:23",25184000
19650,0,1300,"sd","14:27:23",25183300
19650,0,100,"sd","14:27:23",25182000
19650,0,1500,"sd","14:27:23",25181900
19650,0,200,"sd","14:27:23",25180400
19650,0,1000,"sd","14:27:23",25180200
19650,0,600,"sd","14:27:23",25179200
19650,0,5000,"sd","14:27:23",25178600
19650,0,500,"sd","14:27:20",25173600
19650,0,5000,"sd","14:27:19",25173100
19700,50,1300,"bu","14:27:18",25168100
19700,50,600,"bu","14:27:18",25166800
19700,50,2000,"bu","14:27:18",25166200
19700,50,23100,"bu","14:27:18",25164200
19700,50,1000,"bu","14:27:17",25141100
19650,0,1000,"sd","14:27:11",25140100
19650,0,400,"sd","14:26:58",25139100
19700,50,25900,"bu","14:26:58",25138700
19700,50,1100,"bu","14:26:58",25112800
19650,0,400,"sd","14:26:56",25111700
19700,50,5000,"bu","14:26:56",25111300
19650,0,500,"sd","14:26:55",25106300
19650,0,200,"sd","14:26:55",25105800
19650,0,100,"sd","14:26:55",25105600
19650,0,900,"sd","14:26:55",25105500
19650,0,2200,"sd","14:26:55",25104600
19650,0,7100,"sd","14:26:55",25102400
19650,0,300,"sd","14:26:55",25095300
19650,0,1200,"sd","14:26:55",25095000
19650,0,2500,"sd","14:26:55",25093800
19650,0,200,"sd","14:26:54",25091300
19650,0,1600,"sd","14:26:54",25091100
19650,0,100,"sd","14:26:54",25089500
19650,0,300,"sd","14:26:54",25089400
19650,0,600,"sd","14:26:54",25089100
19650,0,400,"sd","14:26:54",25088500
19650,0,2700,"sd","14:26:54",25088100
19650,0,200,"sd","14:26:54",25085400
19650,0,300,"sd","14:26:54",25085200
19650,0,200,"sd","14:26:54",25084900
19650,0,2200,"sd","14:26:53",25084700
19650,0,100,"sd","14:26:53",25082500
19650,0,600,"sd","14:26:53",25082400
19650,0,100,"sd","14:26:53",25081800
19650,0,400,"sd","14:26:53",25081700
19650,0,100,"sd","14:26:53",25081300
19650,0,500,"sd","14:26:53",25081200
19650,0,600,"sd","14:26:53",25080700
19650,0,3400,"sd","14:26:53",25080100
19650,0,14000,"sd","14:26:52",25076700
19650,0,2500,"sd","14:26:52",25062700
19650,0,100,"sd","14:26:52",25060200
19650,0,1100,"sd","14:26:52",25060100
19650,0,600,"sd","14:26:52",25059000
19650,0,1200,"sd","14:26:52",25058400
19650,0,300,"sd","14:26:52",25057200
19650,0,100,"sd","14:26:52",25056900
19650,0,800,"sd","14:26:52",25056800
19650,0,1300,"sd","14:26:52",25056000
19650,0,400,"sd","14:26:52",25054700
19650,0,100,"sd","14:26:52",25054300
19650,0,4400,"sd","14:26:51",25054200
19700,50,1000,"bu","14:26:51",25049800
19700,50,200,"bu","14:26:41",25048800
19650,0,1800,"sd","14:26:40",25048600
19650,0,200,"sd","14:26:40",25046800
19700,50,5000,"bu","14:26:40",25046600
19700,50,14000,"bu","14:26:37",25041600
19700,50,1000,"bu","14:26:37",25027600
19700,50,10000,"bu","14:26:37",25026600
19700,50,1000,"bu","14:26:37",25016600
19700,50,1000,"bu","14:26:37",25015600
19700,50,1000,"bu","14:26:29",25014600
19650,0,1400,"sd","14:26:18",25013600
19650,0,2000,"sd","14:26:18",25012200
19650,0,100,"sd","14:26:18",25010200
19650,0,100,"sd","14:26:18",25010100
19650,0,300,"sd","14:26:18",25010000
19650,0,100,"sd","14:26:18",25009700
19650,0,2600,"sd","14:26:18",25009600
19650,0,500,"sd","14:26:18",25007000
19650,0,5000,"sd","14:26:18",25006500
19650,0,1000,"sd","14:26:18",25001500
19650,0,500,"sd","14:26:18",25000500
19650,0,100,"sd","14:26:18",25000000
19650,0,900,"sd","14:26:18",24999900
19650,0,2000,"sd","14:26:18",24999000
19650,0,1500,"sd","14:26:18",24997000
19650,0,100,"sd","14:26:18",24995500
19650,0,300,"sd","14:26:18",24995400
19650,0,100,"sd","14:26:18",24995100
19650,0,700,"sd","14:26:18",24995000
19650,0,600,"sd","14:26:18",24994300
19650,0,100,"sd","14:26:18",24993700
19650,0,400,"sd","14:26:18",24993600
19700,50,7700,"bu","14:26:17",24993200
19700,50,19300,"bu","14:26:17",24985500
19700,50,200,"bu","14:26:11",24966200
19700,50,100,"bu","14:26:10",24966000
19650,0,100,"sd","14:26:07",24965900
19700,50,400,"bu","14:26:05",24965800
19700,50,100,"bu","14:26:05",24965400
19700,50,100,"bu","14:26:05",24965300
19700,50,200,"bu","14:26:05",24965200
19700,50,200,"bu","14:26:05",24965000
19700,50,4800,"bu","14:25:59",24964800
19700,50,500,"bu","14:25:59",24960000
19700,50,500,"bu","14:25:59",24959500
19700,50,3000,"bu","14:25:59",24959000
19700,50,200,"bu","14:25:59",24956000
19700,50,100,"bu","14:25:59",24955800
19700,50,4000,"bu","14:25:59",24955700
19700,50,1000,"bu","14:25:59",24951700
19700,50,100,"bu","14:25:59",24950700
19700,50,12800,"bu","14:25:59",24950600
19700,50,1600,"bu","14:25:58",24937800
19650,0,1900,"sd","14:25:57",24936200
19650,0,5000,"sd","14:25:57",24934300
19650,0,300,"sd","14:25:57",24929300
19650,0,12800,"sd","14:25:57",24929000
19700,50,1100,"bu","14:25:56",24916200
19700,50,14500,"bu","14:25:54",24915100
19700,50,18500,"bu","14:25:54",24900600
19650,0,14200,"sd","14:25:51",24882100
19650,0,5000,"sd","14:25:51",24867900
19650,0,100,"sd","14:25:51",24862900
19650,0,400,"sd","14:25:51",24862800
19650,0,1000,"sd","14:25:51",24862400
19650,0,200,"sd","14:25:51",24861400
19650,0,2000,"sd","14:25:51",24861200
19650,0,10100,"sd","14:25:51",24859200
19650,0,1000,"sd","14:25:47",24849100
19700,50,800,"bu","14:25:43",24848100
19700,50,1800,"bu","14:25:40",24847300
19700,50,1000,"bu","14:25:40",24845500
19650,0,3000,"sd","14:25:39",24844500
19700,50,500,"bu","14:25:33",24841500
19650,0,100,"sd","14:25:32",24841000
19650,0,1000,"sd","14:25:32",24840900
19650,0,12900,"sd","14:25:32",24839900
19650,0,5000,"sd","14:25:32",24827000
19650,0,100,"sd","14:25:32",24822000
19650,0,2000,"sd","14:25:32",24821900
19650,0,500,"sd","14:25:32",24819900
19650,0,300,"sd","14:25:32",24819400
19650,0,2000,"sd","14:25:32",24819100
19650,0,100,"sd","14:25:32",24817100
19650,0,200,"sd","14:25:32",24817000
19650,0,300,"sd","14:25:32",24816800
19650,0,10000,"sd","14:25:32",24816500
19650,0,100,"sd","14:25:32",24806500
19650,0,100,"sd","14:25:32",24806400
19650,0,10000,"sd","14:25:32",24806300
19650,0,3100,"sd","14:25:32",24796300
19650,0,300,"sd","14:25:32",24793200
19650,0,600,"sd","14:25:32",24792900
19650,0,500,"sd","14:25:32",24792300
19650,0,100,"sd","14:25:32",24791800
19650,0,1000,"sd","14:25:32",24791700
19650,0,6000,"sd","14:25:32",24790700
19650,0,100,"sd","14:25:32",24784700
19650,0,300,"sd","14:25:32",24784600
19650,0,50100,"sd","14:25:32",24784300
19650,0,2000,"sd","14:25:32",24734200
19650,0,200,"sd","14:25:32",24732200
19650,0,200,"sd","14:25:32",24732000
19650,0,30500,"sd","14:25:32",24731800
19650,0,4100,"sd","14:25:32",24701300
19650,0,1000,"sd","14:25:32",24697200
19650,0,4000,"sd","14:25:32",24696200
19650,0,2000,"sd","14:25:32",24692200
19650,0,200,"sd","14:25:32",24690200
19650,0,600,"sd","14:25:32",24690000
19650,0,300,"sd","14:25:32",24689400
19650,0,100,"sd","14:25:32",24689100
19650,0,100,"sd","14:25:32",24689000
19650,0,5000,"sd","14:25:32",24688900
19650,0,500,"sd","14:25:32",24683900
19650,0,1000,"sd","14:25:32",24683400
19650,0,100,"sd","14:25:32",24682400
19650,0,200,"sd","14:25:32",24682300
19650,0,1800,"sd","14:25:32",24682100
19650,0,500,"sd","14:25:32",24680300
19650,0,1000,"sd","14:25:32",24679800
19650,0,300,"sd","14:25:32",24678800
19650,0,3000,"sd","14:25:32",24678500
19650,0,1000,"sd","14:25:32",24675500
19650,0,100,"sd","14:25:32",24674500
19650,0,1000,"sd","14:25:32",24674400
19650,0,200,"sd","14:25:32",24673400
19650,0,32200,"sd","14:25:32",24673200
19700,50,77400,"bu","14:25:30",24641000
19700,50,900,"bu","14:25:30",24563600
19700,50,3000,"bu","14:25:30",24562700
19700,50,600,"bu","14:25:30",24559700
19700,50,10000,"bu","14:25:30",24559100
19700,50,1000,"bu","14:25:30",24549100
19700,50,5000,"bu","14:25:30",24548100
19700,50,2100,"bu","14:25:30",24543100
19700,50,1000,"bu","14:25:27",24541000
19700,50,200,"bu","14:25:23",24540000
19700,50,900,"bu","14:25:23",24539800
19650,0,17800,"sd","14:25:23",24538900
19650,0,1000,"sd","14:25:23",24521100
19650,0,100,"sd","14:25:23",24520100
19650,0,100,"sd","14:25:23",24520000
19650,0,500,"sd","14:25:23",24519900
19650,0,30500,"sd","14:25:23",24519400
19700,50,100,"bu","14:25:21",24488900
19650,0,19500,"sd","14:25:17",24488800
19650,0,800,"sd","14:25:17",24469300
19650,0,5000,"sd","14:25:17",24468500
19650,0,8000,"sd","14:25:17",24463500
19650,0,500,"sd","14:25:17",24455500
19650,0,16200,"sd","14:25:17",24455000
19700,50,7500,"bu","14:25:16",24438800
19700,50,10000,"bu","14:25:13",24431300
19700,50,5800,"bu","14:25:09",24421300
19700,50,500,"bu","14:25:09",24415500
19700,50,1000,"bu","14:25:07",24415000
19700,50,100,"bu","14:25:03",24414000
19700,50,3500,"bu","14:25:01",24413900
19700,50,100,"bu","14:24:59",24410400
19700,50,5000,"bu","14:24:59",24410300
19700,50,300,"bu","14:24:59",24405300
19700,50,2000,"bu","14:24:59",24405000
19700,50,200,"bu","14:24:59",24403000
19700,50,1500,"bu","14:24:59",24402800
19700,50,2000,"bu","14:24:59",24401300
19700,50,100,"bu","14:24:59",24399300
19700,50,100,"bu","14:24:59",24399200
19700,50,300,"bu","14:24:59",24399100
19700,50,500,"bu","14:24:59",24398800
19700,50,15000,"bu","14:24:59",24398300
19700,50,200,"bu","14:24:58",24383300
19700,50,20000,"bu","14:24:52",24383100
19700,50,200,"bu","14:24:49",24363100
19700,50,100,"bu","14:24:48",24362900
19700,50,10000,"bu","14:24:47",24362800
19650,0,1000,"sd","14:24:42",24352800
19650,0,300,"sd","14:24:27",24351800
19700,50,300,"bu","14:24:24",24351500
19650,0,2000,"sd","14:24:11",24351200
19700,50,1000,"bu","14:24:10",24349200
19700,50,3000,"bu","14:24:09",24348200
19700,50,100,"bu","14:24:07",24345200
19700,50,100,"bu","14:24:07",24345100
19650,0,4700,"sd","14:24:03",24345000
19700,50,400,"bu","14:24:00",24340300
19700,50,100,"bu","14:24:00",24339900
19650,0,200,"sd","14:23:50",24339800
19700,50,2000,"bu","14:23:45",24339600
19700,50,20000,"bu","14:23:41",24337600
19700,50,5000,"bu","14:23:25",24317600
19650,0,600,"sd","14:23:11",24312600
19700,50,200,"bu","14:23:11",24312000
19700,50,200,"bu","14:23:04",24311800
19650,0,100,"bu","14:22:56",24311600
19650,0,200,"bu","14:22:56",24311500
19650,0,4700,"bu","14:22:56",24311300
19650,0,5000,"bu","14:22:55",24306600
19650,0,100,"bu","14:22:55",24301600
19600,-50,100,"sd","14:22:55",24301500
19600,-50,200,"sd","14:22:55",24301400
19600,-50,1000,"sd","14:22:53",24301200
19650,0,100,"bu","14:22:52",24300200
19650,0,1000,"bu","14:22:51",24300100
19650,0,100,"bu","14:22:50",24299100
19650,0,2000,"bu","14:22:50",24299000
19650,0,200,"bu","14:22:48",24297000
19650,0,5000,"bu","14:22:46",24296800
19650,0,1000,"bu","14:22:45",24291800
19600,-50,600,"sd","14:22:45",24290800
19600,-50,3900,"sd","14:22:45",24290200
19650,0,1000,"bu","14:22:44",24286300
19650,0,4000,"bu","14:22:43",24285300
19650,0,200,"bu","14:22:43",24281300
19650,0,2000,"bu","14:22:43",24281100
19650,0,1500,"bu","14:22:37",24279100
19650,0,200,"bu","14:22:37",24277600
19650,0,400,"bu","14:22:36",24277400
19650,0,500,"bu","14:22:31",24277000
19650,0,100,"bu","14:22:31",24276500
19650,0,500,"bu","14:22:30",24276400
19650,0,800,"bu","14:22:30",24275900
19650,0,5000,"bu","14:22:28",24275100
19650,0,1000,"bu","14:22:28",24270100
19650,0,3000,"bu","14:22:26",24269100
19650,0,2000,"bu","14:22:23",24266100
19650,0,20000,"bu","14:22:22",24264100
19650,0,100,"bu","14:22:21",24244100
19650,0,1800,"bu","14:22:17",24244000
19650,0,100,"bu","14:22:17",24242200
19650,0,100,"bu","14:22:17",24242100
19650,0,300,"bu","14:22:17",24242000
19650,0,5000,"bu","14:22:17",24241700
19650,0,1000,"bu","14:22:17",24236700
19650,0,800,"bu","14:22:17",24235700
19650,0,500,"bu","14:22:17",24234900
19650,0,100,"bu","14:22:17",24234400
19650,0,300,"bu","14:22:17",24234300
19650,0,500,"bu","14:22:17",24234000
19650,0,100,"bu","14:22:17",24233500
19650,0,100,"bu","14:22:17",24233400
19650,0,13000,"bu","14:22:17",24233300
19650,0,5000,"bu","14:22:17",24220300
19650,0,1500,"bu","14:22:17",24215300
19650,0,5500,"bu","14:22:17",24213800
19650,0,2000,"sd","14:22:17",24208300
19650,0,600,"sd","14:22:17",24206300
19650,0,50700,"sd","14:22:17",24205700
19650,0,200,"sd","14:22:17",24155000
19650,0,1200,"sd","14:22:17",24154800
19650,0,900,"sd","14:22:17",24153600
19650,0,5000,"sd","14:22:17",24152700
19650,0,3000,"sd","14:22:17",24147700
19650,0,500,"sd","14:22:17",24144700
19650,0,100,"sd","14:22:17",24144200
19650,0,5700,"sd","14:22:17",24144100
19650,0,26300,"sd","14:22:17",24138400
19650,0,200,"sd","14:22:17",24112100
19650,0,300,"sd","14:22:17",24111900
19650,0,500,"sd","14:22:17",24111600
19650,0,3000,"sd","14:22:17",24111100
19650,0,1000,"sd","14:22:17",24108100
19650,0,100,"sd","14:22:17",24107100
19650,0,10200,"sd","14:22:17",24107000
19650,0,200,"sd","14:22:17",24096800
19650,0,700,"sd","14:22:17",24096600
19650,0,1300,"sd","14:22:17",24095900
19650,0,1000,"sd","14:22:17",24094600
19650,0,500,"sd","14:22:17",24093600
19650,0,5000,"sd","14:22:17",24093100
19650,0,1800,"sd","14:22:17",24088100
19650,0,500,"sd","14:22:17",24086300
19650,0,200,"sd","14:22:17",24085800
19650,0,500,"sd","14:22:17",24085600
19650,0,500,"sd","14:22:17",24085100
19650,0,100,"sd","14:22:17",24084600
19650,0,5000,"sd","14:22:17",24084500
19650,0,400,"sd","14:22:17",24079500
19650,0,10000,"sd","14:22:17",24079100
19650,0,2000,"sd","14:22:17",24069100
19650,0,5000,"sd","14:22:17",24067100
19650,0,1300,"sd","14:22:17",24062100
19650,0,200,"sd","14:22:17",24060800
19650,0,2500,"sd","14:22:17",24060600
19650,0,2000,"sd","14:22:17",24058100
19650,0,100,"sd","14:22:17",24056100
19650,0,20000,"sd","14:22:17",24056000
19650,0,1500,"sd","14:22:17",24036000
19650,0,1000,"sd","14:22:17",24034500
19650,0,500,"sd","14:22:17",24033500
19650,0,400,"sd","14:22:17",24033000
19650,0,1100,"sd","14:22:17",24032600
19650,0,800,"sd","14:22:17",24031500
19650,0,2000,"sd","14:22:17",24030700
19650,0,100,"sd","14:22:17",24028700
19650,0,400,"sd","14:22:17",24028600
19650,0,500,"sd","14:22:17",24028200
19650,0,5000,"sd","14:22:17",24027700
19650,0,2000,"sd","14:22:17",24022700
19650,0,100,"sd","14:22:17",24020700
19650,0,1000,"sd","14:22:17",24020600
19650,0,1200,"sd","14:22:17",24019600
19650,0,5000,"sd","14:22:17",24018400
19650,0,1000,"sd","14:22:17",24013400
19650,0,500,"sd","14:22:17",24012400
19650,0,100,"sd","14:22:17",24011900
19650,0,300,"sd","14:22:17",24011800
19650,0,500,"sd","14:22:17",24011500
19650,0,200,"sd","14:22:17",24011000
19650,0,1000,"sd","14:22:17",24010800
19650,0,1000,"sd","14:22:17",24009800
19650,0,10000,"sd","14:22:17",24008800
19650,0,200,"sd","14:22:17",23998800
19650,0,100,"sd","14:22:17",23998600
19650,0,2000,"sd","14:22:17",23998500
19650,0,500,"sd","14:22:17",23996500
19650,0,200,"sd","14:22:17",23996000
19650,0,1000,"sd","14:22:17",23995800
19650,0,500,"sd","14:22:17",23994800
19650,0,5000,"sd","14:22:17",23994300
19650,0,6000,"sd","14:22:17",23989300
19650,0,100,"sd","14:22:17",23983300
19650,0,24000,"sd","14:22:17",23983200
19650,0,8000,"sd","14:22:17",23959200
19650,0,500,"sd","14:22:17",23951200
19650,0,500,"sd","14:22:17",23950700
19650,0,1000,"sd","14:22:17",23950200
19650,0,1000,"sd","14:22:17",23949200
19650,0,3000,"sd","14:22:17",23948200
19650,0,100,"sd","14:22:17",23945200
19650,0,13000,"sd","14:22:17",23945100
19650,0,6100,"sd","14:22:17",23932100
19650,0,200,"sd","14:22:17",23926000
19650,0,500,"sd","14:22:17",23925800
19650,0,200,"sd","14:22:17",23925300
19650,0,20000,"sd","14:22:17",23925100
19650,0,5000,"sd","14:22:17",23905100
19650,0,20000,"sd","14:22:17",23900100
19650,0,1000,"sd","14:22:17",23880100
19650,0,500,"sd","14:22:17",23879100
19650,0,200,"sd","14:22:17",23878600
19650,0,5000,"sd","14:22:17",23878400
19650,0,600,"sd","14:22:17",23873400
19650,0,100,"sd","14:22:17",23872800
19650,0,200,"sd","14:22:17",23872700
19650,0,100,"sd","14:22:17",23872500
19650,0,2000,"sd","14:22:17",23872400
19650,0,700,"sd","14:22:17",23870400
19650,0,5000,"sd","14:22:17",23869700
19650,0,100,"sd","14:22:17",23864700
19650,0,100,"sd","14:22:17",23864600
19650,0,1000,"sd","14:22:17",23864500
19650,0,1000,"sd","14:22:17",23863500
19650,0,200,"sd","14:22:17",23862500
19650,0,5000,"sd","14:22:17",23862300
19650,0,100,"sd","14:22:17",23857300
19650,0,2000,"sd","14:22:17",23857200
19650,0,300,"sd","14:22:17",23855200
19650,0,500,"sd","14:22:17",23854900
19650,0,1400,"sd","14:22:17",23854400
19650,0,2000,"sd","14:22:17",23853000
19650,0,100,"sd","14:22:17",23851000
19650,0,3000,"sd","14:22:17",23850900
19650,0,1000,"sd","14:22:17",23847900
19650,0,1000,"sd","14:22:17",23846900
19650,0,800,"sd","14:22:17",23845900
19650,0,1000,"sd","14:22:17",23845100
19650,0,5100,"sd","14:22:17",23844100
19650,0,100,"sd","14:22:17",23839000
19650,0,5000,"sd","14:22:17",23838900
19650,0,500,"sd","14:22:17",23833900
19650,0,500,"sd","14:22:17",23833400
19650,0,800,"sd","14:22:17",23832900
19650,0,5200,"sd","14:22:17",23832100
19650,0,2000,"sd","14:22:17",23826900
19650,0,500,"sd","14:22:17",23824900
19650,0,1000,"sd","14:22:17",23824400
19650,0,500,"sd","14:22:17",23823400
19650,0,500,"sd","14:22:17",23822900
19650,0,2000,"sd","14:22:17",23822400
19650,0,1000,"sd","14:22:17",23820400
19650,0,100,"sd","14:22:17",23819400
19650,0,500,"sd","14:22:17",23819300
19650,0,3000,"sd","14:22:17",23818800
19650,0,3000,"sd","14:22:17",23815800
19650,0,4000,"sd","14:22:17",23812800
19650,0,300,"sd","14:22:17",23808800
19650,0,1000,"sd","14:22:17",23808500
19650,0,1100,"sd","14:22:17",23807500
19650,0,100,"sd","14:22:17",23806400
19650,0,500,"sd","14:22:17",23806300
19650,0,300,"sd","14:22:17",23805800
19700,50,2500,"bu","14:22:17",23805500
19700,50,100,"bu","14:22:16",23803000
19700,50,300,"bu","14:22:09",23802900
19700,50,200,"sd","14:22:08",23802600
19700,50,2000,"sd","14:22:08",23802400
19700,50,2000,"sd","14:22:08",23800400
19700,50,500,"sd","14:22:08",23798400
19700,50,5000,"sd","14:22:08",23797900
19750,100,100,"bu","14:22:07",23792900
19750,100,100,"bu","14:22:07",23792800
19700,50,200,"sd","14:22:05",23792700
19700,50,800,"sd","14:22:05",23792500
19700,50,100,"sd","14:22:05",23791700
19700,50,10000,"sd","14:22:03",23791600
19750,100,100,"bu","14:22:02",23781600
19700,50,1000,"sd","14:22:01",23781500
19700,50,18100,"sd","14:22:00",23780500
19700,50,1000,"sd","14:22:00",23762400
19700,50,100,"sd","14:22:00",23761400
19700,50,200,"sd","14:22:00",23761300
19700,50,13000,"sd","14:22:00",23761100
19700,50,1000,"sd","14:22:00",23748100
19700,50,300,"sd","14:22:00",23747100
19700,50,600,"sd","14:22:00",23746800
19700,50,100,"sd","14:22:00",23746200
19700,50,15600,"sd","14:22:00",23746100
19750,100,1000,"bu","14:21:55",23730500
19700,50,100,"sd","14:21:55",23729500
19700,50,4300,"sd","14:21:52",23729400
19700,50,1000,"sd","14:21:52",23725100
19700,50,300,"sd","14:21:52",23724100
19700,50,200,"sd","14:21:52",23723800
19700,50,5000,"sd","14:21:52",23723600
19700,50,2000,"sd","14:21:52",23718600
19700,50,500,"sd","14:21:52",23716600
19700,50,5000,"sd","14:21:52",23716100
19700,50,20000,"sd","14:21:52",23711100
19700,50,1000,"sd","14:21:52",23691100
19700,50,1000,"sd","14:21:52",23690100
19700,50,1000,"sd","14:21:52",23689100
19700,50,3400,"sd","14:21:52",23688100
19700,50,5300,"sd","14:21:52",23684700
19750,100,500,"bu","14:21:40",23679400
19750,100,1000,"bu","14:21:36",23678900
19750,100,4900,"bu","14:21:36",23677900
19750,100,400,"bu","14:21:36",23673000
19750,100,100,"bu","14:21:36",23672600
19750,100,300,"bu","14:21:36",23672500
19750,100,8000,"bu","14:21:36",23672200
19750,100,2000,"bu","14:21:36",23664200
19750,100,2000,"bu","14:21:36",23662200
19750,100,800,"bu","14:21:36",23660200
19750,100,500,"bu","14:21:36",23659400
19750,100,100,"bu","14:21:32",23658900
19750,100,500,"bu","14:21:24",23658800
19700,50,4700,"sd","14:21:17",23658300
19700,50,200,"sd","14:21:17",23653600
19700,50,200,"sd","14:21:17",23653400
19700,50,15000,"sd","14:21:17",23653200
19700,50,100,"sd","14:21:17",23638200
19700,50,1300,"sd","14:21:17",23638100
19700,50,6500,"sd","14:21:17",23636800
19700,50,2000,"sd","14:21:17",23630300
19700,50,100,"sd","14:21:17",23628300
19700,50,1000,"sd","14:21:17",23628200
19700,50,100,"sd","14:21:17",23627200
19700,50,500,"sd","14:21:17",23627100
19700,50,2000,"sd","14:21:17",23626600
19700,50,1000,"sd","14:21:17",23624600
19700,50,300,"sd","14:21:17",23623600
19700,50,400,"sd","14:21:17",23623300
19700,50,3000,"sd","14:21:17",23622900
19700,50,200,"sd","14:21:17",23619900
19700,50,1200,"sd","14:21:17",23619700
19750,100,500,"bu","14:21:10",23618500
19750,100,100,"bu","14:21:10",23618000
19750,100,100,"bu","14:21:10",23617900
19750,100,100,"bu","14:21:06",23617800
19750,100,800,"bu","14:20:59",23617700
19750,100,100,"bu","14:20:59",23616900
19750,100,700,"bu","14:20:59",23616800
19750,100,1000,"bu","14:20:59",23616100
19750,100,30000,"bu","14:20:59",23615100
19750,100,1000,"bu","14:20:59",23585100
19750,100,2000,"bu","14:20:59",23584100
19750,100,500,"bu","14:20:59",23582100
19750,100,300,"bu","14:20:59",23581600
19750,100,5000,"bu","14:20:59",23581300
19750,100,2000,"bu","14:20:59",23576300
19750,100,6600,"bu","14:20:59",23574300
19750,100,200,"bu","14:20:59",23567700
19750,100,1200,"bu","14:20:58",23567500
19750,100,2800,"bu","14:20:58",23566300
19750,100,200,"bu","14:20:44",23563500
19750,100,500,"bu","14:20:44",23563300
19750,100,1000,"bu","14:20:44",23562800
19750,100,2200,"bu","14:20:44",23561800
19750,100,100,"bu","14:20:44",23559600
19750,100,1000,"bu","14:20:44",23559500
19700,50,800,"sd","14:20:36",23558500
19700,50,200,"sd","14:20:36",23557700
19750,100,2000,"bu","14:20:33",23557500
19700,50,1800,"sd","14:20:31",23555500
19750,100,400,"bu","14:20:18",23553700
19750,100,4400,"bu","14:20:17",23553300
19750,100,1000,"bu","14:20:17",23548900
19750,100,1000,"bu","14:20:17",23547900
19750,100,200,"bu","14:20:17",23546900
19750,100,400,"bu","14:20:17",23546700
19750,100,2000,"bu","14:20:17",23546300
19750,100,3000,"bu","14:20:17",23544300
19750,100,1000,"bu","14:20:17",23541300
19750,100,500,"bu","14:20:17",23540300
19750,100,500,"bu","14:20:17",23539800
19750,100,1000,"bu","14:20:17",23539300
19750,100,100,"bu","14:20:17",23538300
19750,100,5000,"bu","14:20:17",23538200
19750,100,1000,"bu","14:20:17",23533200
19750,100,500,"bu","14:20:17",23532200
19750,100,500,"bu","14:20:17",23531700
19750,100,100,"bu","14:20:17",23531200
19750,100,1000,"bu","14:20:17",23531100
19750,100,1500,"bu","14:20:17",23530100
19750,100,100,"bu","14:20:17",23528600
19750,100,500,"bu","14:20:17",23528500
19750,100,200,"bu","14:20:17",23528000
19750,100,700,"bu","14:20:17",23527800
19750,100,100,"bu","14:20:17",23527100
19750,100,900,"bu","14:20:17",23527000
19750,100,1000,"bu","14:20:17",23526100
19750,100,7000,"bu","14:20:17",23525100
19750,100,1000,"bu","14:20:17",23518100
19750,100,2000,"bu","14:20:17",23517100
19750,100,7500,"bu","14:20:17",23515100
19750,100,400,"bu","14:20:17",23507600
19750,100,1300,"bu","14:20:17",23507200
19750,100,11100,"bu","14:20:17",23505900
19750,100,20000,"bu","14:20:17",23494800
19750,100,21500,"bu","14:20:17",23474800
19750,100,200,"bu","14:20:14",23453300
19750,100,1700,"bu","14:20:13",23453100
19750,100,100,"bu","14:19:57",23451400
19750,100,1000,"bu","14:19:51",23451300
19750,100,100,"bu","14:19:43",23450300
19700,50,30000,"sd","14:19:41",23450200
19700,50,5000,"sd","14:19:41",23420200
19750,100,20000,"bu","14:19:34",23415200
19700,50,200,"sd","14:19:28",23395200
19700,50,1300,"sd","14:19:27",23395000
19700,50,2000,"sd","14:19:26",23393700
19700,50,1000,"sd","14:19:26",23391700
19700,50,600,"sd","14:19:26",23390700
19700,50,1400,"sd","14:19:26",23390100
19700,50,500,"sd","14:19:25",23388700
19700,50,5000,"sd","14:19:21",23388200
19700,50,3100,"sd","14:19:15",23383200
19700,50,2000,"sd","14:19:15",23380100
19700,50,100,"sd","14:19:15",23378100
19700,50,500,"sd","14:19:15",23378000
19700,50,400,"sd","14:19:15",23377500
19700,50,1000,"sd","14:19:15",23377100
19700,50,5000,"sd","14:19:15",23376100
19700,50,900,"sd","14:19:15",23371100
19700,50,500,"sd","14:19:15",23370200
19700,50,900,"sd","14:19:15",23369700
19700,50,500,"sd","14:19:15",23368800
19700,50,100,"sd","14:19:15",23368300
19700,50,15000,"sd","14:19:15",23368200
19700,50,15000,"sd","14:19:12",23353200
19700,50,200,"sd","14:19:12",23338200
19700,50,500,"sd","14:19:12",23338000
19700,50,1000,"sd","14:19:12",23337500
19700,50,100,"sd","14:19:12",23336500
19700,50,300,"sd","14:19:12",23336400
19700,50,23600,"sd","14:19:12",23336100
19700,50,59300,"sd","14:19:12",23312500
19700,50,8000,"sd","14:19:00",23253200
19750,100,200,"bu","14:18:55",23245200
19700,50,1000,"sd","14:18:52",23245000
19700,50,5000,"sd","14:18:48",23244000
19750,100,100,"bu","14:18:38",23239000
19750,100,500,"bu","14:18:35",23238900
19700,50,5500,"sd","14:18:31",23238400
19700,50,1000,"sd","14:18:29",23232900
19700,50,2000,"sd","14:18:19",23231900
19750,100,100,"bu","14:18:00",23229900
19700,50,3000,"sd","14:17:58",23229800
19700,50,500,"sd","14:17:53",23226800
19750,100,200,"bu","14:17:51",23226300
19700,50,6800,"sd","14:17:39",23226100
19700,50,1000,"sd","14:17:36",23219300
19700,50,500,"sd","14:17:32",23218300
19700,50,2000,"bu","14:17:29",23217800
19700,50,4400,"bu","14:17:29",23215800
19700,50,400,"bu","14:17:28",23211400
19700,50,200,"bu","14:17:28",23211000
19700,50,1500,"bu","14:17:28",23210800
19700,50,3500,"bu","14:17:22",23209300
19700,50,5000,"bu","14:17:22",23205800
19700,50,1500,"bu","14:17:22",23200800
19700,50,500,"bu","14:17:22",23199300
19700,50,1000,"bu","14:17:22",23198800
19700,50,100,"bu","14:17:21",23197800
19700,50,1000,"bu","14:17:15",23197700
19700,50,13600,"bu","14:17:15",23196700
19700,50,500,"bu","14:17:12",23183100
19700,50,1000,"bu","14:17:03",23182600
19700,50,500,"bu","14:17:02",23181600
19700,50,500,"bu","14:17:01",23181100
19700,50,100,"bu","14:16:51",23180600
19700,50,700,"bu","14:16:50",23180500
19700,50,1000,"bu","14:16:49",23179800
19700,50,1000,"bu","14:16:45",23178800
19700,50,1000,"bu","14:16:44",23177800
19700,50,3000,"bu","14:16:44",23176800
19700,50,7000,"bu","14:16:42",23173800
19700,50,200,"bu","14:16:42",23166800
19700,50,2800,"bu","14:16:42",23166600
19650,0,300,"sd","14:16:39",23163800
19700,50,10000,"bu","14:16:29",23163500
19700,50,100,"bu","14:16:27",23153500
19700,50,900,"bu","14:16:21",23153400
19700,50,1300,"sd","14:16:17",23152500
19700,50,1000,"sd","14:16:17",23151200
19700,50,1000,"sd","14:16:17",23150200
19700,50,200,"sd","14:16:13",23149200
19700,50,500,"sd","14:16:13",23149000
19700,50,500,"sd","14:16:12",23148500
19700,50,500,"sd","14:16:12",23148000
19700,50,1500,"sd","14:16:07",23147500
19700,50,300,"bu","14:15:54",23146000
19700,50,100,"bu","14:15:54",23145700
19700,50,500,"bu","14:15:54",23145600
19700,50,100,"bu","14:15:54",23145100
19700,50,5000,"bu","14:15:53",23145000
19700,50,2000,"bu","14:15:51",23140000
19700,50,100,"bu","14:15:50",23138000
19700,50,2600,"bu","14:15:50",23137900
19700,50,500,"bu","14:15:49",23135300
19700,50,500,"bu","14:15:49",23134800
19700,50,100,"bu","14:15:47",23134300
19700,50,5000,"bu","14:15:47",23134200
19700,50,2000,"bu","14:15:45",23129200
19700,50,1000,"bu","14:15:45",23127200
19700,50,5000,"bu","14:15:43",23126200
19700,50,300,"bu","14:15:37",23121200
19700,50,5800,"bu","14:15:35",23120900
19700,50,1000,"bu","14:15:35",23115100
19700,50,1000,"bu","14:15:34",23114100
19700,50,3000,"bu","14:15:34",23113100
19700,50,500,"bu","14:15:34",23110100
19700,50,700,"bu","14:15:34",23109600
19700,50,4700,"bu","14:15:34",23108900
19650,0,3200,"sd","14:15:29",23104200
19700,50,900,"bu","14:15:28",23101000
19700,50,200,"bu","14:15:24",23100100
19700,50,1200,"bu","14:15:21",23099900
19700,50,6400,"bu","14:15:21",23098700
19700,50,2500,"bu","14:15:21",23092300
19700,50,1000,"bu","14:15:21",23089800
19700,50,300,"bu","14:15:21",23088800
19700,50,500,"bu","14:15:21",23088500
19700,50,300,"bu","14:15:21",23088000
19700,50,1000,"bu","14:15:16",23087700
19700,50,1500,"bu","14:15:12",23086700
19700,50,5000,"bu","14:15:12",23085200
19700,50,1000,"bu","14:15:12",23080200
19700,50,500,"bu","14:15:12",23079200
19700,50,2000,"bu","14:15:12",23078700
19700,50,100,"bu","14:15:04",23076700
19700,50,2000,"bu","14:15:00",23076600
19650,0,100,"sd","14:14:59",23074600
19650,0,100,"sd","14:14:54",23074500
19700,50,2000,"bu","14:14:49",23074400
19700,50,100,"bu","14:14:48",23072400
19700,50,100,"bu","14:14:48",23072300
19700,50,6300,"bu","14:14:48",23072200
19700,50,100,"bu","14:14:48",23065900
19700,50,3500,"bu","14:14:48",23065800
19700,50,300,"bu","14:14:43",23062300
19700,50,2300,"bu","14:14:42",23062000
19700,50,2000,"bu","14:14:42",23059700
19700,50,5700,"bu","14:14:42",23057700
19700,50,200,"bu","14:14:32",23052000
19700,50,100,"bu","14:14:31",23051800
19700,50,5000,"bu","14:14:18",23051700
19700,50,5000,"bu","14:14:16",23046700
19700,50,100,"bu","14:14:12",23041700
19700,50,10000,"bu","14:14:10",23041600
19700,50,100,"bu","14:14:09",23031600
19700,50,100,"bu","14:14:05",23031500
19700,50,10000,"bu","14:14:05",23031400
19700,50,1000,"bu","14:14:04",23021400
19700,50,50000,"bu","14:13:59",23020400
19700,50,10000,"bu","14:13:51",22970400
19700,50,200,"bu","14:13:44",22960400
19700,50,100,"bu","14:13:40",22960200
19700,50,2600,"sd","14:13:34",22960100
19700,50,200,"sd","14:13:34",22957500
19700,50,3000,"sd","14:13:34",22957300
19700,50,2700,"sd","14:13:34",22954300
19700,50,8300,"sd","14:13:34",22951600
19700,50,700,"sd","14:13:34",22943300
19700,50,200,"sd","14:13:34",22942600
19700,50,10000,"sd","14:13:34",22942400
19700,50,500,"sd","14:13:34",22932400
19700,50,100,"sd","14:13:34",22931900
19700,50,200,"sd","14:13:34",22931800
19700,50,500,"sd","14:13:26",22931600
19700,50,100,"sd","14:13:23",22931100
19700,50,4200,"sd","14:13:16",22931000
19700,50,100,"sd","14:13:16",22926800
19700,50,300,"sd","14:13:16",22926700
19700,50,1000,"sd","14:13:16",22926400
19700,50,2700,"sd","14:13:16",22925400
19700,50,300,"sd","14:13:16",22922700
19700,50,700,"sd","14:13:16",22922400
19700,50,2000,"sd","14:13:16",22921700
19700,50,1600,"sd","14:13:16",22919700
19700,50,1000,"sd","14:13:16",22918100
19700,50,500,"sd","14:13:16",22917100
19700,50,1000,"sd","14:13:16",22916600
19700,50,6000,"sd","14:13:16",22915600
19700,50,100,"sd","14:13:16",22909600
19700,50,1000,"sd","14:13:16",22909500
19700,50,500,"sd","14:13:16",22908500
19700,50,7000,"sd","14:13:16",22908000
19700,50,500,"sd","14:13:06",22901000
19700,50,1500,"sd","14:13:04",22900500
19750,100,1000,"bu","14:12:55",22899000
19700,50,3000,"sd","14:12:53",22898000
19700,50,5000,"sd","14:12:53",22895000
19700,50,600,"sd","14:12:53",22890000
19700,50,1000,"sd","14:12:53",22889400
19700,50,100,"sd","14:12:53",22888400
19700,50,40300,"sd","14:12:53",22888300
19750,100,9600,"bu","14:12:45",22848000
19750,100,100,"bu","14:12:43",22838400
19750,100,23600,"bu","14:12:07",22838300
19750,100,200,"bu","14:12:07",22814700
19750,100,100,"bu","14:12:07",22814500
19750,100,1000,"bu","14:12:07",22814400
19750,100,5100,"bu","14:12:07",22813400
19750,100,2000,"bu","14:12:07",22808300
19750,100,100,"bu","14:12:07",22806300
19750,100,500,"bu","14:12:07",22806200
19750,100,500,"bu","14:12:07",22805700
19750,100,200,"bu","14:12:07",22805200
19750,100,100,"bu","14:12:07",22805000
19750,100,800,"bu","14:12:07",22804900
19750,100,300,"bu","14:12:07",22804100
19750,100,200,"bu","14:12:07",22803800
19750,100,500,"bu","14:12:07",22803600
19750,100,1000,"bu","14:12:07",22803100
19750,100,1500,"bu","14:12:07",22802100
19750,100,12300,"bu","14:12:07",22800600
19750,100,7700,"bu","14:11:48",22788300
19750,100,2300,"bu","14:11:48",22780600
19700,50,100,"sd","14:11:38",22778300
19750,100,200,"bu","14:11:37",22778200
19700,50,4000,"sd","14:11:36",22778000
19700,50,100,"bu","14:11:33",22774000
19700,50,3100,"bu","14:11:33",22773900
19700,50,1000,"bu","14:11:33",22770800
19700,50,10000,"bu","14:11:33",22769800
19700,50,400,"bu","14:11:33",22759800
19700,50,2000,"bu","14:11:33",22759400
19700,50,500,"bu","14:11:33",22757400
19700,50,500,"bu","14:11:33",22756900
19700,50,4000,"bu","14:11:33",22756400
19700,50,1000,"bu","14:11:33",22752400
19700,50,6100,"bu","14:11:33",22751400
19700,50,15000,"bu","14:11:33",22745300
19700,50,500,"bu","14:11:33",22730300
19700,50,100,"bu","14:11:33",22729800
19700,50,500,"bu","14:11:33",22729700
19700,50,800,"bu","14:11:33",22729200
19700,50,1000,"bu","14:11:32",22728400
19700,50,2000,"bu","14:11:30",22727400
19650,0,100,"sd","14:11:29",22725400
19700,50,100,"bu","14:11:27",22725300
19650,0,100,"sd","14:11:26",22725200
19700,50,1000,"bu","14:11:22",22725100
19700,50,100,"bu","14:11:20",22724100
19700,50,200,"bu","14:11:20",22724000
19700,50,700,"bu","14:11:14",22723800
19700,50,300,"bu","14:11:14",22723100
19700,50,9000,"bu","14:11:14",22722800
19700,50,1000,"bu","14:11:08",22713800
19700,50,600,"bu","14:11:08",22712800
19700,50,400,"bu","14:11:07",22712200
19700,50,100,"bu","14:11:06",22711800
19700,50,500,"bu","14:11:06",22711700
19700,50,500,"bu","14:11:06",22711200
19700,50,500,"bu","14:11:03",22710700
19700,50,500,"bu","14:10:59",22710200
19650,0,800,"sd","14:10:47",22709700
19650,0,7200,"sd","14:10:47",22708900
19700,50,1500,"bu","14:10:43",22701700
19700,50,2500,"bu","14:10:43",22700200
19700,50,500,"bu","14:10:40",22697700
19700,50,100,"bu","14:10:36",22697200
19700,50,200,"bu","14:10:35",22697100
19700,50,2700,"bu","14:10:23",22696900
19700,50,1000,"bu","14:10:23",22694200
19700,50,1000,"bu","14:10:23",22693200
19700,50,600,"bu","14:10:23",22692200
19700,50,4700,"bu","14:10:23",22691600
19650,0,100,"sd","14:10:21",22686900
19700,50,2000,"bu","14:10:17",22686800
19650,0,100,"sd","14:10:00",22684800
19650,0,1000,"sd","14:10:00",22684700
19700,50,100,"bu","14:09:58",22683700
19700,50,100,"bu","14:09:56",22683600
19650,0,600,"sd","14:09:53",22683500
19700,50,400,"bu","14:09:52",22682900
19650,0,1000,"sd","14:09:51",22682500
19650,0,2000,"sd","14:09:51",22681500
19650,0,1000,"sd","14:09:51",22679500
19650,0,200,"sd","14:09:51",22678500
19650,0,400,"sd","14:09:51",22678300
19650,0,400,"sd","14:09:51",22677900
19700,50,600,"bu","14:09:39",22677500
19700,50,300,"bu","14:09:33",22676900
19700,50,200,"bu","14:09:31",22676600
19650,0,1000,"sd","14:09:29",22676400
19650,0,100,"sd","14:09:28",22675400
19700,50,1600,"bu","14:09:18",22675300
19700,50,600,"bu","14:09:18",22673700
19700,50,500,"bu","14:09:11",22673100
19700,50,300,"bu","14:09:06",22672600
19700,50,1000,"bu","14:09:02",22672300
19650,0,1000,"sd","14:09:01",22671300
19700,50,2000,"bu","14:08:51",22670300
19700,50,1000,"bu","14:08:48",22668300
19650,0,2500,"sd","14:08:43",22667300
19650,0,500,"sd","14:08:43",22664800
19650,0,9000,"sd","14:08:43",22664300
19700,50,4600,"bu","14:08:42",22655300
19700,50,6000,"bu","14:08:42",22650700
19700,50,1000,"bu","14:08:42",22644700
19700,50,3400,"bu","14:08:42",22643700
19700,50,2600,"bu","14:08:42",22640300
19700,50,2400,"bu","14:08:42",22637700
19700,50,5000,"bu","14:08:42",22635300
19700,50,5000,"bu","14:08:39",22630300
19700,50,1100,"bu","14:08:39",22625300
19700,50,5000,"bu","14:08:33",22624200
19700,50,100,"bu","14:08:31",22619200
19700,50,1400,"bu","14:08:26",22619100
19700,50,200,"bu","14:08:26",22617700
19700,50,200,"bu","14:08:26",22617500
19700,50,2000,"bu","14:08:26",22617300
19700,50,100,"bu","14:08:26",22615300
19700,50,200,"bu","14:08:26",22615200
19700,50,500,"bu","14:08:26",22615000
19700,50,5400,"bu","14:08:26",22614500
19650,0,1000,"sd","14:08:20",22609100
19650,0,2300,"sd","14:08:20",22608100
19700,50,2900,"bu","14:08:18",22605800
19700,50,300,"bu","14:08:11",22602900
19650,0,8100,"sd","14:08:03",22602600
19700,50,500,"bu","14:08:01",22594500
19700,50,500,"bu","14:07:52",22594000
19700,50,200,"bu","14:07:49",22593500
19700,50,100,"bu","14:07:45",22593300
19700,50,700,"bu","14:07:39",22593200
19700,50,10000,"bu","14:07:38",22592500
19700,50,600,"bu","14:07:33",22582500
19700,50,5000,"sd","14:07:33",22581900
19700,50,500,"sd","14:07:32",22576900
19700,50,500,"sd","14:07:32",22576400
19700,50,600,"sd","14:07:32",22575900
19700,50,400,"sd","14:07:32",22575300
19700,50,100,"sd","14:07:32",22574900
19700,50,500,"sd","14:07:32",22574800
19700,50,100,"sd","14:07:32",22574300
19700,50,1100,"sd","14:07:32",22574200
19750,100,100,"bu","14:07:29",22573100
19700,50,1100,"sd","14:07:22",22573000
19700,50,5900,"bu","14:07:17",22571900
19700,50,1000,"bu","14:07:17",22566000
19700,50,3000,"bu","14:07:17",22565000
19700,50,200,"bu","14:07:17",22562000
19700,50,5000,"bu","14:07:17",22561800
19700,50,500,"bu","14:07:17",22556800
19700,50,10000,"bu","14:07:17",22556300
19700,50,2200,"bu","14:07:17",22546300
19700,50,1000,"bu","14:07:12",22544100
19700,50,1800,"bu","14:07:08",22543100
19700,50,5000,"bu","14:07:08",22541300
19700,50,100,"bu","14:07:08",22536300
19700,50,300,"bu","14:07:08",22536200
19700,50,100,"bu","14:07:08",22535900
19700,50,2700,"bu","14:07:08",22535800
19700,50,200,"bu","14:07:06",22533100
19700,50,100,"bu","14:07:02",22532900
19700,50,900,"bu","14:07:02",22532800
19700,50,400,"bu","14:06:55",22531900
19700,50,2000,"bu","14:06:53",22531500
19700,50,500,"bu","14:06:51",22529500
19700,50,100,"bu","14:06:45",22529000
19700,50,1000,"bu","14:06:42",22528900
19700,50,1700,"bu","14:06:38",22527900
19700,50,2000,"bu","14:06:30",22526200
19700,50,1400,"bu","14:06:29",22524200
19700,50,1000,"bu","14:06:29",22522800
19700,50,5700,"bu","14:06:29",22521800
19700,50,300,"bu","14:06:29",22516100
19700,50,5600,"bu","14:06:29",22515800
19700,50,5600,"bu","14:06:29",22510200
19700,50,400,"bu","14:06:29",22504600
19700,50,3100,"bu","14:06:28",22504200
19700,50,100,"bu","14:06:28",22501100
19700,50,100,"bu","14:06:27",22501000
19700,50,1800,"bu","14:06:24",22500900
19700,50,1200,"bu","14:06:24",22499100
19650,0,2600,"sd","14:06:22",22497900
19650,0,2000,"sd","14:06:22",22495300
19650,0,200,"sd","14:06:22",22493300
19650,0,1100,"sd","14:06:22",22493100
19700,50,300,"bu","14:06:21",22492000
19700,50,500,"bu","14:06:19",22491700
19700,50,11000,"bu","14:06:16",22491200
19700,50,1000,"bu","14:06:13",22480200
19700,50,500,"bu","14:06:09",22479200
19700,50,5000,"bu","14:06:06",22478700
19700,50,10000,"bu","14:06:06",22473700
19700,50,100,"bu","14:06:05",22463700
19700,50,1700,"bu","14:05:58",22463600
19700,50,7000,"bu","14:05:53",22461900
19700,50,100,"bu","14:05:49",22454900
19700,50,5900,"bu","14:05:46",22454800
19700,50,200,"bu","14:05:46",22448900
19700,50,500,"bu","14:05:46",22448700
19700,50,1900,"bu","14:05:46",22448200
19700,50,8100,"bu","14:05:42",22446300
19700,50,1900,"bu","14:05:42",22438200
19700,50,100,"bu","14:05:41",22436300
19700,50,100,"bu","14:05:41",22436200
19700,50,800,"sd","14:05:35",22436100
19700,50,600,"sd","14:05:35",22435300
19700,50,1200,"sd","14:05:35",22434700
19700,50,100,"sd","14:05:35",22433500
19700,50,4100,"sd","14:05:35",22433400
19700,50,1000,"sd","14:05:35",22429300
19700,50,900,"sd","14:05:35",22428300
19700,50,100,"sd","14:05:35",22427400
19700,50,100,"sd","14:05:35",22427300
19700,50,500,"sd","14:05:35",22427200
19700,50,100,"sd","14:05:35",22426700
19700,50,100,"sd","14:05:35",22426600
19700,50,200,"sd","14:05:35",22426500
19700,50,1000,"sd","14:05:35",22426300
19700,50,900,"sd","14:05:35",22425300
19700,50,5200,"sd","14:05:35",22424400
19700,50,700,"sd","14:05:29",22419200
19700,50,5000,"sd","14:05:29",22418500
19700,50,4600,"sd","14:05:29",22413500
19700,50,2000,"sd","14:05:29",22408900
19700,50,500,"sd","14:05:29",22406900
19700,50,200,"sd","14:05:29",22406400
19700,50,10000,"sd","14:05:29",22406200
19700,50,500,"sd","14:05:29",22396200
19700,50,200,"sd","14:05:29",22395700
19700,50,100,"sd","14:05:29",22395500
19700,50,4800,"sd","14:05:29",22395400
19700,50,9000,"sd","14:05:29",22390600
19700,50,100,"sd","14:05:29",22381600
19700,50,10000,"sd","14:05:29",22381500
19700,50,2000,"sd","14:05:29",22371500
19700,50,7000,"sd","14:05:29",22369500
19700,50,6000,"sd","14:05:29",22362500
19700,50,2000,"sd","14:05:29",22356500
19700,50,10000,"sd","14:05:29",22354500
19700,50,500,"sd","14:05:29",22344500
19700,50,10000,"sd","14:05:29",22344000
19700,50,100,"sd","14:05:29",22334000
19700,50,100,"sd","14:05:29",22333900
19700,50,1500,"sd","14:05:29",22333800
19700,50,500,"sd","14:05:29",22332300
19700,50,400,"sd","14:05:29",22331800
19700,50,10000,"sd","14:05:29",22331400
19700,50,100,"sd","14:05:29",22321400
19700,50,300,"sd","14:05:29",22321300
19700,50,1800,"sd","14:05:29",22321000
19750,100,700,"bu","14:05:26",22319200
19750,100,300,"bu","14:05:26",22318500
19750,100,200,"bu","14:05:26",22318200
19750,100,1200,"bu","14:05:26",22318000
19700,50,8200,"sd","14:05:26",22316800
19700,50,100,"sd","14:05:26",22308600
19700,50,1000,"sd","14:05:26",22308500
19700,50,1100,"sd","14:05:26",22307500
19700,50,5700,"sd","14:05:26",22306400
19700,50,4000,"sd","14:05:25",22300700
19750,100,200,"bu","14:05:23",22296700
19700,50,500,"sd","14:05:13",22296500
19700,50,500,"sd","14:05:09",22296000
19750,100,700,"bu","14:05:08",22295500
19700,50,10000,"sd","14:05:06",22294800
19700,50,300,"sd","14:05:01",22284800
19700,50,200,"sd","14:04:58",22284500
19700,50,2000,"sd","14:04:38",22284300
19700,50,2900,"sd","14:04:25",22282300
19700,50,200,"sd","14:04:20",22279400
19750,100,200,"bu","14:04:17",22279200
19700,50,100,"sd","14:04:08",22279000
19750,100,500,"bu","14:03:59",22278900
19750,100,600,"bu","14:03:51",22278400
19750,100,1600,"bu","14:03:43",22277800
19750,100,2000,"bu","14:03:43",22276200
19750,100,300,"bu","14:03:43",22274200
19750,100,300,"bu","14:03:43",22273900
19750,100,1000,"bu","14:03:43",22273600
19750,100,5000,"bu","14:03:43",22272600
19750,100,500,"bu","14:03:43",22267600
19750,100,3900,"bu","14:03:43",22267100
19750,100,2000,"bu","14:03:43",22263200
19750,100,400,"bu","14:03:43",22261200
19750,100,200,"bu","14:03:43",22260800
19750,100,200,"bu","14:03:43",22260600
19750,100,200,"bu","14:03:43",22260400
19750,100,1000,"bu","14:03:43",22260200
19750,100,100,"bu","14:03:43",22259200
19750,100,1300,"bu","14:03:43",22259100
19750,100,100,"bu","14:03:42",22257800
19750,100,200,"bu","14:03:39",22257700
19750,100,400,"bu","14:03:33",22257500
19750,100,200,"bu","14:03:33",22257100
19750,100,100,"bu","14:03:33",22256900
19750,100,11000,"bu","14:03:33",22256800
19750,100,2000,"bu","14:03:33",22245800
19750,100,500,"bu","14:03:33",22243800
19750,100,200,"bu","14:03:33",22243300
19750,100,5600,"bu","14:03:33",22243100
19750,100,4400,"bu","14:03:26",22237500
19750,100,600,"bu","14:03:26",22233100
19750,100,100,"bu","14:03:17",22232500
19750,100,300,"bu","14:03:11",22232400
19750,100,2000,"bu","14:03:11",22232100
19750,100,500,"bu","14:03:11",22230100
19750,100,100,"bu","14:03:11",22229600
19750,100,1700,"bu","14:03:11",22229500
19750,100,3000,"bu","14:03:11",22227800
19750,100,400,"bu","14:03:11",22224800
19750,100,300,"bu","14:03:11",22224400
19750,100,200,"bu","14:03:11",22224100
19750,100,500,"bu","14:03:11",22223900
19750,100,1000,"bu","14:03:11",22223400
19750,100,200,"bu","14:03:03",22222400
19700,50,300,"sd","14:02:56",22222200
19700,50,100,"sd","14:02:48",22221900
19700,50,2100,"sd","14:02:48",22221800
19700,50,7900,"sd","14:02:48",22219700
19700,50,2000,"sd","14:02:32",22211800
19700,50,300,"sd","14:02:30",22209800
19700,50,100,"sd","14:02:23",22209500
19700,50,200,"sd","14:02:18",22209400
19750,100,100,"bu","14:02:16",22209200
19700,50,500,"sd","14:02:03",22209100
19700,50,1500,"sd","14:02:03",22208600
19700,50,100,"sd","14:01:59",22207100
19750,100,500,"bu","14:01:58",22207000
19750,100,100,"bu","14:01:58",22206500
19750,100,1000,"bu","14:01:58",22206400
19750,100,3000,"bu","14:01:58",22205400
19750,100,3000,"bu","14:01:58",22202400
19750,100,200,"bu","14:01:58",22199400
19750,100,100,"bu","14:01:58",22199200
19750,100,4600,"bu","14:01:58",22199100
19750,100,7500,"bu","14:01:58",22194500
19700,50,20000,"sd","14:01:43",22187000
19700,50,900,"sd","14:01:28",22167000
19750,100,100,"bu","14:01:14",22166100
19750,100,400,"bu","14:01:04",22166000
19750,100,4600,"bu","14:01:04",22165600
19750,100,600,"bu","14:01:00",22161000
19750,100,4400,"bu","14:01:00",22160400
19750,100,300,"bu","14:00:49",22156000
19700,50,1000,"sd","14:00:49",22155700
19750,100,200,"bu","14:00:44",22154700
19700,50,300,"sd","14:00:42",22154500
19750,100,100,"bu","14:00:39",22154200
19750,100,700,"bu","14:00:39",22154100
19750,100,1000,"bu","14:00:37",22153400
19750,100,2900,"bu","14:00:31",22152400
19750,100,2100,"bu","14:00:31",22149500
19750,100,300,"bu","14:00:26",22147400
19750,100,7600,"bu","14:00:21",22147100
19750,100,1500,"bu","14:00:21",22139500
19750,100,900,"bu","14:00:21",22138000
19750,100,1000,"bu","14:00:16",22137100
19750,100,900,"bu","14:00:13",22136100
19750,100,200,"bu","14:00:10",22135200
19750,100,1000,"bu","14:00:00",22135000
19750,100,100,"bu","14:00:00",22134000
19750,100,900,"bu","14:00:00",22133900
19700,50,100,"sd","13:59:52",22133000
19700,50,3100,"sd","13:59:48",22132900
19750,100,100,"bu","13:59:45",22129800
19700,50,3000,"sd","13:59:44",22129700
19700,50,2500,"sd","13:59:44",22126700
19700,50,100,"sd","13:59:39",22124200
19700,50,500,"sd","13:59:38",22124100
19700,50,100,"bu","13:59:37",22123600
19700,50,1300,"bu","13:59:37",22123500
19700,50,500,"bu","13:59:37",22122200
19700,50,100,"bu","13:59:37",22121700
19700,50,300,"bu","13:59:37",22121600
19700,50,300,"bu","13:59:37",22121300
19700,50,700,"bu","13:59:37",22121000
19700,50,1000,"bu","13:59:36",22120300
19700,50,200,"bu","13:59:36",22119300
19700,50,200,"bu","13:59:36",22119100
19700,50,100,"bu","13:59:36",22118900
19700,50,100,"bu","13:59:36",22118800
19700,50,400,"bu","13:59:36",22118700
19700,50,100,"bu","13:59:36",22118300
19700,50,200,"bu","13:59:36",22118200
19700,50,100,"bu","13:59:36",22118000
19700,50,3900,"bu","13:59:36",22117900
19700,50,500,"bu","13:59:36",22114000
19700,50,5600,"bu","13:59:34",22113500
19700,50,200,"bu","13:59:34",22107900
19700,50,100,"bu","13:59:34",22107700
19700,50,1000,"bu","13:59:34",22107600
19700,50,500,"bu","13:59:34",22106600
19700,50,600,"bu","13:59:34",22106100
19700,50,2000,"bu","13:59:34",22105500
19700,50,2000,"bu","13:59:34",22103500
19700,50,2000,"bu","13:59:34",22101500
19700,50,100,"bu","13:59:34",22099500
19700,50,100,"bu","13:59:34",22099400
19700,50,1000,"bu","13:59:34",22099300
19700,50,5300,"bu","13:59:34",22098300
19700,50,300,"bu","13:59:34",22093000
19700,50,200,"bu","13:59:34",22092700
19700,50,5200,"bu","13:59:34",22092500
19700,50,200,"bu","13:59:34",22087300
19700,50,500,"bu","13:59:34",22087100
19700,50,1000,"bu","13:59:34",22086600
19700,50,400,"bu","13:59:34",22085600
19700,50,500,"bu","13:59:34",22085200
19700,50,200,"bu","13:59:34",22084700
19700,50,200,"bu","13:59:34",22084500
19700,50,100,"bu","13:59:34",22084300
19700,50,5200,"bu","13:59:34",22084200
19700,50,10000,"bu","13:59:34",22079000
19700,50,300,"bu","13:59:34",22069000
19700,50,200,"bu","13:59:34",22068700
19700,50,2000,"bu","13:59:34",22068500
19700,50,600,"bu","13:59:34",22066500
19700,50,600,"bu","13:59:34",22065900
19700,50,1800,"bu","13:59:34",22065300
19700,50,1000,"bu","13:59:33",22063500
19700,50,2300,"bu","13:59:33",22062500
19700,50,500,"bu","13:59:33",22060200
19700,50,2000,"bu","13:59:33",22059700
19700,50,1000,"bu","13:59:33",22057700
19700,50,1200,"bu","13:59:33",22056700
19700,50,1000,"bu","13:59:32",22055500
19700,50,1500,"bu","13:59:32",22054500
19700,50,500,"bu","13:59:32",22053000
19700,50,10000,"bu","13:59:28",22052500
19700,50,5000,"bu","13:59:26",22042500
19700,50,1000,"bu","13:59:26",22037500
19700,50,1000,"bu","13:59:07",22036500
19700,50,200,"bu","13:59:07",22035500
19650,0,2300,"sd","13:58:58",22035300
19650,0,700,"sd","13:58:58",22033000
19700,50,1000,"bu","13:58:52",22032300
19700,50,300,"bu","13:58:52",22031300
19700,50,200,"bu","13:58:52",22031000
19650,0,2300,"sd","13:58:51",22030800
19650,0,3100,"sd","13:58:51",22028500
19700,50,1000,"bu","13:58:49",22025400
19700,50,4800,"bu","13:58:43",22024400
19700,50,500,"bu","13:58:43",22019600
19700,50,4700,"bu","13:58:43",22019100
19700,50,200,"bu","13:58:43",22014400
19700,50,100,"bu","13:58:38",22014200
19700,50,500,"bu","13:58:38",22014100
19700,50,1100,"bu","13:58:37",22013600
19700,50,400,"bu","13:58:36",22012500
19700,50,500,"bu","13:58:36",22012100
19700,50,200,"bu","13:58:36",22011600
19700,50,100,"bu","13:58:36",22011400
19700,50,1500,"bu","13:58:36",22011300
19700,50,5000,"bu","13:58:36",22009800
19700,50,500,"bu","13:58:36",22004800
19700,50,1500,"bu","13:58:36",22004300
19700,50,5000,"bu","13:58:36",22002800
19700,50,5000,"bu","13:58:36",21997800
19700,50,300,"bu","13:58:36",21992800
19700,50,100,"bu","13:58:36",21992500
19700,50,600,"bu","13:58:36",21992400
19700,50,200,"bu","13:58:36",21991800
19700,50,100,"bu","13:58:36",21991600
19700,50,300,"bu","13:58:36",21991500
19700,50,100,"bu","13:58:36",21991200
19700,50,2000,"bu","13:58:36",21991100
19700,50,100,"bu","13:58:36",21989100
19700,50,800,"bu","13:58:36",21989000
19650,0,1300,"sd","13:58:29",21988200
19650,0,500,"sd","13:58:29",21986900
19700,50,1200,"bu","13:58:29",21986400
19700,50,2000,"bu","13:58:29",21985200
19700,50,1600,"bu","13:58:29",21983200
19700,50,7000,"bu","13:58:29",21981600
19700,50,500,"bu","13:58:29",21974600
19700,50,100,"bu","13:58:29",21974100
19700,50,200,"bu","13:58:29",21974000
19700,50,1000,"bu","13:58:29",21973800
19700,50,1000,"bu","13:58:29",21972800
19700,50,500,"bu","13:58:29",21971800
19700,50,2000,"bu","13:58:29",21971300
19700,50,200,"bu","13:58:29",21969300
19700,50,2700,"bu","13:58:29",21969100
19700,50,10000,"bu","13:58:29",21966400
19700,50,1000,"bu","13:58:29",21956400
19700,50,2800,"bu","13:58:29",21955400
19700,50,1000,"bu","13:58:28",21952600
19700,50,2000,"bu","13:58:28",21951600
19700,50,1000,"bu","13:58:28",21949600
19700,50,100,"bu","13:58:28",21948600
19700,50,500,"bu","13:58:28",21948500
19700,50,5000,"bu","13:58:28",21948000
19700,50,700,"bu","13:58:28",21943000
19700,50,200,"bu","13:58:28",21942300
19700,50,1000,"bu","13:58:28",21942100
19700,50,300,"bu","13:58:25",21941100
19700,50,10000,"bu","13:58:22",21940800
19700,50,300,"bu","13:58:15",21930800
19700,50,8700,"bu","13:58:11",21930500
19700,50,700,"bu","13:58:11",21921800
19700,50,600,"bu","13:58:11",21921100
19700,50,400,"bu","13:58:07",21920500
19700,50,1000,"bu","13:58:07",21920100
19700,50,300,"bu","13:58:07",21919100
19700,50,300,"bu","13:58:07",21918800
19700,50,100,"bu","13:58:03",21918500
19650,0,100,"sd","13:57:56",21918400
19650,0,5300,"sd","13:57:56",21918300
19700,50,1600,"bu","13:57:46",21913000
19700,50,1000,"bu","13:57:46",21911400
19700,50,5000,"bu","13:57:46",21910400
19700,50,3300,"bu","13:57:46",21905400
19700,50,1300,"bu","13:57:45",21902100
19700,50,700,"bu","13:57:45",21900800
19700,50,200,"bu","13:57:42",21900100
19700,50,300,"bu","13:57:42",21899900
19700,50,300,"bu","13:57:38",21899600
19700,50,200,"bu","13:57:38",21899300
19700,50,5000,"bu","13:57:35",21899100
19650,0,4700,"sd","13:57:32",21894100
19650,0,500,"sd","13:57:32",21889400
19650,0,500,"sd","13:57:32",21888900
19650,0,10000,"sd","13:57:32",21888400
19650,0,2000,"sd","13:57:32",21878400
19650,0,300,"sd","13:57:32",21876400
19650,0,500,"sd","13:57:32",21876100
19650,0,400,"sd","13:57:32",21875600
19700,50,6000,"bu","13:57:26",21875200
19700,50,300,"bu","13:57:23",21869200
19700,50,400,"bu","13:57:23",21868900
19700,50,300,"bu","13:57:23",21868500
19700,50,200,"bu","13:57:13",21868200
19650,0,300,"sd","13:57:02",21868000
19700,50,200,"bu","13:56:58",21867700
19650,0,2200,"sd","13:56:57",21867500
19650,0,400,"sd","13:56:57",21865300
19700,50,300,"bu","13:56:43",21864900
19650,0,5000,"sd","13:56:35",21864600
19700,50,500,"bu","13:56:34",21859600
19700,50,100,"bu","13:56:34",21859100
19700,50,700,"bu","13:56:34",21859000
19700,50,500,"bu","13:56:34",21858300
19700,50,15000,"bu","13:56:34",21857800
19700,50,1400,"bu","13:56:34",21842800
19700,50,100,"bu","13:56:34",21841400
19700,50,200,"bu","13:56:34",21841300
19700,50,1500,"bu","13:56:34",21841100
19700,50,500,"bu","13:56:31",21839600
19700,50,500,"bu","13:56:31",21839100
19700,50,1000,"bu","13:56:31",21838600
19700,50,700,"bu","13:56:17",21837600
19700,50,200,"bu","13:55:59",21836900
19700,50,200,"bu","13:55:55",21836700
19650,0,1000,"sd","13:55:50",21836500
19700,50,200,"bu","13:55:45",21835500
19700,50,500,"bu","13:55:37",21835300
19650,0,3600,"sd","13:55:34",21834800
19650,0,400,"sd","13:55:34",21831200
19650,0,100,"sd","13:55:34",21830800
19650,0,900,"sd","13:55:34",21830700
19700,50,200,"bu","13:55:31",21829800
19700,50,1600,"bu","13:55:31",21829600
19700,50,500,"bu","13:55:28",21828000
19650,0,9100,"sd","13:55:25",21827500
19650,0,8400,"sd","13:55:25",21818400
19700,50,100,"bu","13:55:18",21810000
19700,50,5000,"bu","13:55:16",21809900
19700,50,2000,"bu","13:55:07",21804900
19700,50,500,"bu","13:55:06",21802900
19700,50,100,"bu","13:54:53",21802400
19650,0,200,"sd","13:54:32",21802300
19700,50,200,"bu","13:54:30",21802100
19700,50,2000,"bu","13:54:30",21801900
19700,50,100,"bu","13:54:14",21799900
19650,0,28000,"sd","13:54:12",21799800
19650,0,200,"sd","13:54:03",21771800
19650,0,100,"sd","13:54:03",21771600
19650,0,1000,"sd","13:54:03",21771500
19650,0,2000,"sd","13:54:03",21770500
19650,0,1300,"sd","13:54:03",21768500
19650,0,3400,"sd","13:54:03",21767200
19650,0,500,"sd","13:54:03",21763800
19650,0,2000,"sd","13:54:03",21763300
19650,0,100,"sd","13:54:03",21761300
19650,0,500,"sd","13:54:03",21761200
19650,0,100,"sd","13:54:03",21760700
19650,0,7000,"sd","13:54:03",21760600
19650,0,200,"sd","13:54:03",21753600
19650,0,300,"sd","13:54:03",21753400
19650,0,1000,"sd","13:54:03",21753100
19650,0,20000,"sd","13:54:03",21752100
19650,0,1100,"sd","13:54:03",21732100
19650,0,200,"sd","13:54:03",21731000
19650,0,200,"sd","13:54:03",21730800
19650,0,100,"sd","13:54:03",21730600
19650,0,500,"sd","13:54:03",21730500
19650,0,300,"sd","13:54:03",21730000
19650,0,600,"sd","13:54:03",21729700
19650,0,10000,"sd","13:54:03",21729100
19650,0,3100,"sd","13:54:03",21719100
19700,50,2200,"bu","13:54:02",21716000
19700,50,20000,"bu","13:53:54",21713800
19650,0,2000,"sd","13:53:53",21693800
19650,0,100,"sd","13:53:53",21691800
19650,0,13500,"sd","13:53:53",21691700
19650,0,10900,"sd","13:53:53",21678200
19700,50,100,"bu","13:53:51",21667300
19700,50,500,"bu","13:53:51",21667200
19650,0,800,"sd","13:53:50",21666700
19700,50,400,"bu","13:53:48",21665900
19700,50,10000,"bu","13:53:45",21665500
19700,50,1000,"bu","13:53:35",21655500
19700,50,500,"bu","13:53:32",21654500
19700,50,3000,"bu","13:53:28",21654000
19650,0,1000,"sd","13:53:25",21651000
19650,0,100,"sd","13:53:21",21650000
19700,50,200,"bu","13:53:15",21649900
19700,50,300,"bu","13:53:15",21649700
19650,0,500,"sd","13:53:08",21649400
19650,0,1000,"sd","13:53:07",21648900
19650,0,1300,"sd","13:53:01",21647900
19650,0,500,"sd","13:53:00",21646600
19650,0,1000,"sd","13:52:52",21646100
19700,50,100,"bu","13:52:49",21645100
19650,0,100,"sd","13:52:47",21645000
19650,0,200,"sd","13:52:43",21644900
19650,0,200,"sd","13:52:36",21644700
19650,0,1000,"sd","13:52:33",21644500
19650,0,5000,"bu","13:52:26",21643500
19650,0,10000,"bu","13:52:26",21638500
19650,0,13800,"bu","13:52:26",21628500
19650,0,5000,"bu","13:52:25",21614700
19650,0,3000,"bu","13:52:22",21609700
19650,0,5000,"bu","13:52:21",21606700
19650,0,100,"sd","13:52:19",21601700
19650,0,2000,"sd","13:52:17",21601600
19650,0,2000,"sd","13:52:17",21599600
19650,0,5000,"sd","13:52:17",21597600
19650,0,100,"sd","13:52:17",21592600
19650,0,100,"sd","13:52:15",21592500
19650,0,300,"bu","13:52:11",21592400
19650,0,1600,"bu","13:52:11",21592100
19650,0,100,"bu","13:52:07",21590500
19650,0,300,"bu","13:52:07",21590400
19650,0,100,"sd","13:52:07",21590100
19650,0,1000,"sd","13:52:07",21590000
19650,0,1900,"sd","13:52:07",21589000
19650,0,100,"bu","13:52:06",21587100
19650,0,400,"bu","13:52:05",21587000
19650,0,1200,"bu","13:52:05",21586600
19650,0,300,"bu","13:52:05",21585400
19650,0,1000,"bu","13:52:04",21585100
19650,0,200,"bu","13:52:03",21584100
19650,0,300,"bu","13:52:02",21583900
19650,0,700,"bu","13:52:02",21583600
19650,0,500,"bu","13:52:01",21582900
19650,0,500,"bu","13:51:59",21582400
19650,0,300,"bu","13:51:58",21581900
19650,0,200,"bu","13:51:58",21581600
19650,0,1000,"bu","13:51:58",21581400
19650,0,1800,"bu","13:51:58",21580400
19650,0,1000,"bu","13:51:58",21578600
19650,0,200,"bu","13:51:58",21577600
19650,0,2000,"bu","13:51:58",21577400
19650,0,100,"bu","13:51:56",21575400
19650,0,700,"bu","13:51:55",21575300
19650,0,1800,"bu","13:51:55",21574600
19650,0,200,"bu","13:51:54",21572800
19650,0,600,"bu","13:51:53",21572600
19650,0,300,"bu","13:51:52",21572000
19650,0,1000,"bu","13:51:52",21571700
19650,0,1700,"bu","13:51:52",21570700
19650,0,1000,"bu","13:51:51",21569000
19650,0,100,"bu","13:51:50",21568000
19650,0,2000,"bu","13:51:50",21567900
19650,0,1000,"bu","13:51:48",21565900
19650,0,500,"bu","13:51:45",21564900
19650,0,2000,"bu","13:51:44",21564400
19650,0,200,"bu","13:51:43",21562400
19650,0,500,"bu","13:51:41",21562200
19650,0,200,"bu","13:51:39",21561700
19650,0,800,"bu","13:51:35",21561500
19650,0,400,"bu","13:51:35",21560700
19650,0,500,"bu","13:51:34",21560300
19650,0,200,"bu","13:51:34",21559800
19650,0,200,"bu","13:51:34",21559600
19650,0,1000,"bu","13:51:32",21559400
19650,0,200,"bu","13:51:31",21558400
19650,0,1000,"bu","13:51:31",21558200
19650,0,1000,"bu","13:51:31",21557200
19650,0,1500,"bu","13:51:31",21556200
19650,0,1000,"bu","13:51:31",21554700
19650,0,1000,"bu","13:51:31",21553700
19650,0,100,"bu","13:51:31",21552700
19650,0,1100,"bu","13:51:31",21552600
19650,0,1000,"bu","13:51:31",21551500
19650,0,600,"bu","13:51:31",21550500
19650,0,200,"bu","13:51:31",21549900
19650,0,1300,"bu","13:51:31",21549700
19650,0,800,"bu","13:51:28",21548400
19650,0,200,"bu","13:51:28",21547600
19650,0,1000,"bu","13:51:28",21547400
19650,0,1000,"bu","13:51:25",21546400
19650,0,500,"bu","13:51:23",21545400
19650,0,100,"bu","13:51:23",21544900
19650,0,400,"bu","13:51:23",21544800
19650,0,1000,"bu","13:51:18",21544400
19650,0,10000,"bu","13:51:18",21543400
19650,0,10000,"bu","13:51:15",21533400
19650,0,5000,"bu","13:51:11",21523400
19650,0,100,"bu","13:51:08",21518400
19650,0,2000,"bu","13:51:07",21518300
19650,0,2200,"bu","13:51:04",21516300
19650,0,19300,"bu","13:51:04",21514100
19650,0,800,"bu","13:51:04",21494800
19650,0,1000,"bu","13:51:04",21494000
19650,0,1000,"bu","13:51:04",21493000
19650,0,5000,"bu","13:51:04",21492000
19650,0,1400,"bu","13:51:04",21487000
19650,0,600,"bu","13:51:04",21485600
19650,0,15000,"bu","13:51:04",21485000
19650,0,4900,"bu","13:51:04",21470000
19650,0,21000,"bu","13:51:04",21465100
19650,0,100,"bu","13:50:56",21444100
19650,0,500,"bu","13:50:45",21444000
19650,0,200,"bu","13:50:44",21443500
19650,0,1500,"bu","13:50:44",21443300
19650,0,5000,"bu","13:50:42",21441800
19650,0,200,"bu","13:50:38",21436800
19650,0,3700,"bu","13:50:31",21436600
19650,0,10000,"bu","13:50:31",21432900
19650,0,3000,"bu","13:50:31",21422900
19650,0,1000,"bu","13:50:31",21419900
19650,0,400,"bu","13:50:31",21418900
19650,0,4900,"bu","13:50:31",21418500
19650,0,300,"bu","13:50:28",21413600
19650,0,1700,"bu","13:50:28",21413300
19650,0,300,"bu","13:50:28",21411600
19650,0,1000,"bu","13:50:20",21411300
19650,0,100,"bu","13:50:12",21410300
19650,0,1000,"bu","13:50:10",21410200
19650,0,400,"bu","13:49:59",21409200
19650,0,5000,"bu","13:49:57",21408800
19600,-50,1000,"sd","13:49:56",21403800
19650,0,5000,"bu","13:49:55",21402800
19650,0,5000,"bu","13:49:51",21397800
19650,0,9600,"sd","13:49:46",21392800
19650,0,400,"bu","13:49:44",21383200
19650,0,2000,"sd","13:49:43",21382800
19650,0,100,"sd","13:49:42",21380800
19650,0,100,"sd","13:49:42",21380700
19650,0,300,"sd","13:49:42",21380600
19650,0,1000,"sd","13:49:42",21380300
19650,0,400,"sd","13:49:42",21379300
19650,0,200,"sd","13:49:42",21378900
19650,0,3100,"sd","13:49:42",21378700
19650,0,1900,"sd","13:49:41",21375600
19650,0,100,"sd","13:49:41",21373700
19650,0,20000,"sd","13:49:41",21373600
19650,0,100,"sd","13:49:41",21353600
19650,0,100,"sd","13:49:41",21353500
19650,0,2800,"sd","13:49:41",21353400
19650,0,500,"sd","13:49:38",21350600
19700,50,100,"bu","13:49:37",21350100
19650,0,1000,"sd","13:49:35",21350000
19650,0,500,"sd","13:49:33",21349000
19650,0,200,"sd","13:49:32",21348500
19650,0,300,"sd","13:49:32",21348300
19650,0,100,"sd","13:49:32",21348000
19650,0,100,"sd","13:49:29",21347900
19650,0,500,"sd","13:49:27",21347800
19650,0,500,"sd","13:49:26",21347300
19650,0,1000,"sd","13:49:23",21346800
19650,0,1500,"sd","13:49:23",21345800
19650,0,1200,"sd","13:49:23",21344300
19650,0,3000,"sd","13:49:23",21343100
19650,0,200,"sd","13:49:23",21340100
19650,0,600,"sd","13:49:23",21339900
19650,0,400,"sd","13:49:21",21339300
19650,0,400,"sd","13:49:21",21338900
19650,0,2000,"sd","13:49:21",21338500
19650,0,500,"sd","13:49:21",21336500
19650,0,1500,"sd","13:49:21",21336000
19650,0,2000,"sd","13:49:21",21334500
19650,0,3000,"sd","13:49:21",21332500
19650,0,100,"sd","13:49:20",21329500
19650,0,1000,"sd","13:49:20",21329400
19650,0,500,"sd","13:49:19",21328400
19650,0,4300,"sd","13:49:19",21327900
19650,0,9600,"sd","13:49:19",21323600
19650,0,100,"sd","13:49:19",21314000
19650,0,5300,"sd","13:49:19",21313900
19650,0,100,"sd","13:49:19",21308600
19650,0,200,"sd","13:49:19",21308500
19650,0,100,"sd","13:49:19",21308300
19650,0,1000,"sd","13:49:19",21308200
19650,0,100,"sd","13:49:19",21307200
19650,0,100,"sd","13:49:19",21307100
19650,0,1100,"sd","13:49:19",21307000
19650,0,900,"sd","13:49:17",21305900
19650,0,400,"sd","13:49:17",21305000
19650,0,1000,"sd","13:49:17",21304600
19650,0,2000,"sd","13:49:17",21303600
19650,0,5000,"sd","13:49:17",21301600
19650,0,700,"sd","13:49:17",21296600
19650,0,300,"sd","13:49:17",21295900
19650,0,700,"sd","13:49:17",21295600
19650,0,4200,"sd","13:48:59",21294900
19650,0,200,"sd","13:48:55",21290700
19650,0,600,"sd","13:48:51",21290500
19650,0,3000,"sd","13:48:47",21289900
19650,0,1300,"sd","13:48:47",21286900
19650,0,200,"sd","13:48:47",21285600
19650,0,100,"sd","13:48:45",21285400
19650,0,2000,"sd","13:48:45",21285300
19650,0,500,"sd","13:48:45",21283300
19650,0,1000,"sd","13:48:45",21282800
19650,0,5000,"sd","13:48:45",21281800
19650,0,1400,"sd","13:48:45",21276800
19650,0,1500,"sd","13:48:40",21275400
19650,0,500,"sd","13:48:40",21273900
19650,0,1000,"sd","13:48:39",21273400
19700,50,100,"bu","13:48:34",21272400
19650,0,100,"sd","13:48:33",21272300
19650,0,1200,"sd","13:48:28",21272200
19650,0,1200,"sd","13:48:10",21271000
19700,50,400,"bu","13:48:07",21269800
19650,0,2000,"sd","13:48:04",21269400
19650,0,500,"sd","13:48:00",21267400
19650,0,200,"sd","13:47:59",21266900
19650,0,2000,"sd","13:47:57",21266700
19650,0,1000,"sd","13:47:56",21264700
19650,0,200,"bu","13:47:52",21263700
19650,0,4800,"bu","13:47:52",21263500
19650,0,5000,"bu","13:47:52",21258700
19650,0,200,"bu","13:47:52",21253700
19650,0,500,"bu","13:47:52",21253500
19650,0,100,"bu","13:47:52",21253000
19650,0,700,"bu","13:47:52",21252900
19650,0,4000,"bu","13:47:52",21252200
19650,0,4600,"bu","13:47:52",21248200
19650,0,20000,"bu","13:47:52",21243600
19650,0,200,"bu","13:47:52",21223600
19650,0,500,"bu","13:47:52",21223400
19650,0,200,"bu","13:47:49",21222900
19650,0,200,"bu","13:47:48",21222700
19650,0,300,"bu","13:47:47",21222500
19600,-50,200,"sd","13:47:46",21222200
19650,0,100,"bu","13:47:45",21222000
19650,0,1400,"bu","13:47:45",21221900
19650,0,300,"bu","13:47:45",21220500
19650,0,100,"bu","13:47:45",21220200
19650,0,100,"bu","13:47:45",21220100
19650,0,1000,"bu","13:47:45",21220000
19650,0,200,"bu","13:47:45",21219000
19650,0,100,"bu","13:47:45",21218800
19650,0,600,"bu","13:47:45",21218700
19650,0,4800,"bu","13:47:45",21218100
19650,0,3900,"bu","13:47:45",21213300
19650,0,100,"bu","13:47:45",21209400
19650,0,2500,"bu","13:47:45",21209300
19650,0,300,"bu","13:47:45",21206800
19650,0,4600,"bu","13:47:45",21206500
19650,0,400,"bu","13:47:44",21201900
19650,0,500,"bu","13:47:44",21201500
19650,0,500,"bu","13:47:43",21201000
19650,0,1500,"bu","13:47:43",21200500
19650,0,1000,"bu","13:47:43",21199000
19650,0,500,"bu","13:47:41",21198000
19650,0,100,"bu","13:47:41",21197500
19650,0,3000,"bu","13:47:41",21197400
19650,0,1400,"bu","13:47:41",21194400
19650,0,1100,"bu","13:47:38",21193000
19650,0,1000,"bu","13:47:38",21191900
19650,0,4700,"bu","13:47:38",21190900
19650,0,1000,"bu","13:47:38",21186200
19650,0,2200,"bu","13:47:38",21185200
19650,0,300,"bu","13:47:34",21183000
19650,0,1900,"bu","13:47:31",21182700
19650,0,600,"bu","13:47:31",21180800
19650,0,400,"bu","13:47:31",21180200
19650,0,5000,"bu","13:47:29",21179800
19650,0,1000,"bu","13:47:29",21174800
19650,0,200,"bu","13:47:29",21173800
19650,0,2700,"bu","13:47:29",21173600
19650,0,200,"bu","13:47:29",21170900
19650,0,100,"bu","13:47:27",21170700
19650,0,1000,"bu","13:47:27",21170600
19650,0,500,"bu","13:47:23",21169600
19600,-50,2900,"sd","13:47:21",21169100
19600,-50,500,"sd","13:47:21",21166200
19600,-50,100,"sd","13:47:21",21165700
19600,-50,100,"sd","13:47:21",21165600
19600,-50,1400,"sd","13:47:21",21165500
19650,0,500,"bu","13:47:20",21164100
19650,0,3000,"bu","13:47:14",21163600
19600,-50,1000,"sd","13:47:14",21160600
19650,0,100,"bu","13:47:14",21159600
19650,0,10000,"bu","13:47:14",21159500
19650,0,200,"bu","13:47:04",21149500
19600,-50,1000,"sd","13:46:59",21149300
19650,0,8000,"bu","13:46:59",21148300
19650,0,5000,"bu","13:46:56",21140300
19600,-50,400,"sd","13:46:55",21135300
19650,0,200,"bu","13:46:50",21134900
19650,0,200,"bu","13:46:41",21134700
19650,0,500,"bu","13:46:34",21134500
19650,0,200,"bu","13:46:30",21134000
19650,0,200,"bu","13:46:28",21133800
19650,0,100,"bu","13:46:25",21133600
19650,0,100,"bu","13:46:09",21133500
19600,-50,500,"sd","13:46:09",21133400
19650,0,2000,"bu","13:45:57",21132900
19600,-50,1000,"sd","13:45:54",21130900
19650,0,5000,"bu","13:45:51",21129900
19650,0,1000,"bu","13:45:50",21124900
19650,0,600,"bu","13:45:49",21123900
19650,0,2800,"bu","13:45:48",21123300
19650,0,3400,"bu","13:45:47",21120500
19650,0,400,"bu","13:45:45",21117100
19650,0,100,"bu","13:45:45",21116700
19650,0,1500,"bu","13:45:44",21116600
19650,0,500,"sd","13:45:41",21115100
19650,0,7500,"sd","13:45:41",21114600
19650,0,400,"sd","13:45:41",21107100
19650,0,200,"bu","13:45:33",21106700
19650,0,200,"bu","13:45:33",21106500
19650,0,100,"bu","13:45:33",21106300
19650,0,100,"bu","13:45:33",21106200
19650,0,100,"bu","13:45:33",21106100
19650,0,1200,"bu","13:45:32",21106000
19650,0,100,"bu","13:45:32",21104800
19650,0,100,"bu","13:45:30",21104700
19650,0,3400,"bu","13:45:29",21104600
19650,0,1500,"bu","13:45:29",21101200
19650,0,100,"bu","13:45:29",21099700
19650,0,1500,"bu","13:45:28",21099600
19650,0,100,"bu","13:45:27",21098100
19650,0,400,"bu","13:45:23",21098000
19650,0,1000,"bu","13:45:22",21097600
19650,0,200,"bu","13:45:21",21096600
19650,0,600,"bu","13:45:20",21096400
19600,-50,3000,"sd","13:45:19",21095800
19650,0,300,"bu","13:45:19",21092800
19650,0,500,"bu","13:45:15",21092500
19600,-50,500,"sd","13:45:14",21092000
19650,0,100,"bu","13:45:10",21091500
19650,0,1600,"bu","13:45:09",21091400
19650,0,100,"bu","13:45:08",21089800
19650,0,2000,"bu","13:45:07",21089700
19650,0,500,"bu","13:45:07",21087700
19650,0,100,"bu","13:45:06",21087200
19650,0,900,"bu","13:45:05",21087100
19650,0,2500,"bu","13:45:05",21086200
19650,0,1600,"bu","13:45:05",21083700
19650,0,500,"bu","13:45:04",21082100
19650,0,1100,"bu","13:45:03",21081600
19600,-50,300,"sd","13:45:03",21080500
19650,0,5000,"bu","13:45:03",21080200
19650,0,2100,"bu","13:45:03",21075200
19650,0,100,"bu","13:45:03",21073100
19650,0,200,"bu","13:45:03",21073000
19650,0,500,"bu","13:45:01",21072800
19650,0,1000,"bu","13:45:00",21072300
19650,0,700,"bu","13:45:00",21071300
19650,0,300,"bu","13:45:00",21070600
19650,0,700,"bu","13:45:00",21070300
19650,0,1300,"bu","13:45:00",21069600
19650,0,200,"bu","13:44:59",21068300
19650,0,1800,"bu","13:44:59",21068100
19650,0,1100,"bu","13:44:58",21066300
19650,0,3900,"bu","13:44:58",21065200
19650,0,100,"bu","13:44:58",21061300
19650,0,1500,"bu","13:44:58",21061200
19650,0,400,"bu","13:44:58",21059700
19650,0,2000,"bu","13:44:55",21059300
19650,0,2500,"bu","13:44:55",21057300
19650,0,1000,"bu","13:44:55",21054800
19650,0,200,"bu","13:44:55",21053800
19650,0,1000,"bu","13:44:55",21053600
19650,0,300,"bu","13:44:55",21052600
19650,0,100,"bu","13:44:55",21052300
19650,0,100,"bu","13:44:54",21052200
19650,0,100,"bu","13:44:54",21052100
19650,0,1500,"bu","13:44:51",21052000
19650,0,1400,"bu","13:44:51",21050500
19650,0,6100,"bu","13:44:51",21049100
19650,0,3900,"bu","13:44:48",21043000
19650,0,100,"bu","13:44:44",21039100
19600,-50,100,"sd","13:44:42",21039000
19650,0,200,"bu","13:44:41",21038900
19650,0,100,"bu","13:44:41",21038700
19650,0,1000,"bu","13:44:40",21038600
19650,0,100,"bu","13:44:38",21037600
19650,0,700,"bu","13:44:37",21037500
19650,0,100,"bu","13:44:37",21036800
19650,0,1700,"bu","13:44:36",21036700
19650,0,100,"bu","13:44:36",21035000
19650,0,200,"bu","13:44:36",21034900
19650,0,200,"bu","13:44:33",21034700
19650,0,800,"bu","13:44:33",21034500
19650,0,100,"bu","13:44:32",21033700
19650,0,100,"bu","13:44:30",21033600
19650,0,100,"bu","13:44:30",21033500
19650,0,500,"bu","13:44:30",21033400
19650,0,1000,"bu","13:44:30",21032900
19650,0,300,"bu","13:44:30",21031900
19650,0,3800,"bu","13:44:30",21031600
19650,0,100,"bu","13:44:28",21027800
19650,0,1100,"bu","13:44:28",21027700
19650,0,1000,"bu","13:44:28",21026600
19650,0,2900,"bu","13:44:28",21025600
19650,0,1700,"bu","13:44:27",21022700
19650,0,3000,"bu","13:44:27",21021000
19650,0,1900,"bu","13:44:26",21018000
19650,0,1000,"bu","13:44:26",21016100
19650,0,2100,"bu","13:44:26",21015100
19650,0,1200,"bu","13:44:26",21013000
19650,0,4200,"bu","13:44:25",21011800
19650,0,800,"bu","13:44:25",21007600
19650,0,1200,"bu","13:44:24",21006800
19650,0,200,"bu","13:44:24",21005600
19650,0,1000,"bu","13:44:24",21005400
19650,0,5000,"bu","13:44:24",21004400
19650,0,1500,"bu","13:44:24",20999400
19650,0,2200,"bu","13:44:24",20997900
19650,0,500,"bu","13:44:24",20995700
19650,0,500,"bu","13:44:24",20995200
19650,0,1300,"bu","13:44:23",20994700
19650,0,1700,"bu","13:44:23",20993400
19650,0,1000,"bu","13:44:20",20991700
19650,0,500,"bu","13:44:20",20990700
19650,0,700,"bu","13:44:17",20990200
19650,0,500,"bu","13:44:17",20989500
19650,0,4400,"bu","13:44:17",20989000
19650,0,300,"bu","13:44:17",20984600
19650,0,4800,"bu","13:44:17",20984300
19650,0,200,"bu","13:44:16",20979500
19650,0,58000,"bu","13:44:07",20979300
19650,0,5000,"bu","13:44:07",20921300
19650,0,1000,"bu","13:44:05",20916300
19600,-50,100,"sd","13:44:01",20915300
19600,-50,2000,"sd","13:43:59",20915200
19600,-50,200,"sd","13:43:59",20913200
19600,-50,100,"sd","13:43:59",20913000
19600,-50,300,"sd","13:43:59",20912900
19600,-50,100,"sd","13:43:59",20912600
19600,-50,500,"sd","13:43:59",20912500
19600,-50,2700,"sd","13:43:59",20912000
19600,-50,2000,"sd","13:43:59",20909300
19600,-50,1000,"sd","13:43:59",20907300
19600,-50,800,"sd","13:43:59",20906300
19650,0,40000,"bu","13:43:58",20905500
19650,0,100,"bu","13:43:57",20865500
19600,-50,200,"sd","13:43:54",20865400
19600,-50,1000,"sd","13:43:54",20865200
19600,-50,1000,"sd","13:43:54",20864200
19600,-50,200,"sd","13:43:54",20863200
19600,-50,2300,"sd","13:43:54",20863000
19600,-50,500,"sd","13:43:52",20860700
19650,0,6100,"bu","13:43:43",20860200
19650,0,2000,"bu","13:43:43",20854100
19650,0,1000,"bu","13:43:43",20852100
19650,0,900,"bu","13:43:43",20851100
19600,-50,2200,"sd","13:43:41",20850200
19600,-50,500,"sd","13:43:41",20848000
19600,-50,5000,"sd","13:43:41",20847500
19600,-50,100,"sd","13:43:41",20842500
19600,-50,400,"sd","13:43:41",20842400
19600,-50,1000,"sd","13:43:41",20842000
19600,-50,5000,"sd","13:43:41",20841000
19600,-50,100,"sd","13:43:41",20836000
19600,-50,100,"sd","13:43:41",20835900
19600,-50,200,"sd","13:43:41",20835800
19600,-50,100,"sd","13:43:41",20835600
19600,-50,500,"sd","13:43:41",20835500
19600,-50,200,"sd","13:43:41",20835000
19600,-50,100,"sd","13:43:41",20834800
19600,-50,200,"sd","13:43:41",20834700
19600,-50,500,"sd","13:43:41",20834500
19600,-50,300,"sd","13:43:41",20834000
19600,-50,200,"sd","13:43:41",20833700
19600,-50,200,"sd","13:43:41",20833500
19600,-50,8000,"sd","13:43:41",20833300
19600,-50,100,"sd","13:43:40",20825300
19600,-50,100,"sd","13:43:38",20825200
19650,0,700,"bu","13:43:38",20825100
19600,-50,300,"sd","13:43:34",20824400
19600,-50,100,"sd","13:43:34",20824100
19600,-50,300,"sd","13:43:34",20824000
19600,-50,100,"sd","13:43:32",20823700
19600,-50,100,"sd","13:43:32",20823600
19600,-50,100,"sd","13:43:32",20823500
19600,-50,500,"sd","13:43:32",20823400
19600,-50,100,"sd","13:43:32",20822900
19600,-50,6000,"sd","13:43:32",20822800
19600,-50,3100,"sd","13:43:32",20816800
19650,0,3400,"bu","13:43:23",20813700
19650,0,1000,"bu","13:43:23",20810300
19650,0,5400,"bu","13:43:23",20809300
19650,0,200,"bu","13:43:23",20803900
19600,-50,200,"sd","13:43:22",20803700
19600,-50,1700,"sd","13:43:16",20803500
19600,-50,1000,"sd","13:43:16",20801800
19600,-50,1000,"sd","13:43:16",20800800
19600,-50,1300,"sd","13:43:16",20799800
19650,0,100,"bu","13:43:15",20798500
19650,0,4700,"bu","13:43:08",20798400
19650,0,10000,"bu","13:43:08",20793700
19650,0,600,"bu","13:43:08",20783700
19650,0,4700,"bu","13:43:08",20783100
19600,-50,100,"sd","13:43:08",20778400
19600,-50,1100,"sd","13:43:07",20778300
19600,-50,1000,"sd","13:43:07",20777200
19600,-50,500,"sd","13:43:07",20776200
19600,-50,1000,"sd","13:43:07",20775700
19600,-50,5000,"sd","13:43:07",20774700
19600,-50,500,"sd","13:43:07",20769700
19600,-50,200,"sd","13:43:05",20769200
19600,-50,1700,"sd","13:43:04",20769000
19600,-50,100,"sd","13:43:01",20767300
19600,-50,500,"sd","13:43:01",20767200
19600,-50,300,"sd","13:43:01",20766700
19600,-50,500,"sd","13:43:01",20766400
19600,-50,700,"sd","13:43:01",20765900
19600,-50,3000,"sd","13:43:01",20765200
19600,-50,200,"sd","13:42:59",20762200
19600,-50,100,"sd","13:42:59",20762000
19600,-50,600,"sd","13:42:59",20761900
19600,-50,1400,"sd","13:42:58",20761300
19600,-50,600,"sd","13:42:58",20759900
19600,-50,100,"sd","13:42:58",20759300
19600,-50,1000,"sd","13:42:58",20759200
19600,-50,1900,"sd","13:42:58",20758200
19600,-50,3100,"sd","13:42:56",20756300
19600,-50,300,"sd","13:42:56",20753200
19600,-50,100,"sd","13:42:56",20752900
19600,-50,900,"sd","13:42:56",20752800
19600,-50,600,"sd","13:42:56",20751900
19600,-50,2400,"sd","13:42:54",20751300
19600,-50,100,"sd","13:42:54",20748900
19600,-50,4500,"sd","13:42:54",20748800
19600,-50,700,"sd","13:42:54",20744300
19650,0,100,"bu","13:42:52",20743600
19600,-50,400,"sd","13:42:51",20743500
19600,-50,100,"sd","13:42:50",20743100
19600,-50,300,"sd","13:42:47",20743000
19600,-50,43900,"sd","13:42:45",20742700
19600,-50,100,"sd","13:42:45",20698800
19600,-50,500,"sd","13:42:45",20698700
19600,-50,500,"sd","13:42:45",20698200
19600,-50,100,"sd","13:42:45",20697700
19600,-50,4900,"sd","13:42:45",20697600
19600,-50,11800,"sd","13:42:43",20692700
19600,-50,7500,"sd","13:42:40",20680900
19600,-50,5000,"sd","13:42:34",20673400
19650,0,100,"bu","13:42:32",20668400
19650,0,1000,"bu","13:42:32",20668300
19650,0,5000,"bu","13:42:21",20667300
19600,-50,10000,"sd","13:42:20",20662300
19650,0,100,"bu","13:42:19",20652300
19600,-50,2500,"sd","13:42:18",20652200
19650,0,100,"bu","13:42:12",20649700
19650,0,200,"bu","13:42:09",20649600
19650,0,1000,"bu","13:42:09",20649400
19600,-50,300,"sd","13:42:08",20648400
19600,-50,8000,"sd","13:42:03",20648100
19600,-50,500,"sd","13:42:03",20640100
19600,-50,100,"sd","13:42:03",20639600
19600,-50,500,"sd","13:42:03",20639500
19600,-50,200,"sd","13:42:03",20639000
19600,-50,700,"sd","13:42:03",20638800
19600,-50,100,"sd","13:42:01",20638100
19600,-50,300,"sd","13:42:01",20638000
19600,-50,2000,"sd","13:42:01",20637700
19600,-50,5000,"sd","13:42:01",20635700
19600,-50,2000,"sd","13:42:01",20630700
19600,-50,1300,"sd","13:42:01",20628700
19600,-50,1000,"sd","13:42:01",20627400
19600,-50,700,"sd","13:42:01",20626400
19600,-50,200,"sd","13:42:01",20625700
19600,-50,100,"sd","13:42:01",20625500
19600,-50,300,"sd","13:42:01",20625400
19600,-50,500,"sd","13:42:01",20625100
19600,-50,200,"sd","13:42:01",20624600
19600,-50,6300,"sd","13:42:01",20624400
19600,-50,4700,"sd","13:41:59",20618100
19600,-50,300,"sd","13:41:59",20613400
19600,-50,200,"sd","13:41:59",20613100
19600,-50,200,"sd","13:41:59",20612900
19600,-50,900,"sd","13:41:59",20612700
19600,-50,1000,"sd","13:41:59",20611800
19600,-50,300,"sd","13:41:59",20610800
19600,-50,10000,"sd","13:41:59",20610500
19600,-50,1000,"sd","13:41:59",20600500
19600,-50,500,"sd","13:41:59",20599500
19600,-50,500,"sd","13:41:59",20599000
19600,-50,200,"sd","13:41:59",20598500
19600,-50,200,"sd","13:41:59",20598300
19600,-50,1000,"sd","13:41:59",20598100
19600,-50,3500,"sd","13:41:59",20597100
19650,0,200,"sd","13:41:58",20593600
19650,0,1000,"sd","13:41:58",20593400
19650,0,8500,"sd","13:41:58",20592400
19650,0,2000,"sd","13:41:57",20583900
19650,0,5000,"sd","13:41:57",20581900
19650,0,2300,"sd","13:41:57",20576900
19650,0,200,"sd","13:41:57",20574600
19650,0,2000,"sd","13:41:57",20574400
19650,0,700,"sd","13:41:57",20572400
19650,0,100,"sd","13:41:57",20571700
19650,0,200,"sd","13:41:57",20571600
19650,0,100,"sd","13:41:57",20571400
19650,0,800,"sd","13:41:57",20571300
19650,0,500,"sd","13:41:57",20570500
19650,0,500,"sd","13:41:57",20570000
19650,0,500,"sd","13:41:57",20569500
19650,0,1000,"sd","13:41:57",20569000
19650,0,100,"sd","13:41:57",20568000
19650,0,5000,"sd","13:41:57",20567900
19650,0,18300,"sd","13:41:57",20562900
19650,0,500,"sd","13:41:55",20544600
19650,0,500,"sd","13:41:55",20544100
19650,0,3000,"sd","13:41:55",20543600
19650,0,3000,"sd","13:41:53",20540600
19650,0,1000,"sd","13:41:46",20537600
19650,0,3000,"sd","13:41:44",20536600
19650,0,400,"sd","13:41:44",20533600
19650,0,2000,"sd","13:41:40",20533200
19650,0,7300,"sd","13:41:40",20531200
19650,0,1000,"sd","13:41:40",20523900
19650,0,1500,"sd","13:41:40",20522900
19650,0,200,"sd","13:41:40",20521400
19650,0,100,"sd","13:41:40",20521200
19650,0,500,"sd","13:41:40",20521100
19650,0,1000,"sd","13:41:40",20520600
19650,0,200,"sd","13:41:40",20519600
19650,0,500,"sd","13:41:40",20519400
19650,0,3000,"sd","13:41:40",20518900
19650,0,7800,"sd","13:41:40",20515900
19650,0,100,"sd","13:41:40",20508100
19650,0,1000,"sd","13:41:40",20508000
19650,0,100,"sd","13:41:40",20507000
19650,0,2000,"sd","13:41:40",20506900
19650,0,500,"sd","13:41:40",20504900
19650,0,500,"sd","13:41:40",20504400
19650,0,1000,"sd","13:41:40",20503900
19650,0,1000,"sd","13:41:40",20502900
19650,0,5000,"sd","13:41:40",20501900
19650,0,1700,"sd","13:41:40",20496900
19650,0,500,"sd","13:41:40",20495200
19650,0,100,"sd","13:41:40",20494700
19650,0,1000,"sd","13:41:40",20494600
19650,0,100,"sd","13:41:40",20493600
19650,0,1000,"sd","13:41:40",20493500
19650,0,1000,"sd","13:41:40",20492500
19650,0,200,"sd","13:41:40",20491500
19650,0,200,"sd","13:41:40",20491300
19650,0,1000,"sd","13:41:40",20491100
19650,0,200,"sd","13:41:40",20490100
19650,0,5000,"sd","13:41:40",20489900
19650,0,1000,"sd","13:41:40",20484900
19650,0,500,"sd","13:41:40",20483900
19650,0,2200,"sd","13:41:40",20483400
19650,0,100,"sd","13:41:38",20481200
19650,0,7700,"sd","13:41:38",20481100
19650,0,3500,"sd","13:41:38",20473400
19650,0,100,"sd","13:41:38",20469900
19650,0,200,"sd","13:41:38",20469800
19650,0,200,"sd","13:41:38",20469600
19650,0,100,"sd","13:41:38",20469400
19650,0,2000,"sd","13:41:38",20469300
19650,0,10000,"sd","13:41:38",20467300
19650,0,1000,"sd","13:41:38",20457300
19650,0,5000,"sd","13:41:38",20456300
19650,0,200,"sd","13:41:38",20451300
19650,0,3400,"sd","13:41:38",20451100
19650,0,200,"sd","13:41:38",20447700
19650,0,200,"sd","13:41:38",20447500
19650,0,200,"sd","13:41:38",20447300
19650,0,200,"sd","13:41:38",20447100
19650,0,100,"sd","13:41:38",20446900
19650,0,100,"sd","13:41:38",20446800
19650,0,500,"sd","13:41:38",20446700
19650,0,500,"sd","13:41:38",20446200
19650,0,2000,"sd","13:41:38",20445700
19650,0,300,"sd","13:41:38",20443700
19650,0,1500,"sd","13:41:38",20443400
19650,0,4000,"sd","13:41:38",20441900
19650,0,200,"sd","13:41:38",20437900
19650,0,100,"sd","13:41:38",20437700
19650,0,3000,"sd","13:41:38",20437600
19650,0,500,"sd","13:41:38",20434600
19650,0,100,"sd","13:41:38",20434100
19650,0,1000,"sd","13:41:38",20434000
19650,0,10100,"sd","13:41:38",20433000
19650,0,100,"sd","13:41:38",20422900
19650,0,2000,"sd","13:41:38",20422800
19650,0,500,"sd","13:41:38",20420800
19650,0,100,"sd","13:41:38",20420300
19650,0,1000,"sd","13:41:38",20420200
19650,0,1000,"sd","13:41:38",20419200
19650,0,2000,"sd","13:41:38",20418200
19650,0,100,"sd","13:41:38",20416200
19650,0,1000,"sd","13:41:38",20416100
19650,0,100,"sd","13:41:38",20415100
19650,0,10000,"sd","13:41:38",20415000
19650,0,5000,"sd","13:41:38",20405000
19650,0,200,"sd","13:41:38",20400000
19650,0,5000,"sd","13:41:38",20399800
19650,0,500,"sd","13:41:38",20394800
19650,0,300,"sd","13:41:38",20394300
19650,0,3000,"sd","13:41:38",20394000
19650,0,2000,"sd","13:41:38",20391000
19650,0,600,"sd","13:41:38",20389000
19650,0,5000,"sd","13:41:38",20388400
19650,0,2000,"sd","13:41:38",20383400
19650,0,2500,"sd","13:41:38",20381400
19650,0,500,"sd","13:41:38",20378900
19650,0,100,"sd","13:41:38",20378400
19650,0,2700,"sd","13:41:38",20378300
19650,0,100,"sd","13:41:38",20375600
19650,0,5000,"sd","13:41:38",20375500
19650,0,100,"sd","13:41:38",20370500
19650,0,700,"sd","13:41:38",20370400
19650,0,200,"sd","13:41:38",20369700
19650,0,3000,"sd","13:41:38",20369500
19650,0,1000,"sd","13:41:38",20366500
19650,0,500,"sd","13:41:38",20365500
19650,0,200,"sd","13:41:38",20365000
19650,0,100,"sd","13:41:38",20364800
19650,0,600,"sd","13:41:38",20364700
19650,0,300,"sd","13:41:38",20364100
19650,0,500,"sd","13:41:38",20363800
19650,0,10000,"sd","13:41:38",20363300
19650,0,1000,"sd","13:41:38",20353300
19650,0,500,"sd","13:41:38",20352300
19650,0,200,"sd","13:41:38",20351800
19650,0,10000,"sd","13:41:38",20351600
19650,0,500,"sd","13:41:38",20341600
19650,0,1000,"sd","13:41:38",20341100
19650,0,2000,"sd","13:41:38",20340100
19650,0,5200,"sd","13:41:38",20338100
19650,0,200,"sd","13:41:38",20332900
19650,0,600,"sd","13:41:38",20332700
19650,0,1000,"sd","13:41:38",20332100
19700,50,100,"bu","13:41:31",20331100
19700,50,200,"bu","13:41:29",20331000
19700,50,500,"bu","13:41:24",20330800
19700,50,100,"bu","13:41:22",20330300
19650,0,14900,"sd","13:41:19",20330200
19650,0,1000,"sd","13:41:10",20315300
19700,50,100,"bu","13:41:07",20314300
19700,50,200,"bu","13:41:00",20314200
19650,0,1000,"sd","13:41:00",20314000
19650,0,500,"sd","13:40:56",20313000
19650,0,800,"sd","13:40:51",20312500
19650,0,2000,"sd","13:40:43",20311700
19650,0,1000,"sd","13:40:41",20309700
19650,0,100,"sd","13:40:39",20308700
19650,0,2000,"sd","13:40:38",20308600
19650,0,500,"sd","13:40:34",20306600
19650,0,500,"sd","13:40:25",20306100
19650,0,15000,"sd","13:40:25",20305600
19650,0,1000,"sd","13:40:24",20290600
19650,0,300,"sd","13:40:23",20289600
19650,0,200,"sd","13:40:23",20289300
19650,0,4500,"sd","13:40:23",20289100
19650,0,6800,"sd","13:40:22",20284600
19650,0,1000,"sd","13:40:22",20277800
19650,0,300,"sd","13:40:22",20276800
19650,0,300,"sd","13:40:22",20276500
19650,0,1000,"sd","13:40:22",20276200
19650,0,600,"sd","13:40:22",20275200
19650,0,100,"sd","13:40:22",20274600
19650,0,500,"sd","13:40:18",20274500
19650,0,400,"sd","13:40:15",20274000
19650,0,2500,"sd","13:40:08",20273600
19700,50,100,"bu","13:40:04",20271100
19650,0,900,"sd","13:40:02",20271000
19650,0,500,"sd","13:40:02",20270100
19650,0,100,"sd","13:40:02",20269600
19650,0,14000,"sd","13:40:02",20269500
19650,0,500,"sd","13:40:02",20255500
19650,0,1000,"sd","13:40:02",20255000
19650,0,500,"sd","13:40:02",20254000
19650,0,900,"sd","13:40:02",20253500
19650,0,1600,"sd","13:40:02",20252600
19650,0,3800,"sd","13:40:02",20251000
19650,0,2600,"sd","13:40:02",20247200
19650,0,1000,"sd","13:40:02",20244600
19650,0,100,"sd","13:40:02",20243600
19650,0,3000,"sd","13:40:02",20243500
19650,0,8300,"sd","13:40:02",20240500
19650,0,500,"sd","13:39:59",20232200
19650,0,1200,"sd","13:39:53",20231700
19650,0,200,"sd","13:39:53",20230500
19650,0,11600,"sd","13:39:53",20230300
19650,0,500,"sd","13:39:52",20218700
19650,0,5000,"sd","13:39:49",20218200
19650,0,100,"sd","13:39:45",20213200
19650,0,1000,"sd","13:39:45",20213100
19650,0,300,"sd","13:39:33",20212100
19650,0,100,"sd","13:39:33",20211800
19650,0,4000,"sd","13:39:27",20211700
19650,0,2000,"sd","13:39:20",20207700
19700,50,2000,"bu","13:39:13",20205700
19650,0,24400,"sd","13:39:12",20203700
19650,0,1000,"sd","13:39:12",20179300
19650,0,2000,"sd","13:39:12",20178300
19650,0,100,"sd","13:39:12",20176300
19650,0,600,"sd","13:39:12",20176200
19650,0,500,"sd","13:39:12",20175600
19650,0,100,"sd","13:39:12",20175100
19650,0,700,"sd","13:39:12",20175000
19650,0,100,"sd","13:39:12",20174300
19650,0,500,"sd","13:39:12",20174200
19650,0,500,"sd","13:39:11",20173700
19650,0,1100,"sd","13:39:11",20173200
19650,0,3400,"sd","13:39:11",20172100
19700,50,300,"bu","13:39:05",20168700
19700,50,700,"bu","13:39:05",20168400
19700,50,100,"bu","13:39:04",20167700
19700,50,100,"bu","13:39:03",20167600
19700,50,200,"bu","13:39:03",20167500
19700,50,500,"bu","13:38:41",20167300
19650,0,3900,"sd","13:38:41",20166800
19650,0,1600,"sd","13:38:41",20162900
19650,0,1000,"sd","13:38:37",20161300
19700,50,2000,"bu","13:38:34",20160300
19650,0,100,"sd","13:38:28",20158300
19650,0,100,"sd","13:38:28",20158200
