"price","change","match_qtty","side","time","total_vol"
16700,-200,500,"sd","14:46:52",4637900
16700,-200,136300,"bu","14:45:01",4637400
16700,-200,9100,"bu","14:29:51",4501100
16600,-300,900,"sd","14:29:48",4492000
16600,-300,1200,"sd","14:29:38",4491100
16700,-200,1000,"bu","14:29:30",4489900
16600,-300,300,"sd","14:29:26",4488900
16600,-300,500,"sd","14:29:17",4488600
16600,-300,600,"sd","14:29:14",4488100
16600,-300,900,"unknown","14:28:56",4487500
16500,-400,100,"sd","14:28:52",4486600
16500,-400,500,"sd","14:28:35",4486500
16500,-400,200,"sd","14:28:34",4486000
16500,-400,19100,"sd","14:28:30",4485800
16500,-400,200,"bu","14:28:24",4466700
16500,-400,2000,"bu","14:28:23",4466500
16500,-400,1200,"bu","14:28:22",4464500
16500,-400,1000,"bu","14:28:18",4463300
16500,-400,53500,"sd","14:28:12",4462300
16600,-300,1000,"bu","14:28:03",4408800
16600,-300,600,"bu","14:27:54",4407800
16600,-300,100,"bu","14:27:51",4407200
16600,-300,500,"bu","14:27:45",4407100
16600,-300,10000,"bu","14:27:44",4406600
16600,-300,1000,"bu","14:27:22",4396600
16600,-300,500,"bu","14:27:19",4395600
16600,-300,21200,"sd","14:27:18",4395100
16600,-300,300,"sd","14:27:12",4373900
16700,-200,500,"bu","14:26:52",4373600
16700,-200,500,"bu","14:26:39",4373100
16700,-200,20500,"bu","14:26:30",4372600
16700,-200,10000,"bu","14:26:29",4352100
16700,-200,33700,"bu","14:26:25",4342100
16700,-200,50000,"sd","14:26:17",4308400
16800,-100,100,"bu","14:26:15",4258400
16800,-100,2400,"bu","14:25:59",4258300
16800,-100,3400,"bu","14:25:58",4255900
16800,-100,3100,"bu","14:25:41",4252500
16700,-200,300,"sd","14:25:36",4249400
16800,-100,100,"bu","14:25:33",4249100
16800,-100,10000,"bu","14:25:31",4249000
16700,-200,5000,"sd","14:24:50",4239000
16700,-200,500,"sd","14:24:38",4234000
16700,-200,2000,"sd","14:24:36",4233500
16700,-200,3900,"sd","14:24:24",4231500
16700,-200,1000,"sd","14:24:18",4227600
16700,-200,200,"sd","14:24:03",4226600
16800,-100,100,"bu","14:24:02",4226400
16800,-100,500,"bu","14:23:58",4226300
16800,-100,2000,"bu","14:23:56",4225800
16800,-100,1800,"bu","14:23:53",4223800
16800,-100,500,"bu","14:23:50",4222000
16800,-100,100,"bu","14:23:49",4221500
16800,-100,2000,"bu","14:23:42",4221400
16800,-100,100,"bu","14:23:33",4219400
16800,-100,200,"bu","14:23:31",4219300
16700,-200,1700,"sd","14:23:23",4219100
16800,-100,100,"bu","14:23:21",4217400
16700,-200,1500,"sd","14:23:11",4217300
16800,-100,5000,"bu","14:23:04",4215800
16800,-100,200,"sd","14:22:50",4210800
16800,-100,20000,"sd","14:22:44",4210600
16800,-100,5000,"sd","14:22:40",4190600
16900,0,3000,"bu","14:22:38",4185600
16900,0,100,"bu","14:22:20",4182600
16900,0,4000,"bu","14:22:09",4182500
16900,0,1300,"bu","14:22:06",4178500
16800,-100,10000,"sd","14:22:05",4177200
16900,0,100,"bu","14:21:45",4167200
16900,0,500,"bu","14:21:42",4167100
16900,0,1000,"bu","14:21:20",4166600
16900,0,2000,"bu","14:21:11",4165600
16800,-100,700,"sd","14:20:34",4163600
16800,-100,100,"bu","14:20:33",4162900
16800,-100,2000,"bu","14:20:31",4162800
16800,-100,5000,"bu","14:20:30",4160800
16800,-100,500,"bu","14:20:28",4155800
16800,-100,900,"bu","14:20:16",4155300
16700,-200,500,"sd","14:20:10",4154400
16800,-100,200,"bu","14:20:07",4153900
16700,-200,21400,"sd","14:19:57",4153700
16600,-300,200,"bu","14:19:44",4132300
16600,-300,4000,"bu","14:19:42",4132100
16600,-300,5000,"bu","14:19:40",4128100
16600,-300,16500,"bu","14:19:39",4123100
16600,-300,1000,"bu","14:19:38",4106600
16600,-300,3200,"bu","14:19:34",4105600
16600,-300,500,"bu","14:19:26",4102400
16600,-300,100,"bu","14:19:17",4101900
16600,-300,7000,"bu","14:19:06",4101800
16600,-300,500,"bu","14:19:04",4094800
16600,-300,3000,"bu","14:18:47",4094300
16600,-300,100,"bu","14:18:35",4091300
16500,-400,200,"sd","14:18:29",4091200
16500,-400,8700,"bu","14:18:17",4091000
16500,-400,5000,"bu","14:18:14",4082300
16500,-400,100,"bu","14:18:12",4077300
16500,-400,200,"bu","14:18:10",4077200
16500,-400,1000,"bu","14:18:04",4077000
16500,-400,500,"bu","14:18:00",4076000
16500,-400,500,"bu","14:17:48",4075500
16500,-400,4900,"bu","14:17:47",4075000
16500,-400,100,"bu","14:17:15",4070100
16500,-400,1500,"bu","14:17:14",4070000
16500,-400,300,"bu","14:17:12",4068500
16400,-500,100,"sd","14:17:11",4068200
16400,-500,200,"sd","14:17:10",4068100
16400,-500,300,"sd","14:17:00",4067900
16400,-500,6000,"sd","14:16:56",4067600
16400,-500,26800,"bu","14:16:48",4061600
16400,-500,100,"bu","14:16:45",4034800
16400,-500,20500,"bu","14:16:39",4034700
16400,-500,2000,"bu","14:16:37",4014200
16300,-600,25000,"sd","14:16:32",4012200
16400,-500,1000,"bu","14:16:31",3987200
16400,-500,500,"bu","14:16:30",3986200
16400,-500,1000,"bu","14:16:28",3985700
16400,-500,900,"bu","14:16:27",3984700
16400,-500,10000,"bu","14:16:26",3983800
16400,-500,2000,"bu","14:16:24",3973800
16400,-500,10000,"bu","14:16:12",3971800
16400,-500,1000,"bu","14:16:11",3961800
16400,-500,1000,"bu","14:16:09",3960800
16400,-500,100,"bu","14:16:07",3959800
16400,-500,1000,"bu","14:15:57",3959700
16300,-600,200,"sd","14:15:53",3958700
16300,-600,1000,"sd","14:15:52",3958500
16300,-600,1000,"sd","14:15:49",3957500
16400,-500,1000,"bu","14:15:46",3956500
16300,-600,500,"sd","14:15:38",3955500
16300,-600,3000,"sd","14:15:31",3955000
16300,-600,2400,"sd","14:15:26",3952000
16400,-500,1000,"bu","14:15:25",3949600
16400,-500,5000,"bu","14:15:23",3948600
16400,-500,1200,"bu","14:15:22",3943600
16400,-500,13900,"sd","14:15:19",3942400
16500,-400,500,"sd","14:15:18",3928500
16500,-400,3400,"sd","14:15:10",3928000
16500,-400,200,"sd","14:15:08",3924600
16500,-400,100,"sd","14:14:54",3924400
16500,-400,15000,"sd","14:14:39",3924300
16600,-300,700,"bu","14:14:22",3909300
16500,-400,1600,"sd","14:14:21",3908600
16600,-300,20000,"bu","14:13:54",3907000
16600,-300,9000,"sd","14:13:38",3887000
16600,-300,500,"sd","14:13:37",3878000
16600,-300,100,"sd","14:13:27",3877500
16600,-300,100,"sd","14:13:18",3877400
16600,-300,500,"sd","14:13:14",3877300
16600,-300,100,"sd","14:13:11",3876800
16700,-200,100,"bu","14:13:10",3876700
16600,-300,500,"sd","14:13:02",3876600
16600,-300,1000,"sd","14:12:58",3876100
16600,-300,100,"sd","14:12:51",3875100
16600,-300,1000,"sd","14:12:48",3875000
16600,-300,1300,"bu","14:12:47",3874000
16500,-400,100,"sd","14:12:45",3872700
16500,-400,500,"bu","14:12:40",3872600
16300,-600,99700,"bu","14:12:39",3872100
16500,-400,100,"sd","14:12:35",3772400
16500,-400,7000,"sd","14:12:24",3772300
16600,-300,10000,"bu","14:12:23",3765300
16500,-400,18900,"sd","14:12:18",3755300
16600,-300,200,"bu","14:12:14",3736400
16500,-400,100,"sd","14:12:10",3736200
16600,-300,3000,"bu","14:12:05",3736100
16600,-300,1000,"bu","14:11:57",3733100
16600,-300,200,"bu","14:11:52",3732100
16600,-300,6400,"sd","14:11:42",3731900
16700,-200,25500,"bu","14:11:24",3725500
16800,-100,300,"bu","14:11:18",3700000
16800,-100,10000,"bu","14:10:59",3699700
16700,-200,6800,"sd","14:10:42",3689700
16800,-100,5000,"bu","14:10:05",3682900
16800,-100,1000,"bu","14:09:59",3677900
16800,-100,400,"sd","14:09:57",3676900
16800,-100,1700,"sd","14:09:51",3676500
16800,-100,5000,"bu","14:09:42",3674800
16800,-100,200,"bu","14:09:14",3669800
16800,-100,20000,"bu","14:09:00",3669600
16800,-100,5000,"bu","14:08:44",3649600
16800,-100,200,"bu","14:08:20",3644600
16700,-200,3300,"bu","14:08:10",3644400
16700,-200,10000,"bu","14:08:05",3641100
16700,-200,600,"bu","14:08:00",3631100
16500,-400,149900,"bu","14:07:54",3630500
16700,-200,1000,"bu","14:07:50",3480600
16700,-200,500,"bu","14:07:44",3479600
16700,-200,200,"bu","14:07:41",3479100
16700,-200,89700,"sd","14:07:39",3478900
16800,-100,7300,"bu","14:07:32",3389200
16800,-100,1000,"bu","14:07:31",3381900
16800,-100,100,"bu","14:07:22",3380900
16700,-200,1000,"sd","14:07:18",3380800
16800,-100,10700,"bu","14:07:13",3379800
16800,-100,1000,"bu","14:07:10",3369100
16800,-100,200,"bu","14:07:03",3368100
16800,-100,6000,"bu","14:06:41",3367900
16700,-200,200,"sd","14:06:26",3361900
16800,-100,900,"bu","14:06:13",3361700
16700,-200,200,"sd","14:05:59",3360800
16700,-200,1000,"sd","14:05:43",3360600
16700,-200,800,"sd","14:05:36",3359600
16800,-100,100,"bu","14:05:35",3358800
16800,-100,100,"bu","14:05:26",3358700
16800,-100,500,"bu","14:05:16",3358600
16800,-100,500,"bu","14:05:13",3358100
16800,-100,200,"bu","14:05:10",3357600
16800,-100,200,"bu","14:05:01",3357400
16800,-100,300,"bu","14:04:52",3357200
16800,-100,57900,"sd","14:04:39",3356900
16800,-100,1000,"sd","14:04:26",3299000
16900,0,1400,"bu","14:03:54",3298000
16900,0,500,"bu","14:03:48",3296600
16900,0,300,"bu","14:03:17",3296100
16900,0,5000,"bu","14:03:13",3295800
16900,0,100,"bu","14:03:07",3290800
16900,0,800,"bu","14:02:53",3290700
16900,0,100,"bu","14:02:45",3289900
16900,0,200,"bu","14:02:39",3289800
16900,0,500,"bu","14:02:30",3289600
16900,0,400,"bu","14:02:25",3289100
16900,0,400,"bu","14:02:11",3288700
16900,0,6600,"bu","14:02:08",3288300
16900,0,4400,"bu","14:02:05",3281700
16900,0,2000,"bu","14:01:48",3277300
16900,0,5000,"bu","14:01:45",3275300
16900,0,600,"bu","14:01:31",3270300
16800,-100,2000,"sd","14:01:23",3269700
16900,0,2000,"bu","14:01:15",3267700
16900,0,200,"bu","14:01:05",3265700
16900,0,2500,"bu","14:00:57",3265500
16900,0,5000,"bu","14:00:54",3263000
16900,0,500,"bu","14:00:43",3258000
16900,0,200,"bu","14:00:39",3257500
16900,0,18300,"sd","14:00:22",3257300
17000,100,200,"bu","14:00:05",3239000
16900,0,500,"sd","13:59:51",3238800
16900,0,1000,"sd","13:59:43",3238300
16900,0,1000,"bu","13:59:32",3237300
16900,0,100,"bu","13:59:28",3236300
16900,0,600,"bu","13:59:27",3236200
16900,0,1000,"bu","13:59:25",3235600
16900,0,1000,"bu","13:59:23",3234600
16900,0,2000,"bu","13:59:18",3233600
16900,0,300,"bu","13:59:14",3231600
16900,0,1000,"bu","13:59:06",3231300
16900,0,2000,"bu","13:59:02",3230300
16900,0,600,"bu","13:59:01",3228300
16900,0,3600,"bu","13:58:59",3227700
16900,0,100,"bu","13:58:54",3224100
16900,0,500,"bu","13:58:52",3224000
16900,0,300,"bu","13:58:48",3223500
16900,0,500,"bu","13:58:46",3223200
16900,0,2000,"bu","13:58:45",3222700
16900,0,2000,"bu","13:58:27",3220700
16900,0,1000,"bu","13:58:26",3218700
16900,0,600,"bu","13:58:23",3217700
16900,0,1000,"bu","13:58:17",3217100
16900,0,2100,"bu","13:58:12",3216100
16900,0,200,"bu","13:58:07",3214000
16900,0,5100,"bu","13:57:56",3213800
16900,0,2000,"bu","13:57:54",3208700
16900,0,100,"bu","13:57:47",3206700
16900,0,800,"bu","13:57:39",3206600
16900,0,5000,"bu","13:57:33",3205800
16900,0,100,"bu","13:57:31",3200800
16900,0,700,"bu","13:57:22",3200700
16800,-100,500,"sd","13:57:15",3200000
16900,0,1000,"bu","13:57:11",3199500
16900,0,6500,"bu","13:57:08",3198500
16900,0,200,"bu","13:57:04",3192000
16900,0,100,"bu","13:57:03",3191800
16900,0,1000,"bu","13:56:57",3191700
16900,0,500,"bu","13:56:56",3190700
16900,0,100,"bu","13:56:47",3190200
16900,0,5000,"bu","13:56:30",3190100
16800,-100,16300,"sd","13:56:18",3185100
16800,-100,200,"bu","13:56:16",3168800
16800,-100,4300,"bu","13:56:15",3168600
16800,-100,500,"bu","13:56:13",3164300
16800,-100,5000,"bu","13:56:12",3163800
16800,-100,2000,"bu","13:56:10",3158800
16800,-100,100,"bu","13:56:03",3156800
16800,-100,2000,"bu","13:55:57",3156700
16800,-100,500,"bu","13:55:51",3154700
16800,-100,5000,"bu","13:55:46",3154200
16800,-100,3200,"bu","13:55:41",3149200
16700,-200,200,"sd","13:55:39",3146000
16800,-100,2500,"bu","13:55:34",3145800
16800,-100,500,"bu","13:54:56",3143300
16700,-200,1000,"sd","13:54:55",3142800
16800,-100,500,"bu","13:54:54",3141800
16700,-200,100,"sd","13:54:49",3141300
16800,-100,100,"bu","13:54:34",3141200
16800,-100,600,"bu","13:54:31",3141100
16800,-100,2000,"bu","13:54:22",3140500
16800,-100,500,"bu","13:54:21",3138500
16800,-100,200,"bu","13:54:14",3138000
16800,-100,2000,"bu","13:53:51",3137800
16600,-300,60000,"sd","13:53:42",3135800
16700,-200,600,"sd","13:53:41",3075800
16800,-100,500,"bu","13:53:40",3075200
16800,-100,3000,"bu","13:53:34",3074700
16800,-100,200,"bu","13:53:13",3071700
16800,-100,500,"bu","13:53:11",3071500
16800,-100,1300,"bu","13:53:08",3071000
16800,-100,100,"bu","13:52:43",3069700
16800,-100,34200,"sd","13:52:37",3069600
16900,0,300,"bu","13:52:24",3035400
16900,0,9500,"bu","13:52:19",3035100
16900,0,500,"sd","13:52:18",3025600
16900,0,1200,"sd","13:52:17",3025100
16900,0,4000,"sd","13:52:16",3023900
16900,0,1300,"sd","13:52:14",3019900
16900,0,51500,"sd","13:52:12",3018600
16900,0,1200,"sd","13:52:09",2967100
16900,0,2500,"sd","13:52:07",2965900
16900,0,500,"sd","13:52:04",2963400
16900,0,700,"sd","13:52:01",2962900
16900,0,1000,"sd","13:51:56",2962200
16900,0,100,"sd","13:51:50",2961200
16900,0,10000,"sd","13:51:35",2961100
17000,100,9500,"bu","13:51:16",2951100
17000,100,24500,"sd","13:51:13",2941600
17000,100,6000,"sd","13:51:12",2917100
17000,100,2500,"sd","13:51:02",2911100
17000,100,500,"sd","13:51:01",2908600
17000,100,20200,"sd","13:51:00",2908100
17000,100,3000,"sd","13:50:56",2887900
17000,100,8000,"sd","13:50:55",2884900
17000,100,1000,"sd","13:50:49",2876900
17000,100,43800,"sd","13:50:45",2875900
17000,100,2000,"sd","13:50:15",2832100
17000,100,1000,"sd","13:49:53",2830100
17000,100,3000,"sd","13:49:31",2829100
17000,100,200,"sd","13:49:27",2826100
17000,100,1500,"sd","13:49:21",2825900
17000,100,500,"sd","13:49:16",2824400
17000,100,1000,"sd","13:49:11",2823900
17000,100,1000,"sd","13:48:55",2822900
17000,100,25000,"sd","13:48:48",2821900
17000,100,600,"sd","13:48:43",2796900
17000,100,500,"sd","13:48:42",2796300
17000,100,1000,"sd","13:48:38",2795800
17000,100,4000,"sd","13:48:36",2794800
17000,100,200,"sd","13:48:16",2790800
17100,200,600,"bu","13:47:59",2790600
17000,100,100,"sd","13:47:55",2790000
17000,100,5000,"sd","13:47:37",2789900
17000,100,1000,"sd","13:46:57",2784900
17000,100,500,"sd","13:46:18",2783900
17100,200,100,"bu","13:45:43",2783400
17100,200,500,"bu","13:45:27",2783300
17100,200,1000,"bu","13:45:26",2782800
17100,200,200,"bu","13:45:25",2781800
17100,200,2000,"bu","13:45:11",2781600
17100,200,500,"bu","13:44:50",2779600
17100,200,18200,"bu","13:44:38",2779100
17100,200,100,"sd","13:44:35",2760900
17100,200,500,"sd","13:44:17",2760800
17100,200,2000,"sd","13:44:04",2760300
17100,200,5000,"sd","13:43:47",2758300
17100,200,2000,"sd","13:43:44",2753300
17100,200,1000,"sd","13:43:42",2751300
17100,200,100,"sd","13:43:41",2750300
17100,200,3500,"sd","13:43:26",2750200
17100,200,100,"sd","13:43:14",2746700
17100,200,400,"sd","13:43:04",2746600
17100,200,2000,"sd","13:42:57",2746200
17100,200,400,"sd","13:42:46",2744200
17200,300,200,"bu","13:42:07",2743800
17100,200,1500,"sd","13:42:06",2743600
17100,200,500,"sd","13:41:52",2742100
17100,200,20000,"sd","13:41:45",2741600
17100,200,500,"sd","13:41:37",2721600
17100,200,400,"sd","13:41:22",2721100
17100,200,100,"sd","13:41:14",2720700
17100,200,500,"sd","13:40:32",2720600
17200,300,100,"bu","13:39:28",2720100
17200,300,1000,"bu","13:38:55",2720000
17200,300,100,"bu","13:38:46",2719000
17200,300,200,"bu","13:37:28",2718900
17200,300,2000,"bu","13:36:35",2718700
17100,200,700,"sd","13:36:16",2716700
17200,300,1000,"bu","13:35:55",2716000
17200,300,2000,"bu","13:35:27",2715000
17200,300,1300,"bu","13:35:23",2713000
17200,300,500,"bu","13:35:01",2711700
17200,300,4400,"bu","13:34:52",2711200
17200,300,1000,"bu","13:34:32",2706800
17200,300,500,"bu","13:34:24",2705800
17200,300,3000,"bu","13:34:18",2705300
17100,200,1500,"sd","13:34:04",2702300
17100,200,1000,"sd","13:33:47",2700800
17100,200,2000,"sd","13:33:27",2699800
17100,200,5000,"sd","13:33:04",2697800
17100,200,10600,"bu","13:32:52",2692800
17100,200,300,"bu","13:32:42",2682200
17100,200,5000,"bu","13:32:38",2681900
17100,200,300,"bu","13:32:30",2676900
17000,100,300,"sd","13:32:27",2676600
17100,200,1400,"bu","13:32:17",2676300
17100,200,200,"bu","13:31:57",2674900
17100,200,100,"bu","13:31:34",2674700
17100,200,100,"bu","13:31:33",2674600
17100,200,100,"bu","13:31:27",2674500
17100,200,1900,"bu","13:31:05",2674400
17100,200,3600,"sd","13:30:51",2672500
17100,200,7700,"sd","13:30:04",2668900
17100,200,500,"bu","13:29:46",2661200
17100,200,1000,"bu","13:29:45",2660700
17100,200,500,"bu","13:29:44",2659700
17100,200,600,"bu","13:29:43",2659200
17100,200,2000,"sd","13:29:37",2658600
17100,200,500,"sd","13:29:33",2656600
17100,200,500,"bu","13:29:23",2656100
17100,200,2200,"bu","13:29:01",2655600
17100,200,400,"bu","13:28:53",2653400
17100,200,3000,"bu","13:28:49",2653000
17100,200,1000,"sd","13:28:35",2650000
17100,200,1500,"sd","13:28:13",2649000
17000,100,500,"sd","13:28:09",2647500
17100,200,5000,"bu","13:28:05",2647000
17100,200,300,"bu","13:28:00",2642000
17100,200,3200,"bu","13:27:37",2641700
17100,200,20500,"bu","13:27:31",2638500
17100,200,200,"sd","13:26:55",2618000
17100,200,11600,"sd","13:26:46",2617800
17100,200,100,"bu","13:26:45",2606200
17000,100,10000,"sd","13:26:43",2606100
17100,200,15000,"bu","13:26:28",2596100
17100,200,300,"bu","13:26:24",2581100
17100,200,5000,"bu","13:26:19",2580800
17100,200,2000,"bu","13:26:12",2575800
17100,200,10000,"bu","13:26:03",2573800
17100,200,100,"bu","13:25:44",2563800
17100,200,100,"bu","13:25:34",2563700
17000,100,300,"sd","13:25:28",2563600
17100,200,600,"bu","13:25:22",2563300
17000,100,1000,"sd","13:25:19",2562700
17100,200,5200,"bu","13:25:07",2561700
17100,200,3000,"bu","13:24:46",2556500
17100,200,1000,"bu","13:24:28",2553500
17100,200,1300,"bu","13:23:46",2552500
17100,200,5000,"bu","13:23:36",2551200
17100,200,1700,"bu","13:22:58",2546200
17100,200,100,"bu","13:22:33",2544500
17100,200,500,"bu","13:22:20",2544400
17100,200,4800,"bu","13:22:11",2543900
17100,200,100,"sd","13:21:45",2539100
17100,200,100,"sd","13:21:39",2539000
17100,200,100,"sd","13:21:33",2538900
17100,200,1000,"sd","13:21:31",2538800
17100,200,200,"sd","13:21:28",2537800
17100,200,1400,"sd","13:21:17",2537600
17100,200,12000,"sd","13:21:11",2536200
17100,200,1000,"sd","13:21:08",2524200
17100,200,10000,"sd","13:21:00",2523200
17100,200,10000,"sd","13:20:51",2513200
17100,200,1000,"sd","13:20:20",2503200
17100,200,100,"sd","06:20:00",2502200
17200,300,1000,"bu","13:18:53",2502100
17200,300,500,"bu","13:18:52",2501100
17200,300,1000,"bu","13:18:14",2500600
17200,300,1000,"bu","13:18:04",2499600
17200,300,200,"bu","13:17:32",2498600
17200,300,5000,"bu","13:17:11",2498400
17200,300,5000,"bu","13:17:04",2493400
17200,300,100,"bu","13:16:49",2488400
17200,300,800,"bu","13:16:25",2488300
17100,200,600,"sd","13:15:14",2487500
17100,200,500,"sd","13:14:47",2486900
17100,200,100,"sd","13:14:35",2486400
17100,200,1000,"sd","13:14:18",2486300
17100,200,13000,"sd","13:14:17",2485300
17200,300,2600,"bu","13:14:14",2472300
17100,200,100,"sd","13:13:59",2469700
17100,200,1000,"sd","13:13:56",2469600
17100,200,500,"sd","13:13:35",2468600
17100,200,9000,"sd","13:13:26",2468100
17100,200,100,"sd","13:12:40",2459100
17100,200,800,"sd","13:12:37",2459000
17100,200,1900,"sd","13:12:32",2458200
17100,200,200,"sd","13:12:19",2456300
17200,300,3000,"bu","13:12:12",2456100
17200,300,600,"bu","13:11:34",2453100
17200,300,1000,"bu","13:11:05",2452500
17200,300,500,"bu","13:10:25",2451500
17200,300,10000,"bu","13:10:19",2451000
17100,200,1000,"sd","13:09:32",2441000
17100,200,300,"sd","13:09:28",2440000
17100,200,15000,"sd","13:08:55",2439700
17200,300,100,"bu","13:08:43",2424700
17200,300,400,"bu","13:08:25",2424600
17200,300,100,"bu","13:08:10",2424200
17100,200,10000,"sd","13:08:03",2424100
17100,200,500,"sd","13:07:43",2414100
17100,200,200,"sd","13:07:30",2413600
17100,200,6700,"sd","13:07:04",2413400
17100,200,4000,"bu","13:07:03",2406700
17100,200,500,"bu","13:06:58",2402700
17000,100,11000,"sd","13:06:56",2402200
17100,200,5000,"bu","13:06:55",2391200
17100,200,1000,"bu","13:06:43",2386200
17100,200,3900,"bu","13:06:38",2385200
17100,200,100,"sd","13:06:21",2381300
17100,200,1000,"sd","13:06:15",2381200
17100,200,700,"sd","13:06:14",2380200
17100,200,16800,"bu","13:05:59",2379500
17100,200,5000,"bu","13:05:50",2362700
17100,200,11000,"bu","13:05:39",2357700
17100,200,500,"bu","13:05:35",2346700
17100,200,3400,"bu","13:05:31",2346200
17100,200,100,"bu","13:05:28",2342800
17100,200,900,"bu","13:05:13",2342700
17100,200,100,"bu","13:05:06",2341800
17100,200,100,"bu","13:05:02",2341700
17100,200,1000,"bu","13:05:01",2341600
17100,200,500,"bu","13:04:59",2340600
17100,200,1000,"bu","13:04:55",2340100
17100,200,100,"bu","13:04:05",2339100
17100,200,2000,"bu","13:04:02",2339000
17100,200,1000,"bu","13:03:48",2337000
17100,200,4900,"bu","13:03:42",2336000
17100,200,500,"sd","13:03:40",2331100
17100,200,4300,"sd","13:03:36",2330600
17100,200,1200,"sd","13:03:34",2326300
17100,200,500,"sd","13:03:33",2325100
17100,200,500,"sd","13:03:32",2324600
17100,200,4000,"sd","13:03:23",2324100
17100,200,100,"sd","13:03:16",2320100
17100,200,500,"sd","13:03:13",2320000
17100,200,20000,"sd","13:03:00",2319500
17100,200,13100,"bu","13:02:40",2299500
17100,200,100,"bu","13:02:35",2286400
17100,200,700,"bu","13:02:32",2286300
17100,200,3100,"bu","13:02:07",2285600
17100,200,2300,"bu","13:02:02",2282500
17100,200,400,"bu","13:01:57",2280200
17000,100,200,"sd","13:01:46",2279800
17000,100,1000,"sd","13:01:44",2279600
17000,100,500,"sd","13:01:43",2278600
17000,100,11000,"sd","13:01:29",2278100
17000,100,600,"sd","13:01:28",2267100
17100,200,500,"bu","13:01:19",2266500
17100,200,600,"sd","13:01:10",2266000
17100,200,300,"sd","13:01:08",2265400
17100,200,3800,"sd","13:01:06",2265100
17100,200,200,"sd","13:01:03",2261300
17100,200,100,"sd","13:01:00",2261100
17100,200,500,"sd","13:00:56",2261000
17100,200,100,"sd","13:00:53",2260500
17100,200,300,"sd","13:00:50",2260400
17100,200,200,"sd","13:00:48",2260100
17100,200,1000,"sd","13:00:46",2259900
17100,200,500,"sd","13:00:45",2258900
17100,200,2000,"sd","13:00:43",2258400
17100,200,3000,"sd","13:00:42",2256400
17100,200,1100,"sd","13:00:34",2253400
17100,200,15600,"sd","13:00:18",2252300
17100,200,4000,"sd","13:00:10",2236700
17200,300,1000,"bu","13:00:09",2232700
17100,200,1300,"sd","13:00:08",2231700
17200,300,5500,"bu","13:00:05",2230400
17200,300,100,"bu","13:00:04",2224900
17100,200,90100,"sd","13:00:03",2224800
17200,300,100,"bu","11:29:48",2134700
17200,300,100,"sd","11:29:43",2134600
17200,300,3000,"bu","11:29:38",2134500
17200,300,500,"bu","11:29:24",2131500
17200,300,1000,"bu","11:28:45",2131000
17200,300,100,"bu","11:28:37",2130000
17200,300,500,"bu","11:28:05",2129900
17200,300,3000,"bu","11:27:48",2129400
17200,300,1200,"bu","11:27:22",2126400
17200,300,1000,"bu","11:26:56",2125200
17200,300,500,"bu","11:26:34",2124200
17200,300,100,"bu","11:26:31",2123700
17200,300,400,"sd","11:26:10",2123600
17200,300,1000,"sd","11:25:49",2123200
17100,200,30000,"sd","11:25:38",2122200
17100,200,5000,"sd","11:25:37",2092200
17200,300,2000,"sd","11:25:33",2087200
17200,300,100,"sd","11:24:07",2085200
17200,300,100,"bu","11:23:57",2085100
17200,300,600,"bu","11:23:42",2085000
17200,300,500,"bu","11:23:39",2084400
17200,300,500,"bu","11:23:37",2083900
17200,300,500,"bu","11:23:36",2083400
17200,300,500,"bu","11:23:35",2082900
17200,300,500,"bu","11:23:33",2082400
17200,300,500,"bu","11:23:32",2081900
17200,300,1000,"bu","11:23:24",2081400
17200,300,9000,"bu","11:23:15",2080400
17200,300,1000,"bu","11:23:12",2071400
17200,300,1000,"bu","11:22:44",2070400
17200,300,100,"bu","11:22:17",2069400
17200,300,200,"bu","11:22:16",2069300
17200,300,500,"bu","11:21:55",2069100
17200,300,500,"bu","11:21:53",2068600
17200,300,1000,"bu","11:21:17",2068100
17200,300,1000,"bu","11:21:08",2067100
17200,300,500,"bu","11:20:45",2066100
17200,300,3500,"bu","11:20:19",2065600
17200,300,500,"bu","11:20:05",2062100
17200,300,14900,"bu","11:19:25",2061600
17200,300,2000,"sd","11:19:08",2046700
17200,300,500,"sd","11:18:56",2044700
17200,300,500,"sd","11:18:38",2044200
17200,300,2000,"sd","11:17:55",2043700
17200,300,200,"sd","11:17:53",2041700
17200,300,2900,"sd","11:17:25",2041500
17200,300,6000,"sd","11:17:20",2038600
17200,300,1000,"sd","11:17:17",2032600
17200,300,2500,"sd","11:17:14",2031600
17200,300,15000,"sd","11:17:00",2029100
17200,300,14000,"sd","11:16:55",2014100
17200,300,2100,"sd","11:16:41",2000100
17200,300,2000,"sd","11:16:00",1998000
17200,300,500,"sd","11:15:55",1996000
17300,400,500,"bu","11:15:50",1995500
17200,300,5000,"sd","11:15:40",1995000
17200,300,100,"sd","11:15:35",1990000
17200,300,4000,"sd","11:14:49",1989900
17300,400,100,"bu","11:12:59",1985900
17300,400,5200,"sd","11:12:44",1985800
17300,400,5000,"sd","11:12:42",1980600
17300,400,2000,"sd","11:12:26",1975600
17300,400,600,"sd","11:12:10",1973600
17300,400,48200,"sd","11:12:05",1973000
17300,400,1000,"sd","11:11:24",1924800
17300,400,1500,"sd","11:11:16",1923800
17300,400,200,"sd","11:11:10",1922300
17300,400,500,"sd","11:10:29",1922100
17300,400,3000,"sd","11:10:16",1921600
17300,400,300,"sd","11:09:45",1918600
17300,400,1000,"sd","11:09:30",1918300
17300,400,100,"sd","11:08:18",1917300
17300,400,3000,"sd","11:08:17",1917200
17300,400,500,"sd","11:05:11",1914200
17300,400,200,"sd","11:04:36",1913700
17300,400,200,"sd","11:03:49",1913500
17300,400,1000,"sd","11:01:45",1913300
17400,500,300,"bu","11:00:37",1912300
17400,500,100,"bu","10:57:57",1912000
17300,400,9800,"sd","10:56:55",1911900
17300,400,100,"sd","10:56:52",1902100
17400,500,2500,"sd","10:56:45",1902000
17400,500,500,"sd","10:56:36",1899500
17400,500,200,"sd","10:55:41",1899000
17400,500,4000,"unknown","10:54:58",1898800
17400,500,13500,"bu","10:54:52",1894800
17400,500,300,"bu","10:54:42",1881300
17400,500,900,"bu","10:54:18",1881000
17400,500,200,"bu","10:54:17",1880100
17400,500,10000,"bu","10:54:08",1879900
17400,500,300,"bu","10:53:44",1869900
17400,500,100,"bu","10:53:03",1869600
17400,500,13600,"bu","10:52:29",1869500
17400,500,100,"bu","10:52:07",1855900
17400,500,17000,"bu","10:51:53",1855800
17400,500,30000,"bu","10:51:40",1838800
17400,500,200,"bu","10:51:13",1808800
17400,500,100,"bu","10:51:09",1808600
17400,500,4300,"bu","10:50:52",1808500
17400,500,1500,"bu","10:50:43",1804200
17400,500,100,"bu","10:49:54",1802700
17300,400,500,"sd","10:49:53",1802600
17300,400,2000,"sd","10:49:39",1802100
17300,400,100,"sd","10:49:25",1800100
17300,400,1000,"sd","10:48:37",1800000
17300,400,200,"sd","10:48:33",1799000
17300,400,11000,"sd","10:48:12",1798800
17300,400,5000,"sd","10:47:25",1787800
17300,400,5000,"sd","10:47:17",1782800
17300,400,500,"sd","10:46:08",1777800
17300,400,500,"sd","10:45:56",1777300
17300,400,5000,"sd","10:45:52",1776800
17300,400,500,"sd","10:45:08",1771800
17300,400,3600,"sd","10:44:55",1771300
17300,400,500,"sd","10:44:05",1767700
17400,500,1400,"bu","10:43:58",1767200
17400,500,500,"bu","10:43:48",1765800
17400,500,200,"bu","10:42:20",1765300
17400,500,800,"bu","10:41:38",1765100
17400,500,1800,"bu","10:41:08",1764300
17400,500,24300,"bu","10:40:34",1762500
17400,500,100,"bu","10:40:25",1738200
17400,500,17600,"bu","10:40:24",1738100
17400,500,5000,"sd","10:40:23",1720500
17400,500,500,"sd","10:40:22",1715500
17400,500,4500,"sd","10:40:20",1715000
17400,500,200,"sd","10:40:17",1710500
17400,500,10000,"sd","10:40:11",1710300
17400,500,5000,"sd","10:40:09",1700300
17400,500,300,"sd","10:40:07",1695300
17400,500,5000,"sd","10:40:04",1695000
17400,500,100,"sd","10:39:57",1690000
17400,500,10000,"sd","10:39:43",1689900
17400,500,2900,"sd","10:39:22",1679900
17400,500,500,"sd","10:39:20",1677000
17400,500,500,"sd","10:39:19",1676500
17400,500,5000,"sd","10:39:05",1676000
17400,500,1500,"sd","10:38:53",1671000
17400,500,400,"sd","10:38:34",1669500
17400,500,100,"sd","10:38:24",1669100
17400,500,5000,"sd","10:37:46",1669000
17400,500,1000,"sd","10:37:40",1664000
17400,500,10000,"sd","10:36:58",1663000
17400,500,2500,"sd","10:36:21",1653000
17500,600,100,"bu","10:36:20",1650500
17400,500,1000,"sd","10:36:15",1650400
17400,500,100,"sd","10:35:25",1649400
17500,600,600,"bu","10:35:01",1649300
17500,600,100,"bu","10:34:21",1648700
17400,500,2000,"sd","10:34:05",1648600
17500,600,500,"bu","10:33:46",1646600
17500,600,1000,"bu","10:33:43",1646100
17500,600,2000,"bu","10:33:24",1645100
17500,600,100,"bu","10:33:08",1643100
17500,600,2700,"bu","10:32:45",1643000
17500,600,300,"bu","10:32:44",1640300
17500,600,2200,"bu","10:31:09",1640000
17500,600,300,"bu","10:30:02",1637800
17500,600,1000,"bu","10:29:07",1637500
17500,600,200,"bu","10:28:59",1636500
17500,600,15000,"bu","10:28:58",1636300
17500,600,1000,"bu","10:28:53",1621300
17500,600,1000,"bu","10:28:41",1620300
17500,600,100,"bu","10:28:15",1619300
17400,500,500,"sd","10:28:00",1619200
17500,600,1000,"bu","10:27:31",1618700
17500,600,100,"bu","10:27:26",1617700
17500,600,700,"sd","10:27:25",1617600
17500,600,200,"sd","10:27:24",1616900
17500,600,4000,"sd","10:27:23",1616700
17500,600,300,"sd","10:27:20",1612700
17500,600,600,"sd","10:27:00",1612400
17500,600,1000,"sd","10:26:47",1611800
17500,600,100,"sd","10:26:38",1610800
17500,600,300,"sd","10:26:35",1610700
17500,600,6600,"sd","10:26:26",1610400
17500,600,100,"bu","10:26:24",1603800
17500,600,200,"bu","10:26:22",1603700
17400,500,200,"sd","10:26:15",1603500
17500,600,500,"bu","10:26:03",1603300
17500,600,1000,"unknown","10:25:55",1602800
17500,600,1900,"bu","10:25:51",1601800
17500,600,1000,"bu","10:25:39",1599900
17500,600,200,"bu","10:24:56",1598900
17500,600,100,"bu","10:24:44",1598700
17500,600,1700,"unknown","10:24:34",1598600
17500,600,500,"bu","10:24:09",1596900
17500,600,100,"bu","10:24:01",1596400
17500,600,700,"bu","10:23:44",1596300
17500,600,400,"bu","10:23:39",1595600
17500,600,3600,"sd","10:23:32",1595200
17500,600,400,"sd","10:23:17",1591600
17500,600,4000,"sd","10:22:53",1591200
17500,600,16000,"sd","10:22:47",1587200
17500,600,1000,"sd","10:22:34",1571200
17500,600,6400,"bu","10:22:25",1570200
17500,600,1600,"bu","10:22:21",1563800
17500,600,1000,"bu","10:22:18",1562200
17500,600,1400,"bu","10:22:15",1561200
17500,600,1000,"bu","10:22:13",1559800
17500,600,11000,"bu","10:22:08",1558800
17500,600,1000,"bu","10:22:00",1547800
17500,600,20000,"bu","10:21:57",1546800
17500,600,500,"bu","10:21:45",1526800
17500,600,2700,"bu","10:21:37",1526300
17500,600,1100,"bu","10:21:28",1523600
17500,600,3000,"bu","10:21:14",1522500
17500,600,20000,"bu","10:21:09",1519500
17500,600,400,"bu","10:21:04",1499500
17500,600,5000,"bu","10:21:03",1499100
17500,600,600,"bu","10:21:02",1494100
17500,600,7400,"bu","10:20:52",1493500
17500,600,500,"bu","10:20:33",1486100
17500,600,2700,"bu","10:20:29",1485600
17500,600,500,"bu","10:20:23",1482900
17500,600,10000,"bu","10:20:16",1482400
17400,500,1000,"sd","10:20:02",1472400
17400,500,100,"sd","10:19:03",1471400
17500,600,30000,"bu","10:18:58",1471300
17400,500,2000,"sd","10:18:23",1441300
17400,500,100,"sd","10:18:08",1439300
17400,500,1000,"sd","10:18:01",1439200
17400,500,2000,"sd","10:17:47",1438200
17400,500,500,"sd","10:17:33",1436200
17400,500,500,"sd","10:16:04",1435700
17400,500,400,"sd","10:15:54",1435200
17500,600,400,"bu","10:15:53",1434800
17400,500,1000,"sd","10:15:07",1434400
17400,500,500,"sd","10:14:59",1433400
17400,500,1000,"sd","10:14:35",1432900
17500,600,4000,"bu","10:14:25",1431900
17400,500,200,"sd","10:14:18",1427900
17500,600,1000,"bu","10:14:13",1427700
17500,600,100,"bu","10:14:06",1426700
17400,500,2000,"sd","10:14:05",1426600
17400,500,100,"sd","10:13:54",1424600
17500,600,1000,"bu","10:13:48",1424500
17500,600,5000,"bu","10:13:46",1423500
17500,600,100,"bu","10:13:44",1418500
17500,600,5000,"bu","10:13:27",1418400
17500,600,1000,"bu","10:13:04",1413400
17500,600,1700,"bu","10:12:53",1412400
17500,600,1000,"bu","10:12:52",1410700
17500,600,200,"bu","10:12:51",1409700
17500,600,6700,"bu","10:12:38",1409500
17400,500,3000,"sd","10:11:45",1402800
17500,600,900,"bu","10:11:26",1399800
17500,600,500,"bu","10:11:16",1398900
17500,600,1000,"bu","10:10:47",1398400
17500,600,300,"bu","10:10:44",1397400
17500,600,1100,"bu","10:10:31",1397100
17500,600,600,"bu","10:08:44",1396000
17500,600,500,"bu","10:08:43",1395400
17400,500,1000,"sd","10:08:38",1394900
17500,600,2000,"bu","10:08:32",1393900
17500,600,1000,"bu","10:08:29",1391900
17500,600,1000,"bu","10:08:18",1390900
17500,600,5000,"bu","10:08:12",1389900
17500,600,800,"bu","10:08:08",1384900
17500,600,5000,"bu","10:08:07",1384100
17500,600,5000,"bu","10:08:05",1379100
17500,600,1000,"bu","10:08:02",1374100
17500,600,5000,"bu","10:08:01",1373100
17500,600,500,"bu","10:07:48",1368100
17500,600,6800,"bu","10:07:41",1367600
17500,600,1000,"bu","10:07:26",1360800
17500,600,2000,"bu","10:06:58",1359800
17500,600,500,"bu","10:06:53",1357800
17500,600,100,"bu","10:06:35",1357300
17500,600,200,"bu","10:06:07",1357200
17500,600,900,"bu","10:05:53",1357000
17500,600,1200,"bu","10:05:24",1356100
17500,600,1100,"bu","10:05:13",1354900
17500,600,700,"bu","10:05:10",1353800
17400,500,100,"sd","10:05:09",1353100
17500,600,1000,"bu","10:05:01",1353000
17500,600,3400,"bu","10:05:00",1352000
17400,500,1000,"sd","10:04:58",1348600
17400,500,1000,"sd","10:04:51",1347600
17500,600,22000,"bu","10:04:49",1346600
17500,600,1000,"bu","10:04:42",1324600
17500,600,200,"bu","10:04:38",1323600
17400,500,10000,"sd","10:04:33",1323400
17400,500,10000,"sd","10:04:22",1313400
17500,600,500,"bu","10:04:19",1303400
17400,500,2000,"sd","10:04:07",1302900
17500,600,1000,"bu","10:04:02",1300900
17500,600,1000,"bu","10:03:53",1299900
17500,600,100,"bu","10:03:45",1298900
17400,500,100,"sd","10:03:35",1298800
17500,600,1000,"bu","10:03:24",1298700
17500,600,3200,"bu","10:03:23",1297700
17400,500,300,"sd","10:03:19",1294500
17500,600,3200,"bu","10:02:46",1294200
17400,500,100,"unknown","10:02:34",1291000
17400,500,1100,"bu","10:02:33",1290900
17400,500,200,"bu","10:02:31",1289800
17400,500,600,"bu","10:02:29",1289600
17400,500,1000,"bu","10:02:24",1289000
17400,500,500,"bu","10:02:23",1288000
17400,500,2200,"bu","10:02:20",1287500
17400,500,1300,"bu","10:02:17",1285300
17400,500,200,"bu","10:02:16",1284000
17400,500,5000,"bu","10:02:15",1283800
17400,500,10500,"bu","10:02:13",1278800
17400,500,30000,"bu","10:02:10",1268300
17400,500,18000,"bu","10:02:07",1238300
17400,500,5000,"bu","10:02:06",1220300
17400,500,10000,"bu","10:02:05",1215300
17400,500,600,"bu","10:02:03",1205300
17400,500,5800,"bu","10:01:52",1204700
17400,500,500,"bu","10:01:51",1198900
17400,500,2000,"bu","10:01:49",1198400
17400,500,10000,"bu","10:01:41",1196400
17400,500,1300,"bu","10:01:38",1186400
17400,500,2300,"bu","10:01:34",1185100
17400,500,200,"bu","10:01:31",1182800
17400,500,1800,"bu","10:01:25",1182600
17400,500,1000,"bu","10:01:08",1180800
17300,400,7200,"bu","10:01:02",1179800
17300,400,3100,"bu","10:01:01",1172600
17300,400,18000,"bu","10:01:00",1169500
17300,400,20000,"bu","10:00:59",1151500
17300,400,3000,"bu","10:00:56",1131500
17300,400,2000,"bu","10:00:54",1128500
17300,400,400,"bu","10:00:53",1126500
17300,400,500,"bu","10:00:50",1126100
17300,400,20000,"bu","10:00:48",1125600
17300,400,2500,"bu","10:00:45",1105600
17300,400,100,"bu","10:00:44",1103100
17300,400,7000,"bu","10:00:42",1103000
17300,400,300,"bu","10:00:40",1096000
17300,400,3200,"bu","10:00:27",1095700
17300,400,3000,"bu","10:00:26",1092500
17300,400,200,"bu","10:00:22",1089500
17300,400,2000,"bu","10:00:18",1089300
17300,400,5500,"bu","10:00:17",1087300
17300,400,3500,"bu","10:00:15",1081800
17300,400,10000,"bu","10:00:12",1078300
17300,400,1400,"bu","10:00:11",1068300
17200,300,200,"sd","10:00:08",1066900
17300,400,8000,"bu","10:00:06",1066700
17300,400,50000,"bu","10:00:04",1058700
17300,400,2400,"bu","10:00:00",1008700
17300,400,3000,"bu","09:59:51",1006300
17300,400,100,"bu","09:59:43",1003300
17300,400,600,"bu","09:59:42",1003200
17300,400,1000,"bu","09:59:34",1002600
17300,400,1000,"bu","09:59:30",1001600
17300,400,300,"bu","09:59:21",1000600
17300,400,8000,"bu","09:58:36",1000300
17200,300,9100,"sd","09:57:52",992300
17200,300,100,"sd","09:57:47",983200
17200,300,900,"sd","09:56:58",983100
17200,300,1000,"sd","09:56:45",982200
17200,300,10000,"sd","09:56:02",981200
17200,300,300,"sd","09:55:34",971200
17200,300,100,"sd","09:54:46",970900
17200,300,600,"sd","09:53:42",970800
17200,300,100,"sd","09:53:21",970200
17200,300,1000,"sd","09:52:50",970100
17200,300,1100,"sd","09:52:23",969100
17200,300,10000,"sd","09:52:05",968000
17300,400,10000,"bu","09:51:18",958000
17200,300,100,"sd","09:51:05",948000
17200,300,1300,"sd","09:50:56",947900
17200,300,13200,"bu","09:50:54",946600
17200,300,5800,"sd","09:50:43",933400
17200,300,5000,"sd","09:50:28",927600
17300,400,500,"bu","09:50:27",922600
17200,300,2700,"sd","09:50:10",922100
17200,300,1000,"bu","09:50:05",919400
17200,300,1000,"bu","09:50:03",918400
17200,300,1000,"bu","09:50:00",917400
17200,300,2400,"bu","09:49:54",916400
17200,300,1000,"bu","09:49:52",914000
17200,300,300,"bu","09:49:50",913000
17200,300,5000,"bu","09:49:49",912700
17200,300,5000,"bu","09:49:41",907700
17200,300,1300,"bu","09:49:40",902700
17200,300,5500,"bu","09:49:37",901400
17200,300,10200,"sd","09:49:36",895900
17200,300,7000,"sd","09:49:34",885700
17200,300,9200,"sd","09:49:33",878700
17200,300,20000,"bu","09:49:32",869500
17200,300,1000,"bu","09:49:29",849500
17200,300,500,"bu","09:49:28",848500
17200,300,1700,"bu","09:49:27",848000
17200,300,6000,"bu","09:49:26",846300
17200,300,10500,"bu","09:49:25",840300
17200,300,1300,"bu","09:49:24",829800
17200,300,20000,"bu","09:49:22",828500
17200,300,100,"bu","09:49:19",808500
17100,200,1000,"sd","09:49:18",808400
17200,300,3300,"bu","09:49:15",807400
17200,300,2000,"bu","09:49:12",804100
17200,300,100,"bu","09:49:10",802100
17200,300,1000,"bu","09:48:59",802000
17200,300,400,"bu","09:48:56",801000
17200,300,500,"bu","09:48:47",800600
17200,300,500,"bu","09:48:44",800100
17200,300,5000,"bu","09:48:41",799600
17200,300,18000,"bu","09:48:35",794600
17200,300,400,"bu","09:48:10",776600
17100,200,1000,"sd","09:48:06",776200
17200,300,100,"bu","09:47:59",775200
17200,300,1200,"bu","09:47:56",775100
17200,300,10000,"bu","09:47:53",773900
17200,300,1500,"bu","09:47:45",763900
17100,200,700,"sd","09:47:30",762400
17100,200,100,"sd","09:46:15",761700
17200,300,1000,"bu","09:45:46",761600
17200,300,1000,"bu","09:45:23",760600
17200,300,500,"bu","09:45:21",759600
17200,300,500,"bu","09:44:29",759100
17200,300,10000,"bu","09:44:15",758600
17200,300,3300,"bu","09:44:11",748600
17200,300,400,"bu","09:43:29",745300
17100,200,800,"sd","09:42:43",744900
17200,300,900,"bu","09:42:42",744100
17200,300,5000,"bu","09:42:21",743200
17100,200,100,"sd","09:41:34",738200
17100,200,13000,"sd","09:40:36",738100
17100,200,2000,"sd","09:40:09",725100
17200,300,300,"bu","09:38:44",723100
17200,300,9000,"bu","09:38:42",722800
17200,300,4600,"bu","09:37:45",713800
17200,300,1000,"bu","09:37:30",709200
17200,300,500,"bu","09:36:52",708200
17200,300,100,"bu","09:36:23",707700
17200,300,5000,"bu","09:36:21",707600
17200,300,100,"bu","09:35:51",702600
17200,300,200,"bu","09:35:37",702500
17200,300,1000,"bu","09:35:24",702300
17100,200,200,"sd","09:35:16",701300
17200,300,13000,"bu","09:34:54",701100
17200,300,1000,"bu","09:34:46",688100
17200,300,20000,"bu","09:34:21",687100
17200,300,5000,"bu","09:34:19",667100
17200,300,3500,"bu","09:34:03",662100
17200,300,1000,"bu","09:33:46",658600
17200,300,4500,"bu","09:33:39",657600
17200,300,500,"bu","09:33:07",653100
17200,300,900,"bu","09:32:49",652600
17200,300,13100,"sd","09:32:48",651700
17200,300,5000,"sd","09:32:41",638600
17200,300,1000,"sd","09:32:35",633600
17200,300,200,"sd","09:32:33",632600
17200,300,45000,"sd","09:32:17",632400
17200,300,300,"sd","09:32:16",587400
17200,300,1000,"sd","09:31:32",587100
17200,300,1000,"sd","09:31:24",586100
17200,300,1000,"sd","09:31:22",585100
17200,300,1000,"sd","09:31:09",584100
17200,300,300,"sd","09:31:08",583100
17200,300,300,"sd","09:31:05",582800
17200,300,100,"sd","09:30:59",582500
17200,300,1000,"sd","09:30:54",582400
17200,300,200,"sd","09:30:39",581400
17300,400,1000,"bu","09:30:33",581200
17300,400,100,"bu","09:30:27",580200
17300,400,2000,"bu","09:30:16",580100
17200,300,2000,"sd","09:30:10",578100
17300,400,700,"bu","09:29:55",576100
17200,300,3000,"sd","09:29:52",575400
17200,300,100,"sd","09:29:45",572400
17300,400,100,"bu","09:29:42",572300
17200,300,1000,"sd","09:29:34",572200
17300,400,3000,"bu","09:29:27",571200
17200,300,1100,"sd","09:29:26",568200
17200,300,1000,"sd","09:29:23",567100
17200,300,3800,"sd","09:29:17",566100
17300,400,2000,"bu","09:29:14",562300
17200,300,100,"sd","09:29:11",560300
17200,300,1000,"sd","09:28:57",560200
17200,300,400,"sd","09:28:54",559200
17200,300,2000,"sd","09:28:46",558800
17200,300,12000,"sd","09:28:44",556800
17200,300,22500,"sd","09:28:34",544800
17200,300,7500,"sd","09:28:27",522300
17200,300,8000,"sd","09:28:21",514800
17200,300,2000,"sd","09:28:20",506800
17200,300,300,"sd","09:28:12",504800
17200,300,100,"sd","09:28:10",504500
17200,300,100,"sd","09:27:36",504400
17300,400,8000,"bu","09:27:21",504300
17200,300,100,"sd","09:27:20",496300
17300,400,100,"bu","09:26:41",496200
17200,300,1000,"sd","09:26:29",496100
17300,400,1400,"bu","09:26:16",495100
17300,400,4000,"bu","09:25:50",493700
17200,300,1000,"sd","09:25:44",489700
17300,400,600,"bu","09:25:41",488700
17200,300,10000,"sd","09:25:36",488100
17300,400,800,"bu","09:24:55",478100
17300,400,5000,"bu","09:24:40",477300
17300,400,100,"bu","09:24:38",472300
17300,400,5100,"bu","09:24:33",472200
17200,300,500,"sd","09:24:16",467100
17300,400,100,"bu","09:24:11",466600
17300,400,100,"bu","09:24:03",466500
17200,300,100,"sd","09:24:01",466400
17300,400,1700,"bu","09:23:54",466300
17300,400,500,"bu","09:23:53",464600
17300,400,12500,"bu","09:23:47",464100
17300,400,3000,"bu","09:23:42",451600
17300,400,9000,"bu","09:23:35",448600
17300,400,100,"bu","09:23:34",439600
17200,300,1600,"sd","09:23:15",439500
17300,400,20000,"bu","09:23:01",437900
17300,400,500,"bu","09:22:57",417900
17200,300,1000,"sd","09:22:54",417400
17300,400,1000,"bu","09:22:41",416400
17200,300,4200,"sd","09:21:59",415400
17300,400,100,"bu","09:21:41",411200
17300,400,2600,"bu","09:20:59",411100
17300,400,5500,"bu","09:20:49",408500
17200,300,2100,"sd","09:20:36",403000
17200,300,200,"sd","09:20:16",400900
17200,300,300,"sd","09:20:13",400700
17200,300,200,"sd","09:20:03",400400
17200,300,200,"sd","09:19:59",400200
17200,300,500,"sd","09:19:51",400000
17200,300,6200,"bu","09:19:23",399500
17200,300,2000,"bu","09:19:21",393300
17200,300,1000,"bu","09:19:05",391300
17200,300,100,"bu","09:19:03",390300
17200,300,300,"bu","09:18:58",390200
17200,300,100,"bu","09:18:53",389900
17200,300,800,"bu","09:18:50",389800
17200,300,900,"bu","09:18:47",389000
17200,300,1300,"bu","09:18:30",388100
17200,300,5500,"bu","09:18:29",386800
17200,300,5100,"bu","09:18:21",381300
17200,300,2000,"bu","09:18:06",376200
17200,300,5000,"bu","09:17:43",374200
17100,200,300,"sd","09:17:23",369200
17100,200,100,"sd","09:17:09",368900
17100,200,1000,"sd","09:17:01",368800
17200,300,4000,"bu","09:16:53",367800
17200,300,24900,"bu","09:16:48",363800
17200,300,300,"sd","09:16:46",338900
17200,300,400,"sd","09:16:43",338600
17200,300,1000,"sd","09:16:39",338200
17200,300,20000,"sd","09:16:30",337200
17200,300,1700,"sd","09:16:22",317200
17200,300,30000,"sd","09:16:19",315500
17200,300,100,"sd","09:16:14",285500
17200,300,10000,"sd","09:16:08",285400
17200,300,2000,"sd","09:15:36",275400
17300,400,200,"bu","09:14:19",273400
17300,400,3000,"bu","09:14:14",273200
17300,400,1000,"bu","09:13:58",270200
17300,400,100,"bu","09:13:42",269200
17300,400,5200,"bu","09:13:40",269100
17300,400,300,"bu","09:13:26",263900
17300,400,900,"bu","09:12:08",263600
17300,400,1000,"bu","09:11:39",262700
17300,400,500,"bu","09:11:16",261700
17300,400,2000,"bu","09:11:01",261200
17300,400,9000,"bu","09:10:56",259200
17300,400,200,"bu","09:10:50",250200
17300,400,7700,"sd","09:09:58",250000
17300,400,600,"sd","09:09:29",242300
17300,400,500,"bu","09:09:26",241700
17300,400,500,"bu","09:09:24",241200
17300,400,3600,"sd","09:09:16",240700
17300,400,35000,"sd","09:09:00",237100
17300,400,600,"sd","09:08:29",202100
17300,400,500,"sd","09:08:26",201500
17300,400,12200,"bu","09:08:00",201000
17300,400,300,"bu","09:07:56",188800
17300,400,500,"bu","09:07:54",188500
17300,400,100,"bu","09:07:41",188000
17300,400,2000,"bu","09:07:39",187900
17300,400,1000,"bu","09:07:30",185900
17300,400,1000,"sd","09:07:29",184900
17300,400,11000,"bu","09:07:24",183900
17300,400,1000,"bu","09:07:21",172900
17300,400,2000,"bu","09:07:09",171900
17300,400,5000,"bu","09:07:08",169900
17300,400,2300,"bu","09:07:05",164900
17300,400,2000,"bu","09:07:01",162600
17300,400,300,"bu","09:06:59",160600
17300,400,200,"bu","09:06:57",160300
17300,400,1700,"bu","09:06:54",160100
17300,400,1000,"bu","09:06:43",158400
17300,400,200,"bu","09:06:38",157400
17300,400,2000,"bu","09:06:34",157200
17300,400,7900,"sd","09:06:32",155200
17300,400,5000,"sd","09:06:22",147300
17300,400,500,"sd","09:06:20",142300
17300,400,8600,"bu","09:06:04",141800
17300,400,5000,"bu","09:06:03",133200
17300,400,50000,"bu","09:05:58",128200
17300,400,3800,"bu","09:05:43",78200
17300,400,2000,"bu","09:05:39",74400
17300,400,700,"bu","09:05:37",72400
17300,400,2000,"bu","09:05:23",71700
17300,400,1000,"bu","09:05:18",69700
17300,400,100,"bu","09:05:06",68700
17200,300,200,"sd","09:04:39",68600
17200,300,200,"sd","09:04:24",68400
17200,300,1000,"sd","09:03:32",68200
17200,300,10700,"bu","09:03:23",67200
17200,300,5000,"bu","09:03:22",56500
17200,300,1000,"bu","09:03:13",51500
17200,300,3000,"bu","09:03:04",50500
17200,300,9500,"bu","09:03:03",47500
17200,300,3000,"bu","09:02:46",38000
17200,300,2000,"bu","09:02:45",35000
17200,300,1000,"bu","09:02:33",33000
17200,300,2000,"bu","09:02:31",32000
17200,300,1000,"bu","09:02:11",30000
17200,300,5000,"bu","09:02:03",29000
17200,300,200,"bu","09:01:51",24000
17200,300,2000,"bu","09:01:33",23800
17100,200,500,"sd","09:01:26",21800
17100,200,500,"sd","09:01:22",21300
17200,300,700,"bu","09:00:47",20800
17200,300,3000,"bu","09:00:43",20100
17200,300,300,"bu","09:00:40",17100
17200,300,10000,"bu","09:00:15",16800
17100,200,100,"sd","09:00:14",6800
17100,200,1700,"sd","09:00:10",6700
17100,200,300,"sd","09:00:09",5000
17200,300,300,"bu","09:00:06",4700
17000,100,2400,"sd","09:00:03",4400
17100,200,100,"unknown","09:00:02",2000
17000,100,1900,"sd","09:00:00",1900
