"price","change","match_qtty","side","time","total_vol"
36600,0,10900,"unknown","14:45:02",176700
36600,0,400,"bu","14:29:13",165800
36550,-50,2600,"bu","14:29:13",165400
36550,-50,700,"bu","14:28:59",162800
36500,-100,3000,"bu","14:28:59",162100
36500,-100,1400,"bu","14:28:59",159100
36450,-150,4900,"bu","14:28:59",157700
36450,-150,1000,"sd","14:28:13",152800
36450,-150,300,"sd","14:28:13",151800
36450,-150,100,"sd","14:28:13",151500
36450,-150,700,"sd","14:28:13",151400
36450,-150,1000,"sd","14:28:13",150700
36500,-100,100,"sd","14:25:35",149700
36500,-100,1600,"sd","14:22:21",149600
36500,-100,1400,"sd","14:22:03",148000
36500,-100,100,"sd","14:22:03",146600
36500,-100,100,"sd","14:22:03",146500
36550,-50,1100,"bu","14:21:08",146400
36500,-100,100,"sd","14:16:25",145300
36500,-100,600,"sd","14:16:12",145200
36500,-100,2300,"sd","14:16:03",144600
36500,-100,100,"sd","14:15:28",142300
36500,-100,1000,"sd","14:14:48",142200
36500,-100,1900,"sd","14:14:32",141200
36500,-100,3000,"sd","14:14:32",139300
36500,-100,100,"sd","14:14:32",136300
36500,-100,100,"sd","14:13:15",136200
36500,-100,100,"sd","14:11:34",136100
36500,-100,100,"sd","14:11:33",136000
36500,-100,500,"sd","14:11:26",135900
36500,-100,400,"sd","14:08:55",135400
36500,-100,1100,"sd","14:08:55",135000
36550,-50,100,"bu","14:08:36",133900
36550,-50,500,"bu","14:08:30",133800
36500,-100,6200,"sd","14:07:21",133300
36500,-100,1300,"sd","14:07:21",127100
36500,-100,1600,"sd","14:06:15",125800
36550,-50,600,"sd","14:06:15",124200
36550,-50,100,"bu","14:02:02",123600
36550,-50,2300,"bu","14:02:02",123500
36550,-50,2300,"bu","13:56:31",121200
36500,-100,100,"sd","13:53:43",118900
36500,-100,100,"sd","13:53:43",118800
36500,-100,500,"sd","13:53:43",118700
36500,-100,300,"sd","13:53:43",118200
36500,-100,800,"sd","13:53:04",117900
36500,-100,100,"sd","13:52:21",117100
36550,-50,100,"bu","13:51:41",117000
36500,-100,2000,"sd","13:48:25",116900
36500,-100,400,"sd","13:47:49",114900
36500,-100,1400,"sd","13:46:11",114500
36500,-100,600,"sd","13:46:11",113100
36500,-100,1000,"sd","13:44:06",112500
36500,-100,100,"sd","13:42:22",111500
36500,-100,700,"sd","13:42:22",111400
36500,-100,400,"sd","13:42:22",110700
36500,-100,1000,"sd","13:41:15",110300
36550,-50,300,"bu","13:39:39",109300
36500,-100,300,"sd","13:39:31",109000
36500,-100,3000,"sd","13:39:21",108700
36500,-100,1400,"sd","13:39:21",105700
36500,-100,1300,"bu","13:38:21",104300
36500,-100,1000,"bu","13:38:21",103000
36500,-100,1300,"bu","13:38:21",102000
36500,-100,2000,"bu","13:35:24",100700
36500,-100,100,"sd","13:35:24",98700
36500,-100,2000,"sd","13:35:24",98600
36500,-100,200,"sd","13:35:24",96600
36500,-100,3000,"sd","13:30:54",96400
36500,-100,200,"sd","13:30:54",93400
36500,-100,800,"sd","13:30:54",93200
36500,-100,1000,"sd","13:30:54",92400
36500,-100,300,"sd","13:25:43",91400
36550,-50,1000,"bu","13:18:53",91100
36500,-100,500,"sd","13:15:00",90100
36500,-100,1000,"sd","13:10:10",89600
36500,-100,1000,"sd","13:03:54",88600
36500,-100,1000,"sd","13:03:54",87600
36500,-100,700,"sd","13:03:54",86600
36500,-100,300,"sd","13:03:25",85900
36550,-50,1000,"sd","11:28:46",85600
36550,-50,1000,"sd","11:28:46",84600
36550,-50,600,"sd","11:28:46",83600
36600,0,1000,"bu","11:13:09",83000
36600,0,100,"bu","11:10:27",82000
36600,0,1000,"bu","11:10:27",81900
36600,0,900,"bu","11:10:27",80900
36600,0,1000,"bu","11:07:49",80000
36600,0,200,"bu","10:57:47",79000
36500,-100,100,"sd","10:57:40",78800
36500,-100,300,"sd","10:57:40",78700
36550,-50,1000,"bu","10:57:40",78400
36500,-100,500,"bu","10:52:36",77400
36500,-100,1000,"bu","10:51:41",76900
36500,-100,200,"sd","10:51:02",75900
36500,-100,1000,"sd","10:51:02",75700
36600,0,600,"bu","10:50:20",74700
36600,0,100,"bu","10:49:18",74100
36550,-50,2500,"bu","10:49:18",74000
36550,-50,100,"bu","10:48:12",71500
36550,-50,2900,"bu","10:47:35",71400
36550,-50,500,"bu","10:47:35",68500
36500,-100,1600,"bu","10:47:35",68000
36500,-100,400,"bu","10:47:18",66400
36500,-100,4400,"bu","10:47:18",66000
36400,-200,200,"bu","10:47:18",61600
36200,-400,100,"sd","10:40:03",61400
36200,-400,400,"sd","10:38:34",61300
36200,-400,100,"sd","10:38:34",60900
36200,-400,900,"sd","10:36:57",60800
36200,-400,900,"sd","10:36:57",59900
36200,-400,900,"sd","10:36:57",59000
36500,-100,200,"bu","10:34:45",58100
36200,-400,5000,"sd","10:34:08",57900
36200,-400,100,"sd","10:34:08",52900
36200,-400,900,"sd","10:34:08",52800
36200,-400,100,"sd","10:34:08",51900
36200,-400,400,"sd","10:34:08",51800
36200,-400,200,"sd","10:34:08",51400
36250,-350,500,"sd","10:34:08",51200
36250,-350,100,"sd","10:34:08",50700
36250,-350,300,"sd","10:34:08",50600
36250,-350,900,"sd","10:34:08",50300
36200,-400,600,"sd","10:34:08",49400
36200,-400,200,"sd","10:34:08",48800
36200,-400,400,"sd","10:34:08",48600
36200,-400,300,"sd","10:34:08",48200
36200,-400,2000,"sd","10:34:08",47900
36500,-100,500,"bu","10:26:01",45900
36250,-350,700,"bu","10:26:01",45400
36250,-350,100,"bu","10:26:01",44700
36250,-350,200,"bu","10:25:54",44600
36250,-350,1000,"bu","10:23:20",44400
36250,-350,200,"bu","10:23:07",43400
36250,-350,400,"bu","10:23:05",43200
36250,-350,1500,"sd","10:22:35",42800
36250,-350,100,"sd","10:22:35",41300
36250,-350,100,"sd","10:22:35",40900
36250,-350,100,"sd","10:22:35",41200
36250,-350,200,"sd","10:22:35",41100
36300,-300,200,"sd","10:21:52",40800
36300,-300,200,"sd","10:21:52",40600
36300,-300,1800,"sd","10:20:27",40400
36300,-300,200,"sd","10:20:27",38600
36500,-100,400,"bu","10:16:38",38400
36300,-300,1000,"sd","10:14:35",38000
36300,-300,100,"sd","10:14:18",37000
36350,-250,1000,"unknown","10:14:18",36900
36350,-250,900,"unknown","10:14:18",35900
36300,-300,3900,"sd","10:11:45",35000
36300,-300,100,"sd","10:11:45",31100
36300,-300,600,"sd","10:11:45",31000
36300,-300,100,"sd","10:11:45",30400
36500,-100,100,"bu","10:10:07",30300
36500,-100,100,"bu","10:10:07",30200
36500,-100,300,"bu","10:10:03",30100
36500,-100,600,"bu","10:07:23",29800
36500,-100,500,"bu","10:07:23",29200
36300,-300,400,"bu","10:07:23",28700
36350,-250,100,"bu","10:06:58",28300
36350,-250,100,"bu","10:06:58",28200
36400,-200,5100,"bu","10:06:58",28100
36400,-200,500,"bu","10:06:58",23000
36300,-300,900,"bu","10:06:58",22500
36400,-200,100,"bu","10:06:58",21600
36300,-300,400,"bu","10:06:58",21500
36300,-300,100,"bu","10:06:58",21100
36300,-300,100,"unknown","10:06:58",21000
36350,-250,200,"sd","10:06:58",20900
36450,-150,700,"bu","09:56:25",20700
36450,-150,200,"unknown","09:54:34",20000
36450,-150,200,"bu","09:51:25",19800
36450,-150,1100,"sd","09:49:35",19600
36450,-150,100,"sd","09:49:04",18500
36500,-100,1000,"sd","09:49:04",18400
36450,-150,300,"sd","09:49:04",17400
36450,-150,100,"sd","09:49:04",17100
36450,-150,900,"sd","09:42:52",17000
36450,-150,200,"sd","09:42:52",16100
36450,-150,1100,"sd","09:41:23",15900
36450,-150,3700,"sd","09:39:53",14800
36450,-150,100,"sd","09:39:53",11100
36450,-150,4900,"sd","09:36:17",11000
36450,-150,100,"sd","09:36:17",6100
36450,-150,900,"sd","09:32:07",6000
36600,0,1100,"bu","09:30:38",5100
36600,0,500,"bu","09:30:38",4000
36600,0,400,"bu","09:30:38",3500
36600,0,200,"bu","09:29:42",3100
36600,0,2900,"bu","09:15:02",2900
