"price","change","match_qtty","side","time","total_vol"
6.5,-0.18,952400,"sd","14:45:05",6527000
6.57,-0.11,300,"bu","14:29:59",5574600
6.56,-0.12,5000,"sd","14:29:56",5574300
6.56,-0.12,2000,"sd","14:29:53",5569300
6.56,-0.12,400,"sd","14:29:48",5567300
6.56,-0.12,17200,"bu","14:29:41",5566900
6.56,-0.12,19800,"bu","14:29:41",5549700
6.56,-0.12,3400,"bu","14:29:41",5529900
6.56,-0.12,100,"bu","14:29:40",5526500
6.56,-0.12,100,"bu","14:29:37",5526400
6.56,-0.12,900,"bu","14:29:37",5526300
6.56,-0.12,8100,"bu","14:29:37",5525400
6.56,-0.12,5500,"bu","14:29:37",5517300
6.56,-0.12,500,"bu","14:29:37",5511800
6.56,-0.12,400,"bu","14:29:35",5511300
6.56,-0.12,2600,"bu","14:29:35",5510900
6.56,-0.12,100,"bu","14:29:34",5508300
6.56,-0.12,300,"sd","14:29:28",5508200
6.56,-0.12,200,"bu","14:29:24",5507900
6.55,-0.13,2800,"sd","14:29:23",5507700
6.55,-0.13,1000,"sd","14:29:23",5504900
6.55,-0.13,500,"sd","14:29:23",5503900
6.56,-0.12,100,"sd","14:29:23",5503400
6.56,-0.12,10000,"sd","14:29:23",5503300
6.56,-0.12,4700,"sd","14:29:23",5493300
6.56,-0.12,100,"sd","14:29:23",5488600
6.56,-0.12,500,"sd","14:29:23",5488500
6.56,-0.12,300,"sd","14:29:23",5488000
6.56,-0.12,700,"sd","14:29:20",5487700
6.56,-0.12,300,"sd","14:29:20",5487000
6.57,-0.11,100,"bu","14:29:17",5486700
6.57,-0.11,700,"bu","14:29:15",5486600
6.55,-0.13,1000,"sd","14:29:15",5485900
6.57,-0.11,3000,"bu","14:29:15",5484900
6.57,-0.11,6100,"bu","14:29:15",5481900
6.56,-0.12,200,"bu","14:29:15",5475800
6.56,-0.12,300,"sd","14:29:14",5475600
6.57,-0.11,1700,"bu","14:29:11",5475300
6.56,-0.12,300,"bu","14:29:11",5473600
6.56,-0.12,100,"sd","14:29:10",5473300
6.56,-0.12,100,"sd","14:29:10",5473200
6.56,-0.12,400,"sd","14:29:09",5473100
6.56,-0.12,100,"sd","14:29:09",5472700
6.56,-0.12,1000,"sd","14:29:03",5472600
6.57,-0.11,2000,"bu","14:29:00",5471600
6.56,-0.12,400,"bu","14:28:56",5469600
6.56,-0.12,100,"sd","14:28:49",5469200
6.57,-0.11,1000,"bu","14:28:47",5469100
6.57,-0.11,500,"bu","14:28:46",5468100
6.58,-0.1,2700,"sd","14:28:40",5467600
6.58,-0.1,1000,"sd","14:28:40",5464900
6.57,-0.11,500,"bu","14:28:40",5463900
6.56,-0.12,5800,"bu","14:28:40",5463400
6.56,-0.12,500,"sd","14:28:39",5457600
6.56,-0.12,200,"sd","14:28:38",5457100
6.56,-0.12,2000,"sd","14:28:38",5456900
6.56,-0.12,400,"sd","14:28:38",5454900
6.56,-0.12,100,"sd","14:28:38",5454500
6.56,-0.12,500,"sd","14:28:38",5454400
6.56,-0.12,1400,"sd","14:28:38",5453900
6.56,-0.12,100,"sd","14:28:38",5452500
6.56,-0.12,1500,"sd","14:28:38",5452400
6.56,-0.12,500,"sd","14:28:38",5450900
6.56,-0.12,100,"sd","14:28:38",5450400
6.56,-0.12,13000,"sd","14:28:38",5450300
6.56,-0.12,1000,"sd","14:28:38",5437300
6.56,-0.12,2000,"sd","14:28:38",5436300
6.56,-0.12,500,"sd","14:28:38",5434300
6.56,-0.12,400,"sd","14:28:38",5433800
6.56,-0.12,5000,"sd","14:28:38",5433400
6.56,-0.12,200,"sd","14:28:38",5428400
6.56,-0.12,5000,"sd","14:28:38",5428200
6.56,-0.12,2000,"sd","14:28:38",5423200
6.56,-0.12,5000,"sd","14:28:38",5421200
6.56,-0.12,2000,"sd","14:28:38",5416200
6.56,-0.12,100,"sd","14:28:38",5414200
6.56,-0.12,1000,"sd","14:28:38",5414100
6.56,-0.12,2000,"sd","14:28:38",5413100
6.56,-0.12,3000,"sd","14:28:38",5411100
6.56,-0.12,100,"sd","14:28:38",5408100
6.56,-0.12,1000,"sd","14:28:38",5408000
6.56,-0.12,3000,"sd","14:28:38",5407000
6.56,-0.12,1600,"sd","14:28:38",5404000
6.56,-0.12,100,"sd","14:28:38",5402400
6.56,-0.12,400,"sd","14:28:38",5402300
6.56,-0.12,4000,"sd","14:28:38",5401900
6.56,-0.12,5700,"sd","14:28:38",5397900
6.56,-0.12,400,"sd","14:28:38",5392200
6.57,-0.11,5000,"sd","14:28:38",5391800
6.56,-0.12,300,"sd","14:28:38",5386800
6.57,-0.11,200,"sd","14:28:38",5386500
6.56,-0.12,500,"sd","14:28:38",5386300
6.57,-0.11,40000,"sd","14:28:38",5385800
6.56,-0.12,2000,"sd","14:28:38",5345800
6.57,-0.11,2300,"sd","14:28:38",5343800
6.57,-0.11,1400,"sd","14:28:38",5341500
6.56,-0.12,100,"sd","14:28:38",5340100
6.58,-0.1,6600,"sd","14:28:38",5340000
6.58,-0.1,100,"bu","14:28:38",5333400
6.58,-0.1,2000,"bu","14:28:38",5333300
6.58,-0.1,1300,"bu","14:28:38",5331300
6.58,-0.1,500,"bu","14:28:35",5330000
6.57,-0.11,1000,"sd","14:28:32",5329500
6.57,-0.11,1000,"sd","14:28:32",5328500
6.57,-0.11,1000,"sd","14:28:32",5327500
6.57,-0.11,200,"sd","14:28:32",5326500
6.57,-0.11,300,"sd","14:28:32",5326300
6.57,-0.11,300,"sd","14:28:32",5326000
6.57,-0.11,100,"bu","14:28:21",5325700
6.58,-0.1,700,"bu","14:28:19",5325600
6.57,-0.11,2000,"bu","14:28:19",5324900
6.57,-0.11,3100,"bu","14:28:19",5322900
6.57,-0.11,200,"bu","14:28:19",5319800
6.56,-0.12,1000,"sd","14:28:18",5319600
6.57,-0.11,500,"bu","14:28:18",5318600
6.57,-0.11,100,"bu","14:28:17",5318100
6.56,-0.12,100,"sd","14:28:14",5318000
6.57,-0.11,200,"bu","14:28:11",5317900
6.57,-0.11,800,"bu","14:28:11",5317700
6.57,-0.11,100,"bu","14:28:09",5316900
6.57,-0.11,1000,"bu","14:28:07",5316800
6.57,-0.11,400,"bu","14:28:07",5315800
6.57,-0.11,1800,"bu","14:28:05",5315400
6.57,-0.11,1000,"bu","14:28:01",5313600
6.57,-0.11,100,"bu","14:28:01",5312600
6.57,-0.11,100,"bu","14:27:58",5312500
6.57,-0.11,100,"sd","14:27:50",5312400
6.57,-0.11,100,"sd","14:27:50",5312300
6.57,-0.11,1500,"sd","14:27:50",5312200
6.58,-0.1,1000,"bu","14:27:50",5310700
6.58,-0.1,200,"bu","14:27:50",5309700
6.58,-0.1,3000,"bu","14:27:50",5309500
6.58,-0.1,100,"bu","14:27:50",5306500
6.58,-0.1,20100,"bu","14:27:50",5306400
6.58,-0.1,5000,"bu","14:27:50",5286300
6.58,-0.1,100,"bu","14:27:50",5281300
6.58,-0.1,500,"bu","14:27:50",5281200
6.58,-0.1,10000,"bu","14:27:50",5280700
6.57,-0.11,8500,"sd","14:27:48",5270700
6.57,-0.11,100,"sd","14:27:48",5262200
6.57,-0.11,300,"sd","14:27:48",5262100
6.57,-0.11,500,"sd","14:27:48",5261800
6.57,-0.11,10000,"sd","14:27:48",5261300
6.57,-0.11,100,"sd","14:27:48",5251300
6.57,-0.11,500,"sd","14:27:48",5251200
6.57,-0.11,500,"sd","14:27:46",5250700
6.57,-0.11,1000,"sd","14:27:46",5250200
6.57,-0.11,100,"sd","14:27:46",5249200
6.57,-0.11,2000,"sd","14:27:46",5249100
6.57,-0.11,6400,"sd","14:27:46",5247100
6.57,-0.11,2000,"sd","14:27:45",5240700
6.58,-0.1,1000,"bu","14:27:45",5238700
6.57,-0.11,100,"sd","14:27:42",5237700
6.57,-0.11,600,"sd","14:27:30",5237600
6.57,-0.11,600,"sd","14:27:20",5237000
6.57,-0.11,300,"bu","14:27:17",5236400
6.57,-0.11,1000,"bu","14:27:16",5236100
6.57,-0.11,3000,"bu","14:27:08",5235100
6.57,-0.11,100,"bu","14:27:02",5232100
6.57,-0.11,100,"bu","14:26:56",5232000
6.57,-0.11,100,"bu","14:26:52",5231900
6.56,-0.12,7700,"sd","14:26:51",5231800
6.57,-0.11,100,"bu","14:26:48",5224100
6.57,-0.11,200,"bu","14:26:48",5224000
6.57,-0.11,200,"bu","14:26:46",5223800
6.57,-0.11,1500,"bu","14:26:46",5223600
6.57,-0.11,900,"sd","14:26:45",5222100
6.57,-0.11,500,"sd","14:26:45",5221200
6.57,-0.11,100,"sd","14:26:45",5220700
6.57,-0.11,100,"sd","14:26:45",5220600
6.57,-0.11,100,"sd","14:26:45",5220500
6.57,-0.11,500,"sd","14:26:45",5220400
6.57,-0.11,1200,"sd","14:26:45",5219900
6.57,-0.11,500,"sd","14:26:36",5218700
6.57,-0.11,1000,"bu","14:26:13",5218200
6.57,-0.11,300,"bu","14:26:13",5217200
6.57,-0.11,1200,"bu","14:26:07",5216900
6.57,-0.11,500,"bu","14:26:06",5215700
6.57,-0.11,1000,"sd","14:26:01",5215200
6.56,-0.12,1100,"sd","14:25:56",5214200
6.57,-0.11,900,"sd","14:25:56",5213100
6.57,-0.11,4100,"bu","14:25:50",5212200
6.57,-0.11,500,"sd","14:25:48",5208100
6.57,-0.11,2800,"sd","14:25:48",5207600
6.57,-0.11,1000,"sd","14:25:48",5204800
6.57,-0.11,1000,"sd","14:25:48",5203800
6.57,-0.11,1000,"sd","14:25:48",5202800
6.57,-0.11,100,"sd","14:25:48",5201800
6.57,-0.11,1000,"sd","14:25:48",5201700
6.57,-0.11,5000,"sd","14:25:48",5200700
6.57,-0.11,100,"sd","14:25:48",5195700
6.57,-0.11,500,"sd","14:25:48",5195600
6.57,-0.11,700,"sd","14:25:48",5195100
6.58,-0.1,3000,"bu","14:25:45",5194400
6.57,-0.11,500,"sd","14:25:43",5191400
6.57,-0.11,9500,"sd","14:25:43",5190900
6.57,-0.11,6000,"sd","14:25:40",5181400
6.57,-0.11,1000,"sd","14:25:39",5175400
6.57,-0.11,300,"sd","14:25:32",5174400
6.57,-0.11,3200,"sd","14:25:21",5174100
6.57,-0.11,100,"sd","14:25:21",5170900
6.57,-0.11,600,"sd","14:25:21",5170800
6.57,-0.11,2100,"sd","14:25:21",5170200
6.57,-0.11,1500,"sd","14:25:11",5168100
6.57,-0.11,1000,"sd","14:25:11",5166600
6.57,-0.11,2100,"sd","14:25:03",5165600
6.57,-0.11,1000,"sd","14:25:03",5163500
6.57,-0.11,4000,"sd","14:25:03",5162500
6.57,-0.11,100,"sd","14:25:03",5158500
6.57,-0.11,200,"sd","14:25:03",5158400
6.57,-0.11,1000,"sd","14:25:03",5158200
6.57,-0.11,100,"sd","14:25:03",5157200
6.57,-0.11,5300,"sd","14:25:03",5157100
6.58,-0.1,3000,"bu","14:25:02",5151800
6.57,-0.11,2800,"sd","14:24:49",5148800
6.58,-0.1,100,"bu","14:24:46",5146000
6.58,-0.1,2900,"bu","14:24:43",5145900
6.58,-0.1,2100,"bu","14:24:43",5143000
6.58,-0.1,100,"bu","14:24:40",5140900
6.58,-0.1,2000,"bu","14:24:40",5140800
6.58,-0.1,2900,"bu","14:24:40",5138800
6.58,-0.1,100,"bu","14:24:33",5135900
6.58,-0.1,1000,"bu","14:24:30",5135800
6.58,-0.1,800,"bu","14:24:28",5134800
6.58,-0.1,1000,"bu","14:24:28",5134000
6.58,-0.1,100,"bu","14:24:26",5133000
6.58,-0.1,1000,"bu","14:24:11",5132900
6.58,-0.1,3000,"bu","14:24:11",5131900
6.58,-0.1,100,"bu","14:24:09",5128900
6.58,-0.1,900,"bu","14:24:09",5128800
6.58,-0.1,100,"bu","14:23:59",5127900
6.57,-0.11,1900,"sd","14:23:56",5127800
6.57,-0.11,100,"sd","14:23:56",5125900
6.59,-0.09,11300,"bu","14:23:33",5125800
6.58,-0.1,1000,"bu","14:23:33",5114500
6.57,-0.11,2700,"bu","14:23:33",5113500
6.56,-0.12,1000,"sd","14:23:30",5110800
6.57,-0.11,3000,"bu","14:23:28",5109800
6.57,-0.11,2000,"bu","14:23:23",5106800
6.57,-0.11,100,"bu","14:23:22",5104800
6.57,-0.11,100,"bu","14:23:19",5104700
6.57,-0.11,100,"bu","14:23:17",5104600
6.57,-0.11,500,"bu","14:23:14",5104500
6.57,-0.11,1000,"sd","14:23:11",5104000
6.57,-0.11,1000,"sd","14:23:11",5103000
6.57,-0.11,5000,"sd","14:23:11",5102000
6.57,-0.11,10400,"sd","14:23:11",5097000
6.57,-0.11,2000,"sd","14:23:11",5086600
6.57,-0.11,400,"sd","14:23:11",5084600
6.57,-0.11,100,"sd","14:23:11",5084200
6.57,-0.11,5000,"sd","14:23:11",5084100
6.57,-0.11,1000,"sd","14:23:11",5079100
6.57,-0.11,1100,"sd","14:23:11",5078100
6.58,-0.1,1000,"sd","14:23:11",5077000
6.58,-0.1,3000,"sd","14:23:11",5076000
6.59,-0.09,18700,"bu","14:23:04",5073000
6.59,-0.09,300,"bu","14:23:04",5054300
6.59,-0.09,1000,"bu","14:23:04",5054000
6.58,-0.1,4800,"sd","14:22:57",5053000
6.58,-0.1,200,"sd","14:22:48",5048200
6.58,-0.1,2000,"sd","14:22:48",5048000
6.57,-0.11,500,"sd","14:22:38",5046000
6.57,-0.11,500,"sd","14:22:26",5045500
6.57,-0.11,100,"sd","14:22:26",5045000
6.57,-0.11,2000,"sd","14:22:24",5044900
6.57,-0.11,1500,"sd","14:22:17",5042900
6.57,-0.11,16500,"sd","14:22:15",5041400
6.57,-0.11,5000,"sd","14:22:15",5024900
6.57,-0.11,200,"sd","14:22:15",5019900
6.57,-0.11,3300,"sd","14:22:15",5019700
6.57,-0.11,1000,"sd","14:22:14",5016400
6.57,-0.11,700,"sd","14:22:06",5015400
6.57,-0.11,2300,"sd","14:22:06",5014700
6.57,-0.11,100,"sd","14:21:57",5012400
6.57,-0.11,2600,"sd","14:21:53",5012300
6.57,-0.11,200,"sd","14:21:53",5009700
6.57,-0.11,1000,"sd","14:21:53",5009500
6.57,-0.11,1200,"sd","14:21:53",5008500
6.57,-0.11,1800,"sd","14:21:50",5007300
6.57,-0.11,500,"sd","14:21:50",5005500
6.57,-0.11,2000,"sd","14:21:22",5005000
6.57,-0.11,2700,"sd","14:21:19",5003000
6.57,-0.11,200,"sd","14:21:19",5000300
6.57,-0.11,5000,"sd","14:21:19",5000100
6.57,-0.11,5000,"sd","14:21:19",4995100
6.57,-0.11,100,"sd","14:21:19",4990100
6.57,-0.11,100,"sd","14:21:19",4990000
6.57,-0.11,1200,"sd","14:21:19",4989900
6.57,-0.11,3600,"sd","14:21:19",4988700
6.58,-0.1,400,"bu","14:21:16",4985100
6.57,-0.11,2600,"sd","14:21:14",4984700
6.57,-0.11,3000,"sd","14:21:01",4982100
6.58,-0.1,100,"sd","14:20:51",4979100
6.58,-0.1,500,"sd","14:20:51",4979000
6.58,-0.1,500,"sd","14:20:51",4978500
6.58,-0.1,500,"sd","14:20:51",4978000
6.58,-0.1,2400,"sd","14:20:51",4977500
6.58,-0.1,2600,"sd","14:20:50",4975100
6.58,-0.1,100,"sd","14:20:50",4972500
6.58,-0.1,100,"sd","14:20:50",4972400
6.58,-0.1,1100,"sd","14:20:50",4972300
6.58,-0.1,100,"sd","14:20:50",4971200
6.58,-0.1,1500,"sd","14:20:50",4971100
6.58,-0.1,1000,"sd","14:20:50",4969600
6.58,-0.1,300,"sd","14:20:50",4968600
6.58,-0.1,1000,"sd","14:20:50",4968300
6.58,-0.1,9000,"sd","14:20:50",4967300
6.58,-0.1,3200,"sd","14:20:50",4958300
6.58,-0.1,100,"sd","14:20:50",4955100
6.59,-0.09,400,"bu","14:20:43",4955000
6.58,-0.1,1700,"sd","14:20:35",4954600
6.58,-0.1,5000,"sd","14:20:35",4952900
6.58,-0.1,2200,"sd","14:20:35",4947900
6.58,-0.1,1100,"sd","14:20:35",4945700
6.58,-0.1,400,"sd","14:20:31",4944600
6.58,-0.1,2000,"sd","14:20:25",4944200
6.58,-0.1,500,"sd","14:20:25",4942200
6.59,-0.09,200,"bu","14:20:23",4941700
6.58,-0.1,3000,"sd","14:20:18",4941500
6.58,-0.1,200,"sd","14:20:18",4938500
6.58,-0.1,300,"sd","14:20:18",4938300
6.58,-0.1,100,"sd","14:20:18",4938000
6.58,-0.1,5000,"sd","14:20:18",4937900
6.58,-0.1,200,"sd","14:20:18",4932900
6.58,-0.1,6000,"sd","14:20:18",4932700
6.58,-0.1,200,"sd","14:20:18",4926700
6.58,-0.1,3000,"sd","14:20:18",4926500
6.59,-0.09,200,"bu","14:20:12",4923500
6.59,-0.09,300,"bu","14:20:08",4923300
6.59,-0.09,2000,"bu","14:20:05",4923000
6.59,-0.09,8700,"bu","14:20:05",4921000
6.59,-0.09,1000,"sd","14:20:04",4912300
6.59,-0.09,2000,"bu","14:19:56",4911300
6.59,-0.09,300,"bu","14:19:56",4909300
6.59,-0.09,100,"bu","14:19:47",4909000
6.59,-0.09,300,"bu","14:19:46",4908900
6.59,-0.09,1000,"bu","14:19:46",4908600
6.59,-0.09,3000,"bu","14:19:44",4907600
6.59,-0.09,100,"bu","14:19:35",4904600
6.59,-0.09,3000,"bu","14:19:29",4904500
6.59,-0.09,1000,"bu","14:19:29",4901500
6.59,-0.09,100,"bu","14:19:24",4900500
6.59,-0.09,500,"bu","14:19:22",4900400
6.59,-0.09,1300,"bu","14:19:19",4899900
6.59,-0.09,100,"bu","14:19:19",4898600
6.59,-0.09,2000,"bu","14:19:19",4898500
6.59,-0.09,1600,"bu","14:19:19",4896500
6.59,-0.09,100,"bu","14:19:04",4894900
6.59,-0.09,200,"bu","14:19:03",4894800
6.59,-0.09,100,"bu","14:18:59",4894600
6.59,-0.09,1400,"bu","14:18:53",4894500
6.59,-0.09,500,"bu","14:18:53",4893100
6.59,-0.09,1100,"bu","14:18:53",4892600
6.59,-0.09,10000,"bu","14:18:49",4891500
6.59,-0.09,200,"bu","14:18:42",4881500
6.59,-0.09,300,"bu","14:18:33",4881300
6.59,-0.09,1000,"bu","14:18:28",4881000
6.59,-0.09,1900,"bu","14:18:20",4880000
6.59,-0.09,100,"bu","14:18:18",4878100
6.59,-0.09,400,"bu","14:18:09",4878000
6.59,-0.09,600,"bu","14:18:07",4877600
6.59,-0.09,400,"sd","14:17:50",4877000
6.58,-0.1,2000,"sd","14:17:18",4876600
6.58,-0.1,100,"sd","14:17:18",4874600
6.58,-0.1,5000,"sd","14:17:17",4874500
6.58,-0.1,500,"sd","14:17:17",4869500
6.58,-0.1,1400,"sd","14:17:17",4869000
6.6,-0.08,1000,"bu","14:17:05",4867600
6.6,-0.08,1500,"bu","14:17:05",4866600
6.59,-0.09,100,"bu","14:17:05",4865100
6.59,-0.09,400,"bu","14:17:05",4865000
6.6,-0.08,7900,"bu","14:16:52",4864600
6.59,-0.09,2100,"bu","14:16:52",4856700
6.59,-0.09,100,"sd","14:16:51",4854600
6.59,-0.09,100,"sd","14:16:51",4854500
6.59,-0.09,4500,"sd","14:16:51",4854400
6.59,-0.09,1200,"sd","14:16:51",4849900
6.59,-0.09,2000,"sd","14:16:51",4848700
6.6,-0.08,100,"bu","14:16:51",4846700
6.6,-0.08,100,"bu","14:16:48",4846600
6.6,-0.08,100,"bu","14:16:46",4846500
6.6,-0.08,100,"bu","14:16:28",4846400
6.6,-0.08,300,"sd","14:16:26",4846300
6.6,-0.08,1500,"sd","14:16:25",4846000
6.6,-0.08,100,"sd","14:16:21",4844500
6.6,-0.08,100,"sd","14:16:21",4844400
6.6,-0.08,1000,"sd","14:16:21",4844300
6.6,-0.08,2000,"sd","14:16:21",4843300
6.6,-0.08,200,"sd","14:16:21",4841300
6.6,-0.08,1000,"sd","14:16:21",4841100
6.6,-0.08,200,"sd","14:16:21",4840100
6.6,-0.08,500,"sd","14:16:21",4839900
6.6,-0.08,500,"sd","14:16:21",4839400
6.6,-0.08,200,"sd","14:16:21",4838900
6.6,-0.08,3900,"sd","14:16:21",4838700
6.6,-0.08,300,"sd","14:16:21",4834800
6.6,-0.08,4700,"sd","14:16:19",4834500
6.6,-0.08,200,"sd","14:16:19",4829800
6.6,-0.08,1000,"sd","14:16:19",4829600
6.6,-0.08,500,"sd","14:16:19",4828600
6.6,-0.08,1000,"sd","14:16:19",4828100
6.6,-0.08,1500,"sd","14:16:16",4827100
6.6,-0.08,400,"sd","14:16:16",4825600
6.6,-0.08,6000,"sd","14:16:16",4825200
6.6,-0.08,200,"sd","14:16:16",4819200
6.6,-0.08,2500,"sd","14:16:16",4819000
6.6,-0.08,9400,"sd","14:16:16",4816500
6.6,-0.08,10000,"sd","14:15:35",4807100
6.6,-0.08,300,"sd","14:15:34",4797100
6.6,-0.08,500,"sd","14:15:09",4796800
6.61,-0.07,600,"sd","14:15:06",4796300
6.61,-0.07,200,"sd","14:14:59",4795700
6.61,-0.07,200,"sd","14:14:55",4795500
6.61,-0.07,800,"sd","14:14:55",4795300
6.62,-0.06,4900,"bu","14:14:54",4794500
6.62,-0.06,100,"bu","14:14:54",4789600
6.61,-0.07,200,"sd","14:14:52",4789500
6.62,-0.06,400,"bu","14:14:39",4789300
6.62,-0.06,100,"bu","14:14:37",4788900
6.62,-0.06,100,"bu","14:14:35",4788800
6.62,-0.06,100,"bu","14:14:32",4788700
6.62,-0.06,700,"bu","14:14:31",4788600
6.62,-0.06,100,"sd","14:14:22",4787900
6.62,-0.06,100,"bu","14:14:15",4787800
6.62,-0.06,300,"bu","14:14:15",4787700
6.62,-0.06,1000,"bu","14:13:54",4787400
6.62,-0.06,300,"bu","14:13:54",4786400
6.61,-0.07,500,"bu","14:13:54",4786100
6.61,-0.07,100,"bu","14:13:54",4785600
6.61,-0.07,700,"bu","14:13:54",4785500
6.61,-0.07,100,"bu","14:13:54",4784800
6.61,-0.07,400,"bu","14:13:54",4784700
6.61,-0.07,5000,"bu","14:13:51",4784300
6.61,-0.07,1000,"bu","14:13:49",4779300
6.61,-0.07,5000,"bu","14:13:49",4778300
6.61,-0.07,5000,"bu","14:13:46",4773300
6.61,-0.07,2000,"bu","14:13:45",4768300
6.61,-0.07,100,"bu","14:13:44",4766300
6.6,-0.08,200,"sd","14:13:43",4766200
6.61,-0.07,1500,"bu","14:13:39",4766000
6.61,-0.07,1500,"bu","14:13:39",4764500
6.61,-0.07,100,"bu","14:13:39",4763000
6.61,-0.07,100,"bu","14:13:37",4762900
6.61,-0.07,100,"bu","14:13:36",4762800
6.61,-0.07,500,"bu","14:13:33",4762700
6.61,-0.07,5600,"bu","14:13:21",4762200
6.61,-0.07,100,"bu","14:13:16",4756600
6.61,-0.07,1000,"bu","14:13:16",4756500
6.61,-0.07,300,"bu","14:13:14",4755500
6.61,-0.07,10000,"bu","14:12:59",4755200
6.61,-0.07,100,"bu","14:12:46",4745200
6.6,-0.08,600,"sd","14:12:44",4745100
6.6,-0.08,1400,"sd","14:12:44",4744500
6.61,-0.07,100,"bu","14:12:32",4743100
6.61,-0.07,500,"bu","14:12:31",4743000
6.6,-0.08,100,"sd","14:12:26",4742500
6.6,-0.08,1000,"sd","14:12:23",4742400
6.61,-0.07,100,"bu","14:12:18",4741400
6.6,-0.08,100,"sd","14:12:17",4741300
6.61,-0.07,1000,"bu","14:12:14",4741200
6.6,-0.08,100,"bu","14:12:06",4740200
6.6,-0.08,6000,"bu","14:12:06",4740100
6.6,-0.08,5000,"bu","14:12:06",4734100
6.6,-0.08,1000,"bu","14:12:06",4729100
6.6,-0.08,2000,"bu","14:12:06",4728100
6.6,-0.08,2200,"bu","14:12:06",4726100
6.6,-0.08,1000,"bu","14:12:06",4723900
6.6,-0.08,3000,"bu","14:12:06",4722900
6.6,-0.08,1500,"bu","14:12:06",4719900
6.6,-0.08,9000,"bu","14:12:06",4718400
6.6,-0.08,600,"bu","14:12:06",4709400
6.6,-0.08,9100,"bu","14:12:06",4708800
6.6,-0.08,6000,"bu","14:12:06",4699700
6.6,-0.08,200,"bu","14:12:06",4693700
6.6,-0.08,200,"bu","14:12:06",4693500
6.6,-0.08,500,"bu","14:12:06",4693300
6.59,-0.09,1000,"bu","14:11:38",4692800
6.59,-0.09,300,"bu","14:11:38",4691800
6.59,-0.09,100,"bu","14:11:38",4691500
6.59,-0.09,5000,"bu","14:11:38",4691400
6.59,-0.09,10000,"bu","14:11:36",4686400
6.59,-0.09,300,"bu","14:11:34",4676400
6.59,-0.09,3400,"bu","14:11:29",4676100
6.59,-0.09,1300,"bu","14:11:21",4672700
6.59,-0.09,100,"bu","14:11:21",4671400
6.59,-0.09,600,"bu","14:11:21",4671300
6.59,-0.09,100,"bu","14:11:20",4670700
6.59,-0.09,300,"bu","14:11:13",4670600
6.59,-0.09,200,"bu","14:11:13",4670300
6.59,-0.09,1000,"bu","14:11:10",4670100
6.59,-0.09,200,"bu","14:11:09",4669100
6.59,-0.09,5000,"bu","14:11:04",4668900
6.58,-0.1,1600,"sd","14:10:52",4663900
6.59,-0.09,10000,"bu","14:10:48",4662300
6.59,-0.09,100,"bu","14:10:45",4652300
6.59,-0.09,10000,"bu","14:10:38",4652200
6.59,-0.09,100,"bu","14:10:24",4642200
6.57,-0.11,10800,"sd","14:10:21",4642100
6.57,-0.11,1000,"sd","14:10:21",4631300
6.57,-0.11,5000,"sd","14:10:21",4630300
6.57,-0.11,100,"sd","14:10:21",4625300
6.57,-0.11,10000,"sd","14:10:21",4625200
6.57,-0.11,25000,"sd","14:10:21",4615200
6.57,-0.11,500,"sd","14:10:21",4590200
6.57,-0.11,200,"sd","14:10:21",4589700
6.57,-0.11,300,"sd","14:10:21",4589500
6.57,-0.11,100,"sd","14:10:21",4589200
6.57,-0.11,3700,"sd","14:10:21",4589100
6.58,-0.1,30000,"sd","14:10:21",4585400
6.58,-0.1,1500,"sd","14:10:21",4555400
6.58,-0.1,100,"sd","14:10:21",4553900
6.58,-0.1,5000,"sd","14:10:21",4553800
6.58,-0.1,100,"sd","14:10:21",4548800
6.58,-0.1,100,"sd","14:10:21",4548700
6.58,-0.1,100,"sd","14:10:21",4548600
6.58,-0.1,6400,"sd","14:10:21",4548500
6.58,-0.1,3600,"sd","14:10:21",4542100
6.58,-0.1,400,"sd","14:10:21",4538500
6.59,-0.09,2000,"bu","14:10:14",4538100
6.58,-0.1,500,"sd","14:09:25",4536100
6.59,-0.09,5000,"bu","14:09:19",4535600
6.59,-0.09,500,"bu","14:09:19",4530600
6.59,-0.09,1000,"bu","14:09:19",4530100
6.59,-0.09,13500,"bu","14:09:19",4529100
6.58,-0.1,2000,"bu","14:09:09",4515600
6.58,-0.1,7500,"bu","14:09:09",4513600
6.58,-0.1,400,"bu","14:09:08",4506100
6.58,-0.1,4300,"bu","14:09:08",4505700
6.58,-0.1,300,"bu","14:09:08",4501400
6.58,-0.1,200,"bu","14:09:06",4501100
6.58,-0.1,1000,"bu","14:09:03",4500900
6.58,-0.1,500,"bu","14:09:03",4499900
6.58,-0.1,2500,"bu","14:09:03",4499400
6.58,-0.1,7500,"bu","14:09:02",4496900
6.58,-0.1,7500,"bu","14:09:02",4489400
6.58,-0.1,2500,"bu","14:09:01",4481900
6.58,-0.1,1500,"bu","14:09:01",4479400
6.58,-0.1,100,"bu","14:08:59",4477900
6.57,-0.11,8900,"sd","14:08:56",4477800
6.58,-0.1,100,"bu","14:08:56",4468900
6.58,-0.1,300,"bu","14:08:49",4468800
6.58,-0.1,5000,"bu","14:08:48",4468500
6.58,-0.1,1000,"bu","14:08:39",4463500
6.58,-0.1,100,"bu","14:08:37",4462500
6.58,-0.1,1000,"bu","14:08:28",4462400
6.58,-0.1,500,"bu","14:08:16",4461400
6.58,-0.1,500,"bu","14:07:50",4460900
6.57,-0.11,2400,"bu","14:07:40",4460400
6.57,-0.11,200,"bu","14:07:38",4458000
6.57,-0.11,300,"bu","14:07:38",4457800
6.57,-0.11,2700,"bu","14:07:32",4457500
6.57,-0.11,1000,"bu","14:07:32",4454800
6.57,-0.11,100,"bu","14:07:32",4453800
6.57,-0.11,3000,"bu","14:07:32",4453700
6.57,-0.11,400,"bu","14:07:32",4450700
6.57,-0.11,7800,"bu","14:07:32",4450300
6.57,-0.11,500,"bu","14:07:17",4442500
6.57,-0.11,100,"bu","14:07:05",4442000
6.57,-0.11,200,"bu","14:06:57",4441900
6.57,-0.11,500,"bu","14:06:54",4441700
6.57,-0.11,200,"bu","14:06:53",4441200
6.57,-0.11,2000,"bu","14:06:53",4441000
6.56,-0.12,1600,"sd","14:06:50",4439000
6.57,-0.11,500,"bu","14:06:49",4437400
6.57,-0.11,100,"bu","14:06:47",4436900
6.57,-0.11,200,"bu","14:06:42",4436800
6.57,-0.11,500,"bu","14:06:42",4436600
6.57,-0.11,500,"bu","14:06:37",4436100
6.57,-0.11,900,"bu","14:06:28",4435600
6.56,-0.12,200,"sd","14:06:25",4434700
6.57,-0.11,1000,"bu","14:06:23",4434500
6.57,-0.11,500,"bu","14:06:17",4433500
6.57,-0.11,100,"bu","14:05:58",4433000
6.57,-0.11,4000,"sd","14:05:54",4432900
6.57,-0.11,300,"sd","14:05:54",4428900
6.57,-0.11,100,"sd","14:05:54",4428600
6.56,-0.12,1000,"sd","14:05:44",4428500
6.56,-0.12,100,"sd","14:05:44",4427500
6.56,-0.12,400,"sd","14:05:44",4427400
6.56,-0.12,200,"sd","14:05:44",4427000
6.56,-0.12,100,"sd","14:05:44",4426800
6.56,-0.12,200,"sd","14:05:44",4426700
6.56,-0.12,100,"sd","14:05:44",4426500
6.56,-0.12,5000,"sd","14:05:44",4426400
6.56,-0.12,700,"sd","14:05:44",4421400
6.56,-0.12,100,"sd","14:05:44",4420700
6.56,-0.12,1000,"sd","14:05:44",4420600
6.56,-0.12,1000,"sd","14:05:44",4419600
6.56,-0.12,3000,"sd","14:05:44",4418600
6.56,-0.12,500,"sd","14:05:44",4415600
6.56,-0.12,3000,"sd","14:05:44",4415100
6.56,-0.12,200,"sd","14:05:44",4412100
6.56,-0.12,3500,"sd","14:05:44",4411900
6.56,-0.12,100,"sd","14:05:44",4408400
6.56,-0.12,700,"sd","14:05:44",4408300
6.56,-0.12,500,"sd","14:05:44",4407600
6.56,-0.12,100,"sd","14:05:44",4407100
6.56,-0.12,100,"sd","14:05:44",4407000
6.56,-0.12,8900,"sd","14:05:44",4406900
6.56,-0.12,100,"sd","14:05:44",4398000
6.56,-0.12,200,"sd","14:05:39",4397900
6.57,-0.11,100,"sd","14:05:33",4397700
6.57,-0.11,4000,"sd","14:05:26",4397600
6.57,-0.11,1000,"sd","14:05:25",4393600
6.57,-0.11,7900,"sd","14:05:12",4392600
6.57,-0.11,100,"bu","14:05:03",4384700
6.57,-0.11,100,"sd","14:05:01",4384600
6.57,-0.11,1000,"sd","14:04:53",4384500
6.57,-0.11,200,"sd","14:04:47",4383500
6.57,-0.11,100,"sd","14:04:47",4383300
6.57,-0.11,800,"sd","14:04:47",4383200
6.57,-0.11,200,"sd","14:04:43",4382400
6.57,-0.11,2800,"sd","14:04:36",4382200
6.57,-0.11,1000,"sd","14:04:36",4379400
6.57,-0.11,1100,"sd","14:04:36",4378400
6.57,-0.11,100,"sd","14:04:36",4377300
6.58,-0.1,300,"bu","14:04:35",4377200
6.58,-0.1,200,"bu","14:04:32",4376900
6.58,-0.1,500,"bu","14:04:31",4376700
6.57,-0.11,200,"sd","14:04:30",4376200
6.57,-0.11,200,"sd","14:04:30",4376000
6.57,-0.11,1600,"sd","14:04:30",4375800
6.57,-0.11,5400,"sd","14:04:21",4374200
6.57,-0.11,4600,"sd","14:04:21",4368800
6.57,-0.11,2400,"sd","14:04:19",4364200
6.57,-0.11,400,"sd","14:04:19",4361800
6.57,-0.11,100,"sd","14:04:19",4361400
6.57,-0.11,3000,"sd","14:04:19",4361300
6.57,-0.11,1100,"sd","14:04:19",4358300
6.58,-0.1,100,"bu","14:04:15",4357200
6.58,-0.1,100,"bu","14:04:12",4357100
6.58,-0.1,100,"bu","14:04:02",4357000
6.58,-0.1,100,"bu","14:03:48",4356900
6.58,-0.1,10000,"bu","14:03:46",4356800
6.57,-0.11,1900,"sd","14:03:38",4346800
6.57,-0.11,10000,"sd","14:03:38",4344900
6.57,-0.11,2000,"sd","14:03:38",4334900
6.57,-0.11,300,"sd","14:03:38",4332900
6.57,-0.11,5800,"sd","14:03:38",4332600
6.58,-0.1,3000,"bu","14:03:32",4326800
6.58,-0.1,5000,"bu","14:03:22",4323800
6.58,-0.1,100,"bu","14:02:55",4318800
6.58,-0.1,100,"bu","14:02:55",4318700
6.57,-0.11,200,"sd","14:02:48",4318600
6.57,-0.11,900,"sd","14:02:48",4318400
6.57,-0.11,500,"sd","14:02:48",4317500
6.57,-0.11,900,"sd","14:02:48",4317000
6.57,-0.11,100,"sd","14:02:48",4316100
6.57,-0.11,1000,"sd","14:02:48",4316000
6.57,-0.11,200,"sd","14:02:48",4315000
6.57,-0.11,100,"sd","14:02:48",4314800
6.57,-0.11,6100,"sd","14:02:48",4314700
6.58,-0.1,100,"bu","14:02:40",4308600
6.58,-0.1,100,"bu","14:01:52",4308500
6.58,-0.1,100,"bu","14:01:40",4308400
6.58,-0.1,300,"bu","14:01:40",4308300
6.58,-0.1,1000,"bu","14:01:35",4308000
6.58,-0.1,200,"bu","14:01:35",4307000
6.58,-0.1,500,"bu","14:01:05",4306800
6.58,-0.1,1000,"sd","14:01:00",4306300
6.57,-0.11,300,"sd","14:00:49",4305300
6.58,-0.1,1000,"bu","14:00:45",4305000
6.57,-0.11,100,"sd","14:00:38",4304000
6.58,-0.1,100,"bu","14:00:25",4303900
6.58,-0.1,100,"bu","14:00:21",4303800
6.58,-0.1,500,"bu","14:00:19",4303700
6.58,-0.1,800,"bu","14:00:18",4303200
6.58,-0.1,700,"bu","14:00:06",4302400
6.56,-0.12,100,"sd","13:59:44",4301700
6.57,-0.11,100,"sd","13:59:44",4301600
6.56,-0.12,100,"sd","13:59:32",4301500
6.58,-0.1,1800,"bu","13:59:24",4301400
6.57,-0.11,500,"sd","13:59:14",4299600
6.57,-0.11,30000,"sd","13:59:14",4299100
6.57,-0.11,2000,"sd","13:59:14",4269100
6.57,-0.11,900,"sd","13:59:14",4267100
6.57,-0.11,3000,"sd","13:59:14",4266200
6.57,-0.11,300,"sd","13:59:14",4263200
6.57,-0.11,3000,"sd","13:59:14",4262900
6.57,-0.11,500,"sd","13:59:14",4259900
6.57,-0.11,100,"sd","13:59:14",4259400
6.57,-0.11,1000,"sd","13:59:14",4259300
6.57,-0.11,400,"sd","13:59:14",4258300
6.58,-0.1,300,"sd","13:59:14",4257900
6.58,-0.1,500,"sd","13:59:14",4257600
6.58,-0.1,1000,"sd","13:59:14",4257100
6.58,-0.1,2000,"sd","13:59:14",4256100
6.58,-0.1,1000,"sd","13:59:14",4254100
6.56,-0.12,100,"sd","13:59:14",4253100
6.58,-0.1,100,"sd","13:59:14",4253000
6.56,-0.12,500,"sd","13:59:14",4252900
6.58,-0.1,500,"sd","13:59:14",4252400
6.56,-0.12,300,"sd","13:59:14",4251900
6.58,-0.1,200,"sd","13:59:14",4251600
6.56,-0.12,1000,"sd","13:59:14",4251400
6.58,-0.1,100,"sd","13:59:14",4250400
6.56,-0.12,4000,"sd","13:59:14",4250300
6.58,-0.1,100,"sd","13:59:14",4246300
6.56,-0.12,100,"sd","13:59:14",4246200
6.58,-0.1,6500,"sd","13:59:14",4246100
6.59,-0.09,100,"bu","13:59:03",4239600
6.59,-0.09,200,"bu","13:59:01",4239500
6.59,-0.09,1000,"bu","13:58:47",4239300
6.59,-0.09,500,"bu","13:58:39",4238300
6.59,-0.09,100,"bu","13:58:35",4237800
6.59,-0.09,100,"bu","13:58:29",4237700
6.59,-0.09,500,"bu","13:58:20",4237600
6.59,-0.09,200,"bu","13:58:08",4237100
6.58,-0.1,1500,"sd","13:58:01",4236900
6.58,-0.1,500,"sd","13:57:53",4235400
6.58,-0.1,200,"sd","13:57:49",4234900
6.58,-0.1,1300,"sd","13:57:31",4234700
6.58,-0.1,1000,"sd","13:57:31",4233400
6.58,-0.1,1200,"sd","13:57:31",4232400
6.58,-0.1,3000,"sd","13:57:31",4231200
6.58,-0.1,1000,"sd","13:57:31",4228200
6.58,-0.1,100,"sd","13:57:31",4227200
6.58,-0.1,400,"sd","13:57:31",4227100
6.58,-0.1,1800,"sd","13:57:31",4226700
6.58,-0.1,100,"sd","13:57:31",4224900
6.58,-0.1,100,"sd","13:57:31",4224800
6.59,-0.09,200,"bu","13:57:24",4224700
6.59,-0.09,11100,"bu","13:57:17",4224500
6.59,-0.09,100,"bu","13:57:09",4213400
6.59,-0.09,1000,"sd","13:57:05",4213300
6.59,-0.09,1000,"sd","13:57:05",4212300
6.59,-0.09,400,"sd","13:57:05",4211300
6.6,-0.08,3400,"bu","13:56:52",4210900
6.59,-0.09,600,"sd","13:56:43",4207500
6.59,-0.09,300,"sd","13:56:43",4206900
6.59,-0.09,19100,"sd","13:56:43",4206600
6.59,-0.09,900,"bu","13:56:30",4187500
6.59,-0.09,1000,"bu","13:56:28",4186600
6.59,-0.09,500,"bu","13:56:23",4185600
6.59,-0.09,100,"bu","13:56:21",4185100
6.59,-0.09,1000,"bu","13:56:19",4185000
6.59,-0.09,1000,"bu","13:56:16",4184000
6.59,-0.09,100,"bu","13:56:13",4183000
6.59,-0.09,100,"bu","13:56:08",4182900
6.58,-0.1,300,"sd","13:56:08",4182800
6.58,-0.1,500,"sd","13:56:08",4182500
6.58,-0.1,200,"sd","13:56:08",4182000
6.58,-0.1,9000,"sd","13:56:08",4181800
6.59,-0.09,300,"bu","13:56:07",4172800
6.6,-0.08,8300,"bu","13:55:41",4172500
6.59,-0.09,20000,"bu","13:55:41",4164200
6.59,-0.09,6100,"bu","13:55:41",4144200
6.59,-0.09,1900,"bu","13:55:41",4138100
6.58,-0.1,300,"sd","13:55:37",4136200
6.59,-0.09,200,"bu","13:55:35",4135900
6.58,-0.1,700,"sd","13:55:07",4135700
6.58,-0.1,300,"sd","13:55:07",4135000
6.58,-0.1,200,"sd","13:55:03",4134700
6.58,-0.1,300,"sd","13:55:03",4134500
6.59,-0.09,1000,"bu","13:54:58",4134200
6.59,-0.09,1000,"bu","13:54:58",4133200
6.59,-0.09,100,"bu","13:54:53",4132200
6.59,-0.09,100,"bu","13:54:49",4132100
6.59,-0.09,5000,"bu","13:54:30",4132000
6.59,-0.09,700,"sd","13:54:25",4127000
6.59,-0.09,6900,"bu","13:54:12",4126300
6.59,-0.09,400,"sd","13:54:08",4119400
6.59,-0.09,1000,"sd","13:54:08",4119000
6.59,-0.09,400,"sd","13:54:08",4118000
6.59,-0.09,100,"sd","13:54:08",4117600
6.59,-0.09,1200,"sd","13:54:08",4117500
6.59,-0.09,2900,"bu","13:53:52",4116300
6.59,-0.09,500,"bu","13:53:47",4113400
6.59,-0.09,2500,"bu","13:53:47",4112900
6.59,-0.09,500,"bu","13:53:44",4110400
6.59,-0.09,1000,"bu","13:53:33",4109900
6.59,-0.09,4000,"sd","13:53:25",4108900
6.59,-0.09,500,"sd","13:53:25",4104900
6.59,-0.09,600,"sd","13:53:25",4104400
6.59,-0.09,500,"sd","13:53:25",4103800
6.59,-0.09,400,"sd","13:53:25",4103300
6.59,-0.09,1500,"sd","13:53:23",4102900
6.6,-0.08,1000,"bu","13:53:22",4101400
6.59,-0.09,100,"sd","13:53:20",4100400
6.59,-0.09,500,"sd","13:53:20",4100300
6.59,-0.09,200,"sd","13:53:20",4099800
6.59,-0.09,200,"sd","13:53:20",4099600
6.59,-0.09,100,"sd","13:53:20",4099400
6.59,-0.09,2000,"sd","13:53:20",4099300
6.59,-0.09,10000,"sd","13:53:20",4097300
6.59,-0.09,100,"sd","13:53:20",4087300
6.59,-0.09,200,"sd","13:53:20",4087200
6.59,-0.09,200,"sd","13:53:20",4087000
6.59,-0.09,200,"sd","13:53:20",4086800
6.59,-0.09,2000,"sd","13:53:20",4086600
6.59,-0.09,2200,"sd","13:53:20",4084600
6.6,-0.08,7000,"bu","13:53:15",4082400
6.59,-0.09,7800,"sd","13:53:13",4075400
6.59,-0.09,200,"sd","13:53:13",4067600
6.59,-0.09,1000,"sd","13:53:13",4067400
6.59,-0.09,1000,"sd","13:53:13",4066400
6.59,-0.09,2400,"sd","13:53:13",4065400
6.6,-0.08,500,"bu","13:53:13",4063000
6.59,-0.09,500,"sd","13:53:10",4062500
6.6,-0.08,100,"bu","13:53:09",4062000
6.6,-0.08,700,"bu","13:53:06",4061900
6.6,-0.08,200,"bu","13:53:06",4061200
6.6,-0.08,2000,"bu","13:53:06",4061000
6.6,-0.08,1100,"bu","13:53:06",4059000
6.6,-0.08,100,"bu","13:52:57",4057900
6.6,-0.08,100,"bu","13:52:51",4057800
6.6,-0.08,100,"bu","13:52:49",4057700
6.6,-0.08,1000,"bu","13:52:36",4057600
6.6,-0.08,3000,"bu","13:52:33",4056600
6.59,-0.09,1000,"sd","13:52:33",4053600
6.59,-0.09,500,"sd","13:52:23",4052600
6.6,-0.08,100,"bu","13:52:23",4052100
6.6,-0.08,5200,"bu","13:52:22",4052000
6.6,-0.08,500,"bu","13:52:22",4046800
6.6,-0.08,300,"bu","13:52:21",4046300
6.6,-0.08,10000,"bu","13:52:15",4046000
6.6,-0.08,1400,"bu","13:52:14",4036000
6.6,-0.08,500,"bu","13:52:11",4034600
6.6,-0.08,2000,"bu","13:52:02",4034100
6.6,-0.08,10000,"bu","13:52:02",4032100
6.6,-0.08,1000,"sd","13:52:01",4022100
6.6,-0.08,100,"sd","13:52:01",4021100
6.6,-0.08,300,"sd","13:52:01",4021000
6.6,-0.08,1000,"sd","13:52:01",4020700
6.6,-0.08,300,"sd","13:52:01",4019700
6.6,-0.08,2000,"sd","13:52:01",4019400
6.6,-0.08,2000,"sd","13:52:01",4017400
6.6,-0.08,1000,"sd","13:52:01",4015400
6.6,-0.08,2000,"sd","13:52:01",4014400
6.6,-0.08,200,"sd","13:52:01",4012400
6.6,-0.08,2600,"sd","13:52:01",4012200
6.61,-0.07,2000,"sd","13:52:01",4009600
6.61,-0.07,100,"sd","13:52:01",4007600
6.61,-0.07,100,"bu","13:52:01",4007500
6.61,-0.07,200,"bu","13:51:54",4007400
6.61,-0.07,100,"bu","13:51:52",4007200
6.61,-0.07,500,"bu","13:51:51",4007100
6.61,-0.07,100,"bu","13:51:43",4006600
6.6,-0.08,400,"bu","13:51:33",4006500
6.6,-0.08,1600,"bu","13:51:29",4006100
6.6,-0.08,1400,"bu","13:51:29",4004500
6.6,-0.08,100,"bu","13:51:26",4003100
6.6,-0.08,2000,"bu","13:51:23",4003000
6.6,-0.08,3000,"bu","13:51:21",4001000
6.6,-0.08,5800,"bu","13:51:19",3998000
6.6,-0.08,3000,"bu","13:51:17",3992200
6.59,-0.09,100,"sd","13:51:17",3989200
6.6,-0.08,4700,"bu","13:51:10",3989100
6.6,-0.08,100,"bu","13:51:10",3984400
6.6,-0.08,15200,"bu","13:51:10",3984300
6.59,-0.09,500,"sd","13:50:43",3969100
6.59,-0.09,1000,"sd","13:50:43",3968600
6.6,-0.08,100,"bu","13:50:41",3967600
6.6,-0.08,500,"bu","13:50:36",3967500
6.6,-0.08,1000,"bu","13:50:32",3967000
6.6,-0.08,3200,"bu","13:50:31",3966000
6.6,-0.08,6800,"bu","13:50:31",3962800
6.6,-0.08,500,"bu","13:50:28",3956000
6.6,-0.08,100,"bu","13:50:27",3955500
6.6,-0.08,2500,"bu","13:50:19",3955400
6.6,-0.08,300,"bu","13:50:16",3952900
6.6,-0.08,100,"bu","13:50:15",3952600
6.6,-0.08,1000,"bu","13:50:14",3952500
6.6,-0.08,3800,"bu","13:50:12",3951500
6.6,-0.08,10000,"bu","13:50:06",3947700
6.6,-0.08,600,"bu","13:50:06",3937700
6.6,-0.08,2200,"sd","13:50:05",3937100
6.6,-0.08,300,"sd","13:50:05",3934900
6.6,-0.08,100,"sd","13:50:05",3934600
6.6,-0.08,1700,"sd","13:50:05",3934500
6.6,-0.08,3000,"sd","13:49:59",3932800
6.6,-0.08,5300,"bu","13:49:54",3929800
6.6,-0.08,5000,"bu","13:49:52",3924500
6.6,-0.08,400,"bu","13:49:42",3919500
6.6,-0.08,200,"sd","13:49:40",3919100
6.6,-0.08,500,"sd","13:49:40",3918900
6.6,-0.08,15000,"sd","13:49:40",3918400
6.6,-0.08,600,"sd","13:49:40",3903400
6.6,-0.08,900,"sd","13:49:40",3902800
6.6,-0.08,100,"sd","13:49:40",3901900
6.6,-0.08,3000,"sd","13:49:40",3901800
6.6,-0.08,500,"sd","13:49:40",3898800
6.6,-0.08,500,"sd","13:49:40",3898300
6.6,-0.08,100,"sd","13:49:40",3897800
6.6,-0.08,10000,"sd","13:49:40",3897700
6.61,-0.07,1000,"sd","13:49:40",3887700
6.61,-0.07,800,"sd","13:49:40",3886700
6.61,-0.07,100,"sd","13:49:40",3885900
6.61,-0.07,6000,"sd","13:49:40",3885800
6.64,-0.04,7600,"bu","13:49:31",3879800
6.64,-0.04,300,"bu","13:49:31",3872200
6.64,-0.04,5000,"bu","13:49:31",3871900
6.63,-0.05,10000,"bu","13:49:31",3866900
6.63,-0.05,500,"bu","13:49:31",3856900
6.63,-0.05,100,"bu","13:49:31",3856400
6.63,-0.05,10000,"bu","13:49:31",3856300
6.62,-0.06,100,"bu","13:49:31",3846300
6.62,-0.06,5000,"bu","13:49:31",3846200
6.62,-0.06,10000,"bu","13:49:31",3841200
6.62,-0.06,100,"bu","13:49:31",3831200
6.62,-0.06,100,"bu","13:49:31",3831100
6.62,-0.06,1000,"bu","13:49:31",3831000
6.62,-0.06,200,"bu","13:49:31",3830000
6.61,-0.07,200,"sd","13:49:08",3829800
6.6,-0.08,800,"bu","13:49:06",3829600
6.6,-0.08,1000,"bu","13:49:02",3828800
6.6,-0.08,500,"bu","13:49:02",3827800
6.6,-0.08,100,"bu","13:49:01",3827300
6.6,-0.08,2000,"bu","13:49:01",3827200
6.6,-0.08,500,"bu","13:48:56",3825200
6.6,-0.08,1000,"sd","13:48:51",3824700
6.6,-0.08,5000,"sd","13:48:51",3823700
6.6,-0.08,500,"sd","13:48:51",3818700
6.6,-0.08,2000,"sd","13:48:51",3818200
6.6,-0.08,200,"sd","13:48:51",3816200
6.6,-0.08,100,"sd","13:48:51",3816000
6.62,-0.06,100,"bu","13:48:46",3815900
6.62,-0.06,10000,"bu","13:48:41",3815800
6.6,-0.08,900,"sd","13:48:41",3805800
6.6,-0.08,3800,"sd","13:48:41",3804900
6.6,-0.08,100,"sd","13:48:41",3801100
6.6,-0.08,100,"sd","13:48:41",3801000
6.6,-0.08,300,"sd","13:48:41",3800900
6.6,-0.08,4800,"sd","13:48:40",3800600
6.61,-0.07,500,"sd","13:48:37",3795800
6.6,-0.08,500,"sd","13:48:27",3795300
6.6,-0.08,7600,"sd","13:48:27",3794800
6.6,-0.08,200,"sd","13:48:27",3787200
6.6,-0.08,100,"sd","13:48:27",3787000
6.6,-0.08,2000,"sd","13:48:27",3786900
6.6,-0.08,500,"sd","13:48:27",3784900
6.6,-0.08,10000,"sd","13:48:27",3784400
6.6,-0.08,300,"sd","13:48:27",3774400
6.61,-0.07,3000,"sd","13:48:27",3774100
6.61,-0.07,1000,"sd","13:48:27",3771100
6.61,-0.07,1000,"sd","13:48:27",3770100
6.6,-0.08,21300,"sd","13:48:27",3769100
6.61,-0.07,1000,"sd","13:48:27",3747800
6.6,-0.08,1500,"sd","13:48:27",3746800
6.62,-0.06,100,"bu","13:48:25",3745300
6.62,-0.06,1000,"bu","13:48:25",3745200
6.62,-0.06,2500,"bu","13:48:22",3744200
6.62,-0.06,1000,"bu","13:48:14",3741700
6.62,-0.06,5100,"bu","13:48:08",3740700
6.62,-0.06,1000,"bu","13:48:08",3735600
6.62,-0.06,1900,"bu","13:48:08",3734600
6.62,-0.06,10000,"bu","13:48:05",3732700
6.62,-0.06,200,"bu","13:47:59",3722700
6.62,-0.06,200,"bu","13:47:58",3722500
6.62,-0.06,1500,"bu","13:47:58",3722300
6.62,-0.06,20000,"bu","13:47:57",3720800
6.6,-0.08,300,"sd","13:47:57",3700800
6.61,-0.07,1000,"sd","13:47:57",3700500
6.61,-0.07,700,"sd","13:47:57",3699500
6.62,-0.06,5000,"bu","13:47:54",3698800
6.62,-0.06,2200,"bu","13:47:47",3693800
6.61,-0.07,1800,"bu","13:47:47",3691600
6.61,-0.07,1000,"sd","13:47:43",3689800
6.61,-0.07,6300,"sd","13:47:43",3688800
6.61,-0.07,10000,"sd","13:47:43",3682500
6.61,-0.07,900,"sd","13:47:43",3672500
6.62,-0.06,1000,"bu","13:47:40",3671600
6.62,-0.06,100,"bu","13:47:39",3670600
6.62,-0.06,200,"bu","13:47:39",3670500
6.62,-0.06,300,"sd","13:47:36",3670300
6.62,-0.06,1000,"sd","13:47:36",3670000
6.62,-0.06,100,"sd","13:47:36",3669000
6.62,-0.06,200,"sd","13:47:36",3668900
6.63,-0.05,10000,"bu","13:47:30",3668700
6.63,-0.05,500,"bu","13:47:23",3658700
6.63,-0.05,100,"bu","13:47:23",3658200
6.62,-0.06,800,"bu","13:47:21",3658100
6.62,-0.06,1500,"sd","13:47:16",3657300
6.62,-0.06,100,"sd","13:47:16",3655800
6.62,-0.06,100,"sd","13:47:16",3655700
6.62,-0.06,500,"sd","13:47:16",3655600
6.62,-0.06,200,"sd","13:47:16",3655100
6.62,-0.06,10200,"sd","13:47:16",3654900
6.62,-0.06,1000,"sd","13:47:16",3644700
6.62,-0.06,5000,"sd","13:47:16",3643700
6.62,-0.06,600,"sd","13:47:16",3638700
6.63,-0.05,1000,"bu","13:47:13",3638100
6.63,-0.05,1000,"bu","13:47:13",3637100
6.63,-0.05,500,"bu","13:47:12",3636100
6.63,-0.05,20000,"bu","13:47:11",3635600
6.63,-0.05,5000,"bu","13:47:07",3615600
6.63,-0.05,5000,"bu","13:47:05",3610600
6.63,-0.05,200,"bu","13:47:01",3605600
6.63,-0.05,500,"bu","13:46:59",3605400
6.63,-0.05,500,"bu","13:46:50",3604900
6.63,-0.05,10000,"bu","13:46:42",3604400
6.63,-0.05,1800,"bu","13:46:39",3594400
6.63,-0.05,200,"bu","13:46:39",3592600
6.62,-0.06,100,"bu","13:46:29",3592400
6.62,-0.06,500,"bu","13:46:29",3592300
6.62,-0.06,13000,"bu","13:46:29",3591800
6.62,-0.06,1000,"bu","13:46:29",3578800
6.62,-0.06,5400,"bu","13:46:29",3577800
6.62,-0.06,100,"bu","13:46:25",3572400
6.62,-0.06,500,"bu","13:46:23",3572300
6.62,-0.06,3000,"bu","13:46:16",3571800
6.61,-0.07,200,"sd","13:46:16",3568800
6.62,-0.06,1000,"bu","13:46:09",3568600
6.61,-0.07,8900,"bu","13:46:07",3567600
6.61,-0.07,100,"bu","13:46:06",3558700
6.61,-0.07,1000,"bu","13:46:01",3558600
6.6,-0.08,800,"bu","13:45:51",3557600
6.6,-0.08,100,"bu","13:45:51",3556800
6.6,-0.08,500,"bu","13:45:49",3556700
6.6,-0.08,600,"bu","13:45:47",3556200
6.6,-0.08,500,"bu","13:45:47",3555600
6.6,-0.08,2000,"bu","13:45:34",3555100
6.6,-0.08,200,"bu","13:45:34",3553100
6.6,-0.08,1000,"bu","13:45:34",3552900
6.6,-0.08,1500,"bu","13:45:34",3551900
6.6,-0.08,1500,"sd","13:45:33",3550400
6.6,-0.08,100,"sd","13:45:33",3548900
6.6,-0.08,300,"sd","13:45:33",3548800
6.6,-0.08,4300,"sd","13:45:33",3548500
6.6,-0.08,3800,"sd","13:45:33",3544200
6.6,-0.08,6200,"sd","13:45:10",3540400
6.6,-0.08,3300,"sd","13:45:10",3534200
6.6,-0.08,3000,"sd","13:45:10",3530900
6.6,-0.08,3300,"sd","13:45:10",3527900
6.6,-0.08,4200,"sd","13:45:10",3524600
6.6,-0.08,100,"sd","13:45:10",3520400
6.6,-0.08,500,"sd","13:45:07",3520300
6.6,-0.08,5200,"sd","13:44:57",3519800
6.6,-0.08,1000,"sd","13:44:57",3514600
6.6,-0.08,100,"sd","13:44:57",3513600
6.6,-0.08,100,"sd","13:44:57",3513500
6.6,-0.08,2000,"sd","13:44:57",3513400
6.6,-0.08,600,"sd","13:44:57",3511400
6.61,-0.07,2000,"sd","13:44:57",3510800
6.61,-0.07,1000,"sd","13:44:57",3508800
6.62,-0.06,8000,"sd","13:44:57",3507800
6.63,-0.05,100,"bu","13:44:55",3499800
6.63,-0.05,100,"bu","13:44:55",3499700
6.62,-0.06,10000,"sd","13:44:49",3499600
6.62,-0.06,2000,"bu","13:44:49",3489600
6.62,-0.06,500,"bu","13:44:49",3487600
6.62,-0.06,5000,"bu","13:44:49",3487100
6.62,-0.06,20000,"bu","13:44:49",3482100
6.62,-0.06,1500,"bu","13:44:49",3462100
6.62,-0.06,3000,"bu","13:44:49",3460600
6.61,-0.07,800,"bu","13:44:44",3457600
6.61,-0.07,100,"bu","13:44:44",3456800
6.61,-0.07,18900,"bu","13:44:44",3456700
6.61,-0.07,100,"bu","13:44:36",3437800
6.61,-0.07,200,"bu","13:44:34",3437700
6.61,-0.07,1800,"bu","13:44:34",3437500
6.61,-0.07,1100,"bu","13:44:31",3435700
6.6,-0.08,400,"sd","13:44:31",3434600
6.6,-0.08,200,"sd","13:44:31",3434200
6.6,-0.08,100,"sd","13:44:31",3434000
6.6,-0.08,500,"sd","13:44:31",3433900
6.6,-0.08,1300,"sd","13:44:31",3433400
6.6,-0.08,700,"sd","13:44:23",3432100
6.6,-0.08,3100,"sd","13:44:23",3431400
6.6,-0.08,400,"sd","13:44:23",3428300
6.6,-0.08,1000,"sd","13:44:23",3427900
6.6,-0.08,1000,"sd","13:44:23",3426900
6.6,-0.08,800,"sd","13:44:23",3425900
6.61,-0.07,1000,"bu","13:44:22",3425100
6.61,-0.07,200,"bu","13:44:21",3424100
6.61,-0.07,100,"bu","13:44:20",3423900
6.61,-0.07,1000,"bu","13:44:15",3423800
6.61,-0.07,1000,"bu","13:44:11",3422800
6.6,-0.08,700,"sd","13:44:07",3421800
6.6,-0.08,200,"sd","13:44:07",3421100
6.6,-0.08,100,"sd","13:44:07",3420900
6.6,-0.08,1300,"sd","13:44:04",3420800
6.6,-0.08,200,"sd","13:44:04",3419500
6.6,-0.08,100,"sd","13:44:04",3419300
6.6,-0.08,2000,"sd","13:44:04",3419200
6.6,-0.08,300,"sd","13:44:04",3417200
6.6,-0.08,100,"sd","13:44:04",3416900
6.61,-0.07,1000,"bu","13:44:03",3416800
6.61,-0.07,500,"bu","13:44:00",3415800
6.6,-0.08,600,"sd","13:43:58",3415300
6.6,-0.08,3400,"sd","13:43:58",3414700
6.61,-0.07,9300,"bu","13:43:55",3411300
6.61,-0.07,700,"bu","13:43:55",3402000
6.6,-0.08,1000,"sd","13:43:53",3401300
6.6,-0.08,2000,"sd","13:43:53",3400300
6.6,-0.08,400,"sd","13:43:53",3398300
6.6,-0.08,46600,"sd","13:43:53",3397900
6.6,-0.08,100,"sd","13:43:49",3351300
6.6,-0.08,100,"sd","13:43:49",3351200
6.6,-0.08,1000,"sd","13:43:49",3351100
6.6,-0.08,2800,"sd","13:43:49",3350100
6.6,-0.08,1000,"sd","13:43:49",3347300
6.61,-0.07,300,"bu","13:43:43",3346300
6.6,-0.08,500,"bu","13:43:18",3346000
6.6,-0.08,100,"bu","13:43:18",3345500
6.6,-0.08,10400,"bu","13:43:18",3345400
6.6,-0.08,500,"bu","13:43:18",3335000
6.6,-0.08,400,"bu","13:43:15",3334500
6.6,-0.08,100,"bu","13:43:13",3334100
6.6,-0.08,100,"bu","13:43:11",3334000
6.6,-0.08,900,"bu","13:43:08",3333900
6.59,-0.09,100,"bu","13:43:08",3333000
6.59,-0.09,500,"sd","13:43:06",3332900
6.59,-0.09,1000,"sd","13:43:06",3332400
6.59,-0.09,100,"sd","13:43:06",3331400
6.59,-0.09,300,"sd","13:43:06",3331300
6.6,-0.08,4000,"bu","13:43:01",3331000
6.6,-0.08,1000,"bu","13:43:00",3327000
6.6,-0.08,100,"bu","13:42:56",3326000
6.59,-0.09,800,"sd","13:42:54",3325900
6.59,-0.09,1200,"sd","13:42:54",3325100
6.6,-0.08,2000,"bu","13:42:43",3323900
6.6,-0.08,2000,"bu","13:42:37",3321900
6.6,-0.08,2200,"bu","13:42:35",3319900
6.6,-0.08,2200,"bu","13:42:30",3317700
6.6,-0.08,1000,"bu","13:42:20",3315500
6.6,-0.08,3100,"bu","13:42:05",3314500
6.6,-0.08,5000,"bu","13:42:05",3311400
6.6,-0.08,1900,"bu","13:42:05",3306400
6.6,-0.08,100,"bu","13:42:05",3304500
6.6,-0.08,3000,"sd","13:41:52",3304400
6.6,-0.08,12000,"bu","13:41:47",3301400
6.6,-0.08,400,"bu","13:41:45",3289400
6.6,-0.08,1500,"bu","13:41:42",3289000
6.6,-0.08,1000,"sd","13:41:38",3287500
6.6,-0.08,1000,"sd","13:41:38",3286500
6.6,-0.08,800,"sd","13:41:38",3285500
6.6,-0.08,3000,"sd","13:41:38",3284700
6.6,-0.08,100,"sd","13:41:38",3281700
6.6,-0.08,200,"sd","13:41:38",3281600
6.6,-0.08,200,"unknown","13:41:15",3281400
6.59,-0.09,900,"sd","13:41:13",3281200
6.59,-0.09,100,"sd","13:41:13",3280300
6.59,-0.09,100,"sd","13:41:13",3280200
6.59,-0.09,600,"sd","13:41:13",3280100
6.59,-0.09,10000,"sd","13:41:13",3279500
6.59,-0.09,500,"sd","13:41:13",3269500
6.6,-0.08,800,"bu","13:41:12",3269000
6.6,-0.08,300,"bu","13:41:12",3268200
6.6,-0.08,1000,"bu","13:41:07",3267900
6.6,-0.08,1000,"bu","13:41:04",3266900
6.6,-0.08,500,"bu","13:41:00",3265900
6.6,-0.08,1000,"bu","13:40:59",3265400
6.6,-0.08,1000,"bu","13:40:58",3264400
6.6,-0.08,200,"bu","13:40:56",3263400
6.6,-0.08,800,"bu","13:40:56",3263200
6.6,-0.08,1000,"bu","13:40:54",3262400
6.6,-0.08,200,"bu","13:40:49",3261400
6.6,-0.08,800,"bu","13:40:49",3261200
6.6,-0.08,1000,"bu","13:40:37",3260400
6.6,-0.08,3200,"bu","13:40:15",3259400
6.6,-0.08,2100,"bu","13:40:15",3256200
6.6,-0.08,500,"bu","13:40:15",3254100
6.6,-0.08,100,"bu","13:40:15",3253600
6.6,-0.08,100,"bu","13:40:15",3253500
6.6,-0.08,4400,"bu","13:40:15",3253400
6.6,-0.08,15600,"bu","13:40:15",3249000
6.59,-0.09,500,"bu","13:40:04",3233400
6.59,-0.09,600,"bu","13:39:39",3232900
6.59,-0.09,300,"bu","13:39:34",3232300
6.59,-0.09,5000,"bu","13:39:32",3232000
6.59,-0.09,3000,"bu","13:39:23",3227000
6.59,-0.09,100,"bu","13:39:20",3224000
6.59,-0.09,500,"bu","13:39:18",3223900
6.59,-0.09,2500,"bu","13:39:18",3223400
6.59,-0.09,7500,"bu","13:39:09",3220900
6.59,-0.09,2500,"bu","13:39:09",3213400
6.59,-0.09,200,"bu","13:39:03",3210900
6.58,-0.1,4100,"sd","13:38:51",3210700
6.58,-0.1,600,"bu","13:38:21",3206600
6.58,-0.1,2000,"bu","13:38:19",3206000
6.58,-0.1,3000,"bu","13:38:10",3204000
6.58,-0.1,100,"bu","13:38:09",3201000
6.58,-0.1,200,"sd","13:37:57",3200900
6.58,-0.1,10000,"sd","13:37:57",3200700
6.58,-0.1,600,"sd","13:37:57",3190700
6.58,-0.1,5000,"sd","13:37:57",3190100
6.58,-0.1,500,"sd","13:37:57",3185100
6.58,-0.1,200,"sd","13:37:57",3184600
6.59,-0.09,200,"bu","13:37:45",3184400
6.59,-0.09,2000,"bu","13:37:32",3184200
6.59,-0.09,10000,"bu","13:37:32",3182200
6.59,-0.09,1500,"bu","13:37:32",3172200
6.59,-0.09,3500,"sd","13:37:32",3170700
6.59,-0.09,100,"sd","13:37:32",3167200
6.6,-0.08,4400,"bu","13:37:27",3167100
6.6,-0.08,600,"bu","13:37:27",3162700
6.6,-0.08,300,"bu","13:37:05",3162100
6.6,-0.08,1700,"bu","13:37:05",3161800
6.59,-0.09,1000,"sd","13:37:04",3160100
6.6,-0.08,5000,"bu","13:37:02",3159100
6.6,-0.08,500,"bu","13:36:45",3154100
6.59,-0.09,2500,"sd","13:36:27",3153600
6.6,-0.08,600,"bu","13:36:13",3151100
6.59,-0.09,1400,"bu","13:36:13",3150500
6.59,-0.09,200,"sd","13:36:03",3149100
6.59,-0.09,500,"sd","13:35:28",3148900
6.6,-0.08,100,"bu","13:35:19",3148400
6.58,-0.1,1000,"sd","13:34:53",3148300
6.59,-0.09,3000,"unknown","13:34:53",3147300
6.59,-0.09,5000,"bu","13:34:40",3144300
6.59,-0.09,200,"bu","13:34:40",3139300
6.59,-0.09,1800,"bu","13:34:40",3139100
6.59,-0.09,200,"bu","13:34:32",3137300
6.58,-0.1,800,"bu","13:34:29",3137100
6.58,-0.1,1200,"bu","13:34:25",3136300
6.58,-0.1,8800,"bu","13:34:25",3135100
6.58,-0.1,100,"bu","13:34:19",3126300
6.58,-0.1,5000,"bu","13:34:08",3126200
6.58,-0.1,5000,"bu","13:34:08",3121200
6.58,-0.1,100,"bu","13:34:08",3116200
6.58,-0.1,200,"bu","13:34:08",3116100
6.58,-0.1,100,"bu","13:34:08",3115900
6.58,-0.1,1800,"bu","13:34:08",3115800
6.58,-0.1,4600,"sd","13:33:59",3114000
6.58,-0.1,300,"sd","13:33:59",3109400
6.58,-0.1,100,"sd","13:33:59",3109100
6.59,-0.09,400,"bu","13:33:58",3109000
6.59,-0.09,300,"bu","13:33:52",3108600
6.58,-0.1,100,"sd","13:33:49",3108300
6.59,-0.09,2800,"bu","13:33:38",3108200
6.59,-0.09,200,"bu","13:33:33",3105400
6.59,-0.09,300,"bu","13:33:28",3105200
6.59,-0.09,500,"bu","13:33:08",3104900
6.59,-0.09,100,"bu","13:32:54",3104400
6.59,-0.09,800,"bu","13:32:50",3104300
6.59,-0.09,2600,"bu","13:32:49",3103500
6.59,-0.09,400,"bu","13:32:49",3100900
6.59,-0.09,100,"sd","13:32:29",3100500
6.59,-0.09,700,"sd","13:32:28",3100400
6.59,-0.09,700,"sd","13:32:28",3099700
6.59,-0.09,3100,"sd","13:32:28",3099000
6.59,-0.09,1900,"bu","13:31:49",3095900
6.59,-0.09,100,"bu","13:31:46",3094000
6.59,-0.09,9500,"bu","13:31:46",3093900
6.59,-0.09,500,"bu","13:31:22",3084400
6.59,-0.09,300,"sd","13:31:15",3083900
6.59,-0.09,1600,"sd","13:31:15",3083600
6.59,-0.09,1100,"sd","13:31:15",3082000
6.6,-0.08,200,"bu","13:30:59",3080900
6.6,-0.08,500,"bu","13:30:46",3080700
6.6,-0.08,100,"bu","13:30:40",3080200
6.59,-0.09,1900,"bu","13:30:30",3080100
6.59,-0.09,100,"bu","13:30:24",3078200
6.59,-0.09,100,"bu","13:30:22",3078100
6.59,-0.09,900,"bu","13:30:22",3078000
6.59,-0.09,200,"bu","13:30:22",3077100
6.59,-0.09,5000,"bu","13:30:21",3076900
6.59,-0.09,800,"bu","13:30:16",3071900
6.58,-0.1,400,"sd","13:30:15",3071100
6.58,-0.1,100,"sd","13:30:15",3070700
6.59,-0.09,300,"bu","13:30:14",3070600
6.59,-0.09,4500,"bu","13:30:11",3070300
6.59,-0.09,100,"bu","13:30:09",3065800
6.59,-0.09,100,"bu","13:29:58",3065700
6.58,-0.1,4300,"bu","13:29:48",3065600
6.58,-0.1,500,"bu","13:29:36",3061300
6.58,-0.1,200,"bu","13:29:33",3060800
6.58,-0.1,4800,"bu","13:29:33",3060600
6.57,-0.11,300,"sd","13:29:30",3055800
6.58,-0.1,200,"bu","13:29:30",3055500
6.58,-0.1,4000,"bu","13:29:24",3055300
6.58,-0.1,1000,"bu","13:29:10",3051300
6.58,-0.1,500,"bu","13:29:09",3050300
6.58,-0.1,500,"bu","13:29:09",3049800
6.58,-0.1,300,"bu","13:28:49",3049300
6.58,-0.1,5000,"bu","13:28:41",3049000
6.57,-0.11,2900,"bu","13:28:26",3044000
6.57,-0.11,100,"bu","13:28:26",3041100
6.57,-0.11,100,"bu","13:28:11",3041000
6.57,-0.11,300,"sd","13:28:04",3040900
6.58,-0.1,200,"bu","13:27:58",3040600
6.57,-0.11,300,"bu","13:27:43",3040400
6.57,-0.11,200,"bu","13:27:43",3040100
6.57,-0.11,2000,"bu","13:27:43",3039900
6.56,-0.12,900,"sd","13:27:07",3037900
6.56,-0.12,100,"sd","13:27:07",3037000
6.56,-0.12,200,"sd","13:27:07",3036900
6.56,-0.12,1000,"sd","13:27:07",3036700
6.56,-0.12,1000,"sd","13:27:07",3035700
6.56,-0.12,100,"sd","13:27:07",3034700
6.56,-0.12,200,"sd","13:27:07",3034600
6.56,-0.12,300,"sd","13:27:07",3034400
6.57,-0.11,900,"sd","13:26:51",3034100
6.57,-0.11,100,"unknown","13:26:37",3033200
6.57,-0.11,1200,"sd","13:26:16",3033100
6.57,-0.11,800,"sd","13:26:12",3031900
6.57,-0.11,600,"sd","13:25:52",3031100
6.57,-0.11,400,"sd","13:25:48",3030500
6.6,-0.08,400,"bu","13:25:16",3030100
6.59,-0.09,300,"bu","13:25:16",3029700
6.58,-0.1,500,"sd","13:25:09",3029400
6.6,-0.08,100,"bu","13:24:20",3028900
6.6,-0.08,400,"bu","13:24:20",3028800
6.6,-0.08,20000,"bu","13:24:20",3028400
6.6,-0.08,100,"bu","13:24:20",3008400
6.6,-0.08,9500,"bu","13:24:20",3008300
6.59,-0.09,1000,"bu","13:24:20",2998800
6.55,-0.13,18900,"bu","13:24:20",2997800
6.55,-0.13,1000,"sd","13:23:50",2978900
6.55,-0.13,100,"sd","13:23:50",2977900
6.55,-0.13,200,"sd","13:23:50",2977800
6.55,-0.13,1500,"sd","13:23:50",2977600
6.56,-0.12,3500,"sd","13:23:50",2976100
6.55,-0.13,1000,"sd","13:23:50",2972600
6.56,-0.12,500,"sd","13:23:50",2971600
6.55,-0.13,500,"sd","13:23:50",2971100
6.56,-0.12,1000,"sd","13:23:50",2970600
6.55,-0.13,200,"sd","13:23:50",2969600
6.56,-0.12,300,"sd","13:23:50",2969400
6.56,-0.12,100,"sd","13:23:50",2969100
6.56,-0.12,17100,"sd","13:23:50",2969000
6.57,-0.11,500,"sd","13:23:50",2951900
6.55,-0.13,300,"sd","13:23:50",2951400
6.56,-0.12,1000,"sd","13:23:50",2951100
6.55,-0.13,300,"sd","13:23:50",2950100
6.57,-0.11,3500,"sd","13:23:50",2949800
6.55,-0.13,1000,"sd","13:23:50",2946300
6.56,-0.12,200,"sd","13:23:50",2945300
6.55,-0.13,100,"sd","13:23:50",2945100
6.56,-0.12,600,"sd","13:23:50",2945000
6.57,-0.11,200,"sd","13:23:50",2944400
6.55,-0.13,100,"sd","13:23:50",2944200
6.56,-0.12,2200,"sd","13:23:50",2944100
6.57,-0.11,1000,"sd","13:23:50",2941900
6.55,-0.13,3500,"sd","13:23:50",2940900
6.55,-0.13,100,"sd","13:23:50",2937400
6.56,-0.12,10600,"sd","13:23:50",2937300
6.55,-0.13,1000,"sd","13:23:50",2926700
6.56,-0.12,1500,"sd","13:23:50",2925700
6.56,-0.12,49000,"sd","13:23:50",2924200
6.55,-0.13,35100,"sd","13:23:50",2875200
6.57,-0.11,500,"sd","13:23:50",2840100
6.56,-0.12,500,"sd","13:23:50",2839600
6.55,-0.13,10000,"sd","13:23:50",2839100
6.57,-0.11,8400,"sd","13:23:50",2829100
6.56,-0.12,100,"sd","13:23:50",2820700
6.55,-0.13,3000,"sd","13:23:50",2820600
6.55,-0.13,2000,"sd","13:23:50",2817600
6.58,-0.1,1600,"sd","13:23:50",2815600
6.55,-0.13,300,"sd","13:23:50",2814000
6.55,-0.13,2500,"sd","13:23:50",2813700
6.55,-0.13,800,"sd","13:23:50",2811200
6.58,-0.1,200,"sd","13:23:50",2810400
6.55,-0.13,200,"sd","13:23:50",2810200
6.55,-0.13,300,"sd","13:23:50",2810000
6.56,-0.12,500,"sd","13:23:50",2809700
6.58,-0.1,500,"sd","13:23:50",2809200
6.56,-0.12,300,"sd","13:23:50",2808700
6.58,-0.1,100,"sd","13:23:50",2808400
6.55,-0.13,100,"sd","13:23:50",2808300
6.55,-0.13,4100,"sd","13:23:50",2808200
6.56,-0.12,1000,"sd","13:23:50",2804100
6.55,-0.13,100,"sd","13:23:50",2803000
6.58,-0.1,100,"sd","13:23:50",2803100
6.56,-0.12,100,"sd","13:23:50",2802900
6.56,-0.12,2000,"sd","13:23:50",2802800
6.58,-0.1,100,"sd","13:23:50",2800800
6.56,-0.12,100,"sd","13:23:50",2800700
6.58,-0.1,600,"sd","13:23:50",2800600
6.56,-0.12,2000,"sd","13:23:50",2800000
6.58,-0.1,200,"sd","13:23:50",2798000
6.6,-0.08,5000,"bu","13:23:12",2797800
6.58,-0.1,800,"sd","13:23:03",2792800
6.58,-0.1,100,"sd","13:23:03",2792000
6.58,-0.1,2500,"sd","13:23:03",2791900
6.58,-0.1,7500,"bu","13:22:24",2789400
6.58,-0.1,100,"sd","13:22:17",2781900
6.58,-0.1,2400,"sd","13:22:17",2781800
6.58,-0.1,200,"sd","13:22:04",2779400
6.58,-0.1,10000,"bu","13:22:03",2779200
6.58,-0.1,3200,"bu","13:22:03",2769200
6.58,-0.1,2200,"bu","13:22:03",2766000
6.58,-0.1,1000,"bu","13:22:01",2763800
6.57,-0.11,1200,"sd","13:21:58",2762800
6.57,-0.11,500,"sd","13:21:58",2761600
6.57,-0.11,100,"sd","13:21:58",2761100
6.57,-0.11,100,"sd","13:21:58",2761000
6.57,-0.11,2000,"sd","13:21:58",2760900
6.57,-0.11,500,"sd","13:21:58",2758900
6.57,-0.11,600,"sd","13:21:58",2758400
6.58,-0.1,1600,"bu","13:21:56",2757800
6.57,-0.11,300,"sd","13:21:56",2756200
6.57,-0.11,100,"sd","13:21:40",2755900
6.57,-0.11,200,"sd","13:21:40",2755800
6.57,-0.11,1000,"sd","13:21:40",2755600
6.57,-0.11,500,"sd","13:21:40",2754600
6.57,-0.11,300,"sd","13:21:40",2754100
6.57,-0.11,8400,"sd","13:21:40",2753800
6.57,-0.11,100,"sd","13:21:40",2745400
6.57,-0.11,4600,"sd","13:21:40",2745300
6.57,-0.11,1400,"sd","13:21:21",2740700
6.57,-0.11,100,"sd","13:21:21",2739300
6.57,-0.11,2000,"sd","13:21:21",2739200
6.58,-0.1,200,"bu","13:21:10",2737200
6.58,-0.1,300,"bu","13:21:07",2737000
6.58,-0.1,200,"bu","13:21:02",2736700
6.58,-0.1,500,"bu","13:20:56",2736500
6.58,-0.1,100,"bu","13:20:54",2736000
6.58,-0.1,500,"bu","13:20:49",2735900
6.58,-0.1,200,"bu","13:20:41",2735400
6.58,-0.1,100,"bu","13:20:24",2735200
6.58,-0.1,5000,"bu","13:20:21",2735100
6.58,-0.1,1000,"bu","13:20:19",2730100
6.58,-0.1,200,"sd","13:20:15",2729100
6.58,-0.1,1200,"sd","13:20:15",2728900
6.58,-0.1,100,"sd","13:20:15",2727700
6.58,-0.1,1000,"sd","13:20:15",2727600
6.58,-0.1,200,"sd","13:20:15",2726600
6.58,-0.1,200,"sd","13:20:15",2726400
6.58,-0.1,200,"sd","13:20:15",2726200
6.58,-0.1,5400,"sd","13:20:15",2726000
6.58,-0.1,700,"sd","13:20:15",2720600
6.58,-0.1,2600,"sd","13:20:14",2719900
6.58,-0.1,200,"sd","13:20:14",2717300
6.58,-0.1,400,"sd","13:20:14",2717100
6.58,-0.1,200,"sd","13:20:14",2716700
6.58,-0.1,100,"sd","13:20:14",2716500
6.58,-0.1,1800,"sd","13:20:14",2716400
6.58,-0.1,400,"sd","13:20:14",2714600
6.58,-0.1,500,"sd","13:20:14",2714200
6.58,-0.1,800,"sd","13:20:14",2713700
6.58,-0.1,500,"sd","13:20:14",2712900
6.58,-0.1,100,"sd","13:20:14",2712400
6.58,-0.1,1200,"sd","13:20:14",2712300
6.58,-0.1,100,"sd","13:20:13",2711100
6.58,-0.1,1000,"sd","13:20:13",2711000
6.58,-0.1,900,"sd","13:20:13",2710000
6.58,-0.1,100,"sd","13:20:13",2709100
6.58,-0.1,1000,"sd","13:20:13",2709000
6.58,-0.1,2000,"sd","13:20:13",2708000
6.58,-0.1,6100,"sd","13:20:13",2706000
6.6,-0.08,100,"bu","13:20:02",2699900
6.59,-0.09,200,"sd","13:19:55",2699800
6.6,-0.08,2600,"bu","13:19:54",2699600
6.6,-0.08,3000,"bu","13:19:44",2697000
6.58,-0.1,500,"sd","13:19:25",2694000
6.58,-0.1,1000,"sd","13:18:56",2693500
6.58,-0.1,500,"sd","13:18:55",2692500
6.58,-0.1,100,"sd","13:18:49",2692000
6.58,-0.1,200,"sd","13:18:30",2691900
6.58,-0.1,500,"sd","13:18:29",2691700
6.58,-0.1,7900,"sd","13:18:10",2691200
6.58,-0.1,200,"sd","13:18:10",2683300
6.58,-0.1,1000,"sd","13:18:10",2683100
6.58,-0.1,200,"sd","13:17:50",2682100
6.58,-0.1,18800,"sd","13:17:11",2681900
6.58,-0.1,5000,"sd","13:17:11",2663100
6.58,-0.1,1000,"sd","13:17:11",2658100
6.58,-0.1,100,"sd","13:17:11",2657100
6.58,-0.1,10000,"sd","13:17:11",2657000
6.58,-0.1,300,"sd","13:17:11",2647000
6.58,-0.1,100,"sd","13:17:11",2646700
6.58,-0.1,200,"sd","13:17:11",2646600
6.58,-0.1,500,"sd","13:17:11",2646400
6.58,-0.1,300,"sd","13:17:11",2645900
6.58,-0.1,1000,"sd","13:17:11",2645600
6.58,-0.1,800,"sd","13:17:11",2644600
6.59,-0.09,20000,"bu","13:17:09",2643800
6.59,-0.09,800,"sd","13:17:00",2623800
6.59,-0.09,25300,"sd","13:17:00",2623000
6.6,-0.08,2000,"bu","13:16:46",2597700
6.6,-0.08,100,"bu","13:16:35",2595700
6.6,-0.08,100,"bu","13:16:25",2595600
6.6,-0.08,300,"bu","13:16:16",2595500
6.6,-0.08,400,"sd","13:16:13",2595200
6.6,-0.08,100,"sd","13:16:13",2594800
6.6,-0.08,500,"sd","13:16:13",2594700
6.6,-0.08,100,"sd","13:16:13",2594200
6.6,-0.08,5000,"sd","13:16:13",2594100
6.6,-0.08,400,"sd","13:16:13",2589100
6.6,-0.08,800,"sd","13:16:13",2588700
6.6,-0.08,800,"sd","13:16:12",2587900
6.61,-0.07,1700,"sd","13:16:12",2587100
6.61,-0.07,700,"sd","13:16:12",2585400
6.6,-0.08,9200,"sd","13:16:12",2584700
6.6,-0.08,2000,"sd","13:16:12",2575500
6.6,-0.08,300,"sd","13:16:12",2573500
6.6,-0.08,300,"sd","13:16:12",2573200
6.61,-0.07,300,"sd","13:16:12",2572900
6.6,-0.08,4000,"sd","13:16:12",2572600
6.6,-0.08,5000,"sd","13:16:12",2568600
6.62,-0.06,200,"sd","13:15:38",2563600
6.62,-0.06,3100,"sd","13:15:38",2563400
6.62,-0.06,100,"sd","13:15:25",2560300
6.62,-0.06,500,"bu","13:15:10",2560200
6.62,-0.06,3000,"sd","13:15:04",2559700
6.62,-0.06,500,"sd","13:15:04",2556700
6.62,-0.06,1000,"sd","13:15:04",2556200
6.63,-0.05,2000,"bu","13:14:04",2555200
6.62,-0.06,1000,"sd","13:13:48",2553200
6.63,-0.05,2000,"bu","13:13:42",2552200
6.63,-0.05,100,"bu","13:13:19",2550200
6.61,-0.07,500,"sd","13:13:13",2550100
6.6,-0.08,200,"sd","13:12:49",2549600
6.6,-0.08,500,"sd","13:12:49",2549400
6.6,-0.08,1300,"sd","13:12:49",2548900
6.6,-0.08,300,"sd","13:12:45",2547600
6.6,-0.08,100,"sd","13:12:45",2547300
6.6,-0.08,100,"sd","13:12:45",2547200
6.6,-0.08,500,"bu","13:12:29",2547100
6.6,-0.08,500,"bu","13:12:29",2546600
6.6,-0.08,3000,"bu","13:12:29",2546100
6.6,-0.08,600,"bu","13:12:29",2543100
6.6,-0.08,300,"bu","13:12:29",2542500
6.6,-0.08,3700,"bu","13:12:28",2542200
6.6,-0.08,500,"bu","13:12:28",2538500
6.6,-0.08,800,"bu","13:12:28",2538000
6.6,-0.08,1300,"bu","13:12:24",2537200
6.6,-0.08,5000,"bu","13:12:24",2535900
6.6,-0.08,3700,"bu","13:12:24",2530900
6.6,-0.08,100,"bu","13:12:19",2527200
6.59,-0.09,1000,"bu","13:12:12",2527100
6.59,-0.09,10100,"bu","13:12:12",2526100
6.59,-0.09,11500,"bu","13:12:12",2516000
6.59,-0.09,2800,"bu","13:12:12",2504500
6.59,-0.09,9300,"bu","13:12:12",2501700
6.59,-0.09,10000,"bu","13:12:11",2492400
6.59,-0.09,100,"bu","13:12:09",2482400
6.59,-0.09,2700,"bu","13:12:09",2482300
6.59,-0.09,2600,"bu","13:12:09",2479600
6.59,-0.09,5300,"bu","13:12:09",2477000
6.59,-0.09,100,"bu","13:12:02",2471700
6.59,-0.09,800,"bu","13:12:02",2471600
6.59,-0.09,100,"bu","13:11:53",2470800
6.59,-0.09,100,"bu","13:11:36",2470700
6.59,-0.09,100,"bu","13:11:05",2470600
6.59,-0.09,200,"bu","13:11:01",2470500
6.59,-0.09,100,"bu","13:10:58",2470300
6.59,-0.09,900,"bu","13:10:58",2470200
6.59,-0.09,100,"bu","13:10:32",2469300
6.59,-0.09,500,"sd","13:10:25",2469200
6.59,-0.09,500,"bu","13:10:22",2468700
6.59,-0.09,500,"sd","13:10:06",2468200
6.58,-0.1,1600,"sd","13:10:01",2467700
6.58,-0.1,2600,"sd","13:09:33",2466100
6.58,-0.1,200,"sd","13:09:33",2463500
6.58,-0.1,2100,"sd","13:09:33",2463300
6.59,-0.09,100,"sd","13:09:33",2461200
6.59,-0.09,100,"sd","13:09:31",2461100
6.59,-0.09,300,"sd","13:09:24",2461000
6.59,-0.09,200,"sd","13:09:14",2460700
6.59,-0.09,2200,"sd","13:09:08",2460500
6.59,-0.09,10000,"sd","13:09:01",2458300
6.59,-0.09,8100,"sd","13:08:51",2448300
6.59,-0.09,10400,"bu","13:08:51",2440200
6.59,-0.09,1500,"bu","13:08:51",2429800
6.58,-0.1,7900,"sd","13:08:40",2428300
6.58,-0.1,2100,"sd","13:08:40",2420400
6.59,-0.09,100,"sd","13:08:35",2418300
6.59,-0.09,6000,"sd","13:08:11",2418200
6.59,-0.09,1600,"sd","13:08:04",2412200
6.59,-0.09,3400,"bu","13:07:58",2410600
6.59,-0.09,1000,"bu","13:07:51",2407200
6.59,-0.09,5000,"bu","13:07:47",2406200
6.59,-0.09,400,"bu","13:07:41",2401200
6.59,-0.09,200,"bu","13:07:39",2400800
6.58,-0.1,2900,"sd","13:07:15",2400600
6.58,-0.1,1000,"sd","13:07:15",2397700
6.58,-0.1,100,"sd","13:07:15",2396700
6.58,-0.1,1000,"sd","13:07:15",2396600
6.59,-0.09,3500,"sd","13:07:14",2395600
6.59,-0.09,1500,"sd","13:07:12",2392100
6.59,-0.09,1000,"sd","13:07:12",2390600
6.59,-0.09,100,"sd","13:07:12",2389600
6.59,-0.09,200,"sd","13:07:12",2389500
6.59,-0.09,4100,"sd","13:07:11",2389300
6.59,-0.09,1200,"sd","13:07:11",2385200
6.59,-0.09,5000,"sd","13:07:11",2384000
6.59,-0.09,1900,"sd","13:07:11",2379000
6.6,-0.08,1000,"bu","13:07:11",2377100
6.6,-0.08,300,"bu","13:07:05",2376100
6.6,-0.08,200,"bu","13:06:53",2375800
6.59,-0.09,100,"sd","13:06:41",2375600
6.6,-0.08,1900,"bu","13:06:40",2375500
6.6,-0.08,5000,"bu","13:06:34",2373600
6.6,-0.08,400,"sd","13:06:32",2368600
6.6,-0.08,500,"sd","13:06:32",2368200
6.6,-0.08,6900,"sd","13:06:32",2367700
6.6,-0.08,2500,"sd","13:06:29",2360800
6.6,-0.08,2000,"bu","13:06:14",2358300
6.6,-0.08,500,"bu","13:06:14",2356300
6.6,-0.08,1500,"bu","13:06:13",2355800
6.6,-0.08,500,"bu","13:06:13",2354300
6.6,-0.08,1000,"bu","13:06:11",2353800
6.6,-0.08,2000,"bu","13:06:10",2352800
6.6,-0.08,300,"sd","13:06:07",2350800
6.6,-0.08,2000,"sd","13:06:07",2350500
6.6,-0.08,1200,"sd","13:06:07",2348500
6.6,-0.08,3800,"sd","13:06:05",2347300
6.6,-0.08,1000,"sd","13:06:05",2343500
6.6,-0.08,200,"sd","13:06:05",2342500
6.6,-0.08,2000,"sd","13:06:05",2342300
6.6,-0.08,100,"sd","13:05:51",2340300
6.6,-0.08,500,"sd","13:05:29",2340200
6.6,-0.08,600,"sd","13:05:29",2339700
6.6,-0.08,300,"sd","13:05:29",2339100
6.6,-0.08,600,"sd","13:05:29",2338800
6.6,-0.08,49400,"sd","13:05:22",2338200
6.6,-0.08,600,"sd","13:05:22",2288800
6.6,-0.08,1000,"sd","13:05:08",2288200
6.6,-0.08,8400,"sd","13:05:02",2287200
6.6,-0.08,7300,"sd","13:05:02",2278800
6.6,-0.08,300,"sd","13:05:02",2271500
6.63,-0.05,100,"bu","13:04:49",2271200
6.6,-0.08,1300,"sd","13:04:39",2271100
6.6,-0.08,3400,"sd","13:04:03",2269800
6.6,-0.08,600,"sd","13:04:03",2266400
6.6,-0.08,4000,"sd","13:03:55",2265800
6.6,-0.08,1200,"sd","13:03:52",2261800
6.6,-0.08,200,"bu","13:03:45",2260600
6.6,-0.08,1000,"bu","13:03:45",2260400
6.6,-0.08,3000,"bu","13:03:45",2259400
6.59,-0.09,3000,"sd","13:03:43",2256400
6.59,-0.09,2700,"sd","13:03:43",2253400
6.6,-0.08,1000,"sd","13:03:30",2250700
6.6,-0.08,900,"sd","13:03:30",2249700
6.6,-0.08,5100,"sd","13:03:30",2248800
6.6,-0.08,900,"sd","13:03:27",2243700
6.6,-0.08,100,"sd","13:03:27",2242800
6.6,-0.08,400,"sd","13:03:27",2242700
6.6,-0.08,1000,"sd","13:03:17",2242300
6.63,-0.05,700,"bu","13:02:58",2241300
6.6,-0.08,8600,"sd","13:02:43",2240600
6.6,-0.08,200,"sd","13:02:43",2232000
6.6,-0.08,600,"sd","13:02:43",2231800
6.6,-0.08,200,"sd","13:02:43",2231200
6.6,-0.08,300,"sd","13:02:43",2231000
6.6,-0.08,100,"sd","13:02:43",2230700
6.6,-0.08,200,"sd","13:02:38",2230600
6.64,-0.04,8100,"bu","13:02:05",2230400
6.65,-0.03,2400,"bu","13:01:33",2222300
6.65,-0.03,200,"bu","13:01:33",2219900
6.64,-0.04,2400,"bu","13:01:33",2219700
6.6,-0.08,19700,"sd","13:01:23",2217300
6.6,-0.08,2000,"sd","13:01:23",2197600
6.6,-0.08,200,"sd","13:01:23",2195600
6.6,-0.08,300,"sd","13:01:23",2195400
6.6,-0.08,300,"sd","13:01:23",2195100
6.6,-0.08,100,"sd","13:01:23",2194800
6.6,-0.08,100,"sd","13:01:23",2194700
6.6,-0.08,200,"sd","13:01:23",2194600
6.6,-0.08,1500,"sd","13:01:23",2194400
6.6,-0.08,2000,"sd","13:01:23",2192900
6.6,-0.08,10000,"sd","13:01:23",2190900
6.6,-0.08,100,"sd","13:01:23",2180900
6.6,-0.08,6000,"sd","13:01:23",2180800
6.6,-0.08,100,"sd","13:01:23",2174800
6.6,-0.08,2000,"sd","13:01:23",2174700
6.6,-0.08,1000,"sd","13:01:23",2172700
6.6,-0.08,500,"sd","13:01:23",2171700
6.6,-0.08,100,"sd","13:01:23",2171200
6.6,-0.08,1900,"sd","13:01:23",2171100
6.61,-0.07,500,"sd","13:01:23",2169200
6.61,-0.07,5000,"sd","13:01:23",2168700
6.61,-0.07,4500,"sd","13:01:23",2163700
6.62,-0.06,1900,"sd","13:01:23",2159200
6.64,-0.04,6900,"bu","13:01:22",2157300
6.63,-0.05,100,"bu","13:01:22",2150400
6.63,-0.05,3000,"bu","13:01:22",2150300
6.63,-0.05,100,"bu","13:01:03",2147300
6.63,-0.05,100,"bu","13:00:57",2147200
6.61,-0.07,200,"sd","13:00:30",2147100
6.61,-0.07,500,"sd","13:00:16",2146900
6.63,-0.05,600,"bu","13:00:09",2146400
6.6,-0.08,100,"sd","13:00:09",2145800
6.63,-0.05,1900,"sd","13:00:07",2145700
6.64,-0.04,100,"bu","13:00:07",2143800
6.63,-0.05,1000,"sd","13:00:06",2143700
6.63,-0.05,100,"sd","13:00:06",2142700
6.64,-0.04,100,"bu","13:00:05",2142600
6.63,-0.05,100,"unknown","13:00:05",2142500
6.6,-0.08,13400,"sd","13:00:04",2142400
6.61,-0.07,400,"sd","13:00:04",2129000
6.61,-0.07,1500,"sd","13:00:04",2128600
6.62,-0.06,100,"sd","13:00:04",2127100
6.64,-0.04,2500,"bu","13:00:04",2127000
6.63,-0.05,200,"sd","13:00:03",2124500
6.63,-0.05,1000,"sd","13:00:03",2124300
6.63,-0.05,200,"sd","13:00:03",2123300
6.63,-0.05,1400,"sd","13:00:03",2123100
6.63,-0.05,400,"sd","13:00:03",2121700
6.63,-0.05,1200,"sd","13:00:03",2121300
6.63,-0.05,300,"sd","13:00:02",2120100
6.62,-0.06,1000,"unknown","13:00:02",2119800
6.6,-0.08,100,"sd","13:00:02",2118800
6.6,-0.08,100,"sd","13:00:02",2118700
6.6,-0.08,100,"bu","11:29:56",2118600
6.6,-0.08,2000,"bu","11:29:56",2118500
6.6,-0.08,300,"bu","11:29:56",2116500
6.6,-0.08,10000,"bu","11:29:41",2116200
6.6,-0.08,100,"bu","11:29:32",2106200
6.59,-0.09,7300,"sd","11:29:31",2106100
6.59,-0.09,800,"sd","11:29:31",2098800
6.59,-0.09,100,"sd","11:29:31",2098000
6.59,-0.09,200,"sd","11:29:31",2097900
6.59,-0.09,1000,"sd","11:29:31",2097700
6.59,-0.09,400,"sd","11:29:31",2096700
6.59,-0.09,1000,"sd","11:29:31",2096300
6.6,-0.08,1700,"bu","11:29:24",2095300
6.6,-0.08,1000,"bu","11:29:22",2093600
6.6,-0.08,100,"sd","11:28:45",2092600
6.6,-0.08,1000,"sd","11:28:45",2092500
6.6,-0.08,100,"sd","11:28:45",2091500
6.6,-0.08,200,"sd","11:28:45",2091400
6.6,-0.08,5300,"sd","11:28:45",2091200
6.61,-0.07,200,"sd","11:28:45",2085900
6.6,-0.08,4700,"sd","11:28:25",2085700
6.6,-0.08,100,"sd","11:28:25",2081000
6.6,-0.08,200,"sd","11:28:25",2080900
6.6,-0.08,300,"bu","11:27:59",2080700
6.6,-0.08,1000,"bu","11:27:53",2080400
6.6,-0.08,100,"bu","11:27:38",2079400
6.6,-0.08,100,"sd","11:27:20",2079300
6.6,-0.08,1000,"sd","11:27:03",2079200
6.6,-0.08,1500,"sd","11:27:03",2078200
6.6,-0.08,1000,"sd","11:27:03",2076700
6.6,-0.08,300,"sd","11:27:03",2075700
6.6,-0.08,200,"sd","11:27:03",2075400
6.6,-0.08,200,"sd","11:27:03",2075200
6.61,-0.07,1000,"sd","11:26:48",2075000
6.61,-0.07,2000,"sd","11:26:48",2074000
6.61,-0.07,2000,"sd","11:26:48",2072000
6.62,-0.06,1000,"sd","11:26:48",2070000
6.63,-0.05,100,"bu","11:26:23",2069000
6.63,-0.05,1200,"bu","11:26:05",2068900
6.63,-0.05,500,"bu","11:26:05",2067700
6.63,-0.05,300,"bu","11:26:05",2067200
6.61,-0.07,100,"sd","11:25:57",2066900
6.61,-0.07,2800,"bu","11:25:31",2066800
6.61,-0.07,300,"bu","11:25:14",2064000
6.61,-0.07,1000,"sd","11:25:13",2063700
6.61,-0.07,900,"sd","11:25:13",2062700
6.61,-0.07,100,"sd","11:24:46",2061800
6.63,-0.05,100,"sd","11:24:46",2061700
6.63,-0.05,1400,"bu","11:24:32",2061600
6.6,-0.08,9800,"sd","11:24:17",2060200
6.6,-0.08,2700,"sd","11:24:17",2050400
6.6,-0.08,500,"sd","11:24:17",2047700
6.6,-0.08,1100,"sd","11:24:17",2047200
6.6,-0.08,200,"sd","11:24:17",2046100
6.6,-0.08,300,"sd","11:24:17",2045900
6.6,-0.08,400,"sd","11:24:17",2045600
6.6,-0.08,8600,"sd","11:24:13",2045200
6.61,-0.07,1400,"sd","11:24:13",2036600
6.6,-0.08,4800,"sd","11:24:00",2035200
6.61,-0.07,200,"sd","11:23:43",2030400
6.6,-0.08,300,"sd","11:22:55",2030200
6.6,-0.08,500,"bu","11:22:45",2029900
6.6,-0.08,15400,"bu","11:22:45",2029400
6.6,-0.08,3000,"bu","11:22:42",2014000
6.6,-0.08,500,"bu","11:22:41",2011000
6.6,-0.08,10000,"bu","11:22:41",2010500
6.6,-0.08,300,"bu","11:22:28",2000500
6.6,-0.08,800,"bu","11:22:27",2000200
6.6,-0.08,600,"bu","11:22:27",1999400
6.6,-0.08,1600,"bu","11:22:27",1998800
6.6,-0.08,1600,"bu","11:22:11",1997200
6.6,-0.08,2000,"bu","11:22:03",1995600
6.6,-0.08,500,"bu","11:21:56",1993600
6.6,-0.08,1000,"bu","11:21:29",1993100
6.6,-0.08,200,"bu","11:21:17",1992100
6.6,-0.08,100,"bu","11:21:11",1991900
6.6,-0.08,1900,"bu","11:21:11",1991800
6.6,-0.08,100,"bu","11:21:11",1989900
6.6,-0.08,100,"bu","11:21:11",1989800
6.6,-0.08,200,"bu","11:21:06",1989700
6.6,-0.08,200,"bu","11:20:49",1989500
6.6,-0.08,100,"bu","11:20:43",1989300
6.6,-0.08,100,"bu","11:20:24",1989200
6.6,-0.08,100,"bu","11:20:15",1989100
6.6,-0.08,1500,"bu","11:20:03",1989000
6.6,-0.08,500,"bu","11:19:54",1987500
6.6,-0.08,200,"bu","11:19:39",1987000
6.6,-0.08,5000,"sd","11:19:30",1986800
6.6,-0.08,2700,"sd","11:19:30",1981800
6.6,-0.08,14000,"bu","11:18:25",1979100
6.6,-0.08,2000,"bu","11:18:14",1965100
6.56,-0.12,1300,"bu","11:17:49",1963100
6.56,-0.12,2900,"bu","11:17:48",1961800
6.56,-0.12,500,"bu","11:17:48",1958900
6.56,-0.12,100,"bu","11:17:47",1958400
6.56,-0.12,500,"bu","11:17:46",1958300
6.56,-0.12,200,"bu","11:17:45",1957800
6.56,-0.12,2000,"bu","11:17:38",1957600
6.56,-0.12,50000,"bu","11:17:35",1955600
6.56,-0.12,1000,"bu","11:17:33",1905600
6.56,-0.12,1400,"bu","11:17:19",1904600
6.56,-0.12,2000,"bu","11:17:05",1903200
6.56,-0.12,100,"sd","11:17:03",1901200
6.56,-0.12,100,"sd","11:17:03",1901100
6.56,-0.12,200,"sd","11:17:03",1901000
6.56,-0.12,300,"sd","11:17:03",1900800
6.56,-0.12,500,"sd","11:17:03",1900500
6.56,-0.12,300,"sd","11:17:03",1900000
6.56,-0.12,1000,"sd","11:17:03",1899700
6.56,-0.12,2000,"sd","11:17:03",1898700
6.56,-0.12,100,"sd","11:17:03",1896700
6.56,-0.12,100,"sd","11:17:03",1896600
6.56,-0.12,100,"sd","11:17:03",1896500
6.56,-0.12,1800,"sd","11:17:03",1896400
6.57,-0.11,300,"sd","11:17:03",1894600
6.56,-0.12,2000,"sd","11:17:03",1894300
6.57,-0.11,100,"sd","11:17:03",1892300
6.56,-0.12,100,"sd","11:17:03",1892200
6.57,-0.11,300,"sd","11:17:03",1892100
6.57,-0.11,1500,"sd","11:17:03",1891800
6.57,-0.11,700,"sd","11:17:03",1890300
6.57,-0.11,1000,"sd","11:17:03",1889600
6.57,-0.11,1100,"sd","11:17:03",1888600
6.57,-0.11,300,"sd","11:17:03",1887500
6.58,-0.1,100,"sd","11:17:03",1887200
6.57,-0.11,20000,"sd","11:17:03",1887100
6.58,-0.1,1000,"sd","11:17:03",1867100
6.57,-0.11,1000,"sd","11:17:03",1866100
6.57,-0.11,1000,"sd","11:17:03",1865100
6.57,-0.11,1000,"sd","11:17:03",1864100
6.58,-0.1,100,"sd","11:16:50",1863100
6.6,-0.08,5000,"sd","11:16:40",1863000
6.6,-0.08,100,"sd","11:16:40",1858000
6.6,-0.08,1300,"sd","11:16:40",1857900
6.6,-0.08,300,"sd","11:16:40",1856600
6.6,-0.08,2800,"sd","11:16:40",1856300
6.6,-0.08,2200,"sd","11:16:20",1853500
6.6,-0.08,100,"sd","11:16:20",1851300
6.6,-0.08,5000,"sd","11:16:20",1851200
6.6,-0.08,2700,"sd","11:16:20",1846200
6.63,-0.05,500,"bu","11:16:01",1843500
6.6,-0.08,300,"bu","11:15:08",1843000
6.6,-0.08,200,"bu","11:15:05",1842700
6.6,-0.08,1000,"bu","11:14:03",1842500
6.6,-0.08,2000,"bu","11:13:53",1841500
6.6,-0.08,500,"bu","11:13:22",1839500
6.6,-0.08,1000,"bu","11:13:22",1839000
6.6,-0.08,2700,"bu","11:13:21",1838000
6.6,-0.08,300,"bu","11:13:21",1835300
6.6,-0.08,100,"bu","11:12:51",1835000
6.58,-0.1,300,"bu","11:12:14",1834900
6.57,-0.11,1000,"sd","11:12:02",1834600
6.57,-0.11,900,"bu","11:11:57",1833600
6.57,-0.11,100,"bu","11:11:52",1832700
6.57,-0.11,100,"bu","11:11:51",1832600
6.57,-0.11,2000,"sd","11:11:49",1832500
6.57,-0.11,100,"sd","11:11:49",1830500
6.57,-0.11,100,"sd","11:11:49",1830400
6.57,-0.11,3000,"sd","11:11:49",1830300
6.57,-0.11,3000,"sd","11:11:49",1827300
6.57,-0.11,200,"sd","11:11:49",1824300
6.57,-0.11,100,"sd","11:11:49",1824100
6.57,-0.11,500,"sd","11:11:49",1824000
6.57,-0.11,300,"sd","11:11:49",1823500
6.57,-0.11,1700,"sd","11:11:35",1823200
6.57,-0.11,2000,"sd","11:11:35",1821500
6.57,-0.11,1000,"sd","11:11:35",1819500
6.57,-0.11,100,"sd","11:11:35",1818500
6.57,-0.11,100,"sd","11:11:35",1818400
6.57,-0.11,200,"sd","11:11:35",1818300
6.57,-0.11,1000,"sd","11:11:35",1818100
6.57,-0.11,9000,"sd","11:11:35",1817100
6.57,-0.11,200,"sd","11:11:35",1808100
6.57,-0.11,1000,"sd","11:11:35",1807900
6.57,-0.11,200,"sd","11:11:35",1806900
6.57,-0.11,5000,"sd","11:11:35",1806700
6.57,-0.11,200,"sd","11:11:35",1801700
6.57,-0.11,100,"sd","11:11:35",1801500
6.58,-0.1,500,"bu","11:11:12",1801400
6.58,-0.1,1400,"bu","11:11:00",1800900
6.58,-0.1,3600,"bu","11:11:00",1799500
6.58,-0.1,1000,"bu","11:10:55",1795900
6.58,-0.1,600,"bu","11:10:37",1794900
6.58,-0.1,2000,"bu","11:10:31",1794300
6.58,-0.1,500,"bu","11:10:31",1792300
6.58,-0.1,1000,"bu","11:10:23",1791800
6.58,-0.1,500,"bu","11:10:21",1790800
6.58,-0.1,1000,"bu","11:10:21",1790300
6.58,-0.1,2000,"sd","11:10:11",1789300
6.58,-0.1,1000,"sd","11:10:11",1787300
6.58,-0.1,600,"sd","11:10:11",1786300
6.58,-0.1,3000,"sd","11:10:11",1785700
6.58,-0.1,1000,"sd","11:10:11",1782700
6.6,-0.08,9600,"bu","11:09:46",1781700
6.6,-0.08,400,"bu","11:09:46",1772100
6.58,-0.1,9000,"sd","11:09:30",1771700
6.58,-0.1,7000,"sd","11:09:30",1762700
6.58,-0.1,2000,"sd","11:09:30",1755700
6.58,-0.1,1000,"sd","11:09:30",1753700
6.58,-0.1,500,"sd","11:09:30",1752700
6.58,-0.1,200,"sd","11:09:30",1752200
6.58,-0.1,200,"sd","11:09:30",1752000
6.58,-0.1,100,"sd","11:09:30",1751800
6.6,-0.08,500,"bu","11:08:54",1751700
6.6,-0.08,100,"bu","11:08:54",1751200
6.58,-0.1,2900,"sd","11:08:03",1751100
6.58,-0.1,3000,"sd","11:08:03",1748200
6.58,-0.1,500,"sd","11:08:03",1745200
6.58,-0.1,5000,"sd","11:08:03",1744700
6.58,-0.1,200,"sd","11:08:03",1739700
6.58,-0.1,1000,"sd","11:08:03",1739500
6.58,-0.1,200,"sd","11:08:03",1738500
6.58,-0.1,1000,"sd","11:08:03",1738300
6.58,-0.1,500,"sd","11:08:03",1737300
6.58,-0.1,500,"sd","11:08:03",1736800
6.58,-0.1,100,"sd","11:08:03",1736300
6.58,-0.1,400,"sd","11:08:03",1736200
6.58,-0.1,200,"sd","11:08:03",1735800
6.58,-0.1,10000,"sd","11:08:03",1735600
6.58,-0.1,6000,"sd","11:08:03",1725600
6.58,-0.1,100,"sd","11:08:03",1719600
6.58,-0.1,100,"sd","11:08:03",1719500
6.59,-0.09,5000,"sd","11:08:03",1719400
6.59,-0.09,200,"sd","11:08:03",1714400
6.59,-0.09,200,"sd","11:08:03",1714200
6.59,-0.09,500,"sd","11:08:03",1714000
6.59,-0.09,100,"sd","11:08:03",1713500
6.59,-0.09,3000,"sd","11:08:03",1713400
6.59,-0.09,3000,"sd","11:08:03",1710400
6.59,-0.09,100,"sd","11:08:03",1707400
6.6,-0.08,1000,"sd","11:08:03",1707300
6.59,-0.09,400,"sd","11:08:03",1706300
6.6,-0.08,1600,"sd","11:08:03",1705900
6.6,-0.08,200,"sd","11:08:03",1704300
6.6,-0.08,3000,"sd","11:08:03",1704100
6.6,-0.08,2900,"bu","11:07:03",1701100
6.6,-0.08,3000,"sd","11:07:02",1698200
6.6,-0.08,10000,"sd","11:07:02",1695200
6.6,-0.08,100,"sd","11:07:02",1685200
6.6,-0.08,3500,"sd","11:07:02",1685100
6.6,-0.08,300,"sd","11:07:02",1681600
6.6,-0.08,200,"sd","11:07:02",1681300
6.6,-0.08,200,"sd","11:06:22",1681100
6.6,-0.08,100,"bu","11:04:42",1680900
6.6,-0.08,2500,"bu","11:04:42",1680800
6.6,-0.08,100,"bu","11:04:40",1678300
6.6,-0.08,700,"bu","11:04:38",1678200
6.6,-0.08,1700,"bu","11:04:38",1677500
6.6,-0.08,1000,"bu","11:04:38",1675800
6.6,-0.08,2300,"bu","11:04:38",1674800
6.6,-0.08,5000,"bu","11:04:37",1672500
6.6,-0.08,15000,"bu","11:04:30",1667500
6.6,-0.08,200,"bu","11:04:18",1652500
6.6,-0.08,1800,"bu","11:04:13",1652300
6.6,-0.08,1000,"bu","11:04:07",1650500
6.6,-0.08,1600,"bu","11:03:58",1649500
6.6,-0.08,3000,"bu","11:03:42",1647900
6.6,-0.08,200,"bu","11:03:34",1644900
6.6,-0.08,200,"bu","11:03:21",1644700
6.6,-0.08,500,"bu","11:03:17",1644500
6.59,-0.09,2500,"sd","11:02:14",1644000
6.59,-0.09,100,"bu","11:01:53",1641500
6.59,-0.09,300,"bu","11:01:45",1641400
6.59,-0.09,1000,"bu","11:01:45",1641100
6.59,-0.09,900,"bu","11:01:40",1640100
6.59,-0.09,200,"bu","11:01:40",1639200
6.59,-0.09,2000,"bu","11:01:40",1639000
6.59,-0.09,100,"bu","11:01:25",1637000
6.59,-0.09,100,"bu","11:01:25",1636900
6.59,-0.09,1000,"bu","11:01:18",1636800
6.59,-0.09,2000,"bu","11:01:10",1635800
6.59,-0.09,100,"bu","11:00:59",1633800
6.59,-0.09,4700,"bu","11:00:50",1633700
6.59,-0.09,2300,"bu","11:00:50",1629000
6.59,-0.09,5000,"bu","11:00:45",1626700
6.59,-0.09,900,"bu","11:00:34",1621700
6.59,-0.09,100,"bu","11:00:34",1620800
6.59,-0.09,100,"bu","11:00:32",1620700
6.59,-0.09,100,"bu","11:00:32",1620600
6.59,-0.09,500,"bu","11:00:22",1620500
6.59,-0.09,1200,"bu","11:00:17",1620000
6.6,-0.08,4000,"bu","10:59:56",1618800
6.59,-0.09,100,"sd","10:59:51",1614800
6.59,-0.09,1000,"sd","10:59:51",1614700
6.59,-0.09,100,"sd","10:59:51",1613700
6.6,-0.08,200,"bu","10:59:37",1613600
6.6,-0.08,100,"bu","10:59:21",1613400
6.6,-0.08,300,"bu","10:59:08",1613300
6.6,-0.08,500,"bu","10:59:02",1613000
6.6,-0.08,2000,"bu","10:58:36",1612500
6.58,-0.1,3000,"sd","10:58:18",1610500
6.58,-0.1,2000,"sd","10:58:18",1607500
6.6,-0.08,1500,"bu","10:58:18",1605500
6.6,-0.08,1000,"bu","10:58:11",1604000
6.6,-0.08,1000,"bu","10:58:10",1603000
6.6,-0.08,100,"bu","10:58:02",1602000
6.58,-0.1,500,"sd","10:58:00",1601900
6.58,-0.1,900,"sd","10:58:00",1601400
6.59,-0.09,100,"sd","10:58:00",1600500
6.6,-0.08,500,"bu","10:57:59",1600400
6.6,-0.08,200,"bu","10:57:54",1599900
6.6,-0.08,20000,"bu","10:57:49",1599700
6.6,-0.08,5500,"bu","10:57:42",1579700
6.6,-0.08,1000,"bu","10:57:38",1574200
6.6,-0.08,100,"bu","10:57:25",1573200
6.6,-0.08,5000,"bu","10:57:17",1573100
6.6,-0.08,2000,"bu","10:56:54",1568100
6.6,-0.08,200,"bu","10:56:53",1566100
6.6,-0.08,100,"bu","10:56:35",1565900
6.6,-0.08,100,"bu","10:56:35",1565800
6.6,-0.08,200,"bu","10:56:22",1565700
6.6,-0.08,1000,"bu","10:56:07",1565500
6.6,-0.08,2000,"bu","10:55:59",1564500
6.6,-0.08,200,"bu","10:55:49",1562500
6.6,-0.08,100,"bu","10:55:43",1562300
6.58,-0.1,100,"bu","10:54:49",1562200
6.58,-0.1,200,"bu","10:54:45",1562100
6.58,-0.1,100,"bu","10:54:45",1561900
6.58,-0.1,5000,"bu","10:54:37",1561800
6.58,-0.1,500,"bu","10:54:36",1556800
6.58,-0.1,500,"bu","10:54:36",1556300
6.58,-0.1,500,"bu","10:54:35",1555800
6.58,-0.1,100,"bu","10:54:35",1555300
6.58,-0.1,1000,"bu","10:54:35",1555200
6.58,-0.1,17400,"bu","10:54:29",1554200
6.58,-0.1,800,"bu","10:54:29",1536800
6.58,-0.1,1000,"bu","10:54:25",1536000
6.58,-0.1,1300,"bu","10:54:18",1535000
6.58,-0.1,100,"bu","10:54:17",1533700
6.58,-0.1,1000,"bu","10:54:16",1533600
6.58,-0.1,100,"bu","10:54:15",1532600
6.58,-0.1,1000,"bu","10:54:12",1532500
6.58,-0.1,100,"bu","10:54:12",1531500
6.58,-0.1,100,"bu","10:54:10",1531400
6.58,-0.1,1000,"bu","10:54:08",1531300
6.58,-0.1,1000,"bu","10:54:07",1530300
6.58,-0.1,500,"bu","10:54:02",1529300
6.58,-0.1,2000,"bu","10:53:44",1528800
6.57,-0.11,100,"sd","10:53:05",1526800
6.57,-0.11,1000,"sd","10:53:05",1526700
6.57,-0.11,1000,"sd","10:53:05",1525700
6.57,-0.11,700,"sd","10:53:05",1524700
6.58,-0.1,2000,"bu","10:52:59",1524000
6.58,-0.1,200,"bu","10:52:58",1522000
6.58,-0.1,1200,"bu","10:52:55",1521800
6.58,-0.1,500,"bu","10:52:53",1520600
6.58,-0.1,100,"bu","10:52:52",1520100
6.58,-0.1,500,"bu","10:52:46",1520000
6.58,-0.1,1000,"bu","10:52:36",1519500
6.58,-0.1,2000,"bu","10:52:36",1518500
6.58,-0.1,5000,"bu","10:52:31",1516500
6.58,-0.1,100,"bu","10:52:31",1511500
6.58,-0.1,200,"bu","10:52:10",1511400
6.57,-0.11,300,"sd","10:51:47",1511200
6.57,-0.11,700,"sd","10:51:47",1510900
6.57,-0.11,100,"sd","10:51:46",1510200
6.57,-0.11,1000,"sd","10:51:46",1510100
6.57,-0.11,200,"sd","10:51:46",1509100
6.57,-0.11,100,"sd","10:51:46",1508900
6.57,-0.11,100,"sd","10:51:46",1508800
6.57,-0.11,6900,"sd","10:50:34",1508700
6.58,-0.1,10000,"bu","10:50:24",1501800
6.59,-0.09,1000,"bu","10:50:05",1491800
6.58,-0.1,6500,"sd","10:49:57",1490800
6.58,-0.1,100,"sd","10:49:57",1484300
6.58,-0.1,500,"sd","10:49:57",1484200
6.58,-0.1,500,"sd","10:49:57",1483700
6.58,-0.1,8000,"sd","10:49:57",1483200
6.59,-0.09,100,"sd","10:49:49",1475200
6.59,-0.09,100,"sd","10:49:49",1475100
6.59,-0.09,100,"sd","10:49:49",1475000
6.59,-0.09,500,"sd","10:49:49",1474900
6.59,-0.09,100,"sd","10:49:49",1474400
6.59,-0.09,500,"sd","10:49:49",1474300
6.59,-0.09,200,"sd","10:49:49",1473800
6.59,-0.09,500,"sd","10:49:49",1473600
6.6,-0.08,100,"bu","10:49:41",1473100
6.6,-0.08,100,"bu","10:49:41",1473000
6.6,-0.08,200,"bu","10:49:40",1472900
6.59,-0.09,200,"sd","10:49:40",1472700
6.59,-0.09,100,"sd","10:49:40",1472500
6.6,-0.08,300,"bu","10:49:26",1472400
6.6,-0.08,100,"bu","10:49:19",1472100
6.6,-0.08,1000,"bu","10:49:13",1472000
6.6,-0.08,2000,"bu","10:49:13",1471000
6.6,-0.08,100,"bu","10:49:11",1469000
6.6,-0.08,2500,"sd","10:49:11",1468900
6.6,-0.08,10000,"sd","10:49:10",1466400
6.6,-0.08,500,"sd","10:49:10",1456400
6.6,-0.08,2600,"sd","10:49:10",1455900
6.6,-0.08,2400,"bu","10:48:45",1453300
6.6,-0.08,1000,"bu","10:48:44",1450900
6.6,-0.08,100,"bu","10:48:44",1449900
6.6,-0.08,200,"bu","10:48:43",1449800
6.6,-0.08,200,"bu","10:48:39",1449600
6.6,-0.08,500,"bu","10:48:39",1449400
6.6,-0.08,100,"bu","10:48:34",1448900
6.6,-0.08,500,"bu","10:48:33",1448800
6.6,-0.08,100,"bu","10:48:25",1448300
6.6,-0.08,200,"bu","10:48:21",1448200
6.6,-0.08,1500,"bu","10:48:16",1448000
6.6,-0.08,1000,"sd","10:48:14",1446500
6.6,-0.08,100,"sd","10:48:14",1445500
6.6,-0.08,200,"sd","10:48:14",1445400
6.6,-0.08,10000,"sd","10:48:14",1445200
6.6,-0.08,1500,"sd","10:48:14",1435200
6.6,-0.08,300,"sd","10:48:14",1433700
6.6,-0.08,500,"sd","10:48:14",1433400
6.6,-0.08,100,"sd","10:48:14",1432900
6.6,-0.08,2000,"sd","10:48:14",1432800
6.6,-0.08,200,"sd","10:48:14",1430800
6.6,-0.08,1000,"sd","10:48:14",1430600
6.6,-0.08,100,"sd","10:48:14",1429600
6.6,-0.08,1000,"sd","10:48:14",1429500
6.6,-0.08,1000,"sd","10:48:14",1428500
6.6,-0.08,100,"sd","10:48:14",1427500
6.6,-0.08,1000,"sd","10:48:14",1427400
6.6,-0.08,31700,"sd","10:48:14",1426400
6.6,-0.08,700,"sd","10:48:14",1394700
6.6,-0.08,2000,"sd","10:48:14",1394000
6.6,-0.08,100,"sd","10:48:14",1392000
6.6,-0.08,1000,"sd","10:48:14",1391900
6.6,-0.08,1000,"sd","10:48:14",1390900
6.6,-0.08,100,"sd","10:48:14",1389900
6.6,-0.08,100,"sd","10:48:14",1389800
6.6,-0.08,1000,"sd","10:48:14",1389700
6.6,-0.08,100,"sd","10:48:14",1388700
6.6,-0.08,100,"sd","10:48:14",1388600
6.6,-0.08,100,"sd","10:48:14",1388500
6.6,-0.08,1000,"sd","10:48:14",1388400
6.6,-0.08,1300,"sd","10:48:14",1387400
6.6,-0.08,2400,"sd","10:48:14",1386100
6.6,-0.08,100,"sd","10:48:14",1383700
6.6,-0.08,2900,"sd","10:48:14",1383600
6.6,-0.08,100,"sd","10:48:14",1380700
6.6,-0.08,3000,"sd","10:48:14",1380600
6.6,-0.08,600,"sd","10:48:14",1377600
6.6,-0.08,100,"sd","10:48:14",1377000
6.61,-0.07,500,"sd","10:48:14",1376900
6.6,-0.08,1000,"sd","10:48:14",1376400
6.61,-0.07,300,"sd","10:48:14",1375400
6.6,-0.08,2000,"sd","10:48:14",1375100
6.61,-0.07,10000,"sd","10:48:14",1373100
6.6,-0.08,300,"sd","10:48:14",1363100
6.6,-0.08,300,"sd","10:48:14",1362800
6.6,-0.08,200,"sd","10:48:14",1362500
6.6,-0.08,2000,"sd","10:48:14",1362300
6.6,-0.08,100,"sd","10:48:14",1360300
6.6,-0.08,500,"sd","10:48:14",1360200
6.61,-0.07,8900,"sd","10:48:14",1359700
6.6,-0.08,500,"sd","10:48:14",1350800
6.61,-0.07,1000,"sd","10:48:14",1350300
6.61,-0.07,1000,"sd","10:48:14",1349300
6.6,-0.08,6000,"sd","10:48:14",1348300
6.6,-0.08,200,"sd","10:48:14",1340200
6.61,-0.07,1000,"sd","10:48:14",1342300
6.6,-0.08,1000,"sd","10:48:14",1341300
6.61,-0.07,100,"sd","10:48:14",1340300
6.61,-0.07,1000,"sd","10:48:14",1340000
6.61,-0.07,100,"sd","10:48:14",1339000
6.61,-0.07,5000,"sd","10:48:14",1338900
6.61,-0.07,500,"sd","10:48:14",1333900
6.61,-0.07,100,"sd","10:48:14",1333400
6.61,-0.07,4900,"sd","10:48:03",1333300
6.61,-0.07,5000,"sd","10:48:03",1328400
6.61,-0.07,100,"sd","10:48:03",1323400
6.61,-0.07,1500,"sd","10:48:03",1323300
6.63,-0.05,500,"sd","10:48:03",1321800
6.61,-0.07,3500,"sd","10:47:56",1321300
6.61,-0.07,1200,"sd","10:47:56",1317800
6.61,-0.07,3000,"sd","10:47:56",1316600
6.61,-0.07,800,"sd","10:47:56",1313600
6.62,-0.06,3000,"sd","10:47:56",1312800
6.62,-0.06,100,"sd","10:47:56",1309800
6.64,-0.04,100,"sd","10:47:56",1309700
6.62,-0.06,100,"sd","10:47:56",1309600
6.62,-0.06,600,"sd","10:47:56",1309500
6.62,-0.06,5000,"sd","10:47:56",1308900
6.62,-0.06,1000,"sd","10:47:56",1303900
6.62,-0.06,5000,"sd","10:47:56",1302900
6.62,-0.06,7900,"sd","10:47:56",1297900
6.63,-0.05,500,"sd","10:47:56",1290000
6.63,-0.05,1800,"sd","10:47:56",1289500
6.63,-0.05,1000,"sd","10:47:56",1287700
6.63,-0.05,500,"sd","10:47:56",1286700
6.63,-0.05,4900,"sd","10:47:56",1286200
6.63,-0.05,100,"sd","10:47:48",1281300
6.63,-0.05,1000,"sd","10:47:48",1281200
6.63,-0.05,1500,"sd","10:47:47",1280200
6.64,-0.04,500,"sd","10:47:47",1278700
6.64,-0.04,900,"sd","10:47:47",1278200
6.64,-0.04,100,"sd","10:47:38",1277300
6.64,-0.04,200,"sd","10:47:38",1277200
6.64,-0.04,200,"sd","10:47:38",1277000
6.65,-0.03,200,"sd","10:47:38",1276800
6.65,-0.03,500,"sd","10:47:38",1276600
6.65,-0.03,100,"sd","10:47:38",1276100
6.65,-0.03,3000,"sd","10:47:38",1276000
6.65,-0.03,500,"sd","10:47:38",1273000
6.65,-0.03,100,"sd","10:47:38",1272500
6.65,-0.03,500,"sd","10:47:38",1272400
6.65,-0.03,1000,"sd","10:47:38",1271900
6.65,-0.03,100,"sd","10:47:38",1270900
6.66,-0.02,200,"sd","10:47:38",1270800
6.66,-0.02,100,"sd","10:47:38",1270600
6.66,-0.02,500,"sd","10:47:38",1270500
6.66,-0.02,100,"sd","10:47:38",1270000
6.66,-0.02,1000,"sd","10:47:38",1269900
6.66,-0.02,200,"sd","10:47:38",1268900
6.66,-0.02,200,"sd","10:47:38",1268700
6.66,-0.02,100,"sd","10:47:38",1268500
6.66,-0.02,300,"sd","10:47:38",1268400
6.66,-0.02,100,"sd","10:47:38",1268100
6.66,-0.02,400,"sd","10:47:38",1268000
6.66,-0.02,300,"sd","10:47:38",1267600
6.68,0,600,"bu","10:45:38",1267300
6.67,-0.01,4900,"bu","10:45:38",1266700
6.66,-0.02,100,"sd","10:45:09",1261800
6.67,-0.01,1200,"bu","10:45:07",1261700
6.67,-0.01,900,"unknown","10:44:39",1260500
6.68,0,1600,"bu","10:44:39",1259600
6.68,0,200,"sd","10:44:13",1258000
6.68,0,2800,"sd","10:44:10",1257800
6.68,0,2200,"sd","10:44:10",1255000
6.68,0,100,"sd","10:43:57",1252800
6.68,0,3700,"bu","10:43:37",1252700
6.68,0,1800,"bu","10:43:23",1249000
6.68,0,100,"bu","10:42:57",1247200
6.67,-0.01,500,"sd","10:42:16",1247100
6.67,-0.01,100,"sd","10:42:16",1246600
6.67,-0.01,200,"sd","10:42:16",1246500
6.67,-0.01,200,"bu","10:42:01",1246300
6.67,-0.01,200,"bu","10:42:00",1246100
6.67,-0.01,100,"bu","10:41:50",1245900
6.67,-0.01,300,"bu","10:41:46",1245800
6.67,-0.01,300,"sd","10:41:43",1245500
6.68,0,2400,"bu","10:41:42",1245200
6.68,0,600,"bu","10:41:42",1242800
6.68,0,100,"bu","10:41:20",1242200
6.68,0,200,"bu","10:41:09",1242100
6.68,0,100,"bu","10:41:08",1241900
6.68,0,400,"bu","10:41:08",1241800
6.68,0,200,"bu","10:40:53",1241400
6.68,0,2000,"bu","10:40:51",1241200
6.68,0,3000,"bu","10:40:51",1239200
6.68,0,2000,"bu","10:40:08",1236200
6.68,0,200,"bu","10:40:03",1234200
6.68,0,2000,"bu","10:39:32",1234000
6.68,0,100,"bu","10:39:17",1232000
6.68,0,100,"bu","10:39:01",1231900
6.69,0.01,200,"bu","10:38:40",1231800
6.69,0.01,100,"bu","10:38:40",1231600
6.69,0.01,9700,"bu","10:38:40",1231500
6.68,0,5000,"bu","10:38:20",1221800
6.68,0,10000,"bu","10:38:13",1216800
6.68,0,100,"sd","10:37:40",1206800
6.68,0,1200,"sd","10:37:15",1206700
6.68,0,17000,"sd","10:37:15",1205500
6.69,0.01,100,"bu","10:36:20",1188500
6.68,0,10000,"bu","10:36:10",1188400
6.66,-0.02,3900,"sd","10:35:51",1178400
6.66,-0.02,500,"sd","10:35:51",1174500
6.68,0,500,"sd","10:35:51",1174000
6.68,0,100,"sd","10:35:51",1173500
6.68,0,100,"sd","10:35:30",1173400
6.68,0,100,"sd","10:35:30",1173300
6.68,0,300,"sd","10:35:30",1173200
6.68,0,500,"sd","10:35:30",1172900
6.69,0.01,100,"bu","10:35:15",1172400
6.68,0,100,"sd","10:34:36",1172300
6.68,0,300,"sd","10:34:14",1172200
6.69,0.01,100,"bu","10:34:09",1171900
6.68,0,100,"bu","10:34:03",1171800
6.68,0,500,"bu","10:34:03",1171700
6.68,0,100,"bu","10:34:03",1171200
6.68,0,400,"bu","10:34:03",1171100
6.68,0,16700,"bu","10:33:41",1170700
6.67,-0.01,1000,"bu","10:33:41",1154000
6.67,-0.01,600,"bu","10:33:41",1153000
6.67,-0.01,11700,"bu","10:33:41",1152400
6.66,-0.02,1000,"bu","10:33:28",1140700
6.66,-0.02,5000,"bu","10:33:22",1139700
6.66,-0.02,1500,"bu","10:33:07",1134700
6.66,-0.02,100,"bu","10:32:18",1133200
6.66,-0.02,200,"bu","10:32:17",1133100
6.66,-0.02,500,"bu","10:31:31",1132900
6.66,-0.02,100,"bu","10:31:20",1132400
6.66,-0.02,1000,"bu","10:31:03",1132300
6.65,-0.03,2000,"sd","10:31:02",1131300
6.66,-0.02,400,"bu","10:30:51",1129300
6.66,-0.02,1000,"sd","10:30:36",1128900
6.66,-0.02,1000,"bu","10:30:35",1127900
6.65,-0.03,3500,"sd","10:29:56",1126900
6.65,-0.03,400,"sd","10:29:56",1123400
6.65,-0.03,100,"sd","10:29:56",1123000
6.67,-0.01,1500,"bu","10:28:16",1122900
6.66,-0.02,200,"sd","10:27:52",1121400
6.67,-0.01,1000,"bu","10:27:27",1121200
6.67,-0.01,200,"bu","10:27:17",1120200
6.66,-0.02,2000,"bu","10:26:16",1120000
6.66,-0.02,2000,"bu","10:26:16",1118000
6.63,-0.05,1000,"bu","10:24:50",1116000
6.63,-0.05,500,"bu","10:24:50",1115000
6.63,-0.05,100,"bu","10:24:40",1114500
6.63,-0.05,500,"bu","10:24:34",1114400
6.63,-0.05,100,"bu","10:24:27",1113900
6.63,-0.05,100,"bu","10:24:20",1113800
6.63,-0.05,1000,"bu","10:24:15",1113700
6.63,-0.05,100,"bu","10:24:08",1112700
6.63,-0.05,100,"bu","10:23:59",1112600
6.63,-0.05,1500,"bu","10:23:54",1112500
6.63,-0.05,200,"bu","10:23:45",1111000
6.63,-0.05,10000,"bu","10:23:26",1110800
6.63,-0.05,500,"bu","10:23:26",1100800
6.63,-0.05,1600,"bu","10:23:16",1100300
6.63,-0.05,1400,"bu","10:23:16",1098700
6.62,-0.06,2100,"sd","10:23:11",1097300
6.62,-0.06,1400,"sd","10:23:11",1095200
6.62,-0.06,1200,"sd","10:23:11",1093800
6.62,-0.06,1000,"sd","10:23:11",1092600
6.62,-0.06,1000,"sd","10:23:11",1091600
6.62,-0.06,100,"sd","10:23:11",1090600
6.62,-0.06,500,"sd","10:23:10",1090500
6.62,-0.06,500,"sd","10:23:10",1090000
6.62,-0.06,700,"sd","10:23:10",1089500
6.63,-0.05,100,"sd","10:22:57",1088800
6.63,-0.05,500,"sd","10:22:57",1088700
6.63,-0.05,300,"sd","10:22:37",1088200
6.63,-0.05,200,"sd","10:22:31",1087900
6.63,-0.05,1000,"sd","10:21:48",1087700
6.63,-0.05,500,"sd","10:21:00",1086700
6.63,-0.05,300,"sd","10:21:00",1086200
6.67,-0.01,1000,"bu","10:20:29",1085900
6.66,-0.02,1000,"bu","10:20:29",1084900
6.67,-0.01,100,"bu","10:19:08",1083900
6.67,-0.01,1200,"bu","10:18:56",1083800
6.67,-0.01,3300,"bu","10:18:27",1082600
6.67,-0.01,100,"bu","10:18:27",1079300
6.67,-0.01,1900,"bu","10:18:27",1079200
6.67,-0.01,100,"bu","10:18:27",1077300
6.67,-0.01,4000,"bu","10:18:27",1077200
6.67,-0.01,600,"bu","10:18:27",1073200
6.67,-0.01,100,"bu","10:18:17",1072600
6.67,-0.01,100,"bu","10:17:43",1072500
6.61,-0.07,200,"sd","10:17:41",1072400
6.61,-0.07,1200,"bu","10:17:35",1072200
6.61,-0.07,4800,"bu","10:17:35",1071000
6.61,-0.07,500,"bu","10:17:34",1066200
6.61,-0.07,100,"bu","10:17:24",1065700
6.61,-0.07,100,"bu","10:17:23",1065600
6.61,-0.07,2000,"bu","10:17:19",1065500
6.61,-0.07,300,"bu","10:17:15",1063500
6.61,-0.07,100,"bu","10:17:02",1063200
6.61,-0.07,500,"sd","10:16:58",1063100
6.61,-0.07,3000,"sd","10:16:58",1062600
6.61,-0.07,500,"sd","10:16:58",1059600
6.61,-0.07,2900,"sd","10:16:58",1059100
6.61,-0.07,100,"sd","10:16:58",1056200
6.61,-0.07,5000,"sd","10:16:58",1056100
6.61,-0.07,100,"sd","10:16:58",1051100
6.61,-0.07,400,"sd","10:16:58",1051000
6.61,-0.07,200,"sd","10:16:58",1050600
6.61,-0.07,200,"sd","10:16:58",1050400
6.61,-0.07,29000,"sd","10:16:58",1050200
6.61,-0.07,200,"sd","10:16:58",1021200
6.61,-0.07,10000,"sd","10:16:50",1021000
6.62,-0.06,300,"bu","10:16:42",1011000
6.61,-0.07,10000,"sd","10:15:50",1010700
6.62,-0.06,1500,"bu","10:15:22",1000700
6.61,-0.07,100,"sd","10:15:17",999200
6.61,-0.07,2900,"sd","10:15:07",999100
6.61,-0.07,200,"sd","10:15:07",996200
6.61,-0.07,500,"sd","10:15:07",996000
6.61,-0.07,100,"sd","10:15:07",995500
6.61,-0.07,100,"sd","10:15:07",995400
6.61,-0.07,3900,"sd","10:15:07",995300
6.61,-0.07,1100,"sd","10:15:07",991400
6.61,-0.07,200,"sd","10:15:07",990300
6.61,-0.07,2000,"sd","10:15:07",990100
6.61,-0.07,100,"sd","10:15:07",988100
6.61,-0.07,1000,"sd","10:15:07",988000
6.61,-0.07,600,"sd","10:15:07",987000
6.62,-0.06,100,"bu","10:15:06",986400
6.62,-0.06,200,"bu","10:15:06",986300
6.62,-0.06,100,"sd","10:15:03",986100
6.62,-0.06,500,"sd","10:15:03",986000
6.62,-0.06,10000,"sd","10:15:03",985500
6.62,-0.06,800,"sd","10:15:03",975500
6.62,-0.06,500,"sd","10:15:02",974700
6.62,-0.06,8700,"bu","10:14:28",974200
6.62,-0.06,200,"bu","10:14:27",965500
6.62,-0.06,1100,"bu","10:14:27",965300
6.62,-0.06,900,"bu","10:14:27",964200
6.61,-0.07,9400,"sd","10:14:26",963300
6.61,-0.07,600,"sd","10:14:26",953900
6.62,-0.06,100,"bu","10:14:26",953300
6.62,-0.06,100,"bu","10:14:26",953200
6.62,-0.06,400,"bu","10:14:24",953100
6.62,-0.06,300,"bu","10:14:24",952700
6.62,-0.06,200,"bu","10:14:21",952400
6.62,-0.06,200,"bu","10:14:17",952200
6.62,-0.06,100,"bu","10:14:16",952000
6.62,-0.06,100,"bu","10:14:15",951900
6.62,-0.06,2100,"bu","10:14:11",951800
6.62,-0.06,1000,"bu","10:14:11",949700
6.62,-0.06,1900,"bu","10:14:11",948700
6.62,-0.06,100,"bu","10:14:08",946800
6.62,-0.06,600,"bu","10:14:07",946700
6.62,-0.06,400,"bu","10:14:07",946100
6.62,-0.06,100,"bu","10:14:02",945700
6.62,-0.06,100,"bu","10:13:57",945600
6.62,-0.06,200,"bu","10:13:51",945500
6.62,-0.06,100,"bu","10:13:48",945300
6.62,-0.06,500,"bu","10:13:45",945200
6.62,-0.06,5000,"sd","10:13:38",944700
6.62,-0.06,500,"sd","10:13:38",939700
6.62,-0.06,2100,"sd","10:13:38",939200
6.62,-0.06,400,"sd","10:13:33",937100
6.62,-0.06,3000,"sd","10:13:33",936700
6.62,-0.06,1000,"sd","10:13:33",933700
6.62,-0.06,600,"sd","10:13:33",932700
6.62,-0.06,1400,"sd","10:13:10",932100
6.62,-0.06,500,"sd","10:13:10",930700
6.62,-0.06,200,"sd","10:13:10",930200
6.62,-0.06,2900,"sd","10:13:10",930000
6.62,-0.06,100,"sd","10:13:00",927100
6.62,-0.06,100,"sd","10:13:00",927000
6.62,-0.06,200,"sd","10:13:00",926900
6.62,-0.06,600,"sd","10:13:00",926700
6.64,-0.04,1500,"bu","10:12:41",926100
6.64,-0.04,500,"bu","10:12:41",924600
6.64,-0.04,500,"bu","10:12:37",924100
6.63,-0.05,100,"bu","10:12:37",923600
6.64,-0.04,300,"bu","10:12:17",923500
6.62,-0.06,1400,"bu","10:12:01",923200
6.62,-0.06,500,"bu","10:11:58",921800
6.62,-0.06,100,"bu","10:11:58",921300
6.62,-0.06,100,"bu","10:11:54",921200
6.62,-0.06,5000,"bu","10:11:48",921100
6.62,-0.06,200,"sd","10:11:45",916100
6.62,-0.06,10000,"sd","10:11:45",915900
6.62,-0.06,2000,"sd","10:11:45",905900
6.62,-0.06,300,"sd","10:11:45",903900
6.62,-0.06,200,"sd","10:11:45",903600
6.62,-0.06,200,"sd","10:11:45",903400
6.63,-0.05,10000,"sd","10:11:43",903200
6.62,-0.06,200,"sd","10:11:30",893200
6.63,-0.05,6000,"unknown","10:11:29",893000
6.63,-0.05,1000,"bu","10:11:23",887000
6.64,-0.04,100,"bu","10:10:49",886000
6.64,-0.04,900,"bu","10:10:47",885900
6.61,-0.07,3000,"sd","10:09:54",885000
6.62,-0.06,100,"sd","10:09:42",882000
6.61,-0.07,1400,"sd","10:09:14",881900
6.61,-0.07,100,"sd","10:09:14",880000
6.61,-0.07,500,"sd","10:09:14",880500
6.62,-0.06,100,"sd","10:09:14",879900
6.62,-0.06,4000,"sd","10:09:14",879800
6.62,-0.06,1000,"sd","10:09:04",875800
6.62,-0.06,2000,"sd","10:08:14",874800
6.62,-0.06,10000,"sd","10:08:14",872800
6.62,-0.06,100,"sd","10:07:56",862800
6.62,-0.06,1000,"sd","10:07:43",862700
6.62,-0.06,800,"sd","10:07:33",861700
6.62,-0.06,300,"sd","10:07:33",860900
6.62,-0.06,200,"sd","10:07:33",860600
6.62,-0.06,7500,"sd","10:07:33",860400
6.62,-0.06,3000,"sd","10:07:17",852900
6.62,-0.06,300,"sd","10:07:17",849900
6.62,-0.06,100,"sd","10:07:17",849600
6.62,-0.06,100,"sd","10:07:17",849500
6.62,-0.06,200,"sd","10:07:17",849400
6.62,-0.06,100,"sd","10:07:07",849200
6.63,-0.05,200,"sd","10:07:07",849100
6.62,-0.06,2000,"sd","10:07:00",848900
6.62,-0.06,1000,"sd","10:07:00",846900
6.62,-0.06,1000,"sd","10:07:00",845900
6.63,-0.05,300,"sd","10:07:00",844900
6.63,-0.05,200,"sd","10:06:52",844600
6.63,-0.05,100,"sd","10:06:52",844400
6.63,-0.05,400,"sd","10:06:52",844300
6.63,-0.05,300,"sd","10:06:52",843900
6.63,-0.05,200,"sd","10:06:52",843600
6.64,-0.04,500,"bu","10:06:52",843400
6.64,-0.04,200,"bu","10:06:48",842900
6.64,-0.04,200,"sd","10:06:34",842700
6.64,-0.04,200,"sd","10:06:33",842500
6.64,-0.04,3000,"sd","10:06:33",842300
6.64,-0.04,500,"sd","10:06:33",839300
6.64,-0.04,500,"sd","10:06:33",838800
6.64,-0.04,100,"sd","10:06:33",838300
6.65,-0.03,100,"bu","10:06:31",838200
6.65,-0.03,6000,"bu","10:06:31",838100
6.65,-0.03,500,"bu","10:06:31",832100
6.65,-0.03,300,"bu","10:06:31",831600
6.65,-0.03,100,"bu","10:06:31",831300
6.65,-0.03,500,"bu","10:06:31",831200
6.65,-0.03,100,"bu","10:06:31",830700
6.65,-0.03,15000,"bu","10:06:31",830600
6.65,-0.03,100,"bu","10:06:31",815600
6.65,-0.03,300,"bu","10:06:31",815500
6.65,-0.03,1000,"bu","10:06:31",815200
6.65,-0.03,1400,"sd","10:06:31",814200
6.65,-0.03,100,"sd","10:06:31",812800
6.65,-0.03,100,"sd","10:06:31",812700
6.65,-0.03,100,"sd","10:06:31",812600
6.65,-0.03,100,"sd","10:06:31",812500
6.65,-0.03,100,"sd","10:06:31",812400
6.65,-0.03,2500,"sd","10:06:31",812300
6.65,-0.03,200,"sd","10:06:31",809800
6.65,-0.03,100,"sd","10:06:31",809600
6.66,-0.02,15000,"bu","10:06:28",809500
6.65,-0.03,500,"sd","10:06:27",794500
6.65,-0.03,1000,"sd","10:06:27",794000
6.65,-0.03,300,"sd","10:06:27",793000
6.65,-0.03,200,"sd","10:06:27",792700
6.65,-0.03,1000,"sd","10:06:27",792500
6.65,-0.03,500,"sd","10:06:27",791500
6.65,-0.03,1000,"sd","10:06:27",791000
6.65,-0.03,100,"sd","10:06:27",790000
6.65,-0.03,5400,"sd","10:06:27",789900
6.66,-0.02,200,"bu","10:06:06",784500
6.66,-0.02,4800,"bu","10:06:06",784300
6.66,-0.02,200,"bu","10:05:58",779500
6.66,-0.02,1000,"sd","10:05:57",779300
6.66,-0.02,200,"sd","10:05:57",778300
6.66,-0.02,10000,"sd","10:05:57",778100
6.66,-0.02,200,"sd","10:05:57",768100
6.66,-0.02,900,"sd","10:05:57",767900
6.66,-0.02,100,"sd","10:05:57",767000
6.66,-0.02,900,"sd","10:05:57",766900
6.66,-0.02,5000,"sd","10:05:56",766000
6.67,-0.01,100,"bu","10:05:34",761000
6.67,-0.01,100,"bu","10:05:08",760900
6.66,-0.02,300,"sd","10:04:04",760800
6.66,-0.02,3800,"sd","10:03:51",760500
6.66,-0.02,100,"sd","10:03:51",756700
6.66,-0.02,1000,"sd","10:03:51",756600
6.66,-0.02,100,"sd","10:03:51",755600
6.66,-0.02,1000,"sd","10:03:39",755500
6.66,-0.02,3900,"sd","10:03:32",754500
6.66,-0.02,1100,"sd","10:03:32",750600
6.66,-0.02,3900,"bu","10:03:10",749500
6.66,-0.02,1000,"bu","10:03:05",745600
6.66,-0.02,100,"bu","10:02:53",744600
6.66,-0.02,100,"sd","10:02:25",744500
6.66,-0.02,2000,"sd","10:02:25",744400
6.66,-0.02,500,"sd","10:02:25",742400
6.66,-0.02,2000,"sd","10:02:25",741900
6.66,-0.02,100,"sd","10:02:25",739900
6.66,-0.02,1000,"sd","10:02:25",739800
6.66,-0.02,9300,"sd","10:02:25",738800
6.67,-0.01,3000,"bu","10:01:44",729500
6.67,-0.01,100,"bu","10:01:38",726500
6.67,-0.01,500,"bu","10:01:25",726400
6.67,-0.01,1000,"bu","10:00:03",725900
6.67,-0.01,1000,"bu","09:59:26",724900
6.67,-0.01,100,"bu","09:59:05",723900
6.66,-0.02,700,"sd","09:58:45",723800
6.66,-0.02,100,"sd","09:58:45",723100
6.66,-0.02,500,"sd","09:58:45",723000
6.65,-0.03,4600,"sd","09:58:07",722500
6.65,-0.03,100,"sd","09:58:07",717900
6.65,-0.03,300,"sd","09:58:07",717800
6.67,-0.01,100,"bu","09:57:50",717500
6.67,-0.01,200,"bu","09:57:48",717400
6.67,-0.01,500,"bu","09:57:39",717200
6.67,-0.01,1000,"bu","09:57:09",716700
6.67,-0.01,400,"bu","09:57:06",715700
6.67,-0.01,100,"bu","09:55:43",715300
6.65,-0.03,700,"sd","09:55:36",715200
6.65,-0.03,100,"sd","09:55:36",714500
6.65,-0.03,200,"sd","09:55:36",714400
6.65,-0.03,1000,"sd","09:55:36",714200
6.65,-0.03,1000,"sd","09:55:36",713200
6.65,-0.03,100,"sd","09:55:36",712200
6.65,-0.03,100,"sd","09:55:36",712100
6.66,-0.02,1000,"sd","09:55:36",712000
