"price","change","match_qtty","side","time","total_vol"
23050,150,618200,"unknown","14:44:59",10439500
23050,150,200,"bu","14:29:51",9821300
23050,150,500,"bu","14:29:48",9821100
23000,100,1000,"sd","14:29:47",9820600
23000,100,5000,"sd","14:29:45",9819600
23000,100,500,"sd","14:29:38",9814600
23000,100,5000,"sd","14:29:31",9814100
23050,150,500,"bu","14:29:28",9809100
23050,150,1000,"bu","14:29:20",9808600
23000,100,300,"sd","14:29:03",9807600
23000,100,6100,"sd","14:29:00",9807300
23000,100,4000,"sd","14:28:55",9801200
23000,100,1500,"sd","14:28:52",9797200
23000,100,2000,"sd","14:28:47",9795700
23000,100,11800,"bu","14:28:42",9793700
23000,100,1700,"bu","14:28:42",9781900
23000,100,200,"bu","14:28:42",9780200
23000,100,5600,"bu","14:28:42",9780000
23000,100,300,"bu","14:28:42",9774400
23000,100,800,"bu","14:28:42",9774100
23000,100,1800,"bu","14:28:42",9773300
23000,100,48700,"bu","14:28:42",9771500
23000,100,100,"bu","14:28:26",9722800
23000,100,9500,"bu","14:28:23",9722700
23000,100,500,"bu","14:28:22",9713200
23000,100,1000,"sd","14:28:20",9712700
23000,100,500,"sd","14:28:20",9711700
23000,100,14000,"sd","14:28:20",9711200
23000,100,4000,"sd","14:28:20",9697200
23000,100,21700,"sd","14:28:20",9693200
23000,100,500,"sd","14:28:13",9671500
23000,100,1000,"bu","14:28:04",9671000
23000,100,11600,"bu","14:28:04",9670000
23000,100,500,"bu","14:28:04",9658400
23000,100,5600,"bu","14:28:04",9657900
23000,100,1000,"bu","14:28:04",9652300
23000,100,8100,"bu","14:28:04",9651300
23000,100,3600,"bu","14:28:01",9643200
23000,100,500,"bu","14:28:01",9639600
23000,100,900,"bu","14:28:01",9639100
23000,100,500,"bu","14:27:55",9638200
23000,100,100,"bu","14:27:53",9637700
23000,100,12000,"bu","14:27:52",9637600
23000,100,500,"bu","14:27:52",9625600
23000,100,5000,"bu","14:27:52",9625100
23000,100,600,"bu","14:27:52",9620100
23000,100,100,"bu","14:27:52",9619500
23000,100,400,"bu","14:27:52",9619400
23000,100,500,"bu","14:27:52",9619000
23000,100,500,"bu","14:27:52",9618500
23000,100,200,"bu","14:27:52",9618000
23000,100,1000,"bu","14:27:52",9617800
23000,100,100,"bu","14:27:52",9616800
23000,100,1000,"bu","14:27:52",9616700
23000,100,100,"bu","14:27:52",9615700
23000,100,8000,"bu","14:27:52",9615600
23000,100,2000,"bu","14:27:50",9607600
23000,100,5000,"bu","14:27:40",9605600
23000,100,500,"bu","14:27:38",9600600
23000,100,100,"bu","14:27:38",9600100
23000,100,1000,"bu","14:27:38",9600000
23000,100,2000,"bu","14:27:38",9599000
23000,100,900,"bu","14:27:38",9597000
23000,100,1000,"bu","14:27:38",9596100
23000,100,2000,"bu","14:27:38",9595100
23000,100,500,"bu","14:27:38",9593100
23000,100,100,"bu","14:27:38",9592600
23000,100,100,"bu","14:27:38",9592500
23000,100,500,"bu","14:27:38",9592400
23000,100,3500,"bu","14:27:38",9591900
23000,100,100,"bu","14:27:38",9588400
23000,100,200,"bu","14:27:38",9588300
23000,100,9500,"bu","14:27:38",9588100
23000,100,500,"bu","14:27:36",9578600
23000,100,400,"bu","14:27:29",9578100
23000,100,100,"bu","14:27:29",9577700
23000,100,300,"bu","14:27:29",9577600
23000,100,200,"bu","14:27:29",9577300
23000,100,100,"bu","14:27:29",9577100
23000,100,300,"bu","14:27:29",9577000
22950,50,500,"sd","14:27:19",9576700
22950,50,5600,"sd","14:27:12",9576200
22950,50,700,"sd","14:27:07",9570600
23000,100,10000,"bu","14:27:06",9569900
22950,50,3000,"sd","14:27:00",9559900
23000,100,300,"bu","14:26:57",9556900
23000,100,100,"bu","14:26:47",9556600
23000,100,600,"bu","14:26:37",9556500
23000,100,38700,"bu","14:26:35",9555900
23000,100,100,"bu","14:26:35",9517200
23000,100,1000,"bu","14:26:35",9517100
23000,100,100,"bu","14:26:35",9516100
23000,100,100,"bu","14:26:35",9516000
23000,100,300,"bu","14:26:35",9515900
23000,100,400,"bu","14:26:35",9515600
23000,100,100,"bu","14:26:35",9515200
23000,100,1000,"bu","14:26:35",9515100
23000,100,1000,"bu","14:26:35",9514100
23000,100,500,"bu","14:26:35",9513100
23000,100,100,"bu","14:26:35",9512600
23000,100,2000,"bu","14:26:35",9512500
23000,100,500,"bu","14:26:35",9510500
23000,100,200,"bu","14:26:35",9510000
23000,100,200,"bu","14:26:35",9509800
23000,100,3700,"bu","14:26:35",9509600
22950,50,12000,"sd","14:26:34",9505900
23000,100,600,"bu","14:26:34",9493900
23000,100,200,"bu","14:26:24",9493300
23000,100,4000,"bu","14:26:14",9493100
22950,50,100,"sd","14:26:12",9489100
23000,100,1000,"bu","14:26:07",9489000
23000,100,500,"bu","14:26:05",9488000
23000,100,200,"bu","14:26:05",9487500
23000,100,1400,"bu","14:26:05",9487300
23000,100,2000,"bu","14:26:00",9485900
22950,50,11900,"sd","14:25:52",9483900
23000,100,500,"bu","14:25:49",9472000
22950,50,300,"sd","14:25:41",9471500
23000,100,100,"bu","14:25:41",9471200
23000,100,5000,"bu","14:25:41",9471100
23000,100,1000,"bu","14:25:41",9466100
23000,100,100,"bu","14:25:41",9465100
23000,100,5000,"bu","14:25:41",9465000
23000,100,200,"bu","14:25:41",9460000
23000,100,200,"bu","14:25:41",9459800
23000,100,100,"bu","14:25:41",9459600
23000,100,300,"bu","14:25:41",9459500
23000,100,300,"bu","14:25:41",9459200
23000,100,100,"bu","14:25:41",9458900
23000,100,2500,"bu","14:25:41",9458800
23000,100,500,"bu","14:25:41",9456300
23000,100,700,"bu","14:25:41",9455800
23000,100,300,"bu","14:25:23",9455100
23000,100,700,"bu","14:25:23",9454800
22950,50,11900,"sd","14:25:10",9454100
23000,100,500,"bu","14:25:00",9442200
22950,50,200,"sd","14:24:54",9441700
22950,50,500,"sd","14:24:52",9441500
22950,50,11900,"sd","14:24:28",9441000
22950,50,100,"sd","14:23:54",9429100
22950,50,12400,"sd","14:23:45",9429000
23000,100,100,"bu","14:23:43",9416600
22950,50,4000,"sd","14:23:40",9416500
23000,100,1000,"bu","14:23:32",9412500
23000,100,500,"bu","14:23:11",9411500
23000,100,300,"bu","14:23:02",9411000
22950,50,11700,"sd","14:23:02",9410700
22950,50,1000,"sd","14:22:58",9399000
22950,50,300,"sd","14:22:58",9398000
22950,50,5600,"sd","14:22:53",9397700
22950,50,500,"sd","14:22:40",9392100
23000,100,3800,"bu","14:22:40",9391600
23000,100,500,"bu","14:22:37",9387800
22950,50,6300,"sd","14:22:20",9387300
22950,50,1000,"sd","14:22:20",9381000
22950,50,300,"sd","14:22:20",9380000
22950,50,1000,"sd","14:22:20",9379700
22950,50,1000,"sd","14:22:20",9378700
22950,50,100,"sd","14:22:20",9377700
22950,50,100,"sd","14:22:20",9377600
22950,50,300,"sd","14:22:20",9377500
22950,50,500,"sd","14:22:20",9377200
22950,50,1400,"sd","14:22:20",9376700
23000,100,1000,"bu","14:22:19",9375300
23000,100,1000,"bu","14:22:18",9374300
23000,100,600,"bu","14:22:18",9373300
23000,100,3500,"bu","14:22:18",9372700
23000,100,2000,"bu","14:22:18",9369200
23000,100,1000,"bu","14:22:18",9367200
23000,100,200,"bu","14:22:18",9366200
23000,100,2700,"bu","14:22:18",9366000
23000,100,2300,"bu","14:22:02",9363300
23000,100,1000,"bu","14:22:02",9361000
23000,100,2000,"bu","14:22:02",9360000
23000,100,100,"bu","14:22:02",9358000
23000,100,100,"bu","14:22:02",9357900
23000,100,4400,"bu","14:22:02",9357800
23000,100,100,"bu","14:22:02",9353400
23000,100,500,"bu","14:21:58",9353300
23000,100,500,"bu","14:21:56",9352800
22950,50,100,"sd","14:21:47",9352300
22950,50,8500,"sd","14:21:38",9352200
22950,50,3000,"sd","14:21:38",9343700
22950,50,500,"sd","14:21:33",9340700
23000,100,4100,"bu","14:21:25",9340200
22950,50,600,"sd","14:21:23",9336100
23000,100,2300,"bu","14:21:23",9335500
23000,100,2500,"bu","14:21:21",9333200
23000,100,1000,"bu","14:21:21",9330700
23000,100,500,"bu","14:21:21",9329700
23000,100,1000,"bu","14:21:21",9329200
23000,100,5000,"bu","14:21:21",9328200
23000,100,100,"bu","14:21:12",9323200
22950,50,11600,"sd","14:20:57",9323100
23000,100,500,"bu","14:20:53",9311500
23000,100,200,"bu","14:20:40",9311000
23000,100,100,"bu","14:20:27",9310800
22950,50,11900,"sd","14:20:16",9310700
23000,100,100,"bu","14:20:09",9298800
23000,100,1000,"bu","14:19:58",9298700
22950,50,2000,"sd","14:19:39",9297700
22950,50,11800,"sd","14:19:34",9295700
22950,50,100,"sd","14:19:32",9283900
22950,50,2000,"sd","14:19:13",9283800
22950,50,100,"sd","14:19:05",9281800
22950,50,12100,"sd","14:18:53",9281700
23000,100,1000,"bu","14:18:50",9269600
22950,50,500,"sd","14:18:41",9268600
22950,50,500,"sd","14:18:25",9268100
22950,50,11700,"sd","14:18:10",9267600
22950,50,5900,"sd","14:17:59",9255900
22950,50,600,"sd","14:17:53",9250000
22950,50,12800,"sd","14:17:40",9249400
23000,100,100,"bu","14:17:35",9236600
22950,50,1100,"sd","14:17:33",9236500
22950,50,11200,"sd","14:17:28",9235400
22950,50,100,"sd","14:17:28",9224200
22950,50,200,"sd","14:17:28",9224100
22950,50,500,"sd","14:17:28",9223900
22950,50,3500,"sd","14:17:19",9223400
22950,50,1000,"sd","14:17:19",9219900
22950,50,200,"sd","14:17:19",9218900
22950,50,300,"sd","14:17:19",9218700
22950,50,2000,"sd","14:17:19",9218400
22950,50,100,"sd","14:17:19",9216400
22950,50,2000,"sd","14:17:16",9216300
22950,50,1000,"sd","14:17:10",9214300
22950,50,500,"sd","14:17:05",9213300
22950,50,500,"sd","14:17:04",9212800
22950,50,700,"sd","14:16:57",9212300
22950,50,2500,"sd","14:16:46",9211600
22950,50,2000,"sd","14:16:46",9209100
22950,50,6500,"sd","14:16:46",9207100
22950,50,100,"sd","14:16:46",9200600
22950,50,1000,"sd","14:16:46",9200500
22950,50,1000,"sd","14:16:42",9199500
22950,50,500,"sd","14:16:42",9198500
22950,50,500,"sd","14:16:42",9198000
22950,50,100,"sd","14:16:42",9197500
22950,50,600,"sd","14:16:42",9197400
22950,50,4600,"sd","14:16:42",9196800
22950,50,100,"sd","14:16:42",9192200
22950,50,1700,"sd","14:16:42",9192100
22950,50,1000,"sd","14:16:42",9190400
23000,100,700,"bu","14:16:42",9189400
22950,50,200,"sd","14:16:40",9188700
22950,50,200,"sd","14:16:37",9188500
22950,50,100,"sd","14:16:37",9188300
22950,50,100,"sd","14:16:37",9188200
23000,100,100,"bu","14:16:31",9188100
22950,50,11800,"sd","14:16:30",9188000
22950,50,4600,"sd","14:16:29",9176200
22950,50,100,"sd","14:16:29",9171600
22950,50,100,"sd","14:16:29",9171500
22950,50,800,"sd","14:16:29",9171400
22950,50,1200,"sd","14:16:21",9170600
22950,50,11500,"sd","14:16:21",9169400
23000,100,100,"bu","14:16:12",9157900
22950,50,3500,"sd","14:16:10",9157800
22950,50,400,"sd","14:16:10",9154300
22950,50,300,"sd","14:16:10",9153900
22950,50,8500,"sd","14:16:10",9153600
22950,50,11700,"sd","14:16:03",9145100
22950,50,11500,"sd","14:16:03",9133400
22950,50,11400,"sd","14:15:51",9121900
23000,100,100,"bu","14:15:45",9110500
22950,50,1500,"sd","14:15:43",9110400
22950,50,5400,"sd","14:15:42",9108900
22950,50,1000,"sd","14:15:42",9103500
22950,50,1000,"sd","14:15:42",9102500
22950,50,200,"sd","14:15:42",9101500
22950,50,300,"sd","14:15:42",9101300
22950,50,2000,"sd","14:15:42",9101000
22950,50,200,"sd","14:15:42",9099000
22950,50,4800,"sd","14:15:38",9098800
22950,50,1000,"sd","14:15:38",9094000
22950,50,5000,"sd","14:15:38",9093000
22950,50,100,"sd","14:15:38",9088000
22950,50,10000,"sd","14:15:22",9087900
22950,50,500,"sd","14:15:22",9077900
22950,50,1000,"sd","14:15:22",9077400
22950,50,1700,"sd","14:15:22",9076400
22950,50,2800,"sd","14:15:18",9074700
22950,50,4400,"sd","14:15:18",9071900
23000,100,900,"bu","14:15:10",9067500
23000,100,300,"bu","14:15:10",9066600
23000,100,100,"bu","14:15:10",9066300
23000,100,700,"bu","14:15:10",9066200
22950,50,13000,"sd","14:14:53",9065500
22950,50,2600,"sd","14:14:36",9052500
22950,50,2000,"sd","14:14:36",9049900
22950,50,500,"sd","14:14:36",9047900
22950,50,500,"sd","14:14:36",9047400
22950,50,800,"sd","14:14:35",9046900
22950,50,11100,"sd","14:14:35",9046100
22950,50,3000,"sd","14:14:29",9035000
22950,50,100,"sd","14:14:22",9032000
23000,100,100,"bu","14:14:08",9031900
23000,100,100,"bu","14:14:06",9031800
22950,50,13500,"sd","14:13:53",9031700
23000,100,2300,"bu","14:13:33",9018200
22950,50,5000,"sd","14:13:16",9015900
22950,50,11500,"sd","14:13:05",9010900
23000,100,500,"bu","14:12:50",8999400
22950,50,5000,"sd","14:12:48",8998900
22950,50,11600,"sd","14:12:25",8993900
22950,50,500,"sd","14:11:58",8982300
22950,50,1000,"sd","14:11:49",8981800
22950,50,12000,"sd","14:11:44",8980800
23000,100,1000,"bu","14:11:29",8968800
22950,50,100,"sd","14:11:29",8967800
22950,50,3500,"sd","14:11:26",8967700
22950,50,8800,"sd","14:11:16",8964200
22950,50,12000,"sd","14:11:01",8955400
22950,50,500,"sd","14:10:54",8943400
22950,50,100,"sd","14:10:52",8942900
22950,50,1200,"sd","14:10:51",8942800
22950,50,5500,"sd","14:10:51",8941600
22950,50,200,"sd","14:10:51",8936100
22950,50,500,"sd","14:10:51",8935900
22950,50,100,"sd","14:10:51",8935400
22950,50,11400,"sd","14:10:42",8935300
22950,50,8100,"sd","14:10:19",8923900
22950,50,4000,"sd","14:10:19",8915800
22950,50,4100,"sd","14:10:19",8911800
22950,50,4600,"sd","14:10:19",8907700
22950,50,100,"sd","14:10:19",8903100
22950,50,100,"sd","14:10:19",8903000
22950,50,400,"sd","14:10:19",8902900
22950,50,100,"sd","14:10:19",8902500
22950,50,2600,"sd","14:10:19",8902400
23000,100,300,"bu","14:10:19",8899800
23000,100,1000,"bu","14:10:19",8899500
23000,100,500,"bu","14:10:19",8898500
23000,100,200,"bu","14:10:19",8898000
23000,100,100,"bu","14:10:12",8897800
22950,50,16800,"sd","14:10:04",8897700
23000,100,100,"bu","14:09:51",8880900
23000,100,100,"bu","14:09:51",8880800
22950,50,200,"sd","14:09:45",8880700
22950,50,11700,"sd","14:09:40",8880500
22950,50,11900,"sd","14:09:37",8868800
22950,50,500,"sd","14:09:27",8856900
22950,50,16800,"sd","14:09:24",8856400
22950,50,11200,"sd","14:09:23",8839600
22950,50,100,"sd","14:09:18",8828400
22950,50,12600,"sd","14:08:55",8828300
22950,50,12900,"bu","14:08:52",8815700
22950,50,1500,"bu","14:08:52",8802800
22950,50,1200,"bu","14:08:52",8801300
22950,50,200,"bu","14:08:51",8800100
22900,0,600,"sd","14:08:38",8799900
22900,0,1000,"sd","14:08:38",8799300
22950,50,100,"bu","14:08:32",8798300
22900,0,100,"sd","14:08:16",8798200
22950,50,300,"bu","14:07:53",8798100
22950,50,100,"bu","14:07:53",8797800
22950,50,100,"sd","14:07:53",8797700
22950,50,200,"sd","14:07:53",8797600
22950,50,200,"sd","14:07:53",8797400
22950,50,2500,"sd","14:07:48",8797200
22950,50,12200,"sd","14:07:40",8794700
22950,50,200,"sd","14:07:40",8782500
22950,50,200,"sd","14:07:40",8782300
22950,50,200,"sd","14:07:40",8782100
22950,50,2000,"sd","14:07:40",8781900
22950,50,1500,"sd","14:07:40",8779900
22950,50,100,"sd","14:07:40",8778400
22950,50,100,"sd","14:07:40",8778300
22950,50,400,"sd","14:07:40",8778200
22950,50,1000,"sd","14:07:40",8777800
22950,50,2000,"sd","14:07:40",8776800
22950,50,100,"sd","14:07:40",8774800
22950,50,1000,"sd","14:07:25",8774700
22950,50,3900,"sd","14:07:25",8773700
22950,50,1500,"sd","14:07:25",8769800
22950,50,3500,"sd","14:07:24",8768300
22950,50,100,"sd","14:07:24",8764800
22950,50,3000,"sd","14:07:24",8764700
22950,50,2000,"sd","14:07:24",8761700
22950,50,400,"sd","14:07:24",8759700
22950,50,2700,"sd","14:07:24",8759300
23000,100,5000,"bu","14:07:20",8756600
22950,50,30000,"sd","14:07:09",8751600
22950,50,20000,"sd","14:07:06",8721600
22950,50,300,"sd","14:07:05",8701600
22950,50,11700,"sd","14:06:43",8701300
22950,50,5200,"sd","14:06:42",8689600
22950,50,20000,"sd","14:06:35",8684400
22950,50,5600,"sd","14:06:32",8664400
22950,50,500,"sd","14:06:20",8658800
22950,50,11600,"sd","14:06:02",8658300
22950,50,700,"sd","14:05:41",8646700
22950,50,12500,"sd","14:05:21",8646000
23000,100,600,"bu","14:05:01",8633500
22950,50,800,"sd","14:04:57",8632900
22950,50,100,"sd","14:04:56",8632100
22950,50,1000,"sd","14:04:49",8632000
22950,50,7200,"sd","14:04:46",8631000
22950,50,12000,"sd","14:04:37",8623800
22950,50,2000,"bu","14:04:33",8611800
22950,50,8000,"bu","14:04:33",8609800
22950,50,1000,"bu","14:04:33",8601800
22950,50,47100,"bu","14:04:33",8600800
22950,50,200,"bu","14:04:32",8553700
22950,50,2000,"bu","14:04:23",8553500
22950,50,1000,"bu","14:03:59",8551500
22900,0,900,"sd","14:03:54",8550500
22900,0,500,"sd","14:03:54",8549600
22900,0,600,"sd","14:03:54",8549100
22900,0,5000,"sd","14:03:54",8548500
22900,0,2000,"sd","14:03:54",8543500
22900,0,100,"sd","14:03:54",8541500
22900,0,100,"sd","14:03:54",8541400
22900,0,600,"sd","14:03:54",8541300
22900,0,2000,"sd","14:03:54",8540700
22900,0,100,"sd","14:03:54",8538700
22900,0,100,"sd","14:03:54",8538600
22900,0,200,"sd","14:03:54",8538500
22900,0,100,"sd","14:03:54",8538300
22950,50,100,"bu","14:03:54",8538200
22900,0,200,"sd","14:03:49",8538100
22900,0,300,"sd","14:03:49",8537900
22950,50,49600,"sd","14:03:39",8537600
22950,50,1500,"bu","14:03:34",8488000
22950,50,48900,"bu","14:03:34",8486500
22950,50,1100,"bu","14:03:30",8437600
22950,50,2600,"bu","14:03:30",8436500
22950,50,6300,"bu","14:03:30",8433900
22950,50,200,"sd","14:03:18",8427600
22950,50,100,"sd","14:03:18",8427400
22950,50,5000,"sd","14:03:18",8427300
22950,50,2000,"sd","14:03:15",8422300
22950,50,200,"sd","14:03:12",8420300
22950,50,300,"sd","14:03:11",8420100
22950,50,2000,"sd","14:03:11",8419800
22950,50,7200,"sd","14:03:11",8417800
22950,50,2100,"sd","14:03:11",8410600
22950,50,2900,"sd","14:03:06",8408500
22950,50,2400,"sd","14:03:06",8405600
22950,50,44700,"sd","14:03:06",8403200
22950,50,1000,"sd","14:02:57",8358500
22950,50,1000,"sd","14:02:44",8357500
22950,50,4300,"sd","14:02:42",8356500
22950,50,7000,"sd","14:02:36",8352200
22950,50,1000,"sd","14:02:34",8345200
22950,50,3500,"sd","14:02:34",8344200
22950,50,11700,"sd","14:02:30",8340700
22950,50,2100,"sd","14:02:28",8329000
22950,50,5600,"sd","14:02:23",8326900
22950,50,500,"sd","14:02:21",8321300
22950,50,2500,"sd","14:02:17",8320800
22950,50,5000,"sd","14:02:04",8318300
22950,50,20000,"bu","14:02:02",8313300
22950,50,100,"bu","14:02:02",8293300
22950,50,2300,"bu","14:02:02",8293200
22950,50,100,"bu","14:02:02",8290900
22950,50,100,"bu","14:02:02",8290800
22950,50,100,"bu","14:02:02",8290700
22950,50,100,"bu","14:02:02",8290600
22950,50,6100,"bu","14:02:02",8290500
22950,50,2300,"bu","14:02:02",8284400
22950,50,12100,"bu","14:02:02",8282100
22950,50,6800,"bu","14:02:02",8270000
22950,50,10000,"bu","14:01:53",8263200
22900,0,3000,"sd","14:01:51",8253200
22950,50,6400,"bu","14:01:49",8250200
22900,0,6700,"sd","14:01:49",8243800
22900,0,800,"sd","14:01:49",8237100
22900,0,500,"sd","14:01:49",8236300
22900,0,3000,"sd","14:01:49",8235800
22900,0,700,"sd","14:01:49",8232800
22950,50,1000,"bu","14:01:25",8232100
22950,50,1000,"bu","14:01:22",8231100
22950,50,800,"bu","14:01:21",8230100
22900,0,11200,"sd","14:01:15",8229300
22950,50,100,"bu","14:01:12",8218100
22900,0,12200,"sd","14:01:07",8218000
22950,50,50000,"bu","14:01:05",8205800
22950,50,100,"bu","14:01:04",8155800
22950,50,500,"bu","14:00:40",8155700
22950,50,100,"bu","14:00:35",8155200
22900,0,5900,"sd","14:00:24",8155100
22900,0,100,"sd","14:00:24",8149200
22900,0,3000,"sd","14:00:24",8149100
22900,0,2800,"sd","14:00:24",8146100
22900,0,200,"sd","14:00:14",8143300
22900,0,200,"sd","14:00:14",8143100
22900,0,4000,"sd","14:00:14",8142900
22900,0,1200,"sd","14:00:14",8138900
22900,0,100,"sd","14:00:14",8137700
22900,0,100,"sd","14:00:14",8137600
22900,0,800,"sd","14:00:14",8137500
22950,50,300,"bu","14:00:05",8136700
22900,0,1200,"sd","13:59:57",8136400
22900,0,100,"sd","13:59:57",8135200
22900,0,2000,"sd","13:59:57",8135100
22900,0,200,"sd","13:59:57",8133100
22900,0,2500,"sd","13:59:57",8132900
22900,0,1000,"sd","13:59:57",8130400
22900,0,100,"sd","13:59:57",8129400
22900,0,100,"sd","13:59:57",8129300
22900,0,100,"sd","13:59:57",8129200
22900,0,1000,"sd","13:59:57",8129100
22900,0,500,"sd","13:59:57",8128100
22900,0,500,"sd","13:59:57",8127600
22900,0,100,"sd","13:59:57",8127100
22900,0,500,"sd","13:59:57",8127000
22900,0,400,"sd","13:59:57",8126500
22900,0,400,"sd","13:59:57",8126100
22950,50,500,"sd","13:59:51",8125700
22950,50,1000,"sd","13:59:51",8125200
22950,50,700,"sd","13:59:51",8124200
22950,50,100,"sd","13:59:51",8123500
22950,50,6000,"sd","13:59:51",8123400
22950,50,500,"sd","13:59:51",8117400
22950,50,600,"sd","13:59:51",8116900
22950,50,2000,"sd","13:59:51",8116300
22950,50,10000,"sd","13:59:51",8114300
22950,50,1000,"sd","13:59:51",8104300
22950,50,200,"sd","13:59:51",8103300
22950,50,100,"sd","13:59:51",8103100
22950,50,200,"sd","13:59:51",8103000
22950,50,23500,"sd","13:59:51",8102800
22950,50,5000,"sd","13:59:51",8079300
22950,50,500,"sd","13:59:51",8074300
22950,50,1000,"sd","13:59:51",8073800
22950,50,6500,"sd","13:59:48",8072800
22950,50,1000,"sd","13:59:48",8066300
22950,50,100,"sd","13:59:48",8065300
22950,50,500,"sd","13:59:48",8065200
22950,50,4700,"sd","13:59:48",8064700
23000,100,4300,"bu","13:59:46",8060000
22950,50,5300,"sd","13:59:46",8055700
22950,50,5000,"sd","13:59:46",8050400
22950,50,500,"sd","13:59:46",8045400
22950,50,39200,"sd","13:59:46",8044900
22950,50,11700,"sd","13:59:42",8005700
22950,50,7800,"sd","13:59:40",7994000
22950,50,200,"sd","13:59:31",7986200
22950,50,10000,"sd","13:59:18",7986000
22950,50,10400,"sd","13:59:17",7976000
23000,100,100,"bu","13:59:12",7965600
22950,50,200,"sd","13:59:07",7965500
22950,50,9200,"sd","13:59:07",7965300
22950,50,11600,"sd","13:59:01",7956100
23000,100,2000,"bu","13:59:00",7944500
23000,100,500,"bu","13:58:52",7942500
22950,50,10400,"sd","13:58:50",7942000
23000,100,1000,"bu","13:58:39",7931600
22950,50,12700,"sd","13:58:39",7930600
22950,50,10800,"sd","13:58:38",7917900
22950,50,3000,"sd","13:58:33",7907100
23000,100,400,"bu","13:58:29",7904100
23000,100,100,"bu","13:58:29",7903700
22950,50,12700,"sd","13:58:28",7903600
22950,50,1000,"sd","13:58:10",7890900
22950,50,11600,"sd","13:57:38",7889900
22950,50,12200,"bu","13:57:33",7878300
22950,50,11700,"bu","13:57:33",7866100
22950,50,100,"bu","13:57:33",7854400
22950,50,500,"bu","13:57:33",7854300
22950,50,13000,"bu","13:57:33",7853800
22950,50,200,"bu","13:57:24",7840800
22950,50,300,"bu","13:57:19",7840600
22950,50,2000,"bu","13:57:17",7840300
22950,50,500,"bu","13:57:03",7838300
22950,50,100,"bu","13:56:49",7837800
22950,50,100,"bu","13:56:39",7837700
22950,50,3000,"bu","13:56:36",7837600
22950,50,100,"sd","13:56:19",7834600
22950,50,100,"sd","13:56:19",7834500
22950,50,100,"sd","13:56:19",7834400
22950,50,100,"sd","13:56:19",7834300
22950,50,200,"sd","13:56:19",7834200
22950,50,5000,"sd","13:56:19",7834000
22950,50,6000,"sd","13:56:19",7829000
22950,50,5000,"sd","13:56:19",7823000
22950,50,200,"sd","13:56:19",7818000
22950,50,54000,"sd","13:56:19",7817800
22950,50,11900,"sd","13:56:13",7763800
22950,50,3000,"sd","13:56:08",7751900
22950,50,500,"sd","13:55:51",7748900
22950,50,100,"sd","13:55:36",7748400
22950,50,11800,"sd","13:55:31",7748300
22950,50,5600,"sd","13:55:30",7736500
22950,50,100,"sd","13:55:29",7730900
22950,50,5000,"sd","13:55:25",7730800
22950,50,3000,"sd","13:55:21",7725800
22950,50,5000,"bu","13:55:12",7722800
22900,0,600,"sd","13:54:50",7717800
22900,0,1000,"sd","13:54:50",7717200
22900,0,2000,"sd","13:54:50",7716200
22900,0,100,"sd","13:54:50",7714200
22900,0,1000,"sd","13:54:50",7714100
22900,0,5000,"sd","13:54:50",7713100
22900,0,100,"sd","13:54:50",7708100
22900,0,500,"sd","13:54:50",7708000
22900,0,700,"sd","13:54:50",7707500
22900,0,900,"sd","13:54:50",7706800
22950,50,100,"sd","13:54:50",7705900
22950,50,1000,"sd","13:54:50",7705800
23000,100,100,"bu","13:54:35",7704800
22900,0,4100,"sd","13:54:32",7704700
22900,0,1500,"sd","13:54:32",7700600
22950,50,300,"sd","13:54:32",7699100
22900,0,2000,"sd","13:54:23",7698800
22900,0,6500,"sd","13:54:04",7696800
22900,0,200,"sd","13:54:04",7690300
22950,50,4900,"sd","13:54:04",7690100
22950,50,100,"bu","13:54:00",7685200
22950,50,900,"bu","13:53:59",7685100
22950,50,100,"bu","13:53:59",7684200
22950,50,1500,"bu","13:53:43",7684100
22950,50,2000,"bu","13:53:40",7682600
22950,50,500,"bu","13:53:33",7680600
22950,50,100,"bu","13:53:33",7680100
22950,50,500,"bu","13:53:33",7680000
22950,50,5000,"bu","13:53:33",7679500
22950,50,300,"bu","13:53:33",7674500
22950,50,1700,"sd","13:53:32",7674200
22950,50,300,"sd","13:53:32",7672500
22950,50,1700,"sd","13:53:23",7672200
22950,50,3000,"sd","13:53:23",7670500
22950,50,3000,"sd","13:53:23",7667500
22950,50,4400,"sd","13:53:23",7664500
22950,50,600,"sd","13:53:22",7660100
22950,50,1000,"sd","13:53:22",7659500
22950,50,1700,"sd","13:53:22",7658500
22950,50,1000,"sd","13:53:22",7656800
22950,50,2000,"sd","13:53:22",7655800
22950,50,300,"sd","13:53:22",7653800
22950,50,100,"sd","13:53:22",7653500
22950,50,200,"sd","13:53:22",7653400
22950,50,3100,"sd","13:53:22",7653200
22950,50,2900,"sd","13:53:14",7650100
22950,50,2700,"sd","13:53:14",7647200
22950,50,200,"sd","13:53:04",7644500
22950,50,1000,"sd","13:53:02",7644300
22950,50,11100,"sd","13:53:01",7643300
22950,50,600,"sd","13:53:01",7632200
22950,50,3000,"sd","13:53:01",7631600
22950,50,300,"sd","13:53:01",7628600
22950,50,1700,"sd","13:52:55",7628300
22950,50,500,"sd","13:52:55",7626600
22950,50,5000,"sd","13:52:55",7626100
22950,50,200,"sd","13:52:55",7621100
22950,50,5000,"sd","13:52:55",7620900
22950,50,2600,"sd","13:52:55",7615900
22950,50,3200,"sd","13:52:54",7613300
22950,50,20000,"sd","13:52:44",7610100
22950,50,11800,"sd","13:52:40",7590100
23000,100,1000,"bu","13:52:39",7578300
22950,50,100,"sd","13:52:18",7577300
22950,50,6100,"sd","13:51:58",7577200
22950,50,7100,"sd","13:51:58",7571100
22950,50,1200,"sd","13:51:58",7564000
23000,100,2000,"bu","13:51:40",7562800
22950,50,500,"sd","13:51:33",7560800
23000,100,200,"bu","13:51:30",7560300
22950,50,12400,"sd","13:51:11",7560100
22900,0,200,"sd","13:50:28",7547700
22950,50,10000,"sd","13:50:28",7547500
22950,50,1800,"sd","13:50:28",7537500
22950,50,1500,"sd","13:50:27",7535700
22950,50,15000,"bu","13:50:23",7534200
22950,50,1700,"bu","13:50:23",7519200
22950,50,2000,"bu","13:50:14",7517500
22950,50,100,"bu","13:50:11",7515500
22950,50,1800,"bu","13:50:10",7515400
22950,50,200,"bu","13:50:10",7513600
22950,50,1000,"bu","13:50:04",7513400
22950,50,4300,"bu","13:49:58",7512400
22950,50,100,"bu","13:49:58",7508100
22950,50,100,"bu","13:49:57",7508000
22950,50,1000,"bu","13:49:50",7507900
22950,50,5000,"bu","13:49:50",7506900
22950,50,500,"bu","13:49:50",7501900
22950,50,4500,"bu","13:49:50",7501400
22950,50,100,"bu","13:49:48",7496900
22950,50,1000,"bu","13:49:44",7496800
22950,50,2000,"bu","13:49:40",7495800
22950,50,2400,"bu","13:49:35",7493800
22950,50,2700,"bu","13:49:34",7491400
22950,50,500,"bu","13:49:34",7488700
22950,50,1800,"bu","13:49:33",7488200
22950,50,200,"bu","13:49:33",7486400
22950,50,200,"bu","13:49:30",7486200
22950,50,1600,"bu","13:49:28",7486000
22950,50,100,"bu","13:49:28",7484400
22950,50,300,"bu","13:49:28",7484300
22950,50,600,"bu","13:49:27",7484000
22950,50,400,"bu","13:49:27",7483400
22950,50,3000,"bu","13:49:23",7483000
22950,50,4000,"bu","13:49:23",7480000
22950,50,2000,"bu","13:49:20",7476000
22950,50,2000,"bu","13:49:18",7474000
22950,50,1200,"bu","13:49:18",7472000
22950,50,3800,"bu","13:49:18",7470800
22950,50,1800,"bu","13:49:17",7467000
22950,50,2000,"bu","13:49:17",7465200
22950,50,16200,"bu","13:49:17",7463200
22950,50,2000,"bu","13:49:17",7447000
22950,50,6800,"bu","13:49:08",7445000
22950,50,15000,"bu","13:49:08",7438200
22950,50,10000,"bu","13:49:08",7423200
22950,50,1400,"bu","13:49:08",7413200
22950,50,500,"bu","13:49:08",7411800
22950,50,100,"bu","13:49:08",7411300
22950,50,3000,"bu","13:49:08",7411200
22950,50,4900,"bu","13:49:08",7408200
22950,50,3000,"bu","13:49:08",7403300
22950,50,3000,"bu","13:49:08",7400300
22950,50,1000,"bu","13:49:08",7397300
22950,50,12100,"bu","13:49:08",7396300
22950,50,5000,"bu","13:49:08",7384200
22950,50,500,"bu","13:49:08",7379200
22950,50,400,"bu","13:49:08",7378700
22950,50,700,"bu","13:49:08",7378300
22950,50,10000,"bu","13:49:08",7377600
22950,50,2000,"bu","13:49:08",7367600
22950,50,15000,"bu","13:49:08",7365600
22950,50,1300,"bu","13:49:08",7350600
22950,50,2000,"bu","13:49:08",7349300
22950,50,2300,"bu","13:49:08",7347300
22900,0,100,"sd","13:49:04",7345000
22950,50,1000,"bu","13:48:53",7344900
22950,50,300,"bu","13:48:43",7343900
22950,50,1400,"bu","13:48:39",7343600
22950,50,800,"bu","13:48:39",7342200
22950,50,600,"bu","13:48:23",7341400
22900,0,600,"sd","13:48:19",7340800
22900,0,100,"sd","13:48:19",7340200
22900,0,10000,"sd","13:48:19",7340100
22900,0,200,"sd","13:48:19",7330100
22900,0,900,"sd","13:48:19",7329900
22900,0,100,"sd","13:48:17",7329000
22950,50,8600,"bu","13:48:13",7328900
22950,50,5000,"bu","13:48:13",7320300
22950,50,500,"bu","13:48:13",7315300
22950,50,4600,"bu","13:48:13",7314800
22950,50,2000,"bu","13:48:13",7310200
22950,50,4700,"bu","13:48:13",7308200
22950,50,5000,"bu","13:48:13",7303500
22950,50,300,"bu","13:48:13",7298500
22950,50,300,"bu","13:48:13",7298200
22950,50,15000,"bu","13:48:13",7297900
22950,50,400,"bu","13:48:13",7282900
22950,50,2000,"bu","13:48:13",7282500
22950,50,1600,"bu","13:48:13",7280500
22950,50,200,"bu","13:48:06",7278900
22950,50,10000,"bu","13:48:02",7278700
22900,0,900,"sd","13:48:01",7268700
22900,0,1000,"sd","13:48:01",7267800
22900,0,100,"sd","13:48:01",7266800
22900,0,2900,"sd","13:47:38",7266700
22900,0,100,"sd","13:47:38",7263800
22900,0,100,"sd","13:47:38",7263700
22900,0,100,"sd","13:47:38",7263600
22900,0,500,"sd","13:47:38",7263500
22900,0,4500,"sd","13:47:38",7263000
22900,0,1000,"sd","13:47:38",7258500
22900,0,500,"sd","13:47:38",7257500
22900,0,500,"sd","13:47:38",7257000
22900,0,200,"sd","13:47:38",7256500
22900,0,1300,"sd","13:47:38",7256300
22950,50,300,"bu","13:47:35",7255000
22950,50,100,"bu","13:47:34",7254700
22950,50,300,"bu","13:47:25",7254600
22900,0,700,"sd","13:47:22",7254300
22900,0,100,"sd","13:47:22",7253600
22900,0,1700,"sd","13:47:22",7253500
22900,0,200,"sd","13:47:21",7251800
22900,0,15000,"sd","13:47:18",7251600
22900,0,12300,"sd","13:46:57",7236600
22900,0,500,"sd","13:46:47",7224300
22950,50,500,"bu","13:46:32",7223800
22900,0,11600,"sd","13:46:13",7223300
22900,0,300,"sd","13:46:06",7211700
22950,50,100,"bu","13:45:51",7211400
22950,50,5000,"bu","13:45:43",7211300
22950,50,100,"bu","13:45:33",7206300
22900,0,8400,"sd","13:45:32",7206200
22900,0,2000,"sd","13:45:32",7197800
22900,0,800,"sd","13:45:32",7195800
22900,0,600,"sd","13:45:32",7195000
22900,0,500,"sd","13:45:29",7194400
22950,50,100,"bu","13:45:22",7193900
22950,50,5000,"bu","13:45:20",7193800
22900,0,3900,"sd","13:45:03",7188800
22900,0,300,"sd","13:45:03",7184900
22900,0,2000,"sd","13:45:03",7184600
22900,0,3700,"sd","13:45:03",7182600
22950,50,1400,"bu","13:44:56",7178900
22900,0,6300,"sd","13:44:50",7177500
22900,0,5300,"sd","13:44:50",7171200
22900,0,7000,"sd","13:44:31",7165900
22900,0,2000,"sd","13:44:18",7158900
22900,0,11200,"sd","13:44:14",7156900
22900,0,4500,"sd","13:44:09",7145700
22900,0,7300,"sd","13:44:09",7141200
22900,0,2700,"sd","13:44:05",7133900
22900,0,100,"sd","13:44:05",7131200
22900,0,400,"sd","13:44:05",7131100
22950,50,2000,"bu","13:43:56",7130700
22950,50,500,"bu","13:43:36",7128700
22900,0,11900,"sd","13:43:27",7128200
22950,50,500,"bu","13:43:03",7116300
22900,0,11700,"sd","13:42:45",7115800
22900,0,1000,"sd","13:42:41",7104100
22900,0,5000,"sd","13:42:32",7103100
22900,0,3000,"sd","13:42:32",7098100
22900,0,100,"sd","13:42:32",7095100
22900,0,1900,"sd","13:42:32",7095000
22900,0,100,"sd","13:42:20",7093100
22900,0,200,"sd","13:42:20",7093000
22900,0,2500,"sd","13:42:19",7092800
22900,0,4700,"sd","13:42:04",7090300
22900,0,100,"bu","13:41:45",7085600
22900,0,2500,"bu","13:41:45",7085500
22900,0,1000,"bu","13:41:43",7083000
22900,0,100,"bu","13:41:41",7082000
22900,0,8300,"bu","13:41:39",7081900
22900,0,11700,"bu","13:41:39",7073600
22900,0,1000,"bu","13:41:38",7061900
22900,0,3000,"bu","13:41:36",7060900
22900,0,500,"bu","13:41:35",7057900
22900,0,100,"bu","13:41:34",7057400
22900,0,3900,"bu","13:41:34",7057300
22900,0,1100,"bu","13:41:33",7053400
22900,0,700,"bu","13:41:33",7052300
22900,0,8200,"bu","13:41:33",7051600
22900,0,1000,"bu","13:41:28",7043400
22900,0,400,"bu","13:41:27",7042400
22900,0,1000,"bu","13:41:22",7042000
22900,0,1000,"bu","13:41:20",7041000
22900,0,300,"bu","13:41:20",7040000
22900,0,1000,"bu","13:41:17",7039700
22900,0,600,"bu","13:41:17",7038700
22900,0,2000,"bu","13:41:15",7038100
22900,0,300,"bu","13:41:12",7036100
22900,0,100,"bu","13:41:11",7035800
22900,0,1000,"bu","13:41:09",7035700
22900,0,5000,"bu","13:41:06",7034700
22900,0,1200,"bu","13:41:06",7029700
22900,0,3800,"bu","13:41:06",7028500
22900,0,200,"bu","13:41:04",7024700
22900,0,2000,"bu","13:41:01",7024500
22900,0,100,"bu","13:41:00",7022500
22900,0,2600,"bu","13:40:59",7022400
22900,0,1000,"bu","13:40:57",7019800
22900,0,1900,"bu","13:40:57",7018800
22900,0,100,"bu","13:40:57",7016900
22900,0,300,"bu","13:40:57",7016800
22900,0,200,"bu","13:40:57",7016500
22900,0,10000,"bu","13:40:54",7016300
22900,0,1400,"bu","13:40:52",7006300
22900,0,300,"bu","13:40:52",7004900
22900,0,200,"bu","13:40:52",7004600
22900,0,3100,"bu","13:40:52",7004400
22900,0,2000,"bu","13:40:47",7001300
22850,-50,3400,"sd","13:40:47",6999300
22850,-50,100,"sd","13:40:47",6995900
22850,-50,500,"sd","13:40:47",6995800
22850,-50,1000,"sd","13:40:47",6995300
22850,-50,600,"sd","13:40:47",6994300
22850,-50,400,"sd","13:40:39",6993700
22850,-50,200,"sd","13:40:39",6993300
22850,-50,500,"sd","13:40:39",6993100
22850,-50,100,"sd","13:40:39",6992600
22850,-50,10700,"sd","13:40:39",6992500
22900,0,200,"bu","13:40:39",6981800
22900,0,100,"bu","13:40:39",6981600
22900,0,4000,"bu","13:40:39",6981500
22900,0,600,"bu","13:40:38",6977500
22900,0,700,"bu","13:40:38",6976900
22900,0,2000,"bu","13:40:36",6976200
22900,0,300,"bu","13:40:35",6974200
22900,0,2700,"bu","13:40:35",6973900
22900,0,1000,"bu","13:40:35",6971200
22900,0,100,"bu","13:40:30",6970200
22900,0,100,"bu","13:40:26",6970100
22900,0,2000,"bu","13:40:22",6970000
22900,0,4100,"bu","13:40:18",6968000
22900,0,5900,"bu","13:40:18",6963900
22900,0,300,"bu","13:40:17",6958000
22900,0,200,"bu","13:40:15",6957700
22900,0,200,"bu","13:40:13",6957500
22900,0,100,"bu","13:40:08",6957300
22900,0,2000,"bu","13:40:06",6957200
22900,0,100,"bu","13:40:03",6955200
22900,0,100,"bu","13:39:58",6955100
22900,0,200,"bu","13:39:57",6955000
22900,0,100,"bu","13:39:50",6954800
22900,0,1000,"bu","13:39:49",6954700
22900,0,300,"bu","13:39:43",6953700
22900,0,36000,"bu","13:39:40",6953400
22900,0,400,"bu","13:39:38",6917400
22900,0,500,"bu","13:39:37",6917000
22900,0,800,"bu","13:39:36",6916500
22900,0,2000,"bu","13:39:34",6915700
22900,0,100,"bu","13:39:33",6913700
22900,0,200,"bu","13:39:22",6913600
22900,0,4000,"bu","13:39:22",6913400
22900,0,10000,"bu","13:39:12",6909400
22900,0,1000,"bu","13:39:10",6899400
22900,0,200,"bu","13:39:09",6898400
22900,0,1000,"bu","13:39:08",6898200
22850,-50,4600,"sd","13:39:07",6897200
22900,0,7000,"bu","13:39:05",6892600
22900,0,200,"bu","13:39:02",6885600
22900,0,200,"bu","13:39:01",6885400
22900,0,20000,"bu","13:39:00",6885200
22900,0,5000,"bu","13:38:56",6865200
22850,-50,2200,"sd","13:38:51",6860200
22900,0,900,"bu","13:38:35",6858000
22900,0,1100,"bu","13:38:35",6857100
22900,0,13900,"bu","13:38:30",6856000
22900,0,6100,"bu","13:38:30",6842100
22900,0,5900,"bu","13:38:17",6836000
22900,0,11500,"bu","13:38:17",6830100
22900,0,8600,"bu","13:38:17",6818600
22900,0,2200,"bu","13:38:16",6810000
22850,-50,5000,"sd","13:38:15",6807800
22900,0,2000,"bu","13:38:14",6802800
22900,0,1200,"bu","13:38:02",6800800
22850,-50,7500,"sd","13:37:54",6799600
22850,-50,100,"sd","13:37:54",6792100
22850,-50,100,"sd","13:37:54",6792000
22850,-50,200,"sd","13:37:54",6791900
22850,-50,500,"sd","13:37:54",6791700
22850,-50,500,"sd","13:37:54",6791200
22850,-50,3200,"sd","13:37:54",6790700
22900,0,100,"bu","13:37:44",6787500
22900,0,200,"bu","13:37:22",6787400
22850,-50,900,"sd","13:37:12",6787200
22850,-50,200,"sd","13:37:12",6786300
22850,-50,8600,"sd","13:37:12",6786100
22850,-50,1800,"sd","13:37:12",6777500
22850,-50,1000,"sd","13:36:39",6775700
22900,0,3000,"bu","13:36:37",6774700
22850,-50,400,"sd","13:36:31",6771700
22850,-50,500,"sd","13:36:31",6771300
22850,-50,500,"sd","13:36:31",6770800
22850,-50,300,"sd","13:36:31",6770300
22850,-50,100,"sd","13:36:31",6770000
22850,-50,100,"sd","13:36:31",6769900
22850,-50,2000,"sd","13:36:31",6769800
22850,-50,500,"sd","13:36:31",6767800
22850,-50,500,"sd","13:36:31",6767300
22850,-50,500,"sd","13:36:31",6766800
22850,-50,2000,"sd","13:36:31",6766300
22850,-50,100,"sd","13:36:31",6764300
22850,-50,200,"sd","13:36:31",6764200
22850,-50,3900,"sd","13:36:31",6764000
22900,0,100,"bu","13:36:28",6760100
22900,0,2000,"bu","13:36:23",6760000
22850,-50,1100,"sd","13:36:10",6758000
22850,-50,1000,"sd","13:36:10",6756900
22850,-50,100,"sd","13:36:10",6755900
22850,-50,200,"sd","13:36:10",6755800
22850,-50,1200,"sd","13:36:10",6755600
22900,0,500,"bu","13:36:07",6754400
22900,0,10000,"bu","13:35:56",6753900
22900,0,1000,"sd","13:35:47",6743900
22900,0,400,"sd","13:35:47",6742900
22900,0,2000,"sd","13:35:47",6742500
22900,0,300,"sd","13:35:47",6740500
22900,0,200,"sd","13:35:47",6740200
22900,0,1000,"sd","13:35:47",6740000
22900,0,300,"sd","13:35:47",6739000
22900,0,200,"sd","13:35:47",6738700
22900,0,10000,"sd","13:35:47",6738500
22900,0,200,"sd","13:35:47",6728500
22900,0,500,"sd","13:35:47",6728300
22900,0,100,"sd","13:35:47",6727800
22900,0,100,"sd","13:35:47",6727700
22900,0,100,"sd","13:35:47",6727600
22900,0,500,"sd","13:35:47",6727500
22900,0,500,"sd","13:35:47",6727000
22900,0,10000,"sd","13:35:47",6726500
22900,0,200,"sd","13:35:47",6716500
22900,0,100000,"sd","13:35:47",6716300
22900,0,1000,"sd","13:35:47",6616300
22900,0,100,"sd","13:35:47",6615300
22900,0,100,"sd","13:35:47",6615200
22900,0,1300,"sd","13:35:47",6615100
22950,50,2000,"bu","13:35:42",6613800
22900,0,100,"sd","13:35:39",6611800
22900,0,500,"sd","13:35:37",6611700
22900,0,1100,"sd","13:35:18",6611200
22900,0,2000,"sd","13:35:08",6610100
22900,0,10000,"sd","13:35:08",6608100
22900,0,1300,"sd","13:35:08",6598100
22900,0,100,"sd","13:35:02",6596800
22900,0,100,"sd","13:34:55",6596700
22900,0,500,"sd","13:34:42",6596600
22900,0,500,"sd","13:34:42",6596100
22900,0,5800,"sd","13:34:36",6595600
22900,0,11700,"sd","13:34:20",6589800
22900,0,1000,"sd","13:33:56",6578100
22900,0,11200,"sd","13:33:44",6577100
22900,0,2000,"sd","13:33:37",6565900
22900,0,5900,"sd","13:33:32",6563900
22900,0,600,"sd","13:33:32",6558000
22900,0,1200,"sd","13:33:32",6557400
22900,0,10100,"bu","13:33:32",6556200
22900,0,500,"bu","13:33:28",6546100
22900,0,5000,"bu","13:33:26",6545600
22900,0,3000,"bu","13:33:22",6540600
22900,0,300,"bu","13:33:19",6537600
22900,0,1200,"bu","13:33:12",6537300
22900,0,2100,"bu","13:33:12",6536100
22900,0,17900,"bu","13:33:10",6534000
22900,0,4000,"bu","13:33:10",6516100
22900,0,28100,"bu","13:33:10",6512100
22900,0,300,"bu","13:33:00",6484000
22850,-50,800,"sd","13:32:59",6483700
22850,-50,2000,"sd","13:32:59",6482900
22850,-50,3600,"sd","13:32:59",6480900
22850,-50,5200,"sd","13:32:59",6477300
22900,0,300,"bu","13:32:47",6472100
22850,-50,4800,"sd","13:32:18",6471800
22850,-50,200,"sd","13:32:18",6467000
22850,-50,100,"sd","13:32:18",6466800
22850,-50,6600,"sd","13:32:18",6466700
22900,0,300,"bu","13:32:17",6460100
22900,0,3000,"bu","13:32:16",6459800
22900,0,100,"bu","13:32:15",6456800
22900,0,700,"bu","13:32:14",6456700
22900,0,7400,"bu","13:32:03",6456000
22900,0,1200,"bu","13:32:00",6448600
22900,0,1000,"bu","13:31:57",6447400
22900,0,100,"bu","13:31:52",6446400
22900,0,200,"bu","13:31:51",6446300
22900,0,1000,"bu","13:31:44",6446100
22900,0,2000,"bu","13:31:39",6445100
22850,-50,3400,"sd","13:31:36",6443100
22850,-50,500,"sd","13:31:36",6439700
22850,-50,300,"sd","13:31:36",6439200
22850,-50,400,"sd","13:31:36",6438900
22850,-50,100,"sd","13:31:36",6438500
22850,-50,300,"sd","13:31:36",6438400
22850,-50,500,"sd","13:31:36",6438100
22850,-50,500,"sd","13:31:36",6437600
22850,-50,400,"sd","13:31:36",6437100
22850,-50,900,"sd","13:31:36",6436700
22850,-50,1000,"sd","13:31:36",6435800
22900,0,100,"bu","13:31:36",6434800
22850,-50,1500,"sd","13:31:36",6434700
22850,-50,700,"sd","13:31:36",6433200
22850,-50,1000,"sd","13:31:36",6432500
22850,-50,600,"sd","13:31:36",6431500
22900,0,1200,"bu","13:31:31",6430900
22900,0,3000,"bu","13:31:31",6429700
22900,0,3800,"bu","13:31:31",6426700
22900,0,100,"bu","13:31:29",6422900
22900,0,500,"bu","13:31:21",6422800
22900,0,100,"bu","13:31:16",6422300
22900,0,100,"bu","13:31:16",6422200
22900,0,200,"bu","13:31:04",6422100
22900,0,3000,"bu","13:31:00",6421900
22900,0,500,"bu","13:30:59",6418900
22900,0,400,"bu","13:30:58",6418400
22900,0,100,"bu","13:30:57",6418000
22900,0,3100,"bu","13:30:56",6417900
22900,0,500,"bu","13:30:56",6414800
22900,0,1500,"bu","13:30:56",6414300
22900,0,400,"bu","13:30:56",6412800
22900,0,4500,"bu","13:30:56",6412400
22900,0,3500,"bu","13:30:54",6407900
22900,0,100,"bu","13:30:53",6404400
22900,0,1000,"bu","13:30:51",6404300
22900,0,2000,"bu","13:30:50",6403300
22900,0,100,"bu","13:30:48",6401300
22900,0,100,"bu","13:30:47",6401200
22900,0,100,"bu","13:30:47",6401100
22900,0,1500,"bu","13:30:45",6401000
22900,0,500,"bu","13:30:37",6399500
22900,0,2000,"bu","13:30:37",6399000
22900,0,1000,"bu","13:30:35",6397000
22900,0,1000,"bu","13:30:34",6396000
22900,0,900,"bu","13:30:34",6395000
22900,0,1000,"bu","13:30:31",6394100
22900,0,1000,"bu","13:30:28",6393100
22900,0,2400,"bu","13:30:21",6392100
22900,0,2600,"bu","13:30:21",6389700
22900,0,100,"bu","13:30:16",6387100
22900,0,1000,"bu","13:30:15",6387000
22900,0,200,"bu","13:30:15",6386000
22900,0,2300,"bu","13:30:06",6385800
22900,0,300,"bu","13:30:06",6383500
22900,0,1000,"bu","13:30:06",6383200
22900,0,5600,"bu","13:30:06",6382200
22900,0,800,"bu","13:30:06",6376600
22900,0,500,"bu","13:30:04",6375800
22900,0,500,"bu","13:30:03",6375300
22900,0,500,"bu","13:29:59",6374800
22900,0,2000,"bu","13:29:58",6374300
22900,0,700,"bu","13:29:58",6372300
22900,0,200,"bu","13:29:58",6371600
22900,0,1100,"bu","13:29:58",6371400
22900,0,900,"bu","13:29:49",6370300
22900,0,1100,"bu","13:29:49",6369400
22900,0,16900,"bu","13:29:43",6368300
22900,0,300,"bu","13:29:43",6351400
22900,0,13300,"bu","13:29:43",6351100
22900,0,4500,"bu","13:29:43",6337800
22900,0,200,"bu","13:29:36",6333300
22900,0,2000,"bu","13:29:30",6333100
22850,-50,400,"sd","13:29:26",6331100
22850,-50,200,"sd","13:29:26",6330700
22850,-50,200,"sd","13:29:26",6330500
22850,-50,200,"sd","13:29:26",6330300
22850,-50,5000,"sd","13:29:26",6330100
22850,-50,1000,"sd","13:29:26",6325100
22850,-50,100,"sd","13:29:26",6324100
22850,-50,1500,"sd","13:29:26",6321000
22850,-50,3000,"sd","13:29:26",6324000
22900,0,1200,"bu","13:29:26",6319500
22900,0,100,"sd","13:29:25",6318300
22900,0,5600,"bu","13:29:22",6318200
22900,0,4400,"bu","13:29:22",6312600
22900,0,500,"bu","13:29:19",6308200
22900,0,1800,"bu","13:29:17",6307700
22900,0,1000,"bu","13:29:13",6305900
22900,0,1000,"sd","13:29:07",6304900
22900,0,3000,"sd","13:29:07",6303900
22900,0,8800,"bu","13:29:06",6300900
22900,0,300,"sd","13:29:05",6292100
22900,0,800,"sd","13:29:05",6291800
22900,0,100,"sd","13:29:05",6291000
22900,0,2000,"sd","13:29:05",6290900
22900,0,5000,"sd","13:29:05",6288900
22900,0,1000,"sd","13:29:05",6283900
22900,0,5000,"sd","13:29:05",6282900
22900,0,1400,"sd","13:29:05",6277900
22900,0,1000,"sd","13:29:05",6276500
22900,0,1000,"sd","13:29:05",6275500
22900,0,500,"sd","13:29:05",6274500
22900,0,100,"sd","13:29:05",6274000
22900,0,2000,"sd","13:29:05",6273900
22900,0,10000,"sd","13:29:05",6271900
22900,0,3000,"sd","13:29:05",6261900
22900,0,200,"sd","13:29:05",6258900
22900,0,800,"sd","13:29:05",6258700
22900,0,1000,"sd","13:29:05",6257900
22900,0,6000,"sd","13:29:05",6256900
22900,0,3000,"sd","13:29:01",6250900
22900,0,1000,"sd","13:28:53",6247900
22900,0,3600,"sd","13:28:45",6246900
22900,0,1500,"sd","13:28:45",6243300
22900,0,100,"sd","13:28:45",6241800
22900,0,600,"sd","13:28:45",6241700
22900,0,500,"sd","13:28:45",6241100
22900,0,500,"sd","13:28:45",6240600
22900,0,4900,"sd","13:28:45",6240100
22900,0,500,"sd","13:28:41",6235200
22900,0,200,"sd","13:28:41",6234700
22900,0,300,"sd","13:28:41",6234500
22900,0,200,"sd","13:28:41",6234200
22900,0,500,"sd","13:28:41",6234000
22900,0,200,"sd","13:28:41",6233500
22900,0,400,"sd","13:28:41",6233300
22900,0,19300,"sd","13:28:41",6232900
22900,0,1800,"sd","13:28:41",6213600
22900,0,700,"sd","13:28:41",6211800
22900,0,5000,"sd","13:28:41",6211100
22900,0,2000,"sd","13:28:41",6206100
22900,0,100,"sd","13:28:41",6204100
22900,0,500,"sd","13:28:41",6204000
22900,0,1000,"sd","13:28:41",6203500
22900,0,100,"sd","13:28:41",6202500
22900,0,2200,"sd","13:28:41",6202400
22900,0,200,"sd","13:28:41",6200200
22900,0,5500,"sd","13:28:41",6200000
22900,0,300,"sd","13:28:41",6194500
22900,0,5000,"sd","13:28:41",6194200
22900,0,800,"sd","13:28:41",6189200
22900,0,1000,"sd","13:28:41",6188400
22900,0,10000,"sd","13:28:41",6187400
22900,0,100,"sd","13:28:41",6177400
22900,0,300,"sd","13:28:41",6177300
22900,0,3400,"sd","13:28:41",6177000
22900,0,13800,"sd","13:28:41",6173600
22900,0,100,"sd","13:28:41",6159800
22900,0,500,"sd","13:28:41",6159700
22900,0,4000,"sd","13:28:41",6159200
22900,0,4000,"sd","13:28:29",6155200
22900,0,500,"sd","13:28:25",6151200
22900,0,1000,"sd","13:28:17",6150700
22900,0,100,"sd","13:28:12",6149700
22900,0,400,"sd","13:28:07",6149600
22900,0,10400,"sd","13:28:07",6149200
22900,0,100,"sd","13:28:07",6138800
22900,0,100,"sd","13:28:07",6138700
22900,0,1000,"sd","13:28:07",6138600
22900,0,1000,"sd","13:28:07",6137600
22900,0,1000,"sd","13:28:07",6136600
22900,0,300,"sd","13:28:07",6135600
22900,0,100,"sd","13:28:07",6135300
22900,0,1000,"sd","13:28:07",6135200
22900,0,800,"sd","13:28:07",6134200
22900,0,200,"sd","13:28:07",6133400
22900,0,100,"sd","13:28:07",6133200
22900,0,5000,"sd","13:28:07",6133100
22900,0,500,"sd","13:28:07",6128100
22900,0,100,"sd","13:28:07",6127600
22900,0,100,"sd","13:28:07",6127500
22900,0,100,"sd","13:28:07",6127400
22900,0,1000,"sd","13:28:07",6127300
22900,0,2800,"sd","13:28:07",6126300
22900,0,500,"sd","13:28:07",6123500
22900,0,6000,"sd","13:28:07",6123000
22900,0,100,"sd","13:28:07",6117000
22900,0,100,"sd","13:28:07",6116900
22900,0,1000,"sd","13:28:07",6116800
22900,0,400,"sd","13:28:07",6115800
22900,0,50000,"sd","13:28:07",6115400
22900,0,3000,"sd","13:28:07",6065400
22900,0,500,"sd","13:28:07",6062400
22900,0,300,"sd","13:28:07",6061900
22900,0,100,"sd","13:28:07",6061600
22900,0,100,"sd","13:28:07",6061500
22900,0,3000,"sd","13:28:07",6061400
22900,0,30000,"sd","13:28:07",6058400
22900,0,14600,"sd","13:28:07",6028400
22900,0,10000,"sd","13:28:07",6013800
22900,0,2000,"sd","13:28:07",6003800
22900,0,300,"sd","13:28:07",6001800
22900,0,100,"sd","13:28:07",6001500
22900,0,500,"sd","13:28:07",6001400
22900,0,500,"sd","13:28:07",6000900
22900,0,100,"sd","13:28:07",6000400
22900,0,700,"sd","13:28:07",6000300
22900,0,5000,"sd","13:28:04",5999600
22900,0,100,"sd","13:28:04",5994600
22900,0,3200,"sd","13:28:04",5994500
22900,0,900,"sd","13:28:04",5991300
22900,0,800,"sd","13:28:04",5990400
22900,0,1000,"sd","13:28:04",5989600
22900,0,900,"sd","13:28:04",5988600
22950,50,3000,"bu","13:27:57",5987700
22900,0,200,"sd","13:27:49",5984700
22900,0,1000,"sd","13:27:41",5984500
22900,0,5600,"sd","13:27:21",5983500
22900,0,6600,"sd","13:27:21",5977900
22900,0,100,"sd","13:27:12",5971300
22950,50,800,"bu","13:26:50",5971200
22900,0,3300,"sd","13:26:47",5970400
22900,0,200,"sd","13:26:47",5967100
22900,0,200,"sd","13:26:47",5966900
22900,0,300,"sd","13:26:47",5966700
22900,0,500,"sd","13:26:42",5966400
22900,0,1100,"sd","13:26:39",5965900
22900,0,100,"sd","13:26:38",5964800
22900,0,1000,"sd","13:26:38",5964700
22900,0,2000,"sd","13:26:38",5963700
22900,0,1000,"sd","13:26:38",5961700
22900,0,400,"sd","13:26:38",5960700
22900,0,2000,"sd","13:26:38",5960300
22900,0,1000,"sd","13:26:38",5958300
22900,0,500,"sd","13:26:38",5957300
22900,0,200,"sd","13:26:38",5956800
22900,0,100,"sd","13:26:38",5956600
22900,0,400,"sd","13:26:38",5956500
22900,0,1000,"sd","13:26:38",5956100
22900,0,1000,"sd","13:26:38",5955100
22900,0,400,"sd","13:26:38",5954100
22900,0,800,"sd","13:26:38",5953700
22900,0,2000,"sd","13:26:14",5952900
22900,0,300,"sd","13:25:56",5950900
22900,0,200,"sd","13:25:56",5950600
22900,0,100,"sd","13:25:56",5950400
22900,0,500,"sd","13:25:56",5950300
22900,0,5000,"sd","13:25:56",5949800
22900,0,5600,"sd","13:25:56",5944800
22950,50,300,"bu","13:25:56",5939200
22900,0,500,"sd","13:25:26",5938900
22900,0,3900,"sd","13:25:15",5938400
22900,0,1000,"sd","13:25:15",5934500
22900,0,700,"sd","13:25:15",5933500
22900,0,2000,"sd","13:25:15",5932800
22900,0,4700,"sd","13:25:15",5930800
22950,50,10000,"bu","13:25:10",5926100
22950,50,300,"bu","13:25:06",5916100
22950,50,2000,"bu","13:24:42",5915800
22900,0,11800,"sd","13:24:32",5913800
22950,50,100,"bu","13:24:30",5902000
22900,0,6400,"sd","13:24:27",5901900
22950,50,100,"bu","13:24:17",5895500
22950,50,20000,"bu","13:24:06",5895400
22950,50,100,"bu","13:24:02",5875400
22900,0,7100,"sd","13:23:50",5875300
22900,0,200,"sd","13:23:50",5868200
22900,0,2700,"sd","13:23:50",5868000
22900,0,3800,"sd","13:23:50",5865300
22950,50,300,"bu","13:23:36",5861500
22900,0,200,"sd","13:23:33",5861200
22950,50,100,"bu","13:23:26",5861000
22950,50,5000,"bu","13:23:25",5860900
22950,50,11000,"bu","13:23:18",5855900
22950,50,1000,"bu","13:23:07",5844900
22900,0,7000,"sd","13:23:03",5843900
22950,50,300,"bu","13:23:03",5836900
22950,50,2000,"bu","13:23:03",5836600
22900,0,9000,"sd","13:23:01",5834600
22900,0,100,"sd","13:23:01",5825600
22900,0,2800,"sd","13:23:01",5825500
22900,0,3200,"sd","13:22:47",5822700
22900,0,200,"sd","13:22:47",5819500
22900,0,500,"sd","13:22:47",5819300
22900,0,200,"sd","13:22:47",5818800
22900,0,500,"sd","13:22:47",5818600
22900,0,1300,"sd","13:22:47",5818100
22950,50,200,"bu","13:22:44",5816800
22950,50,500,"bu","13:22:36",5816600
22900,0,500,"sd","13:22:36",5816100
22900,0,200,"sd","13:22:36",5815600
22900,0,100,"sd","13:22:36",5815400
22900,0,1000,"sd","13:22:36",5815300
22900,0,100,"sd","13:22:36",5814300
22900,0,600,"sd","13:22:36",5814200
22950,50,100,"bu","13:22:33",5813600
22950,50,300,"bu","13:22:27",5813500
22950,50,1800,"bu","13:22:21",5813200
22950,50,1000,"bu","13:21:59",5811400
22950,50,100,"bu","13:21:51",5810400
22950,50,26500,"bu","13:21:47",5810300
22950,50,100,"bu","13:21:47",5783800
22950,50,100,"bu","13:21:47",5783700
22950,50,100,"bu","13:21:38",5783600
22950,50,1000,"bu","13:21:38",5783500
22950,50,1300,"bu","13:21:38",5782500
22950,50,100,"bu","13:21:38",5781200
22900,0,900,"sd","13:21:38",5781100
22900,0,1000,"sd","13:21:38",5780200
22900,0,800,"sd","13:21:38",5779200
22900,0,2000,"sd","13:21:38",5778400
22900,0,2000,"sd","13:21:38",5776400
22900,0,500,"sd","13:21:38",5774400
22900,0,4400,"sd","13:21:38",5773900
22950,50,100,"bu","13:21:34",5769500
22950,50,4800,"bu","13:21:33",5769400
22950,50,1000,"bu","13:21:33",5764600
22950,50,100,"bu","13:21:33",5763600
22950,50,4100,"bu","13:21:33",5763500
22950,50,2000,"bu","13:21:25",5759400
22950,50,2200,"bu","13:21:19",5757400
22950,50,11700,"bu","13:21:18",5755200
22950,50,17000,"bu","13:21:18",5743500
22950,50,11300,"bu","13:21:18",5726500
22950,50,100,"bu","13:21:18",5715200
22900,0,5600,"sd","13:21:05",5715100
22900,0,100,"sd","13:21:05",5709500
22900,0,100,"sd","13:21:05",5709400
22900,0,1000,"sd","13:21:05",5709300
22900,0,900,"sd","13:21:05",5708300
22900,0,600,"sd","13:21:05",5707400
22950,50,100,"bu","13:21:03",5706800
22950,50,1000,"bu","13:20:58",5706700
22900,0,600,"sd","13:20:57",5705700
22900,0,500,"sd","13:20:57",5705100
22900,0,100,"sd","13:20:57",5704600
22900,0,600,"sd","13:20:57",5704500
22900,0,100,"sd","13:20:57",5703900
22900,0,10000,"sd","13:20:57",5703800
22900,0,100,"sd","13:20:57",5693800
22900,0,100,"sd","13:20:57",5693700
22900,0,500,"sd","13:20:57",5693600
22900,0,8300,"sd","13:20:50",5693100
22950,50,800,"bu","13:20:42",5684800
22950,50,2200,"bu","13:20:42",5684000
22900,0,8300,"sd","13:20:41",5681800
22950,50,1000,"bu","13:20:37",5673500
22950,50,100,"bu","13:20:36",5672500
22950,50,300,"bu","13:20:36",5672400
22900,0,900,"sd","13:20:32",5672100
22900,0,100,"sd","13:20:32",5671200
22900,0,1000,"sd","13:20:32",5671100
22900,0,200,"sd","13:20:32",5670100
22900,0,100,"sd","13:20:32",5669900
22900,0,2000,"sd","13:20:32",5669800
22900,0,1000,"sd","13:20:32",5667800
22900,0,100,"sd","13:20:32",5666800
22900,0,500,"sd","13:20:32",5666700
22900,0,1000,"sd","13:20:32",5666200
22900,0,1000,"sd","13:20:32",5665200
22900,0,400,"sd","13:20:32",5664200
22950,50,200,"bu","13:20:29",5663800
22950,50,1800,"bu","13:20:23",5663600
22950,50,300,"bu","13:20:23",5661800
22950,50,2900,"bu","13:20:23",5661500
22900,0,100,"sd","13:20:21",5658600
22900,0,2000,"sd","13:20:21",5658500
22900,0,1000,"sd","13:20:21",5656500
22900,0,500,"sd","13:20:21",5655500
22900,0,100,"sd","13:20:21",5655000
22900,0,4600,"sd","13:20:21",5654900
22950,50,200,"bu","13:20:15",5650300
22950,50,1000,"bu","13:20:15",5650100
22950,50,800,"bu","13:20:15",5649100
22900,0,400,"sd","13:20:12",5648300
22900,0,500,"sd","13:20:12",5647900
22900,0,500,"sd","13:20:12",5647400
22900,0,100,"sd","13:20:12",5646900
22900,0,1000,"sd","13:20:12",5646800
22900,0,100,"sd","13:20:12",5645800
22900,0,9400,"sd","13:20:12",5645700
22950,50,200,"bu","13:20:12",5636300
22950,50,500,"bu","13:20:11",5636100
22950,50,1000,"bu","13:20:02",5635600
22950,50,1000,"bu","13:20:01",5634600
22900,0,100,"sd","13:19:59",5633600
22900,0,3000,"sd","13:19:59",5633500
22900,0,3000,"sd","13:19:59",5630500
22900,0,500,"sd","13:19:59",5627500
22900,0,100,"sd","13:19:59",5627000
22900,0,1000,"sd","13:19:59",5626900
22900,0,100,"sd","13:19:59",5625900
22900,0,16000,"sd","13:19:59",5625800
22900,0,100,"sd","13:19:59",5609800
22900,0,10000,"sd","13:19:59",5609700
22900,0,3000,"sd","13:19:59",5599700
22900,0,500,"sd","13:19:59",5596700
22900,0,600,"sd","13:19:59",5596200
22900,0,1000,"sd","13:19:59",5595600
22950,50,500,"bu","13:19:47",5594600
22950,50,200,"bu","13:19:47",5594100
22950,50,100,"bu","13:19:43",5593900
22950,50,500,"bu","13:19:41",5593800
22950,50,1000,"bu","13:19:40",5593300
22950,50,100,"bu","13:19:32",5592300
22950,50,8500,"bu","13:19:32",5592200
22950,50,1000,"bu","13:19:28",5583700
22950,50,100,"bu","13:19:17",5582700
22950,50,1700,"bu","13:19:12",5582600
22950,50,400,"bu","13:19:03",5580900
22950,50,600,"bu","13:19:03",5580500
22950,50,200,"bu","13:19:01",5579900
22900,0,100,"sd","13:18:59",5579700
22900,0,400,"sd","13:18:59",5579600
22950,50,1000,"bu","13:18:51",5579200
22950,50,100,"bu","13:18:42",5578200
22950,50,100,"bu","13:18:41",5578100
22950,50,100,"bu","13:18:33",5578000
22950,50,5000,"bu","13:18:31",5577900
22950,50,1000,"bu","13:18:31",5572900
22950,50,4400,"bu","13:18:29",5571900
22950,50,600,"bu","13:18:29",5567500
22950,50,1000,"bu","13:18:07",5566900
22950,50,800,"bu","13:18:01",5565900
22900,0,500,"sd","13:17:58",5565100
22950,50,1000,"bu","13:17:56",5564600
22900,0,200,"sd","13:17:50",5563600
22900,0,400,"sd","13:17:50",5563400
22900,0,500,"sd","13:17:50",5563000
22900,0,400,"sd","13:17:50",5562500
22900,0,4100,"sd","13:17:50",5562100
22950,50,10000,"bu","13:17:50",5558000
22950,50,1000,"bu","13:17:48",5548000
22950,50,300,"bu","13:17:47",5547000
22950,50,1000,"bu","13:17:45",5546700
22950,50,100,"bu","13:17:44",5545700
22950,50,100,"bu","13:17:44",5545600
22950,50,500,"bu","13:17:42",5545500
22950,50,9000,"bu","13:17:41",5545000
22950,50,1000,"bu","13:17:37",5536000
22950,50,5000,"bu","13:17:35",5535000
22950,50,1000,"bu","13:17:34",5530000
22950,50,9600,"bu","13:17:32",5529000
22950,50,8400,"bu","13:17:32",5519400
22950,50,800,"bu","13:17:24",5511000
22950,50,800,"bu","13:17:22",5510200
22950,50,1700,"bu","13:17:18",5509400
22950,50,100,"bu","13:17:18",5507700
22950,50,2000,"bu","13:17:18",5507600
22950,50,2200,"bu","13:17:18",5505600
22950,50,2800,"bu","13:17:12",5503400
22950,50,500,"bu","13:17:06",5500600
22950,50,500,"bu","13:17:04",5500100
22950,50,5000,"bu","13:17:03",5499600
22950,50,1500,"bu","13:16:58",5494600
22950,50,100,"bu","13:16:58",5493100
22950,50,2100,"bu","13:16:58",5493000
22950,50,100,"bu","13:16:58",5490900
22950,50,2200,"bu","13:16:58",5490800
22950,50,500,"bu","13:16:55",5488600
22950,50,500,"bu","13:16:54",5488100
22900,0,200,"sd","13:16:50",5487600
22900,0,1500,"sd","13:16:50",5487400
22900,0,400,"sd","13:16:50",5485900
22900,0,100,"sd","13:16:50",5485500
22900,0,200,"sd","13:16:50",5485400
22900,0,100,"sd","13:16:50",5485200
22900,0,300,"sd","13:16:50",5485100
22900,0,100,"sd","13:16:50",5484800
22900,0,2700,"sd","13:16:50",5484700
22950,50,3600,"bu","13:16:48",5482000
22950,50,1000,"bu","13:16:47",5478400
22950,50,100,"bu","13:16:43",5477400
22950,50,1000,"bu","13:16:43",5477300
22950,50,2000,"bu","13:16:41",5476300
22950,50,100,"bu","13:16:41",5474300
22950,50,500,"bu","13:16:38",5474200
22950,50,1000,"bu","13:16:38",5473700
22950,50,500,"bu","13:16:35",5472700
22950,50,600,"bu","13:16:35",5472200
22950,50,1200,"bu","13:16:33",5471600
22950,50,100,"bu","13:16:29",5470400
22950,50,100,"bu","13:16:29",5470300
22950,50,100,"bu","13:16:14",5470200
22950,50,5000,"bu","13:16:14",5470100
22950,50,100,"bu","13:16:13",5465100
22950,50,500,"bu","13:16:05",5465000
22900,0,100,"sd","13:16:04",5464500
22900,0,1300,"sd","13:16:04",5464400
22900,0,200,"sd","13:16:04",5463100
22900,0,200,"sd","13:16:04",5462900
22900,0,200,"sd","13:16:04",5462700
22900,0,100,"sd","13:16:04",5462500
22900,0,2900,"sd","13:16:04",5462400
22950,50,100,"bu","13:15:59",5459500
22900,0,5500,"sd","13:15:58",5459400
22950,50,9200,"bu","13:15:55",5453900
22950,50,50000,"bu","13:15:55",5444700
22950,50,800,"bu","13:15:55",5394700
22950,50,200,"bu","13:15:55",5393900
22900,0,5000,"sd","13:15:52",5393700
22900,0,800,"sd","13:15:52",5388700
22900,0,2000,"sd","13:15:52",5387900
22900,0,3000,"sd","13:15:52",5385900
22900,0,500,"sd","13:15:52",5382900
22900,0,500,"sd","13:15:52",5382400
22900,0,100,"sd","13:15:52",5381900
22950,50,800,"bu","13:15:47",5381800
22950,50,10000,"bu","13:15:47",5381000
22950,50,9200,"bu","13:15:47",5371000
22950,50,2000,"bu","13:15:43",5361800
22950,50,900,"bu","13:15:43",5359800
22950,50,2100,"bu","13:15:43",5358900
22950,50,1000,"bu","13:15:32",5356800
22950,50,100,"bu","13:15:19",5355800
22900,0,1900,"sd","13:15:19",5355700
22900,0,100,"sd","13:15:19",5353800
22900,0,200,"sd","13:15:19",5353700
22900,0,100,"sd","13:15:19",5353500
22900,0,100,"sd","13:15:19",5353400
22900,0,3200,"sd","13:15:19",5353300
22900,0,1800,"sd","13:15:10",5350100
22900,0,100,"sd","13:15:10",5348300
22900,0,1000,"sd","13:15:10",5348200
22900,0,100,"sd","13:15:10",5347200
22900,0,3600,"sd","13:15:10",5347100
22900,0,200,"sd","13:15:10",5343500
22900,0,500,"sd","13:15:10",5343300
22900,0,700,"sd","13:15:10",5342800
22900,0,100,"sd","13:15:10",5342100
22900,0,200,"sd","13:15:10",5342000
22900,0,1000,"sd","13:15:10",5341800
22900,0,100,"sd","13:15:10",5340800
22900,0,100,"sd","13:15:10",5340700
22900,0,2900,"sd","13:15:10",5340600
22950,50,100,"bu","13:14:52",5337700
22900,0,100,"sd","13:14:50",5337600
22900,0,2000,"sd","13:14:47",5337500
22900,0,100,"sd","13:14:47",5335500
22900,0,100,"sd","13:14:47",5335400
22900,0,3400,"sd","13:14:47",5335300
22900,0,600,"sd","13:14:42",5331900
22900,0,2400,"sd","13:14:42",5331300
22900,0,2600,"sd","13:14:42",5328900
22900,0,100,"sd","13:14:42",5326300
22900,0,300,"sd","13:14:42",5326200
22900,0,200,"sd","13:14:42",5325900
22900,0,400,"sd","13:14:42",5325700
22900,0,200,"sd","13:14:42",5325300
22900,0,1000,"sd","13:14:42",5325100
22900,0,500,"sd","13:14:42",5324100
22900,0,300,"sd","13:14:42",5323600
22900,0,2700,"sd","13:14:42",5323300
22900,0,7300,"sd","13:14:31",5320600
22900,0,1000,"sd","13:14:31",5313300
22900,0,100,"sd","13:14:26",5312300
22900,0,3000,"sd","13:14:26",5312200
22900,0,4300,"sd","13:14:26",5309200
22900,0,1000,"sd","13:14:26",5304900
22900,0,200,"sd","13:14:26",5303900
22900,0,200,"sd","13:14:26",5303700
22900,0,100,"sd","13:14:26",5303500
22900,0,1000,"sd","13:14:26",5303400
22900,0,800,"sd","13:14:26",5302400
22900,0,1000,"sd","13:14:26",5301600
22900,0,5600,"sd","13:14:11",5300600
22900,0,12500,"sd","13:13:45",5295000
22900,0,3800,"sd","13:13:42",5282500
22900,0,2000,"sd","13:13:21",5278700
22900,0,21800,"sd","13:13:19",5276700
22900,0,200,"sd","13:13:19",5254900
22900,0,100,"sd","13:13:19",5254700
22900,0,300,"sd","13:13:19",5254600
22900,0,100,"sd","13:13:19",5254300
22900,0,5000,"sd","13:13:19",5254200
22900,0,200,"sd","13:13:19",5249200
22900,0,1000,"sd","13:13:19",5249000
22900,0,100,"sd","13:13:19",5248000
22900,0,1000,"sd","13:13:19",5247900
22900,0,1000,"sd","13:13:19",5246900
22900,0,1000,"sd","13:13:19",5245900
22900,0,100,"sd","13:13:19",5244900
22900,0,200,"sd","13:13:19",5244800
22900,0,200,"sd","13:13:19",5244600
22900,0,400,"sd","13:13:19",5244400
22900,0,2000,"sd","13:13:19",5244000
22900,0,500,"sd","13:13:19",5242000
22900,0,300,"sd","13:13:19",5241500
22900,0,2300,"sd","13:13:19",5241200
22900,0,100,"sd","13:13:19",5238900
22900,0,100,"sd","13:13:19",5238800
22900,0,700,"sd","13:13:19",5238700
22900,0,1000,"sd","13:13:19",5238000
22900,0,200,"sd","13:13:19",5237000
22900,0,500,"sd","13:13:19",5236800
22900,0,3000,"sd","13:13:19",5236300
22900,0,1000,"sd","13:13:19",5233300
22900,0,1000,"sd","13:13:19",5232300
22900,0,200,"sd","13:13:19",5231300
22900,0,500,"sd","13:13:19",5231100
22950,50,500,"bu","13:13:18",5230600
22950,50,200,"bu","13:13:12",5230100
22900,0,11800,"sd","13:13:01",5229900
22950,50,100,"bu","13:12:56",5218100
22950,50,800,"bu","13:12:50",5218000
22900,0,1400,"sd","13:12:49",5217200
22950,50,3000,"bu","13:12:31",5215800
22950,50,1000,"bu","13:12:31",5212800
22900,0,5600,"sd","13:12:22",5211800
22900,0,11900,"sd","13:12:19",5206200
22900,0,5600,"sd","13:12:19",5194300
22900,0,3000,"sd","13:11:59",5188700
22950,50,3800,"bu","13:11:58",5185700
22950,50,100,"bu","13:11:57",5181900
22900,0,300,"sd","13:11:49",5181800
22900,0,200,"sd","13:11:49",5181500
22900,0,100,"sd","13:11:49",5181300
22900,0,2000,"sd","13:11:49",5181200
22900,0,700,"sd","13:11:49",5179200
22900,0,1000,"sd","13:11:49",5178500
22900,0,200,"sd","13:11:49",5177500
22900,0,1000,"sd","13:11:49",5177300
22900,0,100,"sd","13:11:49",5176300
22900,0,1000,"sd","13:11:49",5176200
22900,0,100,"sd","13:11:49",5175200
22900,0,200,"sd","13:11:49",5175100
22900,0,100,"sd","13:11:49",5174900
22900,0,1300,"sd","13:11:49",5174800
22900,0,500,"sd","13:11:49",5173500
22900,0,34300,"sd","13:11:49",5173000
22900,0,700,"sd","13:11:49",5138700
22900,0,200,"sd","13:11:49",5138000
22900,0,1000,"sd","13:11:49",5137800
22900,0,5000,"sd","13:11:49",5136800
22950,50,100,"bu","13:11:46",5131800
22950,50,1000,"bu","13:11:45",5131700
22950,50,100,"bu","13:11:41",5130700
22900,0,5700,"sd","13:11:37",5130600
22900,0,100,"sd","13:11:37",5124900
22900,0,100,"sd","13:11:37",5124800
22900,0,300,"sd","13:11:37",5124700
22900,0,100,"sd","13:11:37",5124400
22900,0,100,"sd","13:11:37",5124300
22900,0,1500,"sd","13:11:37",5124200
22900,0,100,"sd","13:11:37",5122700
22900,0,400,"sd","13:11:37",5122600
22900,0,100,"sd","13:11:37",5122200
22900,0,2200,"sd","13:11:37",5122100
22900,0,100,"sd","13:11:37",5119900
22900,0,100,"sd","13:11:37",5119800
22900,0,300,"sd","13:11:37",5119700
22900,0,1000,"sd","13:11:37",5119400
22900,0,100,"sd","13:11:37",5118400
22950,50,1000,"bu","13:11:31",5118300
22950,50,1000,"bu","13:11:27",5117300
22950,50,500,"bu","13:11:18",5116300
22950,50,1000,"bu","13:11:13",5115800
22950,50,5000,"bu","13:11:10",5114800
22950,50,1000,"bu","13:11:06",5109800
22900,0,300,"sd","13:10:58",5108800
22950,50,100,"bu","13:10:58",5108500
22950,50,100,"bu","13:10:52",5108400
22950,50,200,"bu","13:10:51",5108300
22950,50,26100,"bu","13:10:46",5108100
22950,50,500,"bu","13:10:46",5082000
22950,50,5600,"bu","13:10:46",5081500
22950,50,7300,"bu","13:10:46",5075900
22950,50,10500,"bu","13:10:46",5068600
22950,50,100,"bu","13:10:45",5058100
22950,50,10000,"bu","13:10:40",5058000
22950,50,400,"bu","13:10:39",5048000
22950,50,11900,"bu","13:10:30",5047600
22950,50,1000,"bu","13:10:29",5035700
22950,50,300,"bu","13:10:29",5034700
22900,0,700,"sd","13:10:28",5034400
22900,0,1000,"sd","13:10:28",5033700
22900,0,200,"sd","13:10:28",5032700
22900,0,100,"sd","13:10:28",5032500
22950,50,100,"bu","13:10:22",5032400
22950,50,10000,"bu","13:10:21",5032300
22950,50,700,"bu","13:10:21",5022300
22950,50,300,"bu","13:10:21",5021600
22950,50,1000,"bu","13:10:18",5021300
22950,50,1200,"bu","13:10:17",5020300
22950,50,1000,"bu","13:10:15",5019100
22900,0,100,"sd","13:10:13",5018100
22900,0,1000,"sd","13:10:13",5018000
22900,0,2000,"sd","13:10:13",5017000
22900,0,200,"sd","13:10:13",5015000
22900,0,200,"sd","13:10:13",5014800
22900,0,200,"sd","13:10:13",5014600
22900,0,200,"sd","13:10:13",5014400
22900,0,100,"sd","13:10:13",5014200
22900,0,1900,"sd","13:10:13",5014100
22900,0,1100,"sd","13:10:10",5012200
22900,0,10700,"sd","13:10:10",5011100
22950,50,100,"bu","13:10:09",5000400
22950,50,100,"bu","13:10:07",5000300
22900,0,100,"sd","13:10:00",5000200
22950,50,500,"sd","13:09:55",5000100
22950,50,4400,"sd","13:09:55",4999600
22950,50,100,"sd","13:09:55",4995200
22950,50,100,"sd","13:09:55",4995100
22950,50,700,"sd","13:09:55",4995000
22950,50,400,"sd","13:09:55",4994300
22950,50,100,"sd","13:09:55",4993900
22950,50,5000,"sd","13:09:55",4993800
23000,100,100,"bu","13:09:54",4988800
23000,100,100,"bu","13:09:54",4988700
23000,100,100,"bu","13:09:54",4988600
23000,100,600,"bu","13:09:54",4988500
23000,100,12400,"bu","13:09:54",4987900
23000,100,300,"bu","13:09:54",4975500
23000,100,2000,"bu","13:09:54",4975200
22950,50,20600,"sd","13:09:54",4973200
22950,50,1200,"sd","13:09:54",4952600
22950,50,100,"sd","13:09:54",4951400
22950,50,500,"sd","13:09:54",4951300
22950,50,5000,"sd","13:09:54",4950800
22950,50,100,"sd","13:09:54",4945800
22950,50,5000,"sd","13:09:54",4945700
22950,50,500,"sd","13:09:54",4940700
22950,50,1000,"sd","13:09:54",4940200
22950,50,2000,"sd","13:09:54",4939200
22950,50,700,"sd","13:09:54",4937200
23000,100,3900,"bu","13:09:54",4936500
22950,50,100,"sd","13:09:54",4932600
23000,100,500,"bu","13:09:54",4932500
22950,50,1000,"sd","13:09:54",4932000
22950,50,5000,"sd","13:09:54",4931000
22950,50,200,"sd","13:09:54",4926000
22950,50,7000,"sd","13:09:54",4925800
22950,50,5600,"sd","13:09:35",4918800
22950,50,200,"sd","13:09:33",4913200
22950,50,12400,"sd","13:09:29",4913000
22950,50,24800,"sd","13:09:21",4900600
22950,50,300,"sd","13:09:21",4875800
22950,50,300,"sd","13:09:21",4875500
22950,50,3000,"sd","13:09:21",4875200
22950,50,10000,"sd","13:09:21",4872200
22950,50,500,"sd","13:09:21",4862200
22950,50,800,"sd","13:09:21",4861700
22950,50,100,"sd","13:09:21",4860900
22950,50,1000,"sd","13:09:21",4860800
22950,50,3000,"sd","13:09:21",4859800
22950,50,2000,"sd","13:09:21",4856800
22950,50,3000,"sd","13:09:21",4854800
22950,50,1200,"sd","13:09:21",4851800
23000,100,300,"bu","13:09:18",4850600
23000,100,300,"bu","13:09:10",4850300
22950,50,500,"sd","13:09:05",4850000
22950,50,3300,"sd","13:09:05",4849500
22950,50,2000,"sd","13:09:05",4846200
22950,50,300,"sd","13:09:05",4844200
22950,50,100,"sd","13:08:56",4843900
22950,50,100,"sd","13:08:45",4843800
22950,50,1000,"sd","13:08:45",4843700
22950,50,200,"sd","13:08:45",4842700
22950,50,11000,"sd","13:08:45",4842500
23000,100,300,"bu","13:08:39",4831500
23000,100,7100,"bu","13:08:31",4831200
23000,100,7300,"bu","13:08:31",4824100
23000,100,500,"bu","13:08:31",4816800
23000,100,9200,"bu","13:08:31",4816300
23000,100,500,"bu","13:08:16",4807100
22950,50,200,"sd","13:08:10",4806600
22950,50,11700,"sd","13:08:02",4806400
22950,50,500,"sd","13:07:47",4794700
23000,100,200,"bu","13:07:39",4794200
22950,50,100,"sd","13:07:34",4794000
22950,50,1600,"sd","13:07:34",4793900
22950,50,100,"sd","13:07:34",4792300
22950,50,200,"sd","13:07:34",4792200
22950,50,1000,"sd","13:07:34",4792000
22950,50,1100,"sd","13:07:34",4791000
22950,50,100,"sd","13:07:34",4789900
22950,50,20000,"sd","13:07:34",4789800
22950,50,300,"sd","13:07:34",4769800
22950,50,300,"sd","13:07:34",4769500
22950,50,1000,"sd","13:07:34",4769200
22950,50,1000,"sd","13:07:34",4768200
22950,50,100,"sd","13:07:34",4767200
22950,50,800,"sd","13:07:34",4767100
22950,50,300,"sd","13:07:34",4766300
22950,50,200,"sd","13:07:34",4766000
22950,50,100,"sd","13:07:34",4765800
22950,50,1500,"sd","13:07:34",4765700
22950,50,5000,"sd","13:07:34",4764200
22950,50,5000,"sd","13:07:34",4759200
22950,50,1000,"sd","13:07:34",4754200
22950,50,100,"sd","13:07:34",4753200
22950,50,500,"sd","13:07:34",4753100
22950,50,200,"sd","13:07:34",4752600
22950,50,1000,"sd","13:07:34",4752400
22950,50,1300,"sd","13:07:34",4751400
22950,50,500,"sd","13:07:34",4750100
22950,50,100,"sd","13:07:34",4749600
22950,50,1800,"sd","13:07:34",4749500
22950,50,200,"sd","13:07:34",4747700
22950,50,100,"sd","13:07:34",4747500
22950,50,50900,"sd","13:07:34",4747400
22950,50,1500,"sd","13:07:34",4696500
22950,50,500,"sd","13:07:34",4695000
22950,50,100,"sd","13:07:34",4694500
22950,50,200,"sd","13:07:34",4694400
22950,50,100,"sd","13:07:34",4694200
22950,50,100,"sd","13:07:34",4694100
23000,100,500,"bu","13:07:31",4694000
23000,100,500,"bu","13:07:22",4693500
23000,100,1000,"bu","13:07:19",4693000
23000,100,300,"bu","13:07:11",4692000
23000,100,500,"bu","13:06:54",4691700
23000,100,500,"sd","13:06:51",4691200
23000,100,200,"sd","13:06:51",4690700
23000,100,1600,"sd","13:06:51",4690500
23000,100,2500,"sd","13:06:50",4688900
23000,100,100,"sd","13:06:48",4686400
23000,100,11600,"sd","13:06:36",4686300
23000,100,2000,"sd","13:06:34",4674700
23000,100,2200,"bu","13:06:32",4672700
23000,100,100,"sd","13:06:30",4670500
23000,100,2000,"sd","13:06:30",4670400
23000,100,1300,"sd","13:06:30",4668400
23000,100,3000,"sd","13:06:16",4667100
23000,100,5000,"sd","13:06:08",4664100
23000,100,700,"sd","13:05:58",4659100
23000,100,200,"sd","13:05:58",4658400
23000,100,500,"sd","13:05:58",4658200
23000,100,100,"sd","13:05:58",4657700
23000,100,100,"sd","13:05:58",4657600
23000,100,100,"sd","13:05:58",4657500
23000,100,500,"sd","13:05:58",4657400
23000,100,2800,"sd","13:05:58",4656900
23000,100,11600,"sd","13:05:56",4654100
23000,100,100,"sd","13:05:54",4642500
23000,100,100,"sd","13:05:53",4642400
23000,100,500,"sd","13:05:53",4642300
23000,100,5000,"sd","13:05:46",4641800
23000,100,5600,"sd","13:05:45",4636800
23000,100,100,"sd","13:05:38",4631200
23000,100,5000,"sd","13:05:38",4631100
23000,100,1000,"sd","13:05:34",4626100
23000,100,5000,"sd","13:05:25",4625100
23000,100,1000,"sd","13:05:16",4620100
23000,100,5000,"sd","13:05:15",4619100
23000,100,7200,"sd","13:05:15",4614100
23000,100,100,"sd","13:05:15",4606900
23000,100,2000,"sd","13:05:15",4606800
23000,100,500,"sd","13:05:15",4604800
23000,100,1900,"sd","13:05:15",4604300
23000,100,1100,"sd","13:05:06",4602400
23000,100,3900,"sd","13:05:06",4601300
23000,100,1000,"sd","13:05:05",4597400
23000,100,100,"bu","13:05:03",4596400
23000,100,100,"sd","13:04:58",4596300
23000,100,400,"sd","13:04:57",4596200
23050,150,1000,"bu","13:04:57",4595800
22950,50,3200,"sd","13:04:49",4594800
23000,100,200,"sd","13:04:49",4591600
23000,100,100,"sd","13:04:49",4591400
23000,100,100,"sd","13:04:49",4591300
23000,100,100,"sd","13:04:49",4591200
23000,100,1000,"sd","13:04:49",4591100
23000,100,300,"sd","13:04:49",4590100
23000,100,7900,"sd","13:04:44",4589800
23000,100,6400,"sd","13:04:44",4581900
23000,100,700,"sd","13:04:44",4575500
23000,100,3600,"sd","13:04:40",4574800
23000,100,1800,"sd","13:04:40",4571200
23000,100,200,"sd","13:04:40",4569400
23000,100,2800,"sd","13:04:39",4569200
23000,100,2000,"sd","13:04:39",4566400
23000,100,200,"sd","13:04:39",4564400
23000,100,11800,"sd","13:04:33",4564200
23050,150,2000,"bu","13:03:59",4552400
23000,100,8000,"bu","13:03:55",4550400
23000,100,4700,"sd","13:03:51",4542400
23000,100,300,"bu","13:03:51",4537700
23000,100,400,"sd","13:03:45",4537400
23000,100,100,"sd","13:03:39",4537000
23000,100,100,"sd","13:03:39",4536900
23000,100,100,"sd","13:03:39",4536800
23000,100,900,"bu","13:03:28",4536700
22950,50,1800,"sd","13:03:19",4535800
22950,50,200,"sd","13:03:19",4534000
22950,50,200,"sd","13:03:07",4533800
22950,50,500,"sd","13:03:07",4533600
22950,50,5000,"sd","13:03:07",4533100
22950,50,200,"sd","13:03:07",4528100
22950,50,1000,"sd","13:03:07",4527900
22950,50,200,"sd","13:03:07",4526900
22950,50,1800,"sd","13:03:07",4526700
22950,50,3000,"sd","13:03:07",4524900
23000,100,5000,"sd","13:03:07",4521900
23050,150,300,"bu","13:03:06",4516900
23000,100,600,"sd","13:02:57",4516600
23000,100,400,"bu","13:02:48",4516000
23000,100,18000,"sd","13:02:44",4515600
23000,100,46500,"sd","13:02:43",4497600
23000,100,3500,"bu","13:02:42",4451100
23000,100,500,"sd","13:02:25",4447600
23000,100,200,"sd","13:02:25",4447100
23000,100,500,"sd","13:02:25",4446900
23000,100,300,"sd","13:02:25",4446400
23000,100,500,"sd","13:02:16",4446100
23000,100,4200,"sd","13:02:13",4445600
23000,100,100,"sd","13:02:13",4441400
23000,100,500,"sd","13:02:13",4441300
23000,100,100,"sd","13:02:13",4440800
23000,100,600,"sd","13:02:13",4440700
23000,100,2500,"sd","13:02:11",4440100
23000,100,1900,"sd","13:02:11",4437600
23000,100,100,"sd","13:02:11",4435700
23000,100,500,"sd","13:02:11",4435600
23000,100,100,"sd","13:02:11",4435100
23000,100,5000,"sd","13:02:11",4435000
23000,100,600,"sd","13:02:10",4430000
23000,100,1000,"sd","13:02:10",4429400
23000,100,2800,"sd","13:02:10",4428400
23000,100,900,"sd","13:02:10",4425600
23000,100,5600,"sd","13:02:10",4424700
23000,100,1000,"sd","13:02:08",4419100
23000,100,2500,"sd","13:02:07",4418100
23000,100,22000,"sd","13:02:07",4415600
23000,100,200,"sd","13:01:59",4393600
23000,100,5000,"sd","13:01:56",4393400
23000,100,150000,"sd","13:01:49",4388400
23000,100,5000,"sd","13:01:46",4238400
23000,100,5000,"sd","13:01:36",4233400
23050,150,200,"bu","13:01:34",4228400
23000,100,500,"sd","13:01:33",4228200
23000,100,5000,"sd","13:01:24",4227700
23050,150,1000,"bu","13:01:22",4222700
23050,150,700,"bu","13:01:16",4221700
23050,150,700,"bu","13:01:12",4221000
23000,100,5000,"sd","13:01:06",4220300
23000,100,2600,"sd","13:01:00",4215300
23050,150,400,"bu","13:00:56",4212700
23000,100,200,"sd","13:00:56",4212300
23000,100,100,"sd","13:00:48",4212100
23000,100,200,"sd","13:00:45",4212000
23000,100,100,"sd","13:00:40",4211800
23050,150,3000,"bu","13:00:38",4211700
23000,100,100,"sd","13:00:37",4208700
23000,100,100,"sd","13:00:35",4208600
23000,100,100,"sd","13:00:34",4208500
23000,100,200,"sd","13:00:33",4208400
23000,100,11200,"sd","13:00:30",4208200
23000,100,5000,"sd","13:00:17",4197000
23000,100,200,"sd","13:00:16",4192000
23000,100,1000,"sd","13:00:16",4191800
23000,100,1700,"sd","13:00:14",4190800
23000,100,10000,"sd","13:00:13",4189100
23000,100,100,"sd","13:00:12",4179100
23000,100,200,"sd","13:00:10",4179000
23000,100,200,"sd","13:00:08",4178800
23000,100,300,"sd","13:00:08",4178600
23000,100,500,"sd","13:00:05",4178300
23000,100,1700,"sd","13:00:04",4177800
23000,100,400,"sd","13:00:04",4176100
23000,100,100,"sd","13:00:04",4175700
23000,100,800,"sd","13:00:04",4175600
23000,100,26000,"sd","13:00:04",4174800
23000,100,3000,"sd","13:00:04",4148800
23000,100,500,"sd","13:00:04",4145800
23000,100,1000,"sd","13:00:04",4145300
23000,100,1000,"sd","13:00:04",4144300
23000,100,1000,"sd","13:00:04",4143300
23000,100,2300,"sd","13:00:04",4142300
23000,100,1000,"sd","13:00:04",4140000
23000,100,700,"sd","13:00:04",4139000
23000,100,18600,"sd","13:00:04",4138300
23000,100,700,"sd","13:00:04",4119700
23000,100,100,"sd","13:00:04",4119000
23000,100,1000,"sd","13:00:04",4118900
23000,100,3000,"sd","13:00:04",4117900
23000,100,200,"sd","13:00:03",4114900
23000,100,1000,"sd","13:00:03",4114700
23000,100,2100,"sd","13:00:03",4113700
23000,100,1200,"sd","13:00:03",4111600
23000,100,100,"sd","13:00:03",4110400
23000,100,11500,"sd","13:00:03",4110300
23000,100,100,"sd","13:00:03",4098800
23000,100,3000,"sd","13:00:03",4098700
23000,100,5200,"sd","13:00:03",4095700
23000,100,1000,"sd","13:00:03",4090500
23000,100,200,"sd","13:00:03",4089500
23000,100,41800,"sd","13:00:03",4089300
23000,100,900,"sd","13:00:03",4047500
23000,100,100,"sd","13:00:03",4046600
23000,100,3000,"sd","13:00:03",4046500
23000,100,800,"sd","13:00:03",4043500
23000,100,3700,"sd","13:00:03",4042700
23000,100,3300,"sd","13:00:03",4039000
23000,100,1300,"sd","13:00:03",4035700
23000,100,20400,"sd","13:00:03",4034400
23000,100,100,"sd","13:00:03",4014000
23000,100,100,"sd","13:00:03",4013900
23000,100,300,"sd","13:00:03",4013800
23000,100,7000,"sd","13:00:03",4013500
23000,100,5400,"sd","13:00:03",4006500
23000,100,1200,"bu","13:00:03",4001100
23000,100,100,"bu","13:00:03",3999900
23000,100,100,"bu","13:00:03",3999800
23000,100,21700,"bu","13:00:03",3999700
23000,100,36000,"bu","13:00:03",3978000
23000,100,700,"bu","13:00:03",3942000
23000,100,4700,"bu","13:00:03",3941300
23000,100,700,"bu","13:00:03",3936600
23000,100,7500,"bu","13:00:03",3935900
23000,100,6800,"bu","13:00:03",3928400
23000,100,100,"bu","13:00:03",3921600
23000,100,2400,"bu","13:00:03",3921500
23000,100,1000,"bu","13:00:03",3919100
23000,100,300,"bu","13:00:03",3918100
23000,100,2100,"bu","13:00:03",3917800
23000,100,500,"bu","13:00:03",3915700
23000,100,100,"bu","13:00:03",3915200
23000,100,5200,"bu","13:00:03",3915100
23000,100,300,"bu","13:00:03",3909900
22950,50,5200,"sd","13:00:02",3909600
22950,50,500,"sd","13:00:02",3904400
22950,50,9300,"sd","13:00:02",3903900
22950,50,1000,"sd","13:00:00",3894600
23000,100,200,"bu","12:59:59",3893600
22950,50,7700,"sd","12:59:59",3893400
22950,50,1000,"sd","12:59:59",3885700
22950,50,500,"sd","12:59:59",3884700
22950,50,500,"sd","12:59:59",3884200
22950,50,2900,"sd","12:59:59",3883700
23000,100,200,"bu","12:59:59",3880800
22950,50,1000,"sd","11:29:52",3880600
22950,50,15000,"sd","11:29:24",3879600
23000,100,500,"bu","11:29:20",3864600
22950,50,6100,"sd","11:29:13",3864100
22950,50,25000,"bu","11:29:02",3858000
22950,50,3000,"sd","11:28:59",3833000
22950,50,1000,"sd","11:28:57",3830000
22950,50,100,"sd","11:28:57",3829000
22950,50,1000,"sd","11:28:57",3828900
22950,50,1000,"sd","11:28:57",3827900
22950,50,25000,"sd","11:28:57",3826900
22950,50,100,"sd","11:28:57",3801900
22950,50,400,"sd","11:28:57",3801800
22950,50,100,"sd","11:28:57",3801400
22950,50,30000,"sd","11:28:57",3801300
22950,50,700,"sd","11:28:57",3771300
22950,50,200,"sd","11:28:57",3770600
22950,50,200,"sd","11:28:57",3770400
22950,50,200,"sd","11:28:57",3770200
22950,50,800,"sd","11:28:57",3770000
22950,50,5100,"sd","11:28:57",3769200
22950,50,3000,"sd","11:28:57",3764100
22950,50,200,"sd","11:28:57",3761100
22950,50,100,"sd","11:28:57",3760900
22950,50,200,"sd","11:28:57",3760800
22950,50,3000,"sd","11:28:57",3760600
22950,50,1000,"sd","11:28:57",3757600
22950,50,1000,"sd","11:28:57",3756600
22950,50,800,"sd","11:28:57",3755600
23000,100,400,"bu","11:28:52",3754800
23000,100,1000,"bu","11:28:41",3754400
22950,50,100,"sd","11:28:33",3753400
23000,100,5000,"bu","11:28:31",3753300
22950,50,100,"sd","11:28:26",3748300
22950,50,5000,"sd","11:28:26",3748200
22950,50,4900,"sd","11:28:26",3743200
22950,50,500,"sd","11:28:19",3738300
23000,100,2000,"bu","11:28:02",3737800
22950,50,16800,"sd","11:27:53",3735800
22950,50,100,"sd","11:27:53",3719000
22950,50,11200,"sd","11:26:55",3718900
22950,50,1000,"sd","11:26:55",3707700
22950,50,1000,"sd","11:26:55",3706700
22950,50,5000,"sd","11:26:55",3705700
22950,50,300,"sd","11:26:55",3700700
22950,50,200,"sd","11:26:55",3700400
22950,50,500,"sd","11:26:55",3700200
22950,50,800,"sd","11:26:55",3699700
22950,50,200,"sd","11:26:55",3698900
22950,50,1000,"sd","11:26:55",3698700
22950,50,600,"sd","11:26:55",3697700
22950,50,100,"sd","11:26:55",3697100
22950,50,25000,"sd","11:26:55",3697000
22950,50,2000,"sd","11:26:55",3672000
22950,50,1000,"sd","11:26:55",3670000
22950,50,100,"sd","11:26:55",3669000
22950,50,400,"sd","11:26:55",3668900
22950,50,100,"sd","11:26:55",3668500
22950,50,200,"sd","11:26:25",3668400
22950,50,400,"sd","11:26:18",3668200
22950,50,200,"sd","11:26:18",3667800
22950,50,300,"sd","11:26:18",3667600
23000,100,500,"bu","11:26:10",3667300
23000,100,100,"bu","11:25:41",3666800
23000,100,500,"bu","11:25:36",3666700
23000,100,100,"bu","11:25:07",3666200
22950,50,700,"sd","11:24:53",3666100
22950,50,300,"sd","11:24:53",3665400
23000,100,200,"bu","11:24:44",3665100
23000,100,4000,"bu","11:24:38",3664900
22950,50,500,"sd","11:24:38",3660900
22950,50,200,"sd","11:24:38",3660400
22950,50,1000,"sd","11:24:38",3660200
22950,50,18300,"sd","11:24:38",3659200
23000,100,300,"bu","11:24:36",3640900
23000,100,19400,"bu","11:24:25",3640600
23000,100,600,"bu","11:24:25",3621200
23000,100,1000,"bu","11:23:41",3620600
22950,50,100,"sd","11:23:23",3619600
23000,100,200,"bu","11:23:18",3619500
23000,100,1000,"bu","11:23:05",3619300
23000,100,1000,"bu","11:22:24",3618300
23000,100,200,"bu","11:22:19",3617300
23000,100,100,"bu","11:22:12",3617100
23000,100,1600,"bu","11:22:00",3617000
22950,50,2200,"sd","11:21:59",3615400
22950,50,500,"sd","11:21:49",3613200
22950,50,29500,"sd","11:21:32",3612700
22950,50,5000,"sd","11:21:19",3583200
22950,50,500,"sd","11:21:17",3578200
23000,100,800,"bu","11:21:14",3577700
23000,100,400,"bu","11:20:55",3576900
22950,50,38100,"sd","11:20:52",3576500
22950,50,2000,"sd","11:20:52",3538400
22950,50,100,"sd","11:20:52",3536400
22950,50,5000,"sd","11:20:52",3536300
22950,50,1000,"sd","11:20:52",3531300
22950,50,20000,"sd","11:20:52",3530300
22950,50,2000,"sd","11:20:52",3510300
22950,50,400,"sd","11:20:52",3508300
22950,50,25000,"sd","11:20:52",3507900
22950,50,1000,"sd","11:20:52",3482900
22950,50,5000,"sd","11:20:52",3481900
22950,50,400,"sd","11:20:52",3476900
22950,50,500,"sd","11:20:20",3476500
23000,100,100,"bu","11:20:07",3476000
22900,0,1200,"sd","11:19:56",3475900
22950,50,1000,"sd","11:19:56",3474700
22950,50,1000,"sd","11:19:56",3473700
23000,100,3000,"bu","11:19:45",3472700
23000,100,2000,"bu","11:19:45",3469700
23000,100,1000,"bu","11:19:36",3467700
23000,100,8000,"bu","11:19:36",3466700
23000,100,2000,"bu","11:19:36",3458700
23000,100,2000,"bu","11:19:36",3456700
23000,100,200,"bu","11:19:36",3454700
23000,100,400,"bu","11:19:36",3454500
23000,100,900,"bu","11:19:36",3454100
23000,100,1000,"bu","11:19:36",3453200
23000,100,500,"bu","11:19:36",3452200
23000,100,9500,"bu","11:19:36",3451700
22950,50,4200,"bu","11:19:36",3442200
23000,100,300,"bu","11:19:36",3438000
22950,50,100,"bu","11:19:33",3437700
22950,50,5000,"bu","11:19:30",3437600
22950,50,1000,"bu","11:19:29",3432600
22950,50,100,"bu","11:19:29",3431600
22950,50,500,"bu","11:19:22",3431500
22950,50,500,"sd","11:19:20",3431000
22950,50,2000,"sd","11:19:20",3430500
22950,50,100,"sd","11:19:20",3428500
22950,50,6500,"sd","11:19:20",3428400
22950,50,10000,"sd","11:18:53",3421900
22950,50,500,"bu","11:18:46",3411900
22950,50,500,"bu","11:18:31",3411400
22950,50,100,"bu","11:18:26",3410900
22950,50,900,"bu","11:18:26",3410800
22950,50,1100,"bu","11:18:23",3409900
22950,50,5000,"sd","11:18:22",3408800
22950,50,200,"sd","11:18:22",3403800
22950,50,1000,"sd","11:18:22",3403600
22950,50,1000,"sd","11:18:22",3402600
22950,50,1000,"sd","11:18:22",3401600
22950,50,1900,"sd","11:18:22",3400600
22950,50,1100,"sd","11:18:04",3398700
22950,50,500,"sd","11:18:04",3397600
22950,50,500,"sd","11:18:04",3397100
22950,50,1000,"sd","11:18:04",3396600
22950,50,100,"sd","11:18:04",3395600
22950,50,5000,"sd","11:18:04",3395500
22950,50,100,"sd","11:18:04",3390500
22950,50,100,"sd","11:18:04",3390400
22950,50,1000,"sd","11:18:04",3390300
22950,50,300,"sd","11:18:04",3389300
22950,50,300,"sd","11:18:04",3389000
23000,100,500,"bu","11:18:04",3388700
22950,50,100,"sd","11:17:51",3388200
22950,50,600,"sd","11:17:18",3388100
22950,50,1800,"sd","11:17:18",3387500
22950,50,100,"sd","11:17:18",3385700
22950,50,400,"sd","11:17:18",3385600
22950,50,300,"sd","11:17:18",3385200
22950,50,3000,"sd","11:17:18",3384900
22950,50,1000,"sd","11:17:16",3381900
22950,50,5000,"sd","11:17:13",3380900
22950,50,500,"sd","11:17:11",3375900
22950,50,500,"sd","11:17:10",3375400
22950,50,9500,"sd","11:17:10",3374900
22950,50,100,"sd","11:16:47",3365400
22950,50,300,"sd","11:16:14",3365300
22950,50,100,"sd","11:15:58",3365000
23000,100,200,"bu","11:15:53",3364900
22900,0,2000,"sd","11:15:31",3364700
22950,50,500,"sd","11:15:31",3362700
22900,0,100,"sd","11:15:31",3362200
22900,0,200,"sd","11:15:31",3362100
22950,50,500,"sd","11:15:31",3361900
22900,0,5000,"sd","11:15:31",3361400
22900,0,200,"sd","11:15:31",3356400
22900,0,500,"sd","11:15:31",3356200
22900,0,1000,"sd","11:15:31",3355700
22950,50,1000,"sd","11:15:31",3354700
22900,0,100,"sd","11:15:31",3353700
22950,50,900,"sd","11:15:31",3353600
22900,0,100,"sd","11:15:31",3352700
22900,0,1000,"sd","11:15:31",3352600
22950,50,200,"sd","11:15:31",3351600
22900,0,500,"sd","11:15:31",3351400
22900,0,100,"sd","11:15:31",3350900
22900,0,100,"sd","11:15:31",3350800
22900,0,6100,"sd","11:15:31",3350700
22950,50,3000,"sd","11:15:31",3344600
22950,50,1000,"sd","11:15:31",3341600
22950,50,300,"sd","11:15:31",3340600
22950,50,200,"sd","11:15:31",3340300
22950,50,500,"sd","11:15:31",3340100
22950,50,600,"sd","11:15:31",3339600
22950,50,200,"sd","11:15:31",3339000
22950,50,1000,"sd","11:15:31",3338800
22950,50,1000,"sd","11:15:31",3337800
22950,50,100,"sd","11:15:31",3336800
22950,50,100,"sd","11:15:24",3336700
22950,50,100,"sd","11:15:24",3336600
22950,50,200,"sd","11:15:24",3336500
22950,50,300,"sd","11:15:18",3336300
22950,50,800,"sd","11:15:18",3336000
22950,50,100,"sd","11:14:59",3335200
22950,50,2200,"sd","11:14:46",3335100
22950,50,200,"sd","11:14:46",3332900
22950,50,45000,"sd","11:14:46",3332700
22950,50,2600,"sd","11:14:46",3287700
23000,100,7000,"bu","11:14:36",3285100
23000,100,200,"bu","11:14:22",3278100
23000,100,100,"bu","11:14:08",3277900
22950,50,400,"sd","11:14:07",3277800
22950,50,1900,"sd","11:14:07",3277400
23000,100,3500,"bu","11:13:53",3275500
23000,100,300,"bu","11:13:53",3272000
23000,100,500,"bu","11:13:53",3271700
23000,100,300,"bu","11:13:53",3271200
22950,50,100,"sd","11:13:27",3270900
22950,50,400,"sd","11:13:25",3270800
22950,50,300,"sd","11:13:25",3270400
22950,50,100,"sd","11:13:03",3270100
22950,50,100,"sd","11:12:53",3270000
22950,50,800,"sd","11:12:46",3269900
22950,50,200,"sd","11:12:46",3269100
22950,50,1000,"sd","11:12:46",3268900
23000,100,500,"bu","11:12:16",3267900
22950,50,2000,"sd","11:12:14",3267400
23000,100,200,"bu","11:12:13",3265400
23000,100,300,"bu","11:11:56",3265200
22900,0,200,"sd","11:11:49",3264900
22900,0,1000,"sd","11:11:49",3264700
22900,0,100,"sd","11:11:49",3263700
22900,0,500,"sd","11:11:49",3263600
22900,0,400,"sd","11:11:49",3263100
22900,0,3000,"sd","11:11:49",3262700
22950,50,500,"sd","11:11:49",3259700
22950,50,500,"sd","11:11:49",3259200
22950,50,500,"sd","11:11:49",3258700
22900,0,13900,"sd","11:11:49",3258200
22950,50,100,"sd","11:11:49",3244300
22950,50,100,"sd","11:11:49",3244200
22900,0,100,"sd","11:11:49",3244100
22950,50,100,"sd","11:11:49",3244000
22900,0,100,"sd","11:11:49",3243900
22900,0,1500,"sd","11:11:49",3243800
22900,0,300,"sd","11:11:49",3242300
22950,50,100,"sd","11:11:49",3242000
22900,0,100,"sd","11:11:49",3241900
22950,50,3000,"sd","11:11:49",3241800
22900,0,200,"sd","11:11:49",3238800
22950,50,100,"sd","11:11:49",3238600
22900,0,200,"sd","11:11:49",3238500
22900,0,1000,"sd","11:11:49",3238300
22950,50,200,"sd","11:11:49",3237300
22900,0,100,"sd","11:11:49",3237100
22950,50,1000,"sd","11:11:49",3237000
22900,0,100,"sd","11:11:49",3236000
22950,50,10000,"sd","11:11:49",3235900
22900,0,200,"sd","11:11:49",3225900
22900,0,1100,"sd","11:11:49",3225700
22950,50,1900,"sd","11:11:49",3224600
22900,0,200,"sd","11:11:49",3222700
22950,50,300,"sd","11:11:49",3222500
22900,0,100,"sd","11:11:49",3222200
22950,50,5000,"sd","11:11:49",3222100
22950,50,200,"sd","11:11:49",3217100
22950,50,3000,"sd","11:11:49",3216900
22950,50,100,"sd","11:11:49",3213900
22950,50,1000,"sd","11:11:49",3213800
22950,50,1000,"sd","11:11:49",3212800
22950,50,22100,"sd","11:11:49",3211800
23000,100,100,"bu","11:11:46",3189700
23000,100,100,"bu","11:11:36",3189600
23000,100,500,"bu","11:11:20",3189500
23000,100,100,"bu","11:11:16",3189000
23000,100,100,"bu","11:11:16",3188900
23000,100,1000,"bu","11:11:02",3188800
23000,100,700,"bu","11:10:58",3187800
22950,50,500,"sd","11:10:50",3187100
23000,100,1000,"bu","11:10:41",3186600
22950,50,7400,"sd","11:09:30",3185600
22950,50,10000,"sd","11:09:30",3178200
22950,50,1000,"sd","11:09:30",3168200
22950,50,1000,"sd","11:09:30",3167200
22950,50,8600,"sd","11:09:30",3166200
23000,100,100,"bu","11:09:09",3157600
22950,50,1000,"sd","11:08:23",3157500
22950,50,6000,"sd","11:08:16",3156500
22950,50,100,"sd","11:08:12",3150500
22950,50,300,"sd","11:08:06",3150400
22950,50,200,"sd","11:08:06",3150100
22900,0,2000,"sd","11:07:34",3149900
22900,0,12900,"sd","11:07:34",3147900
22950,50,22600,"sd","11:07:34",3135000
22950,50,2000,"sd","11:07:34",3112400
22950,50,2000,"sd","11:07:34",3110400
22950,50,100,"sd","11:07:34",3108400
22950,50,5000,"sd","11:07:34",3108300
22950,50,2000,"sd","11:07:34",3103300
22950,50,1000,"sd","11:07:34",3101300
22950,50,500,"sd","11:07:34",3100300
22950,50,200,"sd","11:07:34",3099800
22950,50,8800,"sd","11:07:34",3099600
22950,50,5000,"sd","11:07:34",3090800
22950,50,3000,"sd","11:07:34",3085800
22950,50,700,"sd","11:07:34",3082800
22950,50,500,"sd","11:07:02",3082100
23000,100,10000,"bu","11:06:29",3081600
23000,100,2000,"bu","11:06:20",3071600
22950,50,900,"bu","11:06:09",3069600
22950,50,100,"bu","11:06:09",3068700
22950,50,19700,"bu","11:06:09",3068600
22950,50,2000,"bu","11:06:06",3048900
22950,50,100,"bu","11:06:00",3046900
22950,50,300,"bu","11:05:45",3046800
22950,50,100,"bu","11:05:23",3046500
22950,50,300,"bu","11:05:22",3046400
22950,50,200,"bu","11:05:06",3046100
22950,50,500,"bu","11:04:56",3045900
22950,50,1000,"bu","11:03:44",3045400
22950,50,2000,"bu","11:03:44",3044400
22950,50,1000,"bu","11:03:40",3042400
22950,50,100,"bu","11:03:29",3041400
22950,50,2000,"bu","11:03:16",3041300
22950,50,100,"bu","11:03:01",3039300
22900,0,500,"sd","11:02:59",3039200
22950,50,100,"bu","11:02:52",3038700
22950,50,500,"bu","11:02:44",3038600
22900,0,6600,"sd","11:02:43",3038100
22900,0,100,"sd","11:02:43",3031500
22900,0,100,"sd","11:02:43",3031400
22900,0,500,"sd","11:02:43",3031300
22900,0,100,"sd","11:02:43",3030800
22900,0,400,"sd","11:02:43",3030700
22900,0,300,"sd","11:02:43",3030300
22900,0,1900,"sd","11:02:43",3030000
22950,50,100,"bu","11:02:23",3028100
22900,0,500,"sd","11:02:18",3028000
22950,50,400,"bu","11:02:13",3027500
22950,50,100,"bu","11:01:27",3027100
22950,50,1000,"bu","11:01:19",3027000
22950,50,1700,"bu","11:01:18",3026000
22900,0,300,"sd","11:01:16",3024300
22900,0,500,"sd","11:01:16",3024000
22900,0,1000,"sd","11:01:16",3023500
22900,0,1000,"sd","11:01:16",3022500
22900,0,500,"sd","11:01:16",3021500
22900,0,200,"sd","11:01:16",3021000
22900,0,1000,"sd","11:01:16",3020800
22900,0,5000,"sd","11:01:16",3019800
22900,0,100,"sd","11:01:16",3014800
22900,0,1500,"sd","11:01:16",3014700
22900,0,1000,"sd","11:01:16",3013200
22900,0,1000,"sd","11:01:16",3012200
22900,0,100,"sd","11:01:16",3011200
22900,0,3700,"sd","11:01:16",3011100
22900,0,2600,"sd","11:01:16",3007400
22900,0,500,"sd","11:01:16",3004800
22950,50,5000,"sd","11:01:16",3004300
22950,50,100,"sd","11:01:16",2999300
22950,50,100,"sd","11:01:16",2999200
22950,50,21500,"sd","11:01:16",2999100
23000,100,200,"bu","11:01:07",2977600
22950,50,500,"sd","11:01:00",2977400
23000,100,100,"bu","11:00:44",2976900
22950,50,1000,"sd","11:00:39",2976800
22950,50,3000,"sd","11:00:39",2975800
22950,50,500,"sd","11:00:39",2972800
22950,50,1000,"sd","11:00:39",2972300
22950,50,600,"sd","11:00:39",2971300
22900,0,7200,"sd","11:00:39",2970700
22950,50,7300,"sd","11:00:39",2963500
22950,50,1000,"sd","11:00:39",2956200
22950,50,5000,"sd","11:00:39",2955200
22950,50,100,"sd","11:00:39",2950200
22950,50,1000,"sd","11:00:39",2950100
22950,50,300,"sd","11:00:39",2949100
22950,50,1100,"sd","11:00:21",2948800
22950,50,5000,"sd","11:00:21",2947700
22950,50,100,"sd","11:00:21",2942700
22950,50,21300,"sd","11:00:21",2942600
22950,50,1000,"sd","11:00:21",2921300
22950,50,200,"sd","11:00:21",2920300
22950,50,500,"sd","11:00:21",2920100
22950,50,1000,"sd","11:00:21",2919600
22950,50,900,"sd","11:00:21",2918600
22950,50,4000,"sd","11:00:21",2917700
22950,50,100,"sd","11:00:21",2913700
22950,50,100,"sd","11:00:21",2913600
22950,50,1000,"sd","11:00:21",2913500
22950,50,200,"sd","11:00:21",2912500
22950,50,200,"sd","11:00:21",2912300
22950,50,500,"sd","11:00:21",2912100
22950,50,4400,"sd","11:00:21",2911600
22950,50,9900,"sd","11:00:21",2907200
23000,100,100,"bu","10:59:58",2897300
23000,100,7600,"bu","10:59:55",2897200
23000,100,1000,"bu","10:59:55",2889600
23000,100,100,"bu","10:59:55",2888600
23000,100,100,"bu","10:59:55",2888500
23000,100,500,"bu","10:59:55",2888400
23000,100,700,"bu","10:59:55",2887900
23000,100,1000,"bu","10:59:46",2887200
23000,100,300,"bu","10:59:44",2886200
23000,100,700,"bu","10:59:42",2885900
22950,50,16000,"sd","10:59:39",2885200
23000,100,1000,"bu","10:59:35",2869200
23000,100,200,"bu","10:59:34",2868200
23000,100,1200,"bu","10:59:27",2868000
23000,100,100,"bu","10:59:25",2866800
23000,100,3000,"bu","10:59:25",2866700
23000,100,3000,"bu","10:59:22",2863700
23000,100,2000,"bu","10:59:02",2860700
23000,100,100,"bu","10:58:18",2858700
22950,50,12700,"sd","10:58:14",2858600
22950,50,500,"sd","10:58:14",2845900
22950,50,500,"sd","10:58:14",2845400
22950,50,3000,"sd","10:58:14",2844900
22950,50,1000,"sd","10:58:14",2841900
22950,50,7300,"sd","10:58:14",2840900
22950,50,4700,"sd","10:58:03",2833600
22950,50,3300,"sd","10:58:03",2828900
23000,100,7900,"bu","10:57:59",2825600
23000,100,1400,"bu","10:57:59",2817700
23000,100,2000,"bu","10:57:59",2816300
23000,100,800,"bu","10:57:59",2814300
23000,100,1000,"bu","10:57:59",2813500
23000,100,300,"bu","10:57:59",2812500
23000,100,2000,"bu","10:57:59",2812200
23000,100,200,"bu","10:57:59",2810200
23000,100,4400,"bu","10:57:59",2810000
22950,50,100,"sd","10:57:52",2805600
22950,50,100,"sd","10:57:42",2805500
23000,100,1000,"bu","10:57:13",2805400
22950,50,10000,"sd","10:57:07",2804400
22950,50,500,"sd","10:57:07",2794400
22950,50,200,"sd","10:57:07",2793900
22950,50,4200,"sd","10:57:07",2793700
22950,50,1000,"sd","10:57:07",2789500
22950,50,1000,"sd","10:57:07",2788500
22950,50,1000,"sd","10:57:07",2787500
22950,50,3000,"sd","10:57:07",2786500
22950,50,1000,"sd","10:57:07",2783500
22950,50,4500,"sd","10:57:07",2782500
22950,50,1500,"sd","10:57:07",2778000
22950,50,100,"sd","10:57:07",2776500
23000,100,100,"bu","10:57:06",2776400
23000,100,100,"bu","10:57:04",2776300
23000,100,500,"bu","10:56:50",2776200
23000,100,100,"bu","10:56:43",2775700
23000,100,1000,"bu","10:56:40",2775600
23000,100,7500,"bu","10:56:26",2774600
23000,100,100,"bu","10:56:22",2767100
23000,100,100,"bu","10:55:55",2767000
22950,50,500,"sd","10:55:37",2766900
22950,50,1000,"sd","10:55:37",2766400
22950,50,200,"sd","10:55:37",2765400
22950,50,100,"sd","10:55:37",2765200
22950,50,100,"sd","10:55:37",2765100
22950,50,2000,"sd","10:55:37",2765000
22950,50,100,"sd","10:55:37",2763000
22950,50,2000,"sd","10:55:37",2762900
22950,50,4000,"sd","10:55:37",2760900
22950,50,1000,"sd","10:55:03",2756900
22950,50,5000,"sd","10:55:03",2755900
22950,50,1000,"sd","10:55:03",2750900
22950,50,100,"sd","10:55:03",2749900
22950,50,100,"sd","10:55:03",2749800
22950,50,200,"sd","10:55:03",2749700
22950,50,5000,"sd","10:55:03",2749500
22950,50,1000,"sd","10:55:03",2744500
22950,50,3000,"sd","10:55:03",2743500
22950,50,11600,"sd","10:55:03",2740500
23000,100,1000,"bu","10:54:38",2728900
22950,50,14000,"sd","10:54:25",2727900
22950,50,1800,"sd","10:54:25",2713900
22950,50,2000,"sd","10:54:25",2712100
22950,50,1000,"sd","10:54:25",2710100
22950,50,800,"sd","10:54:25",2709100
23000,100,200,"bu","10:54:19",2708300
23000,100,8900,"bu","10:54:16",2708100
23000,100,10000,"bu","10:54:16",2699200
23000,100,1000,"bu","10:54:16",2689200
23000,100,100,"bu","10:54:16",2688200
23000,100,1000,"bu","10:54:16",2688100
23000,100,23000,"bu","10:54:16",2687100
22950,50,500,"sd","10:54:10",2664100
23000,100,3000,"bu","10:53:58",2663600
23000,100,100,"bu","10:53:58",2660600
23000,100,1900,"bu","10:53:58",2660500
22950,50,2800,"sd","10:53:49",2658600
22950,50,100,"sd","10:53:36",2655800
23000,100,100,"bu","10:53:33",2655700
22950,50,100,"sd","10:53:22",2655600
22950,50,1000,"sd","10:52:41",2655500
22950,50,2000,"sd","10:52:07",2654500
22950,50,5000,"sd","10:50:44",2652500
23000,100,1000,"bu","10:50:27",2647500
23000,100,2000,"bu","10:50:08",2646500
22950,50,800,"sd","10:49:57",2644500
22950,50,400,"bu","10:49:44",2643700
22950,50,800,"sd","10:49:34",2643300
22950,50,1200,"bu","10:49:26",2642500
22950,50,1000,"bu","10:49:14",2641300
22950,50,300,"sd","10:49:04",2640300
22950,50,100,"sd","10:49:04",2640000
22950,50,400,"sd","10:49:04",2639900
22950,50,500,"sd","10:49:02",2639500
22950,50,100,"bu","10:48:49",2639000
22950,50,500,"bu","10:48:48",2638900
22950,50,5000,"bu","10:48:41",2638400
22900,0,1000,"sd","10:48:31",2633400
22950,50,200,"sd","10:47:51",2632400
22950,50,200,"sd","10:47:51",2632200
22950,50,700,"bu","10:47:46",2632000
22950,50,3900,"bu","10:47:46",2631300
22900,0,600,"sd","10:47:34",2627400
22950,50,1100,"sd","10:47:22",2626800
22950,50,1300,"bu","10:47:08",2625700
22900,0,7500,"sd","10:46:45",2624400
22900,0,600,"sd","10:46:45",2616900
22900,0,500,"sd","10:46:45",2616300
22900,0,700,"sd","10:46:45",2615800
22950,50,700,"sd","10:46:45",2615100
22950,50,2000,"bu","10:46:40",2614400
22950,50,100,"bu","10:46:40",2612400
22950,50,1000,"bu","10:46:40",2612300
22950,50,3000,"bu","10:46:40",2611300
22950,50,100,"bu","10:46:40",2608300
22950,50,1400,"bu","10:46:40",2608200
22950,50,2000,"bu","10:46:40",2606800
22950,50,500,"bu","10:46:40",2604800
22950,50,300,"bu","10:46:40",2604300
22950,50,700,"bu","10:46:40",2604000
22950,50,10000,"bu","10:46:40",2603300
22950,50,2000,"bu","10:46:40",2593300
22950,50,5000,"bu","10:46:40",2591300
22950,50,9500,"bu","10:46:40",2586300
22950,50,2000,"bu","10:46:40",2576800
22950,50,1000,"bu","10:46:40",2574800
22950,50,100,"bu","10:46:40",2573800
22950,50,10000,"bu","10:46:40",2573700
22950,50,4000,"bu","10:46:40",2563700
22950,50,1000,"bu","10:46:40",2559700
22950,50,1000,"bu","10:46:40",2558700
22950,50,1000,"bu","10:46:40",2557700
22950,50,300,"bu","10:46:40",2556700
22950,50,100,"bu","10:46:40",2556400
22950,50,200,"bu","10:46:33",2556300
22950,50,800,"bu","10:46:33",2556100
22950,50,1200,"bu","10:46:12",2555300
22950,50,1000,"bu","10:46:12",2554100
22950,50,100,"bu","10:46:12",2553100
22950,50,2700,"bu","10:46:12",2553000
22950,50,2000,"bu","10:46:08",2550300
22950,50,4800,"bu","10:45:55",2548300
22900,0,500,"sd","10:45:25",2543500
22900,0,3500,"sd","10:45:05",2543000
22900,0,500,"sd","10:45:05",2539500
22900,0,100,"sd","10:45:05",2539000
22900,0,9000,"sd","10:45:05",2538900
22900,0,300,"sd","10:45:05",2529900
22900,0,300,"sd","10:45:05",2529600
22900,0,200,"sd","10:45:05",2529300
22900,0,800,"sd","10:45:05",2529100
22900,0,400,"sd","10:45:05",2528300
22900,0,100,"sd","10:45:05",2527900
22900,0,100,"sd","10:45:05",2527800
22900,0,2000,"sd","10:45:05",2527700
22900,0,100,"sd","10:45:05",2525700
22900,0,100,"sd","10:45:05",2525600
22900,0,1000,"sd","10:45:05",2525500
22900,0,400,"sd","10:45:05",2524500
22900,0,25000,"sd","10:45:05",2524100
22900,0,1000,"sd","10:45:05",2499100
22900,0,1000,"sd","10:45:05",2498100
22900,0,100,"sd","10:45:05",2497100
22900,0,5000,"sd","10:45:05",2497000
22900,0,1000,"sd","10:45:05",2492000
22900,0,200,"sd","10:45:05",2491000
22900,0,600,"sd","10:45:05",2490800
22900,0,500,"sd","10:45:05",2490200
22900,0,200,"sd","10:45:05",2489700
22900,0,200,"sd","10:45:05",2489500
22900,0,1300,"sd","10:45:05",2489300
22950,50,100,"bu","10:44:54",2488000
22900,0,100,"sd","10:44:52",2487900
22900,0,1000,"sd","10:44:52",2487800
22900,0,200,"sd","10:44:52",2486800
22900,0,300,"sd","10:44:52",2486600
22900,0,600,"sd","10:44:52",2486300
22900,0,500,"sd","10:44:01",2485700
22950,50,100,"bu","10:43:48",2485200
22950,50,200,"bu","10:43:47",2485100
22950,50,100,"bu","10:43:28",2484900
22950,50,3000,"bu","10:43:12",2484800
22950,50,900,"bu","10:43:02",2481800
22950,50,200,"bu","10:42:48",2480900
22900,0,1000,"sd","10:41:27",2480700
22950,50,100,"bu","10:41:08",2479700
22950,50,800,"bu","10:40:53",2479600
22950,50,200,"bu","10:40:43",2478800
22950,50,3000,"bu","10:40:42",2478600
22900,0,2300,"sd","10:40:29",2475600
22900,0,1700,"sd","10:40:29",2473300
