"price","change","match_qtty","side","time","total_vol"
6590,-110,8500,"sd","14:44:59",149600
6600,-100,100,"bu","14:29:22",141100
6600,-100,100,"sd","14:27:11",141000
6600,-100,2000,"bu","14:21:53",140900
6600,-100,6800,"bu","14:21:53",138900
6600,-100,200,"bu","14:20:38",132100
6600,-100,500,"bu","14:20:38",131900
6600,-100,1300,"bu","14:20:38",131400
6600,-100,200,"bu","14:20:36",130100
6590,-110,300,"bu","14:18:46",129900
6590,-110,100,"sd","14:17:39",129600
6590,-110,100,"sd","14:17:39",129500
6600,-100,1000,"bu","14:16:53",129400
6600,-100,100,"bu","14:16:12",128400
6600,-100,500,"bu","14:12:56",128300
6600,-100,1000,"bu","14:09:29",127800
6600,-100,600,"sd","14:08:10",126800
6600,-100,500,"sd","14:05:29",126200
6600,-100,1900,"sd","14:04:49",125700
6600,-100,100,"sd","14:04:49",123800
6600,-100,3000,"sd","14:04:49",123700
6600,-100,700,"sd","14:04:47",120700
6600,-100,3300,"sd","14:03:27",120000
6600,-100,500,"sd","14:03:27",116700
6600,-100,500,"sd","14:03:27",116200
6600,-100,300,"sd","14:03:27",115700
6600,-100,200,"sd","14:03:27",115400
6600,-100,500,"sd","14:03:27",115200
6600,-100,200,"sd","14:03:27",114700
6600,-100,2000,"sd","14:03:27",114500
6600,-100,5200,"sd","14:03:27",112500
6610,-90,100,"sd","14:03:27",107300
6620,-80,100,"sd","14:03:27",107200
6630,-70,100,"sd","14:03:27",107100
6680,-20,100,"sd","13:58:44",107000
6690,-10,700,"bu","13:57:50",106900
6680,-20,2900,"bu","13:56:15",106200
6600,-100,1000,"sd","13:46:03",103300
6600,-100,1000,"sd","13:46:03",102300
6600,-100,300,"sd","13:46:03",101300
6610,-90,200,"sd","13:46:03",101000
6610,-90,200,"bu","13:43:54",100800
6610,-90,2700,"bu","13:43:53",100600
6610,-90,300,"bu","13:43:53",97900
6610,-90,100,"bu","13:42:47",97600
6600,-100,200,"sd","13:41:43",97500
6600,-100,100,"sd","13:41:43",97300
6600,-100,300,"sd","13:41:43",97200
6600,-100,3100,"sd","13:41:43",96900
6610,-90,100,"bu","13:41:34",93800
6600,-100,1900,"sd","13:38:32",93700
6610,-90,100,"sd","13:38:32",91800
6610,-90,300,"sd","13:38:32",91700
6610,-90,700,"sd","13:38:32",91400
6610,-90,3000,"sd","13:38:10",90700
6620,-80,100,"sd","13:36:33",87700
6610,-90,1000,"sd","13:36:05",87600
6610,-90,300,"sd","13:33:56",86600
6620,-80,100,"sd","13:33:56",86300
6610,-90,100,"sd","13:31:59",86200
6620,-80,100,"sd","13:31:59",86100
6630,-70,8000,"bu","13:28:11",86000
6630,-70,2000,"sd","13:25:55",78000
6630,-70,1300,"sd","13:25:55",76000
6630,-70,700,"sd","13:25:45",74700
6630,-70,2000,"sd","13:25:45",74000
6630,-70,500,"sd","13:25:45",72000
6630,-70,2000,"sd","13:25:45",71500
6630,-70,200,"sd","13:25:45",69500
6630,-70,200,"sd","13:25:45",69300
6690,-10,300,"bu","13:23:37",69100
6680,-20,100,"bu","13:23:36",68800
6650,-50,500,"bu","13:23:36",68700
6630,-70,800,"sd","13:18:51",68200
6630,-70,400,"sd","13:18:51",67400
6640,-60,100,"sd","13:18:51",67000
6640,-60,900,"sd","13:14:00",66900
6640,-60,100,"sd","13:14:00",66000
6630,-70,100,"sd","13:13:16",65900
6630,-70,900,"sd","13:13:16",65800
6630,-70,1100,"sd","13:10:47",64900
6630,-70,100,"sd","13:10:47",63800
6640,-60,200,"bu","13:09:48",63700
6620,-80,3800,"sd","13:09:44",63500
6630,-70,300,"sd","13:09:44",59700
6630,-70,200,"sd","13:09:18",59400
6630,-70,300,"sd","13:09:18",59200
6630,-70,100,"sd","13:09:18",58900
6630,-70,100,"sd","13:09:18",58800
6630,-70,100,"sd","13:09:18",58700
6640,-60,1500,"bu","13:08:47",58600
6640,-60,200,"bu","13:08:30",57100
6640,-60,200,"sd","13:07:35",56900
6640,-60,100,"sd","13:07:02",56700
6640,-60,1200,"sd","13:06:51",56600
6640,-60,500,"sd","13:06:51",55400
6640,-60,300,"sd","13:06:51",54900
6640,-60,500,"sd","13:06:51",54600
6640,-60,100,"sd","13:06:51",54100
6640,-60,200,"sd","13:06:51",54000
6650,-50,200,"sd","13:06:40",53800
6640,-60,100,"sd","13:05:45",53600
6640,-60,100,"sd","13:05:34",53500
6640,-60,1600,"sd","13:05:21",53400
6640,-60,2300,"sd","13:05:21",51800
6650,-50,800,"sd","13:05:21",49500
6650,-50,100,"sd","13:05:21",48700
6650,-50,200,"sd","13:05:21",48600
6650,-50,1800,"sd","13:04:39",48400
6650,-50,100,"sd","13:04:39",46600
6650,-50,100,"sd","13:04:39",46500
6690,-10,100,"bu","13:04:31",46400
6700,0,200,"sd","13:00:57",46300
6700,0,1200,"sd","13:00:57",46100
6700,0,900,"sd","13:00:43",44900
6710,10,100,"sd","13:00:05",44000
6710,10,100,"sd","13:00:03",43900
6700,0,900,"sd","13:00:02",43800
6700,0,1000,"sd","13:00:02",42900
6700,0,300,"sd","13:00:01",41900
6700,0,200,"sd","13:00:01",41600
6710,10,600,"sd","13:00:01",41400
6710,10,100,"sd","13:00:00",40800
6710,10,200,"bu","11:26:23",40700
6700,0,800,"sd","11:03:06",40500
6700,0,200,"sd","11:03:06",39700
6700,0,500,"sd","10:59:02",39500
6710,10,300,"sd","10:59:02",39000
6720,20,200,"sd","10:59:02",38700
6700,0,200,"bu","10:49:20",38500
6700,0,2000,"bu","10:49:20",38300
6700,0,300,"bu","10:49:20",36300
6690,-10,500,"bu","10:35:03",36000
6690,-10,100,"bu","10:32:47",35500
6690,-10,400,"bu","10:28:18",35400
6640,-60,700,"bu","09:54:15",35000
6640,-60,300,"sd","09:50:53",34300
6640,-60,1000,"sd","09:50:53",34000
6640,-60,100,"sd","09:40:13",33000
6800,100,1200,"bu","09:40:04",32900
6800,100,1000,"bu","09:40:04",31700
6800,100,100,"bu","09:38:37",30700
6800,100,1000,"bu","09:38:37",30600
6800,100,1500,"bu","09:37:25",29600
6800,100,2000,"bu","09:37:25",28100
6800,100,100,"bu","09:37:25",26100
6800,100,200,"bu","09:37:25",26000
6800,100,600,"bu","09:36:42",25800
6800,100,200,"bu","09:36:04",25200
6790,90,800,"bu","09:36:04",24000
6800,100,1000,"bu","09:36:04",25000
6800,100,500,"bu","09:36:04",23200
6800,100,500,"bu","09:36:04",22700
6800,100,500,"bu","09:36:04",22200
6800,100,2400,"bu","09:36:04",21700
6800,100,2000,"bu","09:36:04",19300
6800,100,1000,"bu","09:29:18",17300
6740,40,100,"bu","09:29:18",16300
6700,0,200,"bu","09:29:18",16200
6700,0,200,"bu","09:29:18",16000
6700,0,600,"bu","09:29:18",15800
6610,-90,100,"sd","09:25:07",15200
6610,-90,100,"sd","09:25:07",15100
6620,-80,100,"sd","09:25:07",15000
6630,-70,100,"sd","09:25:07",14900
6660,-40,200,"sd","09:25:07",14800
6600,-100,100,"sd","09:25:07",14600
6600,-100,100,"bu","09:16:40",14500
6600,-100,3000,"sd","09:16:21",14400
6600,-100,10000,"sd","09:16:21",11400
6680,-20,700,"sd","09:16:21",1400
6690,-10,200,"sd","09:16:21",700
6680,-20,300,"sd","09:16:03",500
6680,-20,100,"sd","09:16:03",200
6690,-10,100,"sd","09:14:59",100
