"price","change","match_qtty","side","time","total_vol"
11250,50,27200,"unknown","14:45:02",1062300
11200,0,1700,"bu","14:29:35",1035100
11200,0,8300,"bu","14:29:33",1033400
11200,0,1700,"bu","14:29:33",1025100
11200,0,2900,"bu","14:29:27",1023400
11200,0,1000,"bu","14:29:16",1020500
11200,0,100,"bu","14:29:04",1019500
11200,0,1000,"bu","14:29:00",1019400
11200,0,1000,"bu","14:28:53",1018400
11150,-50,10000,"sd","14:28:51",1017400
11200,0,2000,"bu","14:28:50",1007400
11200,0,2000,"bu","14:28:45",1005400
11200,0,2000,"bu","14:28:42",1003400
11200,0,2000,"bu","14:28:38",1001400
11200,0,4000,"bu","14:28:26",999400
11200,0,1000,"bu","14:28:26",995400
11150,-50,200,"sd","14:28:21",994400
11150,-50,4000,"sd","14:27:59",994200
11200,0,2000,"bu","14:27:33",990200
11150,-50,300,"sd","14:27:29",988200
11200,0,200,"bu","14:27:15",987900
11200,0,6800,"sd","14:27:08",987700
11200,0,2000,"sd","14:27:08",980900
11200,0,700,"bu","14:27:08",978900
11200,0,100,"bu","14:27:08",978200
11200,0,400,"bu","14:27:08",978100
11200,0,2000,"bu","14:27:05",977700
11200,0,2000,"bu","14:26:47",975700
11200,0,700,"bu","14:26:13",973700
11200,0,2000,"sd","14:26:07",973000
11200,0,2000,"sd","14:26:06",971000
11200,0,900,"sd","14:26:06",969000
11200,0,1100,"bu","14:25:51",968100
11200,0,500,"bu","14:25:46",967000
11200,0,300,"bu","14:25:42",966500
11200,0,2000,"bu","14:25:36",966200
11200,0,500,"bu","14:25:35",964200
11200,0,500,"bu","14:25:30",963700
11200,0,200,"sd","14:25:03",963200
11200,0,4900,"sd","14:25:03",963000
11200,0,100,"sd","14:24:51",958100
11200,0,100,"sd","14:24:51",958000
11200,0,200,"bu","14:24:36",957900
11200,0,500,"bu","14:24:36",957700
11200,0,2000,"bu","14:24:36",957200
11200,0,2200,"bu","14:24:36",955200
11200,0,100,"bu","14:24:31",953000
11150,-50,3000,"sd","14:24:23",952900
11200,0,100,"bu","14:24:00",949900
11200,0,200,"bu","14:23:18",949800
11200,0,1500,"bu","14:23:11",949600
11200,0,2000,"bu","14:23:10",948100
11200,0,5000,"bu","14:23:03",946100
11200,0,200,"bu","14:22:30",941100
11200,0,1500,"bu","14:22:24",940900
11200,0,1000,"bu","14:22:22",939400
11200,0,5000,"bu","14:22:17",938400
11200,0,100,"bu","14:21:48",933400
11200,0,200,"bu","14:21:46",933300
11200,0,400,"bu","14:21:40",933100
11200,0,500,"bu","14:21:32",932700
11200,0,100,"bu","14:21:32",932200
11200,0,1400,"bu","14:21:32",932100
11200,0,600,"bu","14:21:30",930700
11200,0,1400,"bu","14:21:30",930100
11200,0,2000,"bu","14:21:27",928700
11200,0,400,"bu","14:20:47",926700
11200,0,100,"bu","14:20:42",926300
11200,0,1100,"bu","14:19:49",926200
11200,0,200,"bu","14:19:49",925100
11200,0,1000,"bu","14:19:49",924900
11200,0,700,"bu","14:19:49",923900
11200,0,200,"bu","14:18:56",923200
11200,0,500,"bu","14:18:49",923000
11200,0,500,"bu","14:18:11",922500
11200,0,100,"bu","14:18:10",922000
11200,0,800,"bu","14:17:29",921900
11200,0,200,"bu","14:17:20",921100
11200,0,1000,"bu","14:17:08",920900
11200,0,300,"bu","14:16:59",919900
11200,0,100,"bu","14:16:36",919600
11200,0,300,"sd","14:16:23",919500
11200,0,700,"sd","14:16:23",919200
11200,0,2300,"sd","14:16:23",918500
11200,0,1000,"sd","14:16:22",916200
11200,0,400,"bu","14:15:31",915200
11200,0,1300,"bu","14:15:31",914800
11200,0,100,"bu","14:15:12",913500
11200,0,1100,"bu","14:14:58",913400
11200,0,100,"bu","14:14:58",912300
11200,0,100,"bu","14:14:38",912200
11200,0,700,"bu","14:14:19",912100
11200,0,100,"bu","14:14:12",911400
11200,0,1200,"bu","14:13:25",911300
11200,0,2000,"sd","14:13:07",910100
11200,0,1100,"sd","14:13:07",908100
11200,0,100,"sd","14:13:07",907000
11200,0,5600,"sd","14:13:07",906900
11200,0,5000,"sd","14:13:07",901300
11200,0,100,"sd","14:13:07",896300
11200,0,10000,"sd","14:13:07",896200
11200,0,4000,"sd","14:13:07",886200
11200,0,900,"sd","14:13:07",882200
11200,0,100,"sd","14:12:10",881300
11250,50,200,"bu","14:11:35",881200
11250,50,100,"bu","14:11:04",881000
11200,0,100,"sd","14:09:44",880900
11200,0,700,"sd","14:09:38",880800
11200,0,1500,"sd","14:09:24",880100
11200,0,700,"sd","14:09:24",878600
11200,0,500,"sd","14:09:14",877900
11200,0,200,"sd","14:08:11",877400
11200,0,100,"sd","14:08:03",877200
11150,-50,5100,"sd","14:07:44",877100
11150,-50,100,"sd","14:07:44",872000
11150,-50,100,"sd","14:07:44",871900
11150,-50,100,"sd","14:07:44",871800
11150,-50,100,"sd","14:07:44",871700
11200,0,1000,"sd","14:07:44",871600
11200,0,1000,"sd","14:07:44",870600
11200,0,500,"sd","14:07:44",869600
11200,0,1000,"bu","14:06:22",869100
11200,0,700,"bu","14:04:18",868100
11200,0,500,"bu","14:04:18",867400
11200,0,300,"sd","14:04:15",866900
11200,0,6000,"sd","14:04:14",866600
11200,0,10100,"sd","14:04:09",860600
11200,0,1600,"sd","14:03:55",850500
11200,0,5100,"sd","14:03:42",848900
11200,0,200,"sd","14:03:20",843800
11200,0,6200,"sd","14:03:20",843600
11200,0,100,"bu","14:02:43",837400
11200,0,200,"sd","14:02:40",837300
11200,0,500,"sd","14:02:25",837100
11200,0,300,"sd","14:02:11",836600
11200,0,700,"sd","14:02:11",836300
11200,0,100,"bu","14:02:07",835600
11200,0,200,"bu","14:01:59",835500
11200,0,300,"sd","14:01:55",835300
11200,0,300,"sd","14:01:55",835000
11200,0,100,"sd","14:01:55",834700
11200,0,2000,"sd","14:01:55",834600
11200,0,300,"sd","14:01:55",832600
11200,0,1000,"sd","14:01:55",832300
11200,0,2000,"sd","14:01:55",831300
11200,0,100,"sd","14:01:55",829300
11200,0,900,"sd","14:01:55",829200
11200,0,3000,"sd","14:01:55",828300
11200,0,400,"sd","14:01:48",825300
11200,0,1800,"sd","14:01:46",824900
11200,0,500,"sd","14:01:38",823100
11250,50,8800,"bu","14:01:35",822600
11250,50,200,"bu","14:01:35",813800
11250,50,300,"bu","13:59:57",813600
11250,50,100,"bu","13:58:04",813300
11250,50,400,"bu","13:57:44",813200
11250,50,500,"bu","13:57:44",812800
11200,0,4300,"sd","13:56:43",812300
11200,0,700,"sd","13:56:43",808000
11200,0,300,"sd","13:55:57",807300
11200,0,1700,"sd","13:55:57",807000
11250,50,2000,"bu","13:55:55",805300
11250,50,500,"bu","13:55:25",803300
11250,50,100,"bu","13:54:44",802800
11250,50,500,"bu","13:54:20",802700
11250,50,100,"bu","13:54:02",802200
11250,50,100,"bu","13:53:33",802100
11250,50,300,"bu","13:53:13",802000
11250,50,500,"sd","13:52:30",801700
11250,50,5400,"sd","13:52:30",801200
11250,50,4600,"bu","13:52:24",795800
11250,50,1000,"bu","13:52:24",791200
11250,50,3700,"bu","13:51:59",790200
11250,50,700,"bu","13:51:59",786500
11200,0,1000,"sd","13:51:44",785800
11250,50,500,"sd","13:51:44",784800
11250,50,700,"sd","13:51:44",784300
11250,50,1100,"sd","13:51:44",783600
11250,50,900,"bu","13:51:29",782500
11250,50,1000,"bu","13:51:21",781600
11250,50,300,"bu","13:51:16",780600
11250,50,1000,"sd","13:51:15",780300
11250,50,1000,"sd","13:51:15",779300
11250,50,800,"sd","13:51:15",778300
11250,50,1000,"sd","13:50:10",777500
11250,50,300,"sd","13:49:46",776500
11250,50,600,"sd","13:49:46",776200
11250,50,100,"sd","13:49:46",775600
11250,50,500,"sd","13:49:15",775500
11250,50,200,"sd","13:48:51",775000
11250,50,500,"bu","13:48:22",774800
11250,50,200,"bu","13:48:22",774300
11250,50,500,"bu","13:48:22",774100
11250,50,800,"bu","13:48:22",773600
11250,50,500,"bu","13:48:19",772800
11250,50,2000,"bu","13:48:06",772300
11250,50,6700,"bu","13:47:54",770300
11250,50,900,"bu","13:47:54",763600
11250,50,200,"bu","13:47:54",762700
11250,50,200,"bu","13:47:54",762500
11250,50,200,"bu","13:47:38",762300
11250,50,600,"bu","13:47:36",762100
11250,50,100,"bu","13:47:36",761500
11250,50,100,"bu","13:47:36",761400
11250,50,5000,"bu","13:47:36",761300
11250,50,500,"bu","13:47:36",756300
11250,50,3700,"bu","13:47:36",755800
11250,50,100,"bu","13:46:51",752100
11250,50,100,"bu","13:46:43",752000
11250,50,200,"bu","13:46:28",751900
11250,50,1800,"bu","13:46:28",751700
11200,0,1300,"sd","13:45:19",749900
11200,0,500,"sd","13:45:11",748600
11200,0,300,"sd","13:45:11",748100
11200,0,100,"sd","13:45:11",747800
11200,0,100,"sd","13:45:11",747700
11200,0,2000,"sd","13:45:11",747600
11200,0,18000,"sd","13:44:29",745600
11200,0,1200,"sd","13:44:29",727600
11200,0,800,"sd","13:44:29",726400
11200,0,2000,"sd","13:43:23",725600
11200,0,11600,"bu","13:41:02",723600
11200,0,2000,"bu","13:40:50",712000
11200,0,5000,"bu","13:40:47",710000
11200,0,500,"bu","13:40:47",705000
11200,0,900,"bu","13:40:46",704500
11200,0,400,"bu","13:40:46",703600
11200,0,100,"bu","13:40:40",703200
11200,0,100,"bu","13:40:06",703100
11200,0,100,"bu","13:39:44",703000
11200,0,300,"bu","13:39:31",702900
11200,0,200,"bu","13:39:31",702600
11200,0,4500,"bu","13:39:31",702400
11200,0,500,"bu","13:39:10",697900
11200,0,500,"bu","13:39:10",697400
11200,0,200,"bu","13:38:47",696900
11150,-50,1000,"sd","13:38:15",696700
11150,-50,100,"sd","13:38:15",695700
11150,-50,2000,"sd","13:38:15",695600
11150,-50,1000,"sd","13:38:15",693600
11150,-50,5000,"sd","13:38:15",692600
11150,-50,1000,"sd","13:38:15",687600
11150,-50,200,"sd","13:38:15",686600
11150,-50,200,"sd","13:38:15",686400
11150,-50,2000,"sd","13:38:15",686200
11150,-50,500,"sd","13:38:15",684200
11150,-50,100,"sd","13:38:15",683700
11150,-50,1000,"sd","13:38:15",683600
11150,-50,300,"sd","13:38:15",682600
11150,-50,200,"sd","13:38:15",682300
11150,-50,4000,"sd","13:38:15",682100
11150,-50,500,"sd","13:38:15",678100
11150,-50,200,"sd","13:38:15",677600
11150,-50,400,"sd","13:38:15",677400
11150,-50,300,"sd","13:38:15",677000
11150,-50,2000,"sd","13:38:15",676700
11150,-50,1100,"sd","13:38:15",674700
11150,-50,100,"sd","13:38:15",673600
11150,-50,1300,"sd","13:38:15",673500
11150,-50,500,"sd","13:38:14",671200
11150,-50,1000,"sd","13:38:15",672200
11200,0,1500,"bu","13:38:14",670700
11200,0,700,"sd","13:37:36",669200
11200,0,4000,"sd","13:37:36",668500
11200,0,1000,"sd","13:37:36",664500
11200,0,300,"sd","13:37:36",663500
11200,0,1000,"sd","13:37:24",663200
11200,0,1600,"sd","13:37:21",662200
11200,0,3300,"sd","13:36:11",660600
11200,0,1000,"sd","13:35:05",657300
11200,0,3800,"sd","13:34:37",656300
11200,0,1000,"sd","13:34:37",652500
11200,0,100,"sd","13:34:37",651500
11200,0,200,"sd","13:34:37",651400
11200,0,2500,"sd","13:33:34",651200
11200,0,100,"sd","13:33:03",648700
11200,0,1200,"sd","13:33:02",648600
11200,0,200,"sd","13:33:02",647400
11200,0,5000,"sd","13:33:02",647200
11200,0,500,"sd","13:33:02",642200
11200,0,200,"sd","13:33:02",641700
11200,0,900,"sd","13:33:02",641500
11200,0,100,"sd","13:32:46",640600
11200,0,500,"sd","13:32:46",640500
11200,0,100,"sd","13:32:46",640000
11200,0,11200,"sd","13:32:46",639900
11250,50,500,"bu","13:30:59",628700
11250,50,100,"bu","13:30:29",628200
11200,0,38800,"sd","13:30:28",628100
11200,0,100,"sd","13:30:28",589300
11200,0,5000,"sd","13:30:28",589200
11250,50,100,"bu","13:29:41",584200
11200,0,1000,"sd","13:29:12",584100
11250,50,1000,"bu","13:28:27",583100
11250,50,6400,"bu","13:27:40",582100
11250,50,1000,"bu","13:27:40",575700
11250,50,2600,"bu","13:27:40",574700
11200,0,3000,"sd","13:27:29",572100
11250,50,700,"bu","13:26:54",569100
11250,50,6700,"bu","13:26:47",568400
11250,50,900,"bu","13:26:47",561700
11250,50,2400,"bu","13:26:47",560800
11250,50,1000,"bu","13:26:01",558400
11250,50,100,"bu","13:25:54",557400
11250,50,1000,"bu","13:25:54",557300
11250,50,1000,"bu","13:25:28",556300
11250,50,2100,"bu","13:25:25",555300
11250,50,800,"bu","13:25:25",553200
11250,50,100,"bu","13:25:25",552400
11250,50,700,"bu","13:25:25",552300
11250,50,300,"bu","13:25:24",551600
11250,50,300,"bu","13:25:12",551300
11250,50,10000,"bu","13:24:50",551000
11200,0,3000,"sd","13:24:16",541000
11200,0,500,"sd","13:24:04",538000
11200,0,1500,"sd","13:23:32",537500
11200,0,100,"bu","13:22:38",536000
11200,0,2000,"bu","13:22:38",535900
11200,0,9000,"bu","13:22:38",533900
11200,0,4900,"bu","13:22:38",524900
11200,0,100,"bu","13:22:29",520000
11200,0,1000,"bu","13:22:22",519900
11200,0,3900,"bu","13:22:22",518900
11200,0,100,"sd","13:22:21",515000
11200,0,2600,"sd","13:21:25",514900
11200,0,100,"sd","13:21:22",512300
11200,0,3400,"sd","13:20:52",512200
11200,0,1000,"sd","13:20:52",508800
11200,0,3200,"sd","13:20:52",507800
11200,0,100,"sd","13:20:52",504600
11200,0,2300,"sd","13:20:51",504500
11200,0,6000,"sd","13:20:11",502200
11250,50,200,"bu","13:19:27",496200
11200,0,800,"sd","13:19:27",496000
11200,0,900,"sd","13:19:20",495200
11200,0,2000,"sd","13:19:20",494300
11200,0,100,"sd","13:19:20",492300
11200,0,900,"sd","13:18:43",492200
11200,0,100,"sd","13:18:43",491300
11200,0,100,"bu","13:18:19",491200
11200,0,300,"bu","13:18:16",491100
11200,0,2000,"bu","13:18:14",490800
11200,0,200,"sd","13:18:02",488800
11200,0,10000,"sd","13:18:02",488600
11200,0,3600,"sd","13:18:02",478600
11200,0,200,"sd","13:18:02",475000
11200,0,1000,"sd","13:18:02",474800
11200,0,100,"sd","13:18:02",473800
11200,0,2000,"sd","13:18:02",473700
11200,0,4500,"sd","13:18:02",471700
11200,0,400,"sd","13:18:01",467200
11200,0,100,"sd","13:18:01",466800
11200,0,5500,"sd","13:18:01",466700
11200,0,100,"sd","13:17:15",461200
11250,50,1000,"bu","13:17:11",461100
11200,0,3000,"sd","13:16:19",460100
11200,0,500,"sd","13:16:19",457100
11200,0,600,"sd","13:16:19",456600
11200,0,1500,"sd","13:16:18",456000
11200,0,2000,"sd","13:16:18",454500
11200,0,1000,"sd","13:16:18",452500
11200,0,1000,"sd","13:16:18",451500
11200,0,200,"sd","13:16:18",450500
11200,0,200,"sd","13:16:18",450300
11200,0,200,"sd","13:15:48",450100
11200,0,1700,"sd","13:15:47",449900
11200,0,300,"sd","13:15:47",448200
11250,50,1400,"bu","13:14:40",447900
11200,0,1000,"sd","13:14:39",446500
11200,0,100,"sd","13:14:39",445500
11200,0,2000,"sd","13:14:38",445400
11200,0,1900,"sd","13:14:38",443400
11250,50,1500,"bu","13:14:37",441500
11250,50,600,"sd","13:13:05",440000
11250,50,200,"bu","13:13:04",439400
11250,50,1200,"bu","13:12:57",439200
11250,50,500,"bu","13:12:57",438000
11250,50,300,"bu","13:12:57",437500
11250,50,200,"bu","13:12:29",437200
11250,50,300,"bu","13:12:29",437000
11250,50,100,"bu","13:12:28",436700
11200,0,100,"sd","13:12:21",436600
11200,0,2000,"sd","13:12:20",436500
11200,0,500,"sd","13:12:20",434500
11200,0,2400,"sd","13:12:19",434000
11200,0,500,"sd","13:11:06",431600
11200,0,100,"sd","13:11:02",431100
11200,0,100,"sd","13:11:02",431000
11200,0,100,"sd","13:10:22",430900
11200,0,2000,"sd","13:10:22",430800
11200,0,200,"sd","13:10:22",428800
11200,0,2000,"sd","13:10:22",428600
11200,0,700,"sd","13:10:22",426600
11200,0,1000,"sd","13:10:15",425900
11200,0,300,"sd","13:09:41",424900
11200,0,300,"sd","13:09:41",424600
11200,0,200,"sd","13:09:41",424300
11200,0,700,"sd","13:09:41",424100
11250,50,200,"bu","13:09:21",423400
11250,50,100,"bu","13:09:21",423200
11250,50,5000,"bu","13:09:20",423100
11250,50,2000,"bu","13:09:20",418100
11250,50,100,"bu","13:09:20",416100
11250,50,900,"bu","13:09:20",416000
11250,50,100,"bu","13:09:20",415100
11250,50,1100,"bu","13:09:20",415000
11250,50,500,"bu","13:09:20",413900
11200,0,600,"sd","13:08:58",413400
11200,0,700,"sd","13:07:39",412800
11200,0,500,"sd","13:07:39",412100
11200,0,2000,"sd","13:07:39",411600
11200,0,1000,"sd","13:06:48",409600
11250,50,1000,"bu","13:05:36",408600
11200,0,500,"sd","13:05:23",407600
11200,0,500,"sd","13:05:23",407100
11200,0,5000,"sd","13:05:13",406600
11200,0,300,"sd","13:05:09",401600
11200,0,1000,"sd","13:04:20",401300
11200,0,200,"sd","13:03:56",400300
11200,0,300,"sd","13:03:56",400100
11200,0,100,"sd","13:03:56",399800
11200,0,100,"sd","13:03:56",399700
11200,0,300,"sd","13:03:56",399600
11200,0,200,"sd","13:03:37",399300
11250,50,200,"bu","13:03:15",399100
11200,0,1000,"sd","13:02:01",398900
11200,0,200,"sd","13:01:49",397900
11250,50,400,"bu","13:01:46",397700
11200,0,200,"sd","13:01:41",397300
11200,0,4800,"sd","13:01:13",397100
11200,0,200,"unknown","13:01:05",392300
11200,0,200,"unknown","13:01:02",392100
11200,0,400,"unknown","13:00:58",391900
11200,0,3000,"bu","13:00:57",391500
11200,0,2000,"bu","13:00:49",388500
11200,0,1000,"bu","13:00:41",386500
11200,0,200,"bu","13:00:34",385500
11200,0,1400,"bu","13:00:27",385300
11200,0,400,"bu","13:00:19",383900
11200,0,2000,"bu","13:00:14",383500
11200,0,900,"bu","13:00:08",381500
11200,0,500,"bu","13:00:08",380600
11200,0,2000,"unknown","13:00:04",380100
11200,0,200,"sd","13:00:03",378100
11250,50,900,"bu","11:28:32",377900
11250,50,100,"bu","11:28:32",377000
11200,0,100,"unknown","11:25:51",376900
11200,0,200,"bu","11:25:35",376800
11200,0,500,"bu","11:25:26",376600
11200,0,500,"bu","11:25:13",376100
11200,0,700,"bu","11:25:09",375600
11200,0,4300,"bu","11:25:09",374900
11200,0,300,"bu","11:24:25",370600
11200,0,200,"bu","11:24:25",370300
11200,0,100,"bu","11:24:25",370100
11200,0,200,"unknown","11:24:25",370000
11200,0,100,"sd","11:24:25",369800
11200,0,8000,"sd","11:24:24",369700
11200,0,1000,"sd","11:24:24",361700
11200,0,500,"sd","11:24:24",360700
11200,0,5000,"sd","11:24:24",360200
11200,0,8200,"sd","11:24:24",355200
11200,0,2000,"sd","11:24:24",347000
11200,0,100,"sd","11:24:24",345000
11250,50,1000,"bu","11:24:18",344900
11250,50,100,"bu","11:24:13",343900
11250,50,200,"bu","11:22:43",343800
11250,50,2000,"bu","11:22:23",343600
11250,50,100,"bu","11:18:51",341600
11250,50,1000,"bu","11:18:30",341500
11250,50,200,"sd","11:17:27",340500
11250,50,5300,"sd","11:17:26",340300
11250,50,2700,"sd","11:16:52",335000
11250,50,100,"bu","11:14:38",332300
11250,50,1000,"sd","11:13:50",332200
11250,50,1200,"sd","11:13:50",331200
11300,100,100,"bu","11:13:03",330000
11250,50,3000,"bu","11:11:53",329900
11250,50,1800,"bu","11:11:53",326900
11250,50,200,"bu","11:10:27",325100
11250,50,100,"sd","11:09:39",324900
11250,50,5800,"bu","11:09:05",324800
11250,50,1900,"bu","11:09:05",319000
11250,50,100,"bu","11:08:02",317100
11250,50,2000,"sd","11:07:42",317000
11250,50,1000,"sd","11:07:42",315000
11250,50,2000,"sd","11:07:27",314000
11250,50,2000,"sd","11:06:00",312000
11250,50,1000,"sd","11:00:31",310000
11250,50,500,"sd","11:00:31",309000
11250,50,8500,"sd","10:59:19",308500
11250,50,1500,"sd","10:59:18",300000
11250,50,2000,"bu","10:57:27",298500
11250,50,1500,"bu","10:57:27",296500
11250,50,500,"bu","10:57:17",295000
11250,50,500,"bu","10:57:17",294500
11250,50,1500,"bu","10:56:58",294000
11250,50,200,"bu","10:56:58",292500
11250,50,2300,"bu","10:56:58",292300
11250,50,700,"bu","10:56:47",290000
11250,50,300,"bu","10:56:47",289300
11250,50,200,"bu","10:55:22",289000
11250,50,700,"bu","10:54:48",288800
11250,50,100,"bu","10:54:48",288100
11250,50,100,"bu","10:54:48",288000
11250,50,100,"bu","10:54:48",287900
11250,50,100,"bu","10:53:19",287800
11250,50,200,"bu","10:53:10",287700
11200,0,1000,"sd","10:50:56",287500
11200,0,700,"sd","10:50:33",286500
11200,0,10000,"bu","10:49:52",285800
11200,0,100,"bu","10:49:52",275800
11200,0,200,"bu","10:48:29",275700
11200,0,400,"bu","10:48:23",275500
11200,0,100,"bu","10:48:23",275100
11200,0,200,"sd","10:47:36",275000
11200,0,100,"sd","10:47:36",274800
11200,0,400,"sd","10:47:23",274700
11200,0,400,"sd","10:47:23",274300
11200,0,100,"sd","10:47:23",273900
11200,0,9100,"sd","10:47:23",273800
11200,0,1000,"sd","10:46:36",264700
11250,50,400,"bu","10:45:23",263700
11200,0,3000,"sd","10:44:15",263300
11200,0,1000,"sd","10:39:52",260300
11200,0,1000,"sd","10:39:03",259300
11200,0,100,"sd","10:38:18",258300
11200,0,10000,"sd","10:37:47",258200
11200,0,100,"sd","10:36:59",248200
11200,0,4700,"bu","10:36:43",248100
11200,0,100,"sd","10:36:42",243400
11200,0,200,"sd","10:36:42",243300
11200,0,300,"bu","10:36:33",243100
11200,0,400,"unknown","10:36:23",242800
11150,-50,300,"sd","10:35:58",242400
11200,0,100,"bu","10:35:57",242100
11200,0,200,"bu","10:35:55",242000
11200,0,3000,"bu","10:35:47",241800
11200,0,300,"bu","10:35:33",238800
11250,50,1900,"bu","10:34:31",238500
11250,50,2100,"bu","10:34:31",236600
11200,0,1000,"bu","10:34:31",234500
11200,0,3000,"bu","10:33:34",233500
11200,0,1000,"bu","10:29:28",230500
11200,0,7000,"bu","10:29:28",229500
11200,0,1000,"bu","10:29:27",222500
11200,0,100,"bu","10:28:52",221500
11200,0,1000,"sd","10:26:58",221400
11200,0,100,"sd","10:26:58",220400
11200,0,800,"sd","10:26:58",220300
11200,0,100,"sd","10:26:45",219500
11200,0,100,"sd","10:26:45",219400
11200,0,200,"sd","10:26:45",219300
11200,0,600,"sd","10:26:39",219100
11200,0,500,"sd","10:26:38",218500
11250,50,100,"bu","10:23:03",218000
11250,50,1800,"bu","10:19:47",217900
11250,50,500,"bu","10:19:47",216100
11250,50,500,"bu","10:19:47",215600
11250,50,500,"bu","10:19:47",215100
11250,50,400,"bu","10:19:47",214600
11250,50,300,"bu","10:19:47",214200
11200,0,500,"unknown","10:17:35",213900
11200,0,1000,"bu","10:16:43",213400
11200,0,100,"bu","10:16:43",212400
11200,0,500,"bu","10:16:43",212300
11200,0,100,"bu","10:16:43",211800
11200,0,1000,"bu","10:16:43",211700
11200,0,200,"bu","10:16:43",210700
11200,0,500,"bu","10:16:43",210500
11200,0,5000,"bu","10:16:43",210000
11200,0,300,"bu","10:16:43",205000
11200,0,2000,"bu","10:15:57",204700
11200,0,200,"bu","10:14:38",202700
11150,-50,1200,"sd","10:12:39",202500
11150,-50,1800,"sd","10:12:39",201300
11200,0,6000,"bu","10:12:13",199500
11150,-50,200,"sd","10:11:04",193500
11150,-50,100,"sd","10:11:04",193300
11150,-50,100,"sd","10:11:04",193200
11150,-50,100,"sd","10:11:04",193100
11150,-50,2000,"sd","10:11:04",193000
11150,-50,100,"sd","10:11:04",191000
11150,-50,400,"sd","10:11:04",190900
11150,-50,200,"sd","10:08:19",190500
11150,-50,2400,"bu","10:04:14",190300
11150,-50,100,"bu","10:04:10",187900
11150,-50,500,"bu","10:04:09",187800
11150,-50,300,"bu","10:03:57",187300
11150,-50,100,"bu","10:03:42",187000
11150,-50,500,"sd","10:03:40",186900
11150,-50,1000,"sd","10:03:40",186400
11150,-50,100,"sd","10:03:40",185400
11150,-50,1300,"sd","10:02:30",185300
11150,-50,200,"sd","10:02:30",184000
11150,-50,5300,"sd","10:02:30",183800
11150,-50,4000,"sd","10:02:30",178500
11150,-50,100,"sd","10:02:30",174500
11150,-50,100,"sd","10:02:30",174400
11200,0,100,"bu","10:02:15",174300
11200,0,300,"sd","10:01:27",174200
11200,0,900,"sd","10:01:27",173900
11200,0,3700,"bu","10:00:56",173000
11200,0,100,"bu","10:00:56",169300
11200,0,600,"bu","10:00:51",169200
11200,0,100,"bu","10:00:20",168600
11200,0,500,"bu","10:00:20",168500
11200,0,100,"bu","10:00:20",168000
11200,0,3000,"sd","09:59:49",167900
11200,0,200,"sd","09:59:41",164900
11200,0,1200,"sd","09:58:09",164700
11200,0,1200,"sd","09:56:43",163500
11200,0,1700,"sd","09:56:42",162300
11200,0,100,"sd","09:56:41",160600
11200,0,400,"sd","09:55:44",160500
11200,0,100,"bu","09:55:16",160100
11200,0,900,"bu","09:55:15",160000
11200,0,1100,"bu","09:55:15",159100
11200,0,1000,"bu","09:54:31",158000
11200,0,2900,"bu","09:54:25",157000
11200,0,27100,"bu","09:54:25",154100
11200,0,100,"bu","09:52:05",127000
11200,0,1000,"sd","09:51:00",126900
11200,0,1800,"sd","09:51:00",125900
11200,0,100,"sd","09:50:54",124100
11200,0,200,"bu","09:50:14",124000
11200,0,500,"bu","09:50:14",123800
11200,0,2400,"bu","09:50:14",123300
11200,0,100,"bu","09:50:05",120900
11200,0,3000,"bu","09:49:30",120800
11200,0,300,"bu","09:49:28",117800
11200,0,200,"bu","09:47:32",117500
11200,0,1000,"bu","09:46:50",117300
11100,-100,200,"sd","09:46:45",116300
11100,-100,2000,"bu","09:45:15",116100
11100,-100,8000,"bu","09:44:53",114100
11100,-100,2000,"bu","09:44:53",106100
11100,-100,2000,"bu","09:44:52",104100
11100,-100,400,"bu","09:44:36",102100
11100,-100,200,"bu","09:44:32",101700
11150,-50,800,"bu","09:44:32",101500
11150,-50,100,"unknown","09:44:32",100700
11150,-50,900,"sd","09:44:31",100600
11100,-100,1000,"sd","09:44:31",99700
11100,-100,500,"sd","09:44:31",98700
11100,-100,300,"sd","09:44:31",98200
11100,-100,1000,"sd","09:44:31",97900
11100,-100,200,"sd","09:44:31",96900
11100,-100,300,"sd","09:44:31",96700
11100,-100,100,"sd","09:44:31",96400
11100,-100,200,"sd","09:44:31",96300
11200,0,100,"bu","09:44:24",96100
11200,0,1000,"sd","09:44:15",96000
11200,0,200,"sd","09:44:15",95000
11200,0,500,"sd","09:44:15",94800
11200,0,500,"sd","09:44:15",94300
11200,0,4700,"sd","09:44:15",93800
11250,50,100,"bu","09:43:18",89100
11250,50,2200,"bu","09:42:27",89000
11250,50,1000,"bu","09:40:36",86800
11250,50,100,"bu","09:40:36",85800
11250,50,100,"bu","09:40:36",85700
11250,50,400,"bu","09:40:36",85600
11250,50,500,"bu","09:40:36",85200
11200,0,1100,"bu","09:40:09",84700
11200,0,200,"bu","09:40:09",83600
11200,0,3000,"bu","09:40:00",83400
11200,0,1000,"bu","09:39:25",80400
11100,-100,500,"sd","09:39:11",79400
11200,0,500,"bu","09:38:17",78900
11200,0,300,"bu","09:35:38",78400
11200,0,2600,"bu","09:34:59",78100
11200,0,200,"bu","09:34:21",75500
11200,0,400,"bu","09:32:19",75300
11200,0,7000,"bu","09:32:19",74900
11200,0,1000,"bu","09:32:19",67900
11200,0,1600,"bu","09:32:19",66900
11100,-100,100,"sd","09:31:44",65300
11100,-100,100,"sd","09:31:44",65200
11100,-100,1700,"sd","09:30:56",65100
11100,-100,400,"sd","09:30:56",63400
11100,-100,100,"sd","09:30:56",63000
11100,-100,400,"bu","09:30:01",62900
11100,-100,300,"sd","09:29:56",62500
11100,-100,500,"sd","09:29:54",62200
11100,-100,200,"sd","09:29:39",61700
11100,-100,100,"bu","09:29:18",61500
11100,-100,100,"bu","09:28:57",61400
11100,-100,100,"bu","09:28:23",61300
11150,-50,500,"bu","09:28:21",61200
11100,-100,100,"sd","09:28:21",60700
11100,-100,100,"sd","09:28:21",60600
11100,-100,500,"sd","09:28:20",60500
11100,-100,200,"sd","09:28:20",60000
11100,-100,100,"sd","09:28:20",59800
11150,-50,100,"sd","09:27:32",59700
11200,0,100,"sd","09:27:03",59600
11200,0,100,"sd","09:27:03",59500
11200,0,1000,"sd","09:27:03",59400
11200,0,100,"sd","09:27:03",58400
11200,0,2000,"sd","09:27:03",58300
11200,0,500,"sd","09:27:03",56300
11200,0,500,"sd","09:27:03",55800
11200,0,100,"sd","09:27:03",55300
11200,0,1500,"sd","09:26:54",55200
11250,50,1800,"bu","09:26:43",53700
11200,0,1400,"sd","09:26:31",51900
11200,0,1000,"sd","09:26:31",50500
11200,0,200,"sd","09:26:31",49500
11200,0,400,"sd","09:26:31",49300
11250,50,200,"sd","09:25:42",48900
11250,50,300,"sd","09:25:39",48700
11250,50,100,"sd","09:25:39",48400
11250,50,1900,"bu","09:25:06",48300
11250,50,4000,"bu","09:24:25",46400
11250,50,100,"unknown","09:24:23",42400
11250,50,100,"sd","09:24:23",42300
11250,50,200,"sd","09:24:23",42200
11300,100,2900,"bu","09:24:00",42000
11300,100,800,"bu","09:24:00",39100
11300,100,5000,"sd","09:23:16",38300
11350,150,200,"bu","09:23:05",33300
11300,100,200,"sd","09:22:47",33100
11300,100,1200,"sd","09:22:47",32900
11300,100,3500,"sd","09:22:47",31700
11350,150,100,"sd","09:22:34",28200
11350,150,100,"bu","09:22:15",28100
11350,150,200,"bu","09:22:10",28000
11350,150,3000,"bu","09:22:10",27800
11350,150,200,"bu","09:22:10",24800
11300,100,100,"bu","09:21:14",24600
11300,100,500,"sd","09:21:05",24500
11350,150,7300,"bu","09:20:03",24000
11300,100,300,"unknown","09:20:03",16700
11300,100,100,"unknown","09:20:03",16400
11300,100,1000,"unknown","09:20:02",16300
11250,50,300,"unknown","09:20:02",15300
11200,0,400,"sd","09:17:22",15000
11250,50,100,"bu","09:17:14",14600
11200,0,14500,"sd","09:15:06",14500
