"price","change","match_qtty","side","time","total_vol"
33600,700,61600,"unknown","14:45:00",1722600
33550,650,500,"bu","14:29:58",1661000
33550,650,100,"bu","14:29:22",1660500
33550,650,400,"bu","14:29:17",1660400
33550,650,800,"bu","14:29:14",1660000
33550,650,200,"bu","14:29:14",1659200
33550,650,1000,"bu","14:29:01",1659000
33500,600,300,"sd","14:29:00",1658000
33500,600,200,"sd","14:29:00",1657700
33550,650,1000,"bu","14:28:55",1657500
33550,650,1000,"bu","14:28:43",1656500
33550,650,1300,"bu","14:28:12",1655500
33550,650,400,"bu","14:27:59",1654200
33550,650,100,"bu","14:27:56",1653800
33550,650,1000,"bu","14:27:33",1653700
33550,650,200,"bu","14:27:09",1652700
33550,650,100,"bu","14:26:06",1652500
33550,650,700,"bu","14:25:49",1652400
33550,650,2000,"bu","14:25:49",1651700
33550,650,1200,"bu","14:25:49",1649700
33550,650,200,"bu","14:25:49",1648500
33550,650,1800,"bu","14:25:49",1648300
33550,650,100,"bu","14:25:39",1646500
33550,650,200,"bu","14:25:17",1646400
33550,650,1900,"bu","14:25:16",1646200
33500,600,4300,"bu","14:25:16",1644300
33500,600,300,"bu","14:25:15",1640000
33450,550,100,"sd","14:25:12",1639700
33500,600,500,"sd","14:25:08",1639600
33500,600,1000,"sd","14:25:08",1639100
33500,600,400,"sd","14:25:08",1638100
33500,600,100,"sd","14:24:49",1637700
33500,600,100,"sd","14:24:49",1637600
33500,600,400,"bu","14:24:25",1637500
33500,600,100,"bu","14:24:24",1637100
33500,600,500,"bu","14:24:16",1637000
33500,600,500,"bu","14:24:08",1636500
33500,600,900,"bu","14:24:06",1636000
33500,600,500,"bu","14:24:06",1635100
33450,550,2000,"sd","14:23:51",1634600
33500,600,1500,"bu","14:23:42",1632600
33500,600,500,"bu","14:22:41",1631100
33500,600,300,"bu","14:21:56",1630600
33500,600,200,"bu","14:21:54",1630300
33500,600,200,"bu","14:21:53",1630100
33500,600,1400,"bu","14:21:39",1629900
33500,600,100,"sd","14:20:55",1628500
33500,600,1200,"sd","14:20:35",1628400
33500,600,1000,"sd","14:20:17",1627200
33550,650,100,"bu","14:20:17",1626200
33500,600,200,"sd","14:20:05",1626100
33500,600,100,"sd","14:20:05",1625900
33500,600,100,"sd","14:20:05",1625800
33500,600,100,"sd","14:20:05",1625700
33550,650,500,"bu","14:19:29",1625600
33550,650,100,"bu","14:18:59",1625100
33550,650,200,"bu","14:18:35",1625000
33550,650,100,"bu","14:18:22",1624800
33550,650,400,"bu","14:18:22",1624700
33550,650,100,"sd","14:17:57",1624300
33550,650,400,"bu","14:17:56",1624200
33450,550,100,"sd","14:17:56",1623800
33450,550,300,"sd","14:17:56",1623700
33450,550,2800,"sd","14:17:56",1623400
33450,550,200,"sd","14:17:56",1620600
33450,550,3000,"sd","14:17:56",1620400
33450,550,1000,"sd","14:17:56",1617400
33450,550,1000,"sd","14:17:56",1616400
33450,550,8500,"sd","14:17:56",1615400
33550,650,100,"bu","14:17:51",1606900
33550,650,3000,"bu","14:17:51",1606800
33550,650,200,"bu","14:17:51",1603800
33550,650,100,"bu","14:17:51",1603600
33550,650,1600,"bu","14:17:51",1603500
33550,650,200,"bu","14:17:51",1601900
33550,650,1000,"bu","14:17:24",1601700
33550,650,400,"bu","14:17:08",1600700
33500,600,100,"sd","14:17:06",1600300
33500,600,800,"sd","14:17:06",1600200
33500,600,100,"sd","14:17:06",1599400
33500,600,500,"sd","14:17:06",1599300
33500,600,2000,"sd","14:17:06",1598800
33500,600,2000,"sd","14:17:06",1596800
33500,600,100,"sd","14:17:06",1594800
33450,550,1500,"sd","14:17:06",1594700
33450,550,500,"sd","14:17:06",1593200
33500,600,200,"sd","14:17:06",1592700
33450,550,2000,"sd","14:17:06",1592500
33500,600,300,"sd","14:17:06",1590500
33450,550,100,"sd","14:17:06",1590200
33500,600,100,"sd","14:17:06",1590100
33450,550,1000,"sd","14:17:06",1590000
33500,600,100,"sd","14:17:06",1589000
33450,550,100,"sd","14:17:06",1588900
33500,600,600,"sd","14:17:06",1588800
33450,550,2000,"sd","14:17:06",1588200
33500,600,800,"sd","14:17:06",1586200
33500,600,400,"sd","14:17:06",1585400
33500,600,100,"sd","14:17:06",1585000
33500,600,300,"sd","14:17:06",1584900
33500,600,100,"sd","14:17:06",1584600
33500,600,100,"sd","14:17:06",1584500
33500,600,400,"sd","14:17:06",1584400
33500,600,300,"sd","14:17:06",1584000
33500,600,300,"sd","14:17:06",1583700
33500,600,500,"sd","14:17:06",1583400
33500,600,2000,"sd","14:17:06",1582900
33500,600,3000,"sd","14:17:06",1580900
33500,600,300,"sd","14:17:06",1577900
33500,600,500,"sd","14:17:06",1577600
33500,600,100,"sd","14:17:06",1577100
33500,600,1000,"sd","14:17:06",1577000
33500,600,100,"sd","14:17:06",1576000
33500,600,2000,"sd","14:17:06",1575900
33500,600,1000,"sd","14:17:06",1573900
33500,600,200,"sd","14:17:06",1572900
33500,600,200,"sd","14:17:06",1572700
33500,600,1000,"sd","14:17:06",1572500
33500,600,5000,"sd","14:17:06",1571500
33500,600,100,"sd","14:17:06",1566500
33500,600,100,"sd","14:17:06",1566400
33500,600,1000,"sd","14:17:06",1566300
33500,600,1500,"sd","14:17:06",1565300
33500,600,200,"sd","14:17:06",1563800
33500,600,5000,"sd","14:17:06",1563600
33500,600,200,"sd","14:17:06",1558600
33500,600,300,"sd","14:17:06",1558400
33500,600,1500,"sd","14:17:06",1558100
33500,600,200,"sd","14:17:06",1556600
33500,600,200,"sd","14:17:06",1556400
33500,600,200,"sd","14:17:06",1556200
33500,600,2000,"sd","14:17:06",1556000
33550,650,6000,"sd","14:16:18",1554000
33550,650,100,"sd","14:16:18",1548000
33550,650,500,"sd","14:16:18",1547900
33550,650,200,"sd","14:16:18",1547400
33550,650,100,"sd","14:15:40",1547200
33550,650,700,"sd","14:14:34",1547100
33550,650,1000,"sd","14:14:34",1546400
33550,650,100,"sd","14:14:34",1545400
33550,650,200,"sd","14:14:34",1545300
33550,650,100,"sd","14:14:17",1545100
33550,650,500,"sd","14:13:51",1545000
33550,650,200,"bu","14:12:37",1544500
33550,650,300,"sd","14:12:17",1544300
33550,650,500,"sd","14:12:02",1544000
33550,650,200,"bu","14:11:46",1543500
33550,650,600,"bu","14:11:36",1543300
33550,650,200,"sd","14:11:28",1542700
33550,650,200,"bu","14:11:13",1542500
33550,650,500,"bu","14:11:08",1542300
33550,650,300,"sd","14:10:18",1541800
33550,650,200,"sd","14:09:46",1541500
33500,600,2000,"sd","14:09:02",1541300
33550,650,200,"sd","14:09:02",1539300
33550,650,1000,"sd","14:09:02",1539100
33550,650,2000,"sd","14:09:02",1538100
33550,650,500,"sd","14:09:02",1536100
33550,650,500,"sd","14:09:02",1535600
33550,650,100,"sd","14:09:02",1535100
33550,650,500,"sd","14:08:26",1535000
33550,650,100,"sd","14:08:18",1534500
33550,650,100,"bu","14:07:35",1534400
33550,650,100,"bu","14:07:35",1534300
33550,650,2000,"bu","14:07:35",1534200
33550,650,1000,"bu","14:07:35",1532200
33550,650,1500,"bu","14:07:33",1531200
33550,650,1000,"bu","14:07:26",1529700
33550,650,300,"bu","14:06:35",1528700
33550,650,200,"bu","14:06:25",1528400
33550,650,100,"bu","14:06:25",1528200
33550,650,500,"bu","14:05:27",1528100
33550,650,1000,"bu","14:04:48",1527600
33550,650,1000,"bu","14:04:48",1526600
33500,600,1200,"sd","14:04:42",1525600
33500,600,500,"sd","14:04:34",1524400
33500,600,200,"sd","14:04:27",1523900
33500,600,1000,"sd","14:04:18",1523700
33500,600,100,"sd","14:04:16",1522700
33500,600,400,"sd","14:04:16",1522600
33500,600,100,"sd","14:04:11",1522200
33500,600,300,"sd","14:04:11",1522100
33500,600,100,"sd","14:04:11",1521800
33500,600,100,"sd","14:04:11",1521700
33500,600,200,"sd","14:04:11",1521600
33500,600,3000,"sd","14:04:11",1521400
33500,600,100,"sd","14:04:11",1518400
33500,600,1100,"sd","14:04:11",1518300
33500,600,100,"sd","14:03:58",1517200
33500,600,1300,"sd","14:03:42",1517100
33500,600,500,"sd","14:03:42",1515800
33500,600,500,"sd","14:03:42",1515300
33500,600,1500,"sd","14:03:42",1514800
33500,600,600,"sd","14:03:42",1513300
33500,600,400,"sd","14:03:42",1512700
33500,600,300,"sd","14:03:42",1512300
33500,600,500,"sd","14:03:42",1512000
33500,600,100,"sd","14:03:42",1511500
33500,600,300,"sd","14:03:42",1511400
33500,600,300,"sd","14:03:41",1511100
33500,600,3000,"sd","14:03:23",1510800
33500,600,1000,"sd","14:03:14",1507800
33550,650,100,"sd","14:02:17",1506800
33550,650,200,"sd","14:02:17",1506700
33550,650,200,"bu","14:01:57",1506500
33550,650,100,"bu","14:01:57",1506300
33550,650,400,"bu","14:01:41",1506200
33550,650,600,"bu","14:01:41",1505800
33550,650,300,"sd","14:01:08",1505200
33550,650,100,"sd","14:01:08",1504900
33550,650,500,"sd","14:01:08",1504800
33550,650,100,"sd","14:01:08",1504300
33550,650,400,"sd","14:01:08",1504200
33550,650,100,"sd","14:00:55",1503800
33600,700,100,"sd","14:00:21",1503700
33600,700,300,"sd","14:00:21",1503600
33600,700,1000,"sd","14:00:21",1503300
33600,700,100,"sd","14:00:21",1502300
33600,700,5600,"sd","14:00:21",1502200
33600,700,100,"sd","14:00:21",1496600
33600,700,300,"sd","14:00:21",1496500
33600,700,100,"sd","14:00:21",1496200
33600,700,7000,"sd","14:00:21",1496100
33600,700,300,"sd","14:00:21",1489100
33600,700,1300,"sd","14:00:21",1488800
33600,700,500,"sd","14:00:21",1487500
33600,700,500,"sd","14:00:21",1487000
33600,700,22000,"sd","14:00:21",1486500
33600,700,100,"sd","14:00:21",1464500
33600,700,1000,"sd","14:00:10",1464400
33600,700,200,"sd","13:59:48",1463400
33600,700,100,"sd","13:59:15",1463200
33650,750,200,"bu","13:59:05",1463100
33650,750,2000,"bu","13:58:50",1462900
33650,750,300,"bu","13:58:40",1460900
33650,750,1200,"bu","13:57:56",1460600
33650,750,100,"bu","13:57:44",1459400
33650,750,100,"sd","13:57:03",1459300
33650,750,100,"sd","13:56:43",1459200
33650,750,100,"sd","13:56:36",1459100
33650,750,1700,"sd","13:56:36",1459000
33650,750,100,"sd","13:56:34",1457300
33650,750,2700,"bu","13:56:00",1457200
33650,750,1200,"sd","13:55:55",1454500
33650,750,100,"sd","13:55:55",1453300
33650,750,1000,"sd","13:55:55",1453200
33650,750,100,"sd","13:55:55",1452200
33650,750,2000,"sd","13:55:55",1452100
33650,750,3000,"sd","13:55:55",1450100
33650,750,24900,"sd","13:55:55",1447100
33650,750,100,"sd","13:55:15",1422200
33650,750,200,"sd","13:54:47",1422100
33650,750,200,"sd","13:54:34",1421900
33650,750,100,"sd","13:51:53",1421700
33700,800,200,"bu","13:51:20",1421600
33700,800,300,"bu","13:50:59",1421400
33700,800,100,"bu","13:50:52",1421100
33700,800,900,"bu","13:50:38",1421000
33700,800,1600,"bu","13:50:38",1420100
33700,800,1000,"bu","13:50:17",1418500
33700,800,400,"bu","13:50:16",1417500
33700,800,100,"bu","13:50:16",1417100
33700,800,200,"bu","13:50:16",1417000
33700,800,100,"bu","13:50:16",1416800
33700,800,5900,"bu","13:50:14",1416700
33700,800,300,"bu","13:50:13",1410800
33700,800,3700,"bu","13:49:50",1410500
33700,800,100,"bu","13:49:50",1406800
33700,800,100,"bu","13:49:50",1406700
33700,800,500,"bu","13:49:50",1406600
33700,800,100,"bu","13:49:50",1406100
33700,800,500,"bu","13:49:50",1406000
33650,750,100,"sd","13:49:37",1405500
33650,750,100,"sd","13:49:30",1405400
33650,750,1000,"bu","13:49:23",1405300
33650,750,200,"bu","13:49:23",1404300
33650,750,100,"bu","13:49:23",1404100
33650,750,200,"bu","13:49:23",1404000
33650,750,7300,"bu","13:49:23",1403800
33650,750,200,"bu","13:49:23",1396500
33650,750,200,"bu","13:49:23",1396300
33650,750,100,"bu","13:49:23",1396100
33650,750,15000,"bu","13:49:23",1396000
33600,700,500,"sd","13:49:17",1381000
33600,700,100,"sd","13:49:09",1380500
33600,700,1000,"sd","13:47:41",1380400
33600,700,100,"bu","13:46:37",1379400
33600,700,20000,"bu","13:46:37",1379300
33600,700,100,"bu","13:46:37",1359300
33600,700,100,"bu","13:46:37",1359200
33600,700,3300,"bu","13:46:37",1359100
33600,700,100,"bu","13:46:37",1355800
33600,700,500,"bu","13:46:37",1355700
33600,700,200,"bu","13:46:36",1355200
33600,700,100,"bu","13:46:36",1355000
33600,700,500,"bu","13:46:36",1354900
33550,650,600,"sd","13:46:07",1354400
33550,650,100,"sd","13:45:39",1353800
33550,650,100,"sd","13:45:04",1353700
33550,650,600,"sd","13:44:47",1353600
33550,650,100,"bu","13:44:46",1353000
33550,650,200,"bu","13:44:32",1352900
33550,650,100,"bu","13:44:32",1352700
33550,650,100,"bu","13:44:32",1352600
33550,650,1600,"bu","13:44:32",1352500
33550,650,200,"bu","13:44:29",1350900
33550,650,3000,"bu","13:44:21",1350700
33550,650,1500,"bu","13:44:18",1347700
33550,650,100,"bu","13:44:18",1346200
33550,650,2000,"bu","13:44:12",1346100
33550,650,300,"bu","13:44:10",1344100
33550,650,100,"bu","13:44:09",1343800
33550,650,100,"bu","13:44:07",1343700
33550,650,900,"bu","13:44:03",1343600
33550,650,500,"bu","13:44:02",1342700
33550,650,200,"bu","13:43:45",1342200
33500,600,400,"sd","13:42:52",1342000
33500,600,100,"sd","13:42:52",1341600
33550,650,500,"bu","13:42:50",1341500
33550,650,1000,"bu","13:42:47",1341000
33550,650,500,"bu","13:42:44",1340000
33550,650,100,"bu","13:42:43",1339500
33550,650,200,"bu","13:41:53",1339400
33550,650,300,"bu","13:41:52",1339200
33550,650,200,"bu","13:41:50",1338900
33550,650,200,"bu","13:41:03",1338700
33500,600,900,"sd","13:40:36",1338500
33500,600,800,"sd","13:40:36",1337600
33550,650,100,"bu","13:40:14",1336800
33550,650,500,"bu","13:38:24",1336700
33550,650,300,"bu","13:38:10",1336200
33550,650,900,"bu","13:38:04",1335900
33550,650,400,"bu","13:37:59",1335000
33550,650,9000,"bu","13:37:44",1334600
33550,650,100,"bu","13:37:42",1325600
33550,650,400,"bu","13:37:35",1325500
33550,650,1700,"bu","13:37:34",1325100
33550,650,4700,"bu","13:37:26",1323400
33550,650,100,"bu","13:37:07",1318700
33550,650,200,"bu","13:36:35",1318600
33550,650,900,"bu","13:35:58",1318400
33550,650,300,"bu","13:35:43",1317500
33550,650,500,"bu","13:34:57",1317200
33550,650,300,"bu","13:34:49",1316700
33550,650,300,"bu","13:34:32",1316400
33550,650,300,"bu","13:34:09",1316100
33550,650,100,"bu","13:33:58",1315800
33550,650,200,"bu","13:33:31",1315700
33550,650,500,"bu","13:33:29",1315500
33550,650,5000,"sd","13:33:29",1315000
33550,650,1000,"sd","13:33:29",1310000
33550,650,3600,"sd","13:33:29",1309000
33550,650,5000,"sd","13:33:29",1305400
33550,650,1000,"sd","13:33:29",1300400
33550,650,1100,"sd","13:33:29",1299400
33550,650,1000,"sd","13:33:29",1298300
33550,650,100,"sd","13:33:29",1297300
33550,650,400,"sd","13:33:29",1297200
33550,650,100,"sd","13:33:29",1296800
33550,650,100,"sd","13:33:29",1296700
33550,650,500,"sd","13:33:29",1296600
33550,650,1000,"sd","13:33:29",1296100
33600,700,1300,"sd","13:33:29",1295100
33600,700,1200,"bu","13:33:24",1293800
33600,700,200,"bu","13:33:24",1292600
33600,700,100,"bu","13:33:24",1292400
33600,700,200,"bu","13:33:24",1292300
33600,700,500,"bu","13:33:24",1292100
33600,700,200,"bu","13:33:24",1291600
33600,700,200,"bu","13:33:23",1291400
33600,700,500,"bu","13:33:23",1291200
33600,700,2000,"bu","13:33:23",1290700
33600,700,100,"bu","13:33:23",1288700
33600,700,200,"bu","13:33:23",1288600
33600,700,100,"bu","13:33:23",1288400
33600,700,300,"bu","13:33:23",1288300
33600,700,2900,"bu","13:33:23",1288000
33600,700,2100,"bu","13:33:14",1285100
33600,700,400,"bu","13:33:14",1283000
33600,700,200,"bu","13:32:43",1282600
33600,700,900,"bu","13:32:07",1282400
33550,650,100,"sd","13:31:51",1281500
33600,700,1000,"bu","13:31:44",1281400
33600,700,1000,"bu","13:31:43",1280400
33550,650,100,"sd","13:31:32",1279400
33600,700,100,"bu","13:31:08",1279300
33550,650,100,"sd","13:31:03",1279200
33600,700,500,"bu","13:31:03",1279100
33600,700,2200,"bu","13:30:58",1278600
33600,700,200,"bu","13:30:58",1276400
33600,700,2600,"bu","13:30:58",1276200
33550,650,500,"sd","13:30:55",1273600
33550,650,100,"sd","13:30:11",1273100
33550,650,300,"sd","13:30:11",1273000
33600,700,100,"bu","13:29:43",1272700
33600,700,200,"bu","13:28:37",1272600
33600,700,2000,"bu","13:28:20",1272400
33600,700,1000,"bu","13:27:16",1270400
33600,700,100,"bu","13:26:49",1269400
33600,700,2300,"bu","13:25:32",1269300
33550,650,500,"sd","13:25:31",1267000
33600,700,100,"bu","13:25:02",1266500
33600,700,100,"bu","13:24:50",1266400
33600,700,100,"bu","13:24:38",1266300
33550,650,500,"sd","13:24:33",1266200
33550,650,500,"sd","13:24:33",1265700
33550,650,100,"sd","13:24:33",1265200
33550,650,900,"sd","13:24:33",1265100
33550,650,4000,"sd","13:24:31",1264200
33550,650,100,"sd","13:23:06",1260200
33550,650,100,"sd","13:23:06",1260100
33550,650,100,"sd","13:23:06",1260000
33550,650,100,"sd","13:22:47",1259900
33550,650,100,"sd","13:22:34",1259800
33600,700,100,"bu","13:22:29",1259700
33550,650,400,"sd","13:22:06",1259600
33550,650,300,"sd","13:21:51",1259200
33550,650,200,"sd","13:21:51",1258900
33550,650,500,"sd","13:21:25",1258700
33600,700,1000,"bu","13:21:06",1258200
33600,700,4000,"bu","13:20:54",1257200
33550,650,900,"sd","13:19:58",1253200
33550,650,100,"sd","13:19:57",1252300
33550,650,100,"sd","13:18:52",1252200
33550,650,200,"sd","13:18:16",1252100
33550,650,100,"sd","13:18:16",1251900
33550,650,100,"sd","13:17:57",1251800
33600,700,200,"bu","13:17:29",1251700
33550,650,200,"bu","13:17:22",1251500
33550,650,100,"bu","13:17:12",1251300
33500,600,200,"sd","13:17:08",1251200
33500,600,200,"sd","13:16:44",1251000
33550,650,300,"sd","13:16:44",1250800
33550,650,4700,"sd","13:16:38",1250500
33550,650,300,"sd","13:16:38",1245800
33550,650,700,"sd","13:16:35",1245500
33550,650,300,"sd","13:16:35",1244800
33550,650,100,"sd","13:16:28",1244500
33550,650,100,"sd","13:16:21",1244400
33500,600,800,"sd","13:15:57",1244300
33500,600,300,"sd","13:15:57",1243500
33500,600,200,"sd","13:15:57",1243200
33500,600,100,"sd","13:15:57",1243000
33500,600,300,"sd","13:15:57",1242900
33500,600,100,"sd","13:15:57",1242600
33500,600,200,"sd","13:15:57",1242500
33550,650,100,"sd","13:15:57",1242300
33550,650,900,"sd","13:15:57",1242200
33550,650,100,"sd","13:15:36",1241300
33550,650,1000,"sd","13:15:36",1241200
33550,650,400,"sd","13:15:36",1240200
33550,650,100,"sd","13:15:33",1239800
33550,650,500,"sd","13:15:29",1239700
33550,650,200,"sd","13:15:29",1239200
33550,650,300,"sd","13:15:29",1239000
33550,650,700,"sd","13:14:48",1238700
33550,650,300,"sd","13:14:48",1238000
33550,650,5800,"sd","13:14:48",1237700
33550,650,100,"sd","13:14:48",1231900
33550,650,2000,"sd","13:14:48",1231800
33550,650,100,"sd","13:14:48",1229800
33550,650,100,"sd","13:14:48",1229700
33550,650,600,"sd","13:14:48",1229600
33550,650,200,"sd","13:14:48",1229000
33550,650,100,"sd","13:14:48",1228800
33550,650,5000,"sd","13:14:48",1228700
33550,650,10000,"sd","13:14:48",1223700
33600,700,200,"sd","13:14:41",1213700
33600,700,100,"sd","13:14:41",1213500
33600,700,100,"sd","13:14:41",1213400
33600,700,200,"sd","13:14:41",1213300
33600,700,3000,"sd","13:14:41",1213100
33600,700,100,"sd","13:14:41",1210100
33600,700,800,"sd","13:14:41",1210000
33600,700,300,"sd","13:14:41",1209200
33600,700,500,"sd","13:14:41",1208900
33600,700,500,"sd","13:14:41",1208400
33600,700,300,"sd","13:14:41",1207900
33600,700,100,"sd","13:13:52",1207600
33600,700,200,"sd","13:13:49",1207500
33600,700,4600,"sd","13:13:49",1207300
33600,700,1300,"sd","13:13:38",1202700
33600,700,200,"sd","13:13:10",1201400
33600,700,1000,"sd","13:12:52",1201200
33600,700,500,"sd","13:12:21",1200200
33600,700,1800,"sd","13:12:19",1199700
33600,700,2000,"sd","13:12:19",1197900
33600,700,300,"sd","13:12:19",1195900
33600,700,100,"sd","13:12:19",1195600
33600,700,500,"sd","13:12:19",1195500
33600,700,300,"sd","13:12:19",1195000
33600,700,200,"sd","13:12:06",1194700
33600,700,200,"sd","13:12:06",1194500
33600,700,300,"sd","13:12:06",1194300
33600,700,100,"sd","13:12:06",1194000
33600,700,100,"sd","13:12:06",1193900
33600,700,1000,"sd","13:11:50",1193800
33600,700,100,"sd","13:11:50",1192800
33600,700,300,"sd","13:11:50",1192700
33600,700,200,"sd","13:11:50",1192400
33600,700,400,"sd","13:11:50",1192200
33600,700,2500,"sd","13:11:50",1191800
33600,700,500,"sd","13:11:50",1189300
33600,700,300,"sd","13:11:21",1188800
33650,750,800,"bu","13:10:31",1188500
33600,700,25000,"sd","13:09:49",1187700
33650,750,300,"bu","13:09:48",1162700
33650,750,100,"bu","13:09:46",1162400
33650,750,500,"bu","13:09:44",1162300
33650,750,1000,"bu","13:09:42",1161800
33650,750,500,"bu","13:09:40",1160800
33650,750,200,"bu","13:09:36",1160300
33650,750,2300,"bu","13:09:33",1160100
33650,750,100,"bu","13:09:32",1157800
33650,750,3000,"bu","13:09:32",1157700
33650,750,500,"bu","13:09:32",1154700
33650,750,2000,"bu","13:09:32",1154200
33650,750,100,"bu","13:09:32",1152200
33650,750,2000,"bu","13:09:32",1152100
33600,700,100,"sd","13:09:26",1150100
33650,750,100,"bu","13:09:12",1150000
33650,750,500,"bu","13:09:12",1149900
33600,700,500,"sd","13:09:03",1149400
33650,750,500,"bu","13:08:50",1148900
33600,700,2400,"sd","13:08:24",1148400
33600,700,1400,"sd","13:07:53",1146000
33600,700,500,"sd","13:07:53",1144600
33600,700,100,"sd","13:07:53",1144100
33650,750,400,"bu","13:07:39",1144000
33600,700,200,"sd","13:07:16",1143600
33600,700,100,"sd","13:07:16",1143400
33600,700,100,"sd","13:07:16",1143300
33600,700,200,"sd","13:07:16",1143200
33600,700,200,"sd","13:07:16",1143000
33600,700,100,"sd","13:07:16",1142800
33600,700,100,"sd","13:07:16",1142700
33600,700,100,"sd","13:07:05",1142600
33650,750,600,"bu","13:07:01",1142500
33650,750,200,"bu","13:06:55",1141900
33650,750,2600,"sd","13:06:25",1141700
33650,750,100,"sd","13:06:25",1139100
33650,750,1000,"sd","13:06:25",1139000
33650,750,100,"sd","13:06:25",1138000
33650,750,100,"sd","13:06:25",1137900
33650,750,5000,"sd","13:06:25",1137800
33650,750,2000,"sd","13:06:25",1132800
33650,750,100,"sd","13:06:25",1130800
33650,750,200,"sd","13:06:25",1130700
33650,750,500,"sd","13:06:25",1130500
33650,750,4000,"sd","13:06:25",1130000
33650,750,6000,"sd","13:06:25",1126000
33650,750,200,"sd","13:05:40",1120000
33700,800,100,"bu","13:04:46",1119800
33700,800,100,"bu","13:04:29",1119700
33700,800,100,"sd","13:03:01",1119600
33700,800,100,"sd","13:03:00",1119500
33700,800,1600,"sd","13:03:00",1119400
33700,800,700,"sd","13:02:45",1117800
33700,800,100,"sd","13:02:45",1117100
33700,800,800,"sd","13:02:45",1117000
33700,800,200,"sd","13:02:41",1116200
33700,800,1800,"sd","13:02:41",1116000
33700,800,1100,"sd","13:02:36",1114200
33700,800,200,"sd","13:02:36",1113100
33700,800,1300,"sd","13:02:36",1112900
33700,800,200,"sd","13:02:36",1111600
33700,800,2200,"sd","13:02:36",1111400
33750,850,500,"bu","13:02:36",1109200
33700,800,800,"sd","13:02:27",1108700
33700,800,100,"sd","13:02:27",1107900
33700,800,100,"sd","13:02:27",1107800
33700,800,500,"sd","13:02:27",1107700
33700,800,100,"sd","13:02:27",1107200
33700,800,100,"sd","13:02:27",1107100
33700,800,300,"sd","13:02:27",1107000
33700,800,5000,"sd","13:02:22",1106700
33750,850,300,"bu","13:02:19",1101700
33750,850,200,"bu","13:02:19",1101400
33750,850,900,"bu","13:02:11",1101200
33750,850,100,"bu","13:02:00",1100300
33750,850,2000,"bu","13:01:01",1100200
33750,850,100,"bu","13:00:26",1098200
33750,850,100,"bu","13:00:25",1098100
33700,800,100,"sd","13:00:20",1098000
33700,800,100,"sd","13:00:19",1097900
33700,800,100,"sd","13:00:15",1097800
33700,800,300,"sd","13:00:12",1097700
33750,850,100,"bu","13:00:08",1097400
33750,850,200,"bu","13:00:07",1097300
33750,850,100,"bu","13:00:03",1097100
33700,800,900,"sd","13:00:02",1097000
33700,800,1000,"sd","13:00:01",1096100
33750,850,400,"bu","13:00:00",1095100
33700,800,200,"sd","13:00:00",1094700
33750,850,100,"bu","11:28:36",1094500
33750,850,200,"bu","11:28:23",1094400
33750,850,900,"bu","11:28:19",1094200
33750,850,1000,"bu","11:27:57",1093300
33750,850,2900,"sd","11:27:53",1092300
33750,850,2000,"sd","11:27:53",1089400
33750,850,700,"sd","11:27:53",1087400
33750,850,700,"sd","11:27:53",1086700
33750,850,1000,"sd","11:27:53",1086000
33750,850,500,"sd","11:27:53",1085000
33750,850,500,"sd","11:27:53",1084500
33800,900,500,"bu","11:27:42",1084000
33750,850,500,"sd","11:27:34",1083500
33750,850,100,"sd","11:27:34",1083000
33750,850,400,"sd","11:24:57",1082900
33750,850,200,"sd","11:24:57",1082500
33750,850,5000,"sd","11:24:57",1082300
33750,850,100,"sd","11:24:57",1077300
33750,850,300,"sd","11:24:57",1077200
33750,850,300,"sd","11:24:53",1076900
33750,850,300,"sd","11:24:47",1076600
33800,900,100,"bu","11:24:47",1076300
33750,850,300,"sd","11:23:32",1076200
33800,900,100,"bu","11:23:27",1075900
33750,850,500,"sd","11:22:50",1075800
33750,850,200,"sd","11:21:40",1075300
33800,900,300,"sd","11:21:40",1075100
33800,900,1000,"sd","11:21:39",1074800
33800,900,1000,"bu","11:21:37",1073800
33800,900,2900,"bu","11:21:37",1072800
33750,850,5000,"sd","11:21:26",1069900
33800,900,2000,"bu","11:20:43",1064900
33800,900,100,"sd","11:20:23",1062900
33800,900,100,"sd","11:20:23",1062800
33800,900,1900,"sd","11:20:23",1062700
33800,900,100,"sd","11:20:17",1060800
33800,900,900,"sd","11:20:17",1060700
33800,900,2000,"sd","11:20:01",1059800
33800,900,500,"sd","11:20:01",1057800
33800,900,500,"sd","11:20:01",1057300
33800,900,7000,"sd","11:20:01",1056800
33800,900,100,"sd","11:20:01",1049800
33800,900,400,"sd","11:19:55",1049700
33800,900,500,"sd","11:19:54",1049300
33800,900,1000,"sd","11:19:32",1048800
33800,900,100,"sd","11:19:14",1047800
33800,900,200,"sd","11:18:15",1047700
33800,900,700,"bu","11:18:08",1047500
33800,900,100,"sd","11:17:54",1046800
33800,900,200,"sd","11:17:54",1046700
33800,900,100,"sd","11:17:36",1046500
33800,900,600,"sd","11:17:25",1046400
33800,900,400,"sd","11:17:25",1045800
33800,900,600,"sd","11:17:11",1045400
33800,900,1000,"sd","11:17:08",1044800
33800,900,100,"sd","11:17:06",1043800
33800,900,100,"sd","11:16:59",1043700
33800,900,200,"sd","11:16:54",1043600
33800,900,1000,"bu","11:16:49",1043400
33800,900,100,"bu","11:16:49",1042400
33800,900,200,"bu","11:16:49",1042300
33800,900,300,"bu","11:16:49",1042100
33800,900,100,"bu","11:16:46",1041800
33800,900,500,"bu","11:16:04",1041700
33800,900,2000,"bu","11:16:04",1041200
33800,900,400,"bu","11:16:04",1039200
33800,900,100,"bu","11:16:04",1038800
33800,900,100,"bu","11:15:13",1038700
33800,900,300,"sd","11:15:12",1038600
33800,900,300,"sd","11:15:12",1038300
33800,900,1200,"sd","11:15:12",1038000
33800,900,500,"sd","11:15:10",1036800
33800,900,200,"sd","11:14:57",1036300
33800,900,1000,"bu","11:14:43",1036100
33800,900,200,"bu","11:14:43",1035100
33800,900,1000,"bu","11:14:43",1034900
33800,900,100,"bu","11:14:43",1033900
33800,900,3400,"bu","11:14:43",1033800
33800,900,500,"bu","11:14:43",1030400
33800,900,100,"bu","11:14:43",1029900
33800,900,300,"bu","11:14:43",1029800
33800,900,200,"bu","11:14:43",1029500
33800,900,5000,"bu","11:14:43",1029300
33800,900,100,"bu","11:14:43",1024300
33800,900,200,"bu","11:14:43",1024200
33800,900,200,"bu","11:14:43",1024000
33800,900,500,"bu","11:14:43",1023800
33800,900,500,"bu","11:14:43",1023300
33800,900,500,"bu","11:14:43",1022800
33800,900,3000,"bu","11:14:43",1022300
33800,900,500,"bu","11:14:43",1019300
33800,900,800,"bu","11:14:43",1018800
33750,850,1000,"sd","11:14:41",1018000
33750,850,400,"sd","11:14:34",1017000
33800,900,500,"bu","11:14:32",1016600
33800,900,100,"bu","11:14:29",1016100
33750,850,500,"sd","11:14:23",1016000
33800,900,200,"bu","11:14:16",1015500
33750,850,100,"bu","11:14:13",1015300
33750,850,500,"bu","11:14:13",1015200
33750,850,600,"bu","11:14:13",1014700
33700,800,2000,"bu","11:13:36",1014100
33700,800,100,"bu","11:11:02",1012100
33700,800,100,"bu","11:10:48",1012000
33700,800,100,"bu","11:10:13",1011900
33650,750,1000,"sd","11:08:40",1011800
33650,750,100,"sd","11:08:40",1010800
33650,750,200,"sd","11:08:40",1010700
33650,750,300,"sd","11:08:40",1010500
33650,750,100,"sd","11:08:40",1010200
33650,750,100,"sd","11:08:40",1010100
33650,750,200,"sd","11:08:40",1010000
33700,800,200,"bu","11:08:36",1009800
33700,800,100,"sd","11:07:33",1009600
33700,800,1000,"sd","11:07:33",1009500
33700,800,1000,"sd","11:07:33",1008500
33700,800,1000,"sd","11:07:33",1007500
33700,800,100,"sd","11:07:33",1006500
33700,800,6400,"sd","11:07:33",1006400
33700,800,200,"sd","11:07:24",1000000
33700,800,4400,"sd","11:07:02",999800
33700,800,400,"sd","11:07:02",995400
33700,800,1000,"sd","11:07:02",995000
33700,800,200,"sd","11:07:02",994000
33750,850,100,"bu","11:06:30",993800
33750,850,100,"bu","11:06:22",993700
33750,850,100,"bu","11:05:47",993600
33750,850,100,"sd","11:05:39",993500
33750,850,200,"sd","11:05:32",993400
33750,850,1600,"sd","11:05:26",993200
33800,900,100,"bu","11:05:23",991600
33750,850,900,"sd","11:05:21",991500
33750,850,200,"sd","11:05:19",990600
33750,850,800,"sd","11:05:19",990400
33750,850,600,"sd","11:05:17",989600
33750,850,4000,"sd","11:04:56",989000
33750,850,100,"sd","11:04:20",985000
33750,850,500,"bu","11:04:07",984900
33750,850,500,"bu","11:04:07",984400
33750,850,1700,"bu","11:04:07",983900
33750,850,200,"bu","11:03:56",982200
33750,850,800,"bu","11:03:35",982000
33700,800,800,"sd","11:03:23",981200
33700,800,100,"sd","11:03:23",980400
33700,800,100,"sd","11:03:23",980300
33750,850,100,"sd","11:03:03",980200
33750,850,300,"sd","11:03:03",980100
33750,850,1000,"sd","11:03:03",979800
33750,850,100,"sd","11:03:03",978800
33750,850,800,"sd","11:03:03",978700
33750,850,100,"sd","11:02:30",977900
33750,850,2000,"sd","11:02:22",977800
33750,850,400,"sd","11:02:22",975800
33750,850,100,"sd","11:02:22",975400
33750,850,500,"sd","11:02:22",975300
33750,850,1500,"sd","11:02:01",974800
33750,850,100,"sd","11:02:01",973300
33750,850,100,"sd","11:02:01",973200
33750,850,200,"sd","11:02:01",973100
33750,850,100,"sd","11:02:01",972900
33750,850,100,"sd","11:01:22",972800
33800,900,800,"bu","11:01:05",972700
33800,900,100,"bu","11:00:52",971900
33750,850,200,"sd","11:00:51",971800
33750,850,600,"sd","11:00:40",971600
33750,850,200,"sd","11:00:40",971000
33750,850,100,"sd","11:00:40",970800
33750,850,100,"sd","11:00:40",970700
33750,850,500,"sd","11:00:35",970600
33750,850,3600,"sd","11:00:24",970100
33750,850,400,"sd","10:59:31",966500
33750,850,2000,"sd","10:59:22",966100
33750,850,100,"bu","10:58:51",964100
33750,850,300,"bu","10:58:51",964000
33750,850,1000,"bu","10:58:46",963700
33700,800,100,"sd","10:58:19",962700
33700,800,100,"sd","10:57:04",962600
33700,800,900,"sd","10:57:04",962500
33750,850,200,"sd","10:56:43",961600
33750,850,100,"sd","10:56:43",961400
33750,850,2000,"sd","10:56:43",961300
33750,850,200,"sd","10:56:43",959300
33750,850,100,"sd","10:56:43",959100
33750,850,1100,"sd","10:56:43",959000
33750,850,1300,"sd","10:56:28",957900
33750,850,2000,"sd","10:56:23",956600
33750,850,300,"sd","10:56:23",954600
33750,850,200,"sd","10:55:53",954300
33800,900,1400,"bu","10:55:36",954100
33750,850,100,"sd","10:55:07",952700
33800,900,1000,"bu","10:54:46",952600
33750,850,6200,"sd","10:54:30",951600
33800,900,100,"sd","10:54:30",945400
33800,900,100,"sd","10:54:30",945300
33800,900,3000,"sd","10:54:30",945200
33800,900,600,"sd","10:54:30",942200
33800,900,100,"sd","10:54:21",941600
33800,900,200,"sd","10:54:21",941500
33850,950,100,"bu","10:54:12",941300
33800,900,100,"bu","10:54:03",941200
33800,900,100,"bu","10:54:03",941100
33800,900,200,"bu","10:54:03",941000
33800,900,200,"bu","10:54:03",940800
33800,900,100,"bu","10:54:03",940600
33800,900,500,"bu","10:54:03",940500
33800,900,600,"bu","10:54:03",940000
33800,900,400,"bu","10:54:03",939400
33800,900,3700,"bu","10:54:03",939000
33800,900,100,"bu","10:54:01",935300
33800,900,600,"bu","10:53:38",935200
33800,900,600,"bu","10:53:34",934600
33800,900,500,"bu","10:53:34",934000
33800,900,100,"bu","10:53:34",933500
33800,900,1000,"bu","10:53:34",933400
33800,900,100,"bu","10:53:34",932400
33800,900,1000,"bu","10:53:34",932300
33800,900,500,"bu","10:53:34",931300
33800,900,100,"bu","10:53:34",930800
33800,900,5000,"bu","10:53:34",930700
33800,900,100,"bu","10:53:34",925700
33800,900,200,"bu","10:53:34",925600
33800,900,800,"bu","10:53:34",925400
33800,900,5000,"bu","10:53:34",924600
33750,850,500,"sd","10:53:13",919600
33800,900,5000,"bu","10:53:11",919100
33800,900,5000,"bu","10:53:07",914100
33800,900,5000,"bu","10:52:28",909100
33750,850,100,"bu","10:52:06",904100
33750,850,1000,"bu","10:52:06",904000
33750,850,200,"bu","10:52:06",903000
33750,850,500,"bu","10:52:06",902800
33750,850,2000,"bu","10:52:06",902300
33750,850,5000,"bu","10:52:06",900300
33750,850,200,"bu","10:52:06",895300
33750,850,500,"bu","10:52:06",895100
33750,850,500,"bu","10:52:06",894600
33750,850,500,"bu","10:52:06",894100
33750,850,200,"bu","10:52:06",893600
33750,850,100,"bu","10:52:06",893400
33750,850,1000,"bu","10:52:06",893300
33750,850,1500,"bu","10:52:06",892300
33750,850,1000,"bu","10:52:06",890800
33750,850,100,"bu","10:52:06",889800
33750,850,500,"bu","10:52:06",889700
33750,850,200,"bu","10:52:06",889200
33750,850,100,"bu","10:52:06",889000
33750,850,500,"bu","10:52:06",888900
33750,850,100,"bu","10:52:06",888400
33750,850,1000,"bu","10:52:06",888300
33750,850,1200,"bu","10:52:06",887300
33750,850,200,"bu","10:52:06",886100
33750,850,100,"bu","10:52:06",885900
33700,800,200,"sd","10:51:52",885800
33700,800,100,"sd","10:51:47",885600
33700,800,500,"sd","10:51:41",885500
33700,800,2300,"sd","10:51:32",885000
33700,800,100,"sd","10:51:32",882700
33700,800,200,"sd","10:51:32",882600
33700,800,2400,"sd","10:51:32",882400
33700,800,500,"sd","10:51:13",880000
33700,800,200,"sd","10:50:51",879500
33700,800,200,"sd","10:50:38",879300
33700,800,5000,"sd","10:50:30",879100
33750,850,600,"bu","10:49:53",874100
33700,800,100,"sd","10:49:53",873500
33700,800,200,"bu","10:49:31",873400
33700,800,500,"bu","10:49:31",873200
33700,800,900,"bu","10:49:31",872700
33700,800,1000,"bu","10:49:31",871800
33700,800,3000,"bu","10:49:31",870800
33700,800,400,"bu","10:49:31",867800
33700,800,100,"bu","10:49:31",867400
33700,800,1000,"bu","10:49:31",867300
33700,800,500,"bu","10:49:31",866300
33700,800,4000,"bu","10:49:31",865800
33700,800,600,"bu","10:49:06",861800
33700,800,2000,"bu","10:48:55",861200
33700,800,300,"bu","10:48:18",859200
33700,800,300,"bu","10:48:17",858900
33700,800,1000,"bu","10:48:15",858600
33700,800,300,"bu","10:48:09",857600
33700,800,1000,"bu","10:47:57",857300
33700,800,500,"sd","10:47:48",856300
33700,800,100,"bu","10:47:43",855800
33700,800,100,"bu","10:47:29",855700
33700,800,5000,"bu","10:47:29",855600
33700,800,2000,"bu","10:47:26",850600
33700,800,600,"bu","10:47:03",848600
33700,800,100,"bu","10:46:51",848000
33700,800,2100,"sd","10:46:29",847900
33700,800,200,"bu","10:46:17",845800
33700,800,200,"bu","10:46:17",845600
33700,800,800,"bu","10:46:11",845400
33700,800,300,"bu","10:46:11",844600
33700,800,3000,"bu","10:46:11",844300
33700,800,100,"bu","10:46:11",841300
33700,800,200,"bu","10:46:11",841200
33700,800,1000,"bu","10:46:11",841000
33700,800,500,"bu","10:46:11",840000
33700,800,100,"bu","10:46:11",839500
33700,800,2000,"bu","10:46:11",839400
33700,800,500,"bu","10:46:11",837400
33700,800,5000,"bu","10:46:11",836900
33700,800,100,"bu","10:46:11",831900
33700,800,100,"bu","10:46:11",831800
33700,800,100,"bu","10:46:11",831700
33700,800,1000,"bu","10:46:11",831600
33700,800,600,"bu","10:46:11",830600
33700,800,100,"bu","10:46:11",830000
33700,800,300,"bu","10:46:11",829900
33700,800,100,"bu","10:46:11",829600
33700,800,2000,"bu","10:46:11",829500
33700,800,100,"bu","10:46:11",827500
33650,750,4500,"sd","10:46:03",827400
33650,750,1500,"sd","10:46:03",822900
33650,750,4000,"sd","10:46:03",821400
33650,750,200,"bu","10:45:19",817400
33650,750,200,"bu","10:45:19",817200
33650,750,100,"bu","10:45:19",817000
33650,750,200,"bu","10:45:19",816900
33650,750,300,"bu","10:45:19",816700
33650,750,100,"bu","10:45:19",816400
33650,750,1800,"bu","10:45:19",816300
33650,750,300,"bu","10:45:15",814500
33650,750,2900,"bu","10:45:13",814200
33650,750,5000,"bu","10:45:13",811300
33650,750,100,"bu","10:45:13",806300
33650,750,100,"bu","10:45:13",806200
33650,750,300,"bu","10:45:13",806100
33650,750,6600,"bu","10:45:13",805800
33650,750,500,"bu","10:44:51",799200
33600,700,1400,"sd","10:44:48",798700
33600,700,200,"sd","10:44:48",797300
33650,750,200,"bu","10:44:39",797100
33650,750,2700,"bu","10:44:21",796900
33650,750,500,"bu","10:44:21",794200
33650,750,300,"bu","10:44:21",793700
33650,750,200,"bu","10:43:47",793400
33650,750,200,"bu","10:43:47",793200
33650,750,4000,"bu","10:43:36",793000
33600,700,4800,"bu","10:43:05",789000
33600,700,200,"sd","10:42:40",784200
33650,750,500,"bu","10:42:26",784000
33650,750,300,"sd","10:41:45",783500
33650,750,1000,"bu","10:41:27",783200
33650,750,1200,"bu","10:41:27",782200
33650,750,2600,"bu","10:41:27",781000
33650,750,100,"bu","10:41:27",778400
33650,750,200,"bu","10:41:27",778300
33650,750,2000,"bu","10:41:27",778100
33650,750,5000,"bu","10:41:27",776100
33650,750,100,"bu","10:41:27",771100
33650,750,300,"bu","10:41:27",771000
33650,750,300,"bu","10:41:27",770700
33600,700,500,"bu","10:41:27",770400
33600,700,200,"bu","10:41:27",769900
33600,700,4000,"bu","10:41:27",769700
33600,700,200,"bu","10:41:27",765700
33600,700,1000,"bu","10:41:27",765500
33600,700,100,"bu","10:41:27",764500
33600,700,200,"bu","10:41:27",764400
33600,700,100,"bu","10:41:27",764200
33600,700,100,"bu","10:41:27",764100
33600,700,500,"bu","10:41:27",764000
33600,700,100,"bu","10:41:27",763500
33600,700,100,"bu","10:41:27",763400
33600,700,100,"bu","10:41:27",763300
33600,700,200,"bu","10:41:27",763200
33600,700,400,"bu","10:41:27",763000
33600,700,500,"bu","10:41:27",762600
33600,700,200,"bu","10:41:27",762100
33600,700,100,"bu","10:41:27",761900
33600,700,100,"bu","10:41:27",761800
33600,700,1200,"bu","10:41:27",761700
33600,700,200,"bu","10:41:27",760500
33600,700,500,"bu","10:41:27",760300
33600,700,500,"bu","10:41:27",759800
33600,700,1300,"bu","10:41:27",759300
33600,700,500,"bu","10:41:27",758000
33600,700,3000,"bu","10:41:27",757500
33600,700,1000,"bu","10:41:27",754500
33550,650,400,"bu","10:41:11",753500
33550,650,500,"bu","10:40:49",753100
33550,650,4100,"sd","10:40:46",752600
33550,650,500,"sd","10:40:34",748500
33550,650,400,"sd","10:40:16",748000
33550,650,400,"sd","10:40:16",747600
33550,650,2000,"sd","10:39:37",747200
33600,700,500,"bu","10:39:35",745200
33550,650,7600,"sd","10:38:57",744700
33550,650,2400,"sd","10:38:57",737100
33550,650,400,"bu","10:38:48",734700
33550,650,700,"bu","10:38:48",734300
33550,650,300,"bu","10:38:18",733600
33550,650,100,"sd","10:38:11",733300
33550,650,100,"sd","10:38:11",733200
33550,650,300,"sd","10:38:11",733100
33550,650,1200,"sd","10:37:46",732800
33550,650,700,"sd","10:37:31",731600
33550,650,2000,"sd","10:37:30",730900
33550,650,500,"sd","10:37:22",728900
33550,650,200,"sd","10:37:19",728400
33550,650,5100,"bu","10:36:56",728200
33550,650,200,"bu","10:36:24",723100
33550,650,1000,"sd","10:36:20",722900
33550,650,10000,"sd","10:36:20",721900
33550,650,3700,"sd","10:36:20",711900
33550,650,1000,"sd","10:35:49",708200
33550,650,5300,"bu","10:35:39",707200
33550,650,500,"bu","10:35:25",701900
33550,650,200,"sd","10:35:12",701400
33550,650,10000,"sd","10:35:12",701200
33550,650,4000,"sd","10:35:12",691200
33600,700,1000,"bu","10:34:46",687200
33550,650,1000,"bu","10:34:04",686200
33550,650,100,"bu","10:34:04",685200
33550,650,4900,"bu","10:34:04",685100
33550,650,300,"bu","10:34:01",680200
33550,650,200,"bu","10:34:00",679900
33550,650,14600,"sd","10:33:29",679700
33600,700,100,"bu","10:32:43",665100
33550,650,100,"sd","10:32:34",665000
33600,700,1100,"bu","10:32:26",664900
33550,650,200,"sd","10:32:09",663800
33550,650,100,"bu","10:31:23",663600
33550,650,5000,"bu","10:31:23",663500
33500,600,700,"sd","10:31:16",658500
33500,600,2200,"sd","10:31:16",657800
33500,600,500,"sd","10:31:16",655600
33500,600,400,"sd","10:31:16",655100
33500,600,500,"sd","10:31:16",654700
33500,600,3000,"sd","10:31:16",654200
33500,600,100,"sd","10:31:16",651200
33500,600,10600,"sd","10:31:16",651100
33550,650,200,"bu","10:31:05",640500
33550,650,100,"bu","10:30:56",640300
33550,650,200,"sd","10:30:48",640200
33550,650,9500,"sd","10:30:48",640000
33550,650,500,"bu","10:30:32",630500
33550,650,3000,"sd","10:30:05",630000
33550,650,16500,"sd","10:30:05",627000
33550,650,100,"sd","10:29:37",610500
33550,650,100,"sd","10:29:33",610400
33550,650,300,"bu","10:29:22",610300
33550,650,3000,"bu","10:29:22",610000
33550,650,200,"sd","10:28:58",607000
33550,650,6800,"sd","10:28:58",606800
33550,650,500,"bu","10:28:37",600000
33550,650,2700,"bu","10:28:37",599500
33550,650,100,"bu","10:27:54",596800
33550,650,1200,"bu","10:27:31",596700
33550,650,200,"bu","10:27:31",595500
33550,650,400,"bu","10:27:31",595300
33550,650,400,"bu","10:27:31",594900
33550,650,500,"sd","10:27:23",594500
33600,700,400,"bu","10:27:11",594000
33600,700,200,"bu","10:26:36",593600
33600,700,400,"bu","10:26:13",593400
33600,700,100,"bu","10:26:13",593000
33600,700,1000,"bu","10:26:13",592900
33550,650,100,"sd","10:26:02",591900
33550,650,100,"sd","10:25:34",591800
33550,650,500,"sd","10:25:28",591700
33550,650,500,"bu","10:25:16",591200
33550,650,100,"bu","10:25:16",590700
33550,650,200,"bu","10:25:01",590600
33550,650,10400,"sd","10:24:51",590400
33550,650,100,"sd","10:24:30",580000
33550,650,100,"bu","10:24:10",579900
33550,650,5000,"bu","10:24:10",579800
33550,650,500,"bu","10:24:10",574800
33550,650,100,"bu","10:24:10",574300
33550,650,300,"bu","10:24:10",574200
33550,650,200,"bu","10:24:10",573900
33550,650,1000,"bu","10:24:10",573700
33550,650,100,"bu","10:24:10",572700
33550,650,2200,"bu","10:24:10",572600
33500,600,100,"sd","10:23:50",570400
33500,600,600,"sd","10:21:56",570300
33500,600,100,"bu","10:21:45",569700
33500,600,200,"bu","10:21:45",569600
33500,600,100,"bu","10:21:45",569400
33500,600,3000,"bu","10:21:45",569300
33500,600,100,"bu","10:21:45",566300
33500,600,5000,"bu","10:21:45",566200
33500,600,200,"bu","10:21:45",561200
33500,600,500,"bu","10:20:42",561000
33450,550,500,"sd","10:20:22",560500
33450,550,1000,"sd","10:20:11",560000
33500,600,100,"bu","10:20:03",559000
33500,600,100,"bu","10:19:59",558900
33500,600,2000,"bu","10:19:42",558800
33500,600,2000,"bu","10:19:34",556800
33500,600,300,"sd","10:19:09",554800
33500,600,1100,"bu","10:18:57",554500
33500,600,200,"bu","10:18:57",553400
33500,600,500,"bu","10:18:57",553200
33500,600,300,"bu","10:18:57",552700
33500,600,2600,"bu","10:18:57",552400
33450,550,200,"sd","10:18:56",549800
33500,600,100,"bu","10:18:07",549600
33450,550,1000,"sd","10:17:47",549500
33500,600,300,"bu","10:17:10",548500
33500,600,1000,"sd","10:17:03",548200
33500,600,100,"sd","10:17:03",547200
33500,600,500,"sd","10:17:03",547100
33500,600,500,"sd","10:17:03",546600
33500,600,100,"sd","10:17:03",546100
33500,600,200,"sd","10:17:03",546000
33500,600,200,"sd","10:17:03",545800
33500,600,400,"sd","10:17:03",545600
33500,600,1400,"sd","10:17:03",545200
33500,600,700,"sd","10:17:03",543800
33500,600,100,"sd","10:17:03",543100
33500,600,500,"sd","10:17:03",543000
33500,600,3000,"sd","10:17:03",542500
33500,600,100,"sd","10:17:03",539500
33500,600,100,"sd","10:17:03",539400
33500,600,300,"sd","10:17:03",539300
33500,600,2000,"sd","10:17:03",539000
33500,600,2000,"sd","10:17:03",537000
33500,600,500,"sd","10:17:03",535000
33500,600,5000,"sd","10:17:03",534500
33500,600,400,"sd","10:17:03",529500
33500,600,200,"sd","10:17:03",529100
33500,600,6000,"sd","10:17:03",528900
33500,600,1000,"sd","10:17:03",522900
33500,600,100,"sd","10:17:03",521900
33500,600,100,"sd","10:17:03",521800
33500,600,100,"sd","10:17:03",521700
33500,600,300,"sd","10:17:03",521600
33500,600,100,"sd","10:17:03",521300
33550,650,800,"bu","10:16:46",521200
33550,650,300,"bu","10:16:29",520400
33550,650,1000,"bu","10:16:04",520100
33550,650,200,"bu","10:15:45",519100
33550,650,200,"bu","10:15:41",518900
33550,650,200,"sd","10:15:41",518700
33550,650,100,"sd","10:15:41",518500
33600,700,100,"bu","10:15:40",518400
33600,700,300,"bu","10:15:05",518300
33600,700,500,"bu","10:15:05",518000
33550,650,2100,"sd","10:15:04",517500
33550,650,500,"sd","10:15:04",515400
33550,650,300,"sd","10:15:04",514900
33550,650,100,"sd","10:15:04",514600
33550,650,2000,"sd","10:15:04",514500
33600,700,1200,"bu","10:14:57",512500
33600,700,900,"bu","10:14:56",511300
33600,700,1000,"bu","10:14:39",510400
33550,650,300,"sd","10:14:38",509400
33550,650,200,"sd","10:14:38",509100
33550,650,300,"sd","10:14:37",508900
33550,650,300,"sd","10:14:34",508600
33550,650,200,"sd","10:12:41",508300
33550,650,1000,"sd","10:12:16",508100
33600,700,100,"bu","10:12:10",507100
33600,700,100,"bu","10:12:10",507000
33600,700,200,"bu","10:12:04",506900
33550,650,100,"sd","10:11:54",506700
33550,650,500,"sd","10:11:40",506600
33550,650,100,"sd","10:11:39",506100
33550,650,1800,"sd","10:11:30",506000
33550,650,100,"sd","10:11:30",504200
33550,650,100,"sd","10:11:30",504100
33550,650,400,"sd","10:11:26",504000
33550,650,100,"sd","10:11:26",503600
33550,650,200,"sd","10:11:22",503500
33550,650,100,"sd","10:11:20",503300
33550,650,300,"sd","10:11:14",503200
33550,650,200,"sd","10:11:14",502900
33600,700,100,"bu","10:10:51",502700
33600,700,300,"sd","10:10:31",502600
33600,700,500,"sd","10:10:31",502300
33600,700,500,"sd","10:10:31",501800
33600,700,300,"sd","10:10:31",501300
33600,700,500,"sd","10:10:31",501000
33600,700,100,"sd","10:10:31",500500
33650,750,200,"bu","10:10:25",500400
33600,700,100,"sd","10:10:20",500200
33650,750,200,"bu","10:10:06",500100
33650,750,900,"bu","10:10:01",499900
33650,750,1000,"bu","10:09:52",499000
33650,750,100,"bu","10:09:50",498000
33600,700,800,"sd","10:09:47",497900
33600,700,2000,"sd","10:09:47",497100
33600,700,1100,"sd","10:09:47",495100
33600,700,1100,"sd","10:09:47",494000
33650,750,1000,"sd","10:09:40",492900
33650,750,400,"sd","10:09:40",491900
33650,750,1000,"sd","10:09:28",491500
33750,850,300,"bu","10:09:28",490500
33700,800,200,"bu","10:09:28",490200
33700,800,400,"bu","10:09:28",490000
33700,800,200,"bu","10:09:28",489600
33700,800,400,"bu","10:09:28",489400
33700,800,100,"sd","10:09:22",489000
33650,750,100,"sd","10:09:17",488900
33700,800,100,"bu","10:09:16",488800
33700,800,100,"bu","10:09:16",488700
33700,800,1000,"bu","10:09:16",488600
33700,800,100,"bu","10:09:16",487600
33700,800,100,"bu","10:09:16",487500
33700,800,600,"bu","10:09:16",487400
33700,800,300,"bu","10:09:09",486800
33650,750,100,"sd","10:09:02",486500
33700,800,100,"bu","10:08:58",486400
33700,800,500,"bu","10:08:58",486300
33700,800,100,"bu","10:08:58",485800
33700,800,300,"bu","10:08:58",485700
33600,700,1000,"sd","10:08:39",485400
33700,800,200,"bu","10:08:38",484400
33700,800,200,"bu","10:08:38",484200
33700,800,200,"bu","10:08:38",484000
33650,750,100,"bu","10:08:38",483800
33650,750,200,"bu","10:08:38",483700
33650,750,100,"bu","10:08:38",483500
33650,750,500,"bu","10:08:38",483400
33600,700,300,"sd","10:08:33",482900
33600,700,300,"sd","10:07:37",482600
33600,700,2300,"sd","10:07:07",482300
33600,700,100,"sd","10:07:07",480000
33600,700,100,"sd","10:07:07",479900
33600,700,100,"sd","10:07:07",479800
33600,700,700,"sd","10:07:07",479700
33600,700,500,"sd","10:07:07",479000
33600,700,700,"sd","10:07:07",478500
33650,750,500,"sd","10:07:07",477800
33700,800,1000,"bu","10:06:59",477300
33700,800,200,"bu","10:06:59",476300
33700,800,100,"bu","10:06:59",476100
33700,800,800,"bu","10:06:59",476000
33700,800,300,"bu","10:06:59",475200
33700,800,2000,"bu","10:06:59",474900
33700,800,100,"bu","10:06:59",472900
33700,800,500,"bu","10:06:59",472800
33600,700,200,"sd","10:06:56",472300
33600,700,3400,"sd","10:06:56",472100
33650,750,500,"sd","10:06:56",468700
33650,750,900,"sd","10:06:56",468200
33650,750,200,"sd","10:06:54",467300
33650,750,200,"bu","10:06:52",467100
33650,750,100,"bu","10:06:52",466900
33650,750,100,"bu","10:06:52",466800
33650,750,200,"bu","10:06:52",466700
33650,750,2600,"bu","10:06:52",466500
33650,750,300,"bu","10:06:50",463900
33650,750,200,"bu","10:06:50",463600
33650,750,500,"bu","10:06:49",463400
33650,750,300,"bu","10:06:46",462900
33650,750,200,"bu","10:06:46",462600
33650,750,100,"bu","10:06:46",462400
33650,750,100,"bu","10:06:46",462300
33600,700,600,"sd","10:06:34",462200
33600,700,100,"sd","10:06:14",461600
33600,700,200,"bu","10:06:03",461500
33600,700,700,"bu","10:06:03",461300
33600,700,1300,"bu","10:05:56",460600
33600,700,300,"bu","10:05:56",459300
33600,700,1000,"bu","10:05:56",459000
33600,700,200,"bu","10:05:56",458000
33600,700,200,"bu","10:05:56",457800
33600,700,100,"bu","10:05:56",457600
33600,700,100,"bu","10:05:56",457500
33600,700,100,"bu","10:05:56",457400
33600,700,500,"bu","10:05:56",457300
33600,700,1200,"bu","10:05:56",456800
33600,700,3000,"bu","10:05:51",455600
33550,650,300,"sd","10:05:50",452600
33550,650,200,"sd","10:05:50",452300
33600,700,200,"bu","10:05:13",452100
33600,700,100,"bu","10:05:12",451900
33600,700,100,"bu","10:05:02",451800
33600,700,800,"bu","10:04:46",451700
33600,700,100,"bu","10:04:39",450900
33600,700,2000,"bu","10:04:39",450800
33600,700,900,"bu","10:04:39",448800
33600,700,100,"bu","10:04:39",447900
33600,700,1600,"bu","10:04:39",447800
33600,700,400,"bu","10:04:29",446200
33600,700,200,"bu","10:04:29",445800
33600,700,400,"bu","10:04:29",445600
33550,650,100,"sd","10:04:27",445200
33600,700,1500,"bu","10:04:16",445100
33600,700,1100,"bu","10:03:53",443600
33600,700,100,"bu","10:03:53",442500
33600,700,100,"bu","10:03:53",442400
33550,650,700,"sd","10:03:53",442300
33550,650,300,"sd","10:03:53",441600
33550,650,200,"sd","10:03:47",441300
33600,700,100,"bu","10:03:47",440800
33550,650,300,"sd","10:03:47",441100
33550,650,500,"sd","10:03:46",440700
33550,650,1000,"sd","10:03:31",440200
33550,650,100,"sd","10:03:16",439200
33550,650,100,"sd","10:03:16",439100
33550,650,200,"sd","10:03:16",439000
33550,650,100,"sd","10:03:16",438800
33550,650,400,"sd","10:03:14",438700
33550,650,600,"sd","10:03:14",438300
33550,650,1200,"sd","10:03:11",437700
33550,650,200,"sd","10:03:00",436500
33550,650,400,"sd","10:03:00",436300
33550,650,600,"sd","10:02:59",435900
33550,650,100,"sd","10:02:59",435300
33550,650,300,"sd","10:02:59",435200
33550,650,200,"sd","10:02:55",434900
33550,650,100,"bu","10:02:54",434700
33550,650,200,"bu","10:02:54",434600
33550,650,200,"bu","10:02:54",434400
33550,650,600,"bu","10:02:48",434200
33550,650,200,"bu","10:02:32",433600
33550,650,100,"bu","10:02:32",433400
33550,650,4700,"bu","10:02:32",433300
33550,650,300,"bu","10:02:27",428600
33550,650,400,"bu","10:02:27",428300
33550,650,1300,"bu","10:02:27",427900
33500,600,100,"sd","10:02:24",426600
33500,600,3000,"sd","10:02:00",426500
33550,650,2700,"bu","10:01:58",423500
33550,650,800,"bu","10:01:53",420800
33550,650,2500,"bu","10:01:50",420000
33500,600,500,"sd","10:01:45",417500
33500,600,400,"bu","10:01:35",417000
33500,600,600,"sd","10:01:35",416600
33500,600,100,"bu","10:01:26",416000
33500,600,200,"bu","10:01:26",415900
33500,600,200,"bu","10:01:26",415700
33500,600,1000,"bu","10:01:26",415500
33500,600,1900,"bu","10:01:26",414500
33500,600,1300,"bu","10:01:23",412600
33500,600,500,"bu","10:01:21",411300
33500,600,1800,"bu","10:01:10",410800
33500,600,4500,"sd","10:01:08",409000
33550,650,400,"bu","10:01:07",404500
33500,600,500,"unknown","10:01:03",404100
33500,600,500,"sd","10:00:29",403600
33500,600,100,"sd","10:00:29",403100
33550,650,100,"bu","10:00:27",403000
33500,600,500,"sd","10:00:24",402900
33500,600,100,"sd","10:00:18",402400
33500,600,200,"sd","10:00:18",402300
33500,600,400,"bu","10:00:07",402100
33500,600,100,"sd","10:00:06",401700
33500,600,400,"sd","10:00:00",401600
33500,600,1000,"sd","09:59:58",401200
33550,650,2200,"bu","09:59:57",400200
33550,650,300,"bu","09:59:57",398000
33500,600,100,"sd","09:59:51",397700
33500,600,1000,"sd","09:59:50",397600
33550,650,200,"bu","09:59:41",396600
33500,600,500,"sd","09:59:35",396400
33500,600,3000,"sd","09:59:31",395900
33550,650,200,"bu","09:59:28",392900
33500,600,100,"bu","09:59:27",392700
33500,600,100,"bu","09:59:27",392600
33500,600,4300,"bu","09:59:27",392500
33450,550,900,"bu","09:59:27",388200
33450,550,100,"bu","09:59:22",387300
33450,550,1000,"sd","09:59:16",387200
33450,550,10000,"sd","09:59:16",386200
33450,550,1000,"sd","09:59:16",376200
33500,600,300,"bu","09:59:02",375200
33500,600,400,"sd","09:58:56",374900
33500,600,400,"sd","09:58:56",374500
33500,600,3300,"sd","09:58:56",374100
33550,650,200,"bu","09:58:56",370800
33500,600,100,"bu","09:58:47",370600
33500,600,300,"bu","09:58:47",370500
33500,600,300,"bu","09:58:47",370200
33500,600,200,"bu","09:58:43",369900
33500,600,100,"bu","09:58:40",369700
33500,600,100,"bu","09:58:40",369600
33500,600,800,"bu","09:58:40",369500
33500,600,100,"bu","09:58:40",368700
33500,600,500,"bu","09:58:40",368600
33500,600,200,"bu","09:58:40",368100
33500,600,200,"bu","09:58:40",367900
33500,600,1000,"bu","09:58:40",367700
33500,600,100,"bu","09:58:36",366700
33500,600,500,"bu","09:58:36",366600
33500,600,400,"bu","09:58:34",366100
33500,600,700,"bu","09:58:34",365700
33500,600,200,"bu","09:58:34",365000
33500,600,100,"bu","09:58:34",364800
33500,600,100,"bu","09:58:34",364700
33500,600,100,"bu","09:58:33",364600
33500,600,100,"bu","09:58:33",364500
33500,600,100,"bu","09:58:33",364400
33500,600,1600,"bu","09:58:33",364300
33500,600,3400,"bu","09:57:57",362700
33500,600,2200,"bu","09:57:57",359300
33450,550,900,"bu","09:57:57",357100
33450,550,100,"bu","09:57:57",356200
33450,550,8400,"bu","09:57:57",356100
33450,550,500,"bu","09:57:51",347700
33450,550,1000,"bu","09:57:34",347200
33450,550,1000,"bu","09:57:29",346200
33450,550,100,"bu","09:57:22",345200
33400,500,300,"sd","09:57:18",345100
33400,500,200,"sd","09:57:18",344800
33400,500,800,"sd","09:57:17",344600
33400,500,500,"sd","09:57:17",343800
33400,500,600,"sd","09:57:17",343300
33400,500,100,"sd","09:57:17",342700
33400,500,3000,"sd","09:57:17",342600
33450,550,3000,"bu","09:57:11",339600
33450,550,100,"sd","09:56:59",336600
33450,550,100,"sd","09:56:57",336500
33400,500,200,"sd","09:56:35",336400
33400,500,200,"sd","09:56:35",336200
33400,500,100,"sd","09:56:35",336000
33400,500,1000,"sd","09:56:35",335900
33400,500,700,"sd","09:56:35",334900
33400,500,800,"sd","09:56:35",334200
33500,600,700,"bu","09:56:28",333400
33450,550,100,"bu","09:56:28",332700
33450,550,100,"bu","09:56:28",332600
33450,550,100,"bu","09:56:28",332500
33400,500,1000,"sd","09:56:06",332400
33400,500,200,"bu","09:55:35",331400
33300,400,4400,"sd","09:55:06",331200
33300,400,100,"sd","09:55:06",326800
33300,400,100,"sd","09:55:06",326700
33300,400,100,"sd","09:55:06",326600
33300,400,100,"sd","09:55:06",326500
33300,400,4700,"sd","09:55:06",326400
33400,500,100,"sd","09:55:06",321700
33400,500,200,"sd","09:55:06",321600
33400,500,100,"sd","09:55:06",321400
33450,550,100,"sd","09:55:06",321300
33500,600,400,"bu","09:54:56",321200
33400,500,300,"sd","09:54:52",320800
33500,600,8600,"bu","09:54:50",320500
33500,600,5300,"bu","09:54:50",311900
33500,600,400,"bu","09:54:50",306600
33500,600,200,"bu","09:54:50",306200
33500,600,500,"bu","09:54:50",306000
33500,600,2000,"bu","09:54:50",305500
33500,600,15000,"bu","09:54:50",303500
33450,550,500,"bu","09:54:50",288500
33450,550,900,"bu","09:54:50",288000
33450,550,300,"bu","09:54:50",287100
33450,550,100,"bu","09:54:50",286800
33450,550,100,"bu","09:54:50",286700
33450,550,5000,"bu","09:54:50",286600
33450,550,300,"bu","09:54:50",281600
33450,550,1000,"bu","09:54:50",281300
33400,500,5000,"bu","09:54:50",280300
33400,500,200,"bu","09:54:50",275300
33400,500,100,"bu","09:54:50",275100
33400,500,100,"bu","09:54:50",275000
33400,500,1000,"bu","09:54:50",274900
33400,500,500,"bu","09:54:50",273900
33400,500,100,"bu","09:54:50",273400
33400,500,200,"bu","09:54:50",273300
33350,450,200,"bu","09:54:50",273100
33350,450,2400,"bu","09:54:50",272900
33350,450,100,"bu","09:54:49",270500
33350,450,200,"bu","09:54:38",270400
33350,450,300,"bu","09:54:30",270200
33350,450,2000,"bu","09:54:29",269900
33400,500,300,"bu","09:54:19",267900
33400,500,100,"bu","09:54:19",267600
33400,500,100,"bu","09:54:19",267500
33400,500,100,"bu","09:54:12",267400
33400,500,300,"bu","09:54:11",267300
33400,500,100,"bu","09:54:11",267000
33400,500,200,"bu","09:54:11",266900
33400,500,200,"bu","09:54:09",266700
33400,500,100,"bu","09:53:59",266500
33400,500,100,"bu","09:53:39",265000
33400,500,400,"bu","09:53:39",266400
33400,500,1000,"bu","09:53:39",266000
33350,450,100,"bu","09:53:39",264900
33350,450,100,"bu","09:53:39",264800
33350,450,500,"bu","09:53:39",264700
33350,450,100,"bu","09:53:39",264200
33350,450,3000,"bu","09:53:39",264100
33350,450,700,"bu","09:53:39",261100
33350,450,100,"bu","09:53:29",260400
33350,450,1000,"bu","09:53:24",260300
33350,450,200,"bu","09:53:05",259300
33350,450,500,"bu","09:53:05",259100
33350,450,300,"bu","09:53:05",258600
33300,400,300,"bu","09:52:53",258300
33300,400,1400,"bu","09:52:52",258000
33300,400,300,"bu","09:52:48",256600
33300,400,700,"bu","09:52:48",256300
33300,400,800,"bu","09:52:42",255600
33300,400,100,"bu","09:52:42",254800
33300,400,400,"bu","09:52:38",254700
33300,400,100,"bu","09:52:38",254300
33300,400,500,"bu","09:52:06",254200
33300,400,400,"bu","09:51:58",253700
33300,400,500,"bu","09:51:57",253300
33300,400,500,"bu","09:51:54",252800
33300,400,500,"bu","09:51:45",252300
33300,400,800,"bu","09:51:43",251800
33300,400,600,"bu","09:51:42",251000
33300,400,1100,"bu","09:51:36",250400
33300,400,100,"bu","09:51:36",249300
33300,400,100,"bu","09:51:36",249200
33300,400,200,"bu","09:51:30",249100
33300,400,100,"bu","09:51:30",248900
33300,400,900,"bu","09:51:29",248800
33300,400,500,"bu","09:51:29",247900
33300,400,400,"bu","09:51:29",247400
33300,400,200,"bu","09:51:29",247000
33300,400,1300,"bu","09:51:29",246800
33250,350,200,"sd","09:51:14",245500
33250,350,1000,"bu","09:51:02",245300
33250,350,300,"bu","09:51:02",244300
33250,350,200,"bu","09:50:54",244000
33250,350,300,"bu","09:50:54",243800
33250,350,200,"bu","09:50:46",243500
33250,350,500,"bu","09:50:46",243300
33250,350,100,"bu","09:50:46",242800
33250,350,2000,"bu","09:50:46",242700
33250,350,2600,"bu","09:50:46",240700
33250,350,800,"bu","09:50:45",238100
33250,350,300,"bu","09:50:34",237300
33250,350,1300,"bu","09:50:33",237000
33250,350,100,"bu","09:50:33",235700
33250,350,100,"bu","09:50:33",235600
33250,350,100,"bu","09:50:29",235500
33250,350,100,"bu","09:50:25",235400
33250,350,500,"bu","09:50:07",235300
33250,350,200,"bu","09:49:57",234800
33250,350,100,"bu","09:49:57",234600
33200,300,1500,"sd","09:49:18",234500
33200,300,400,"sd","09:49:18",233000
33200,300,100,"sd","09:49:18",232600
33200,300,100,"sd","09:48:40",232500
33250,350,200,"bu","09:48:35",232400
33250,350,100,"bu","09:48:35",232200
33200,300,200,"bu","09:48:31",232100
33200,300,300,"bu","09:48:29",231900
33200,300,700,"bu","09:48:29",231600
33200,300,100,"bu","09:48:20",230900
33200,300,100,"bu","09:47:55",230800
33200,300,100,"bu","09:47:42",230700
33200,300,400,"bu","09:47:42",230600
33200,300,400,"bu","09:47:34",230200
33200,300,1000,"bu","09:47:27",229800
33200,300,3000,"bu","09:47:12",228800
33200,300,500,"bu","09:47:04",225800
33200,300,1700,"bu","09:46:51",225300
33200,300,600,"bu","09:46:51",223600
33200,300,800,"bu","09:46:51",223000
33200,300,100,"bu","09:46:44",222200
33150,250,400,"bu","09:46:22",222100
33150,250,300,"bu","09:46:22",221700
33150,250,200,"bu","09:46:22",221400
33100,200,20000,"bu","09:46:14",221200
33100,200,300,"bu","09:46:14",201200
33100,200,500,"bu","09:46:14",200900
33100,200,100,"bu","09:46:14",200400
33100,200,800,"bu","09:46:14",200300
33000,100,200,"sd","09:45:52",199500
33000,100,100,"bu","09:45:49",199300
33000,100,500,"bu","09:45:49",199200
33000,100,200,"bu","09:45:49",198700
33000,100,100,"bu","09:45:49",198500
33000,100,1000,"bu","09:45:49",198400
33000,100,3600,"bu","09:45:49",197400
33000,100,18000,"bu","09:45:49",193800
33000,100,3000,"bu","09:45:34",175800
33000,100,900,"bu","09:45:05",172800
33000,100,1000,"bu","09:44:48",171900
33000,100,200,"bu","09:44:40",170900
33000,100,100,"bu","09:44:38",170700
33000,100,1000,"bu","09:44:13",170600
33000,100,900,"bu","09:44:09",169600
33000,100,200,"bu","09:43:53",168700
33000,100,500,"bu","09:43:53",168500
33000,100,100,"bu","09:43:20",168000
33000,100,500,"bu","09:43:05",167900
33000,100,500,"bu","09:43:00",167400
33000,100,100,"bu","09:42:43",166900
32900,0,4400,"sd","09:42:24",166800
32900,0,600,"sd","09:42:24",162400
32900,0,5000,"sd","09:42:14",161800
32900,0,100,"bu","09:41:00",156800
32900,0,2000,"bu","09:41:00",156700
32900,0,700,"bu","09:41:00",154700
32900,0,100,"bu","09:41:00",154000
32900,0,1500,"bu","09:41:00",153900
32850,-50,1000,"sd","09:40:45",152400
32850,-50,400,"bu","09:40:22",151400
32850,-50,100,"bu","09:40:20",151000
32850,-50,200,"bu","09:40:19",150900
32850,-50,100,"bu","09:40:15",150700
32850,-50,100,"sd","09:40:14",150600
32850,-50,400,"sd","09:40:14",150500
32850,-50,100,"bu","09:40:07",150100
32850,-50,100,"bu","09:40:02",150000
32850,-50,100,"bu","09:40:02",149900
32850,-50,1000,"bu","09:40:01",149800
32850,-50,500,"bu","09:39:51",148800
32850,-50,100,"bu","09:39:50",148300
32850,-50,100,"bu","09:39:45",148200
32850,-50,300,"bu","09:39:34",148100
32850,-50,500,"sd","09:39:12",147800
32850,-50,200,"sd","09:39:12",147300
32850,-50,500,"sd","09:39:12",147100
32850,-50,300,"sd","09:39:12",146600
32850,-50,100,"sd","09:38:22",146300
32800,-100,100,"sd","09:38:16",146200
32800,-100,100,"sd","09:38:16",146100
32850,-50,300,"sd","09:38:16",146000
32850,-50,100,"sd","09:38:16",145700
32850,-50,1000,"sd","09:38:16",145600
32850,-50,400,"sd","09:38:16",144600
32850,-50,600,"bu","09:38:05",144200
32850,-50,100,"bu","09:38:04",143600
32850,-50,300,"bu","09:38:00",143500
32850,-50,100,"bu","09:37:59",143200
32850,-50,200,"bu","09:37:46",143100
32850,-50,100,"bu","09:37:37",142900
32850,-50,300,"bu","09:37:32",142800
32850,-50,200,"bu","09:37:32",142500
32850,-50,100,"bu","09:37:31",142300
32850,-50,100,"bu","09:37:30",142200
32850,-50,500,"bu","09:37:20",142100
32850,-50,400,"bu","09:37:01",141600
32850,-50,200,"bu","09:36:40",141200
32850,-50,500,"bu","09:36:08",141000
32850,-50,100,"bu","09:36:07",140500
32850,-50,200,"bu","09:35:59",140400
32850,-50,500,"bu","09:35:52",140200
32850,-50,500,"bu","09:35:41",139700
32850,-50,100,"bu","09:35:28",139200
32850,-50,1100,"bu","09:35:21",139100
32850,-50,100,"bu","09:35:13",138000
32800,-100,100,"bu","09:34:20",137900
32800,-100,100,"sd","09:34:14",137800
32800,-100,200,"sd","09:34:14",137700
32850,-50,1000,"bu","09:33:59",137500
32800,-100,2000,"sd","09:33:54",136500
32800,-100,100,"sd","09:33:54",134500
32800,-100,200,"sd","09:33:54",134400
32800,-100,100,"sd","09:33:54",134200
32800,-100,200,"sd","09:33:54",134100
32850,-50,500,"bu","09:33:52",133900
32850,-50,300,"sd","09:33:43",133400
32850,-50,200,"sd","09:33:43",133100
32850,-50,500,"sd","09:33:43",132900
32850,-50,500,"unknown","09:33:17",132400
32800,-100,100,"sd","09:33:16",131900
32800,-100,200,"sd","09:33:16",131800
32800,-100,100,"sd","09:33:16",131600
32800,-100,500,"sd","09:33:16",131500
32800,-100,1400,"sd","09:33:16",131000
32800,-100,1000,"sd","09:33:16",129600
32800,-100,100,"sd","09:33:16",128600
32800,-100,100,"sd","09:33:16",128500
32800,-100,100,"sd","09:33:16",128400
32800,-100,100,"sd","09:33:16",128300
32800,-100,100,"sd","09:33:16",128200
32800,-100,200,"sd","09:33:16",128100
32850,-50,200,"sd","09:33:16",127900
32850,-50,2000,"bu","09:33:06",127700
32800,-100,300,"sd","09:32:48",125700
32850,-50,1000,"bu","09:32:37",125400
32850,-50,500,"bu","09:32:33",124400
32850,-50,400,"bu","09:32:27",123900
32850,-50,1100,"sd","09:32:23",123500
32850,-50,200,"bu","09:32:16",122400
32850,-50,3700,"bu","09:32:16",122200
32850,-50,100,"bu","09:32:16",118500
32850,-50,500,"bu","09:31:50",118400
32850,-50,700,"bu","09:31:39",117900
32850,-50,100,"bu","09:31:30",117200
32800,-100,100,"sd","09:31:29",117100
32850,-50,100,"bu","09:31:28",117000
32850,-50,800,"sd","09:31:24",116900
32850,-50,100,"sd","09:31:24",116100
32850,-50,200,"sd","09:31:24",116000
32850,-50,3700,"sd","09:31:24",115800
32900,0,600,"bu","09:31:19",112100
32850,-50,1000,"sd","09:31:17",111500
32850,-50,100,"sd","09:31:17",110500
32850,-50,4200,"bu","09:31:09",110400
32850,-50,800,"sd","09:31:05",106200
32900,0,100,"bu","09:31:05",105400
32900,0,300,"bu","09:31:01",105300
32850,-50,200,"bu","09:31:01",105000
32800,-100,400,"sd","09:31:01",104800
32800,-100,2000,"sd","09:31:01",104400
32800,-100,100,"sd","09:31:01",102400
32800,-100,100,"sd","09:31:01",102300
32800,-100,500,"sd","09:31:01",102200
32800,-100,200,"sd","09:31:01",101700
32800,-100,400,"sd","09:31:01",101500
32800,-100,1300,"sd","09:31:01",101100
32850,-50,2800,"sd","09:30:54",99800
32850,-50,200,"bu","09:30:48",97000
32850,-50,1000,"bu","09:30:44",96800
32850,-50,300,"bu","09:30:40",95800
32850,-50,1000,"bu","09:30:34",95500
32800,-100,200,"sd","09:30:32",94500
32850,-50,200,"bu","09:30:22",94300
32850,-50,1400,"sd","09:30:11",94100
32850,-50,100,"sd","09:30:11",92700
32850,-50,5800,"sd","09:30:11",92600
32850,-50,1000,"bu","09:29:46",86800
32850,-50,200,"bu","09:29:46",85800
32850,-50,3000,"bu","09:29:46",85600
32850,-50,500,"bu","09:29:45",82600
32800,-100,1500,"sd","09:29:43",82100
32800,-100,100,"sd","09:29:43",80600
32800,-100,500,"sd","09:29:43",80500
32800,-100,3000,"sd","09:29:43",80000
32800,-100,100,"sd","09:29:43",77000
32800,-100,300,"sd","09:29:43",76900
32800,-100,1000,"sd","09:29:43",76600
32800,-100,400,"sd","09:29:43",75600
32800,-100,100,"sd","09:29:43",75200
32800,-100,100,"sd","09:29:43",75100
32800,-100,500,"sd","09:29:43",75000
32800,-100,200,"sd","09:29:43",74500
32800,-100,1000,"sd","09:29:43",74300
32800,-100,1200,"sd","09:29:43",73300
32850,-50,100,"bu","09:29:22",72100
32800,-100,5000,"sd","09:29:21",72000
32800,-100,3800,"sd","09:29:17",67000
32800,-100,100,"sd","09:29:17",63200
32800,-100,1100,"sd","09:29:17",63100
32850,-50,300,"bu","09:29:13",62000
32850,-50,500,"bu","09:29:12",61700
32850,-50,500,"bu","09:29:06",61200
32800,-100,900,"sd","09:28:26",60700
32800,-100,500,"sd","09:28:26",59800
32800,-100,100,"sd","09:28:26",59300
32800,-100,200,"sd","09:28:26",59200
32800,-100,100,"sd","09:28:26",59000
32850,-50,100,"bu","09:28:14",58900
32850,-50,400,"bu","09:28:08",58800
32850,-50,500,"bu","09:28:06",58400
32850,-50,100,"bu","09:28:01",57900
32850,-50,100,"bu","09:27:50",57800
32850,-50,100,"bu","09:27:41",57700
32850,-50,100,"sd","09:27:36",57600
32850,-50,100,"sd","09:27:36",57500
32850,-50,300,"sd","09:27:36",57400
32850,-50,100,"sd","09:27:36",57100
32850,-50,100,"sd","09:27:36",57000
32850,-50,1000,"sd","09:27:36",56900
32850,-50,100,"sd","09:27:36",55900
32850,-50,100,"sd","09:27:36",55800
32850,-50,100,"sd","09:27:36",55700
32850,-50,400,"sd","09:27:36",55600
32850,-50,200,"sd","09:27:36",55200
32850,-50,100,"sd","09:27:36",55000
32850,-50,100,"sd","09:27:36",54900
32850,-50,1000,"sd","09:27:36",54800
32850,-50,700,"sd","09:26:56",53800
32850,-50,300,"sd","09:26:33",53100
32850,-50,100,"sd","09:26:33",52800
32900,0,100,"bu","09:26:23",52700
32900,0,500,"bu","09:26:20",52600
32900,0,100,"bu","09:26:18",52100
32900,0,100,"bu","09:26:12",52000
32900,0,400,"bu","09:26:01",51900
32900,0,100,"bu","09:25:57",51500
32900,0,1000,"bu","09:25:57",51400
32900,0,100,"sd","09:25:42",50400
32900,0,100,"sd","09:25:42",50300
32900,0,100,"sd","09:25:42",50200
32900,0,200,"sd","09:25:41",50100
32900,0,800,"sd","09:25:17",49900
32900,0,100,"sd","09:25:17",49100
32900,0,500,"sd","09:25:17",49000
32900,0,1000,"sd","09:25:17",48500
32900,0,400,"sd","09:25:17",47500
32900,0,100,"sd","09:25:17",47100
32900,0,100,"sd","09:25:17",47000
32900,0,100,"sd","09:24:39",46900
32900,0,100,"sd","09:24:39",46800
32900,0,500,"sd","09:24:39",46700
32900,0,100,"sd","09:24:39",46200
32900,0,2000,"sd","09:24:39",46100
32900,0,1000,"sd","09:24:39",44100
32900,0,500,"sd","09:24:39",43100
32900,0,300,"sd","09:24:39",42600
32900,0,400,"sd","09:24:39",42300
32900,0,200,"sd","09:24:29",41900
32900,0,500,"sd","09:24:29",41700
32900,0,1000,"sd","09:24:29",41200
32900,0,200,"sd","09:24:29",40200
32900,0,100,"sd","09:24:29",40000
32900,0,100,"sd","09:24:29",39900
32900,0,300,"sd","09:24:29",39800
32900,0,100,"sd","09:24:29",39500
32900,0,500,"sd","09:24:29",39400
32900,0,500,"sd","09:24:29",38900
33000,100,500,"sd","09:24:29",38400
33000,100,500,"sd","09:24:29",37900
33000,100,100,"sd","09:24:29",37400
33000,100,400,"sd","09:24:29",37300
33000,100,100,"sd","09:24:18",36900
33000,100,600,"sd","09:24:18",36800
33000,100,100,"sd","09:24:18",36200
33000,100,100,"sd","09:24:18",36100
33100,200,600,"bu","09:23:13",36000
33100,200,100,"bu","09:23:07",35400
33100,200,200,"sd","09:22:43",35300
33100,200,1900,"sd","09:22:43",35100
33100,200,100,"sd","09:22:43",33200
33100,200,600,"sd","09:22:43",33100
33100,200,600,"sd","09:22:43",32500
33100,200,100,"sd","09:22:43",31900
33150,250,500,"bu","09:22:25",31800
33150,250,300,"bu","09:22:17",31300
33150,250,900,"bu","09:22:04",31000
33150,250,200,"sd","09:21:47",30100
33150,250,100,"sd","09:21:47",29900
33150,250,1000,"bu","09:21:38",29800
33100,200,800,"sd","09:21:20",28800
33100,200,100,"sd","09:21:20",28000
33100,200,3400,"bu","09:21:09",27900
33100,200,1000,"bu","09:21:08",24500
33100,200,100,"bu","09:20:47",23500
33000,100,300,"bu","09:20:32",23400
33000,100,200,"sd","09:20:27",23100
32900,0,100,"sd","09:17:46",22900
33000,100,300,"sd","09:17:46",22800
33000,100,100,"sd","09:17:46",22500
33000,100,200,"sd","09:17:46",22400
33000,100,100,"sd","09:17:46",22200
33000,100,300,"sd","09:17:46",22100
33000,100,200,"sd","09:17:46",21800
33050,150,2500,"sd","09:17:46",21600
33100,200,500,"sd","09:17:46",19100
33100,200,5000,"sd","09:17:46",18600
33200,300,100,"sd","09:17:46",13600
33200,300,100,"sd","09:17:46",13500
33200,300,500,"sd","09:17:46",13400
33250,350,300,"bu","09:17:44",12900
33250,350,1000,"bu","09:17:33",12600
33200,300,100,"sd","09:17:27",11600
33250,350,100,"sd","09:16:52",11500
33250,350,100,"sd","09:16:19",11400
33250,350,100,"sd","09:16:08",11300
33250,350,400,"sd","09:16:08",11200
33250,350,500,"bu","09:15:49",10800
33250,350,100,"bu","09:15:49",10300
33250,350,800,"bu","09:15:32",10200
33250,350,200,"bu","09:15:32",9400
33250,350,9200,"bu","09:15:00",9200
