"price","change","match_qtty","side","time","total_vol"
13.3,-0.5,100,"bu","15:00:02",9066100
13.3,-0.5,1500,"bu","14:59:53",9066000
13.2,-0.6,1000,"sd","14:59:49",9064500
13.3,-0.5,500,"bu","14:59:48",9063500
13.3,-0.5,100,"bu","14:59:46",9063000
13.3,-0.5,4500,"bu","14:59:45",9062900
13.3,-0.5,1700,"bu","14:59:40",9058400
13.3,-0.5,100,"bu","14:59:39",9056700
13.3,-0.5,1000,"bu","14:59:36",9056600
13.3,-0.5,400,"bu","14:59:35",9055600
13.3,-0.5,1000,"bu","14:59:34",9055200
13.3,-0.5,3000,"bu","14:59:33",9054200
13.3,-0.5,200,"bu","14:59:30",9051200
13.3,-0.5,1000,"bu","14:59:26",9051000
13.3,-0.5,500,"bu","14:59:24",9050000
13.3,-0.5,200,"bu","14:59:22",9049500
13.3,-0.5,500,"bu","14:59:20",9049300
13.3,-0.5,1500,"bu","14:59:15",9048800
13.3,-0.5,500,"bu","14:59:11",9047300
13.3,-0.5,1000,"bu","14:59:08",9046800
13.3,-0.5,4000,"bu","14:59:06",9045800
13.3,-0.5,100,"bu","14:58:58",9041800
13.3,-0.5,10300,"bu","14:58:52",9041700
13.3,-0.5,800,"bu","14:58:49",9031400
13.3,-0.5,500,"bu","14:58:47",9030600
13.3,-0.5,4400,"bu","14:58:41",9030100
13.2,-0.6,19000,"sd","14:58:36",9025700
13.3,-0.5,100,"sd","14:58:34",9006700
13.2,-0.6,5000,"sd","14:58:07",9006600
13.3,-0.5,4100,"sd","14:58:06",9001600
13.3,-0.5,100,"bu","14:58:01",8997500
13.3,-0.5,2000,"bu","14:57:57",8997400
13.3,-0.5,1500,"bu","14:57:47",8995400
13.3,-0.5,400,"sd","14:57:41",8993900
13.2,-0.6,1000,"sd","14:57:32",8993500
13.2,-0.6,400,"sd","14:57:29",8992500
13.4,-0.4,170000,"bu","14:57:25",8992100
13.2,-0.6,100,"sd","14:57:07",8822100
13.2,-0.6,10000,"sd","14:57:03",8822000
13.3,-0.5,500,"bu","14:56:58",8812000
13.3,-0.5,100,"bu","14:56:53",8811500
13.3,-0.5,500,"bu","14:56:28",8811400
13.3,-0.5,100,"bu","14:56:25",8810900
13.3,-0.5,1000,"bu","14:56:20",8810800
13.3,-0.5,200,"bu","14:56:00",8809800
13.3,-0.5,400,"bu","14:55:58",8809600
13.3,-0.5,500,"bu","14:55:47",8809200
13.3,-0.5,3000,"bu","14:55:27",8808700
13.3,-0.5,200,"bu","14:55:19",8805700
13.3,-0.5,3000,"bu","14:55:07",8805500
13.3,-0.5,900,"bu","14:55:01",8802500
13.3,-0.5,500,"bu","14:54:55",8801600
13.3,-0.5,200,"bu","14:54:51",8801100
13.3,-0.5,100,"bu","14:54:32",8800900
13.3,-0.5,500,"bu","14:54:28",8800800
13.3,-0.5,200,"bu","14:54:27",8800300
13.3,-0.5,400,"sd","14:54:09",8800100
13.3,-0.5,100,"sd","14:54:07",8799700
13.3,-0.5,5900,"sd","14:54:06",8799600
13.3,-0.5,12000,"sd","14:54:04",8793700
13.3,-0.5,20000,"sd","14:53:59",8781700
13.3,-0.5,1100,"sd","14:53:57",8761700
13.3,-0.5,100,"sd","14:53:53",8760600
13.3,-0.5,700,"sd","14:53:41",8760500
13.3,-0.5,1500,"sd","14:53:10",8759800
13.4,-0.4,900,"bu","14:52:52",8758300
13.3,-0.5,20000,"sd","14:52:48",8757400
13.3,-0.5,100,"sd","14:52:41",8737400
13.3,-0.5,2000,"sd","14:52:33",8737300
13.3,-0.5,500,"sd","14:52:32",8735300
13.3,-0.5,25000,"sd","14:52:15",8734800
13.3,-0.5,38300,"sd","14:52:06",8709800
13.3,-0.5,100,"bu","14:51:59",8671500
13.3,-0.5,200000,"bu","14:51:57",8671400
13.3,-0.5,700,"bu","14:51:55",8471400
13.3,-0.5,1300,"bu","14:51:52",8470700
13.3,-0.5,100,"bu","14:51:42",8469400
13.3,-0.5,23900,"bu","14:51:39",8469300
13.3,-0.5,1000,"bu","14:51:30",8445400
13.3,-0.5,200,"bu","14:51:27",8444400
13.3,-0.5,10000,"bu","14:51:23",8444200
13.2,-0.6,700,"sd","14:51:19",8434200
13.2,-0.6,5000,"sd","14:51:10",8433500
13.2,-0.6,1000,"sd","14:51:04",8428500
13.2,-0.6,100,"sd","14:51:01",8427500
13.3,-0.5,2000,"bu","14:50:49",8427400
13.2,-0.6,500,"sd","14:50:48",8425400
13.2,-0.6,5000,"sd","14:50:15",8424900
13.2,-0.6,1000,"sd","14:50:08",8419900
13.2,-0.6,500,"sd","14:49:58",8418900
13.2,-0.6,300,"sd","14:49:57",8418400
13.2,-0.6,900,"sd","14:49:16",8418100
13.3,-0.5,100,"bu","14:48:38",8417200
13.3,-0.5,100,"bu","14:48:24",8417100
13.3,-0.5,100,"bu","14:48:18",8417000
13.3,-0.5,400,"bu","14:48:17",8416900
13.3,-0.5,200,"bu","14:48:11",8416500
13.3,-0.5,100,"bu","14:48:03",8416300
13.3,-0.5,500,"bu","14:48:01",8416200
13.3,-0.5,300,"bu","14:47:52",8415700
13.3,-0.5,4000,"bu","14:47:38",8415400
13.3,-0.5,100,"bu","14:46:57",8411400
13.2,-0.6,400,"sd","14:46:29",8411300
13.2,-0.6,500,"sd","14:46:12",8410900
13.2,-0.6,100,"sd","14:46:11",8410400
13.2,-0.6,3000,"sd","14:46:04",8410300
13.2,-0.6,1000,"sd","14:45:43",8407300
13.2,-0.6,2000,"sd","14:45:37",8406300
13.2,-0.6,2200,"sd","14:45:34",8404300
13.2,-0.6,500,"sd","14:45:32",8402100
13.2,-0.6,1000,"bu","14:45:30",8401600
13.2,-0.6,1000,"bu","14:45:26",8400600
13.2,-0.6,500,"bu","14:45:25",8399600
13.2,-0.6,100,"bu","14:45:22",8399100
13.2,-0.6,100,"bu","14:45:21",8399000
13.2,-0.6,13000,"bu","14:45:17",8398900
13.2,-0.6,1000,"bu","14:45:16",8385900
13.2,-0.6,1000,"bu","14:45:15",8384900
13.2,-0.6,10000,"bu","14:45:07",8383900
13.2,-0.6,100,"bu","14:44:55",8373900
13.2,-0.6,500,"bu","14:44:43",8373800
13.1,-0.7,1000,"sd","14:44:40",8373300
13.2,-0.6,300,"bu","14:44:33",8372300
13.1,-0.7,300,"sd","14:44:27",8372000
13.2,-0.6,10000,"bu","14:44:25",8371700
13.1,-0.7,1300,"sd","14:44:19",8361700
13.2,-0.6,1000,"bu","14:43:36",8360400
13.2,-0.6,100,"bu","14:43:26",8359400
13.2,-0.6,200,"bu","14:43:24",8359300
13.1,-0.7,1100,"sd","14:43:19",8359100
13.2,-0.6,200,"bu","14:42:51",8358000
13.2,-0.6,30000,"bu","14:42:41",8357800
13.1,-0.7,2000,"sd","14:42:29",8327800
13.2,-0.6,500,"bu","14:42:27",8325800
13.1,-0.7,6000,"sd","14:42:16",8325300
13.2,-0.6,700,"bu","14:41:46",8319300
13.1,-0.7,100,"sd","14:41:34",8318600
13.2,-0.6,100,"bu","14:41:15",8318500
13.1,-0.7,500,"sd","14:41:13",8318400
13.2,-0.6,10500,"bu","14:41:07",8317900
13.2,-0.6,100,"bu","14:41:04",8307400
13.2,-0.6,200,"bu","14:40:51",8307300
13.2,-0.6,100,"bu","14:40:42",8307100
13.1,-0.7,500,"sd","14:39:51",8307000
13.2,-0.6,100,"bu","14:39:48",8306500
13.2,-0.6,100,"bu","14:39:36",8306400
13.2,-0.6,1000,"bu","14:39:33",8306300
13.1,-0.7,1000,"sd","14:39:22",8305300
13.2,-0.6,2000,"bu","14:39:17",8304300
13.2,-0.6,1000,"bu","14:39:15",8302300
13.2,-0.6,600,"bu","14:39:11",8301300
13.2,-0.6,100,"bu","14:38:59",8300700
13.2,-0.6,2000,"bu","14:38:49",8300600
13.2,-0.6,200,"bu","14:38:42",8298600
13.2,-0.6,2000,"bu","14:38:33",8298400
13.2,-0.6,100,"bu","14:38:17",8296400
13.2,-0.6,2000,"bu","14:38:03",8296300
13.2,-0.6,1100,"bu","14:37:27",8294300
13.1,-0.7,50000,"sd","14:37:22",8293200
13.1,-0.7,3000,"sd","14:37:14",8243200
13.2,-0.6,2000,"bu","14:36:56",8240200
13.2,-0.6,100,"bu","14:36:26",8238200
13.1,-0.7,100,"sd","14:36:20",8238100
13.1,-0.7,1000,"sd","14:36:06",8238000
13.1,-0.7,13000,"sd","14:35:57",8237000
13.1,-0.7,2000,"sd","14:35:35",8224000
13.2,-0.6,100,"bu","14:35:21",8222000
13.2,-0.6,500,"bu","14:34:59",8221900
13.1,-0.7,50000,"sd","14:34:34",8221400
13.2,-0.6,1300,"bu","14:34:29",8171400
13.2,-0.6,100,"bu","14:34:12",8170100
13.2,-0.6,200,"bu","14:34:11",8170000
13.2,-0.6,1000,"bu","14:34:07",8169800
13.2,-0.6,200,"sd","14:33:59",8168800
13.2,-0.6,500,"sd","14:33:58",8168600
13.2,-0.6,13000,"sd","14:33:52",8168100
13.2,-0.6,1200,"sd","14:33:47",8155100
13.2,-0.6,1000,"sd","14:33:38",8153900
13.2,-0.6,1000,"sd","14:33:34",8152900
13.2,-0.6,1500,"sd","14:33:32",8151900
13.2,-0.6,200,"sd","14:33:31",8150400
13.2,-0.6,1000,"sd","14:33:16",8150200
13.2,-0.6,3000,"sd","14:33:14",8149200
13.2,-0.6,5000,"sd","14:33:11",8146200
13.2,-0.6,2100,"sd","14:33:01",8141200
13.2,-0.6,1000,"sd","14:32:49",8139100
13.3,-0.5,100,"bu","14:32:22",8138100
13.2,-0.6,2000,"sd","14:32:13",8138000
13.2,-0.6,700,"sd","14:32:12",8136000
13.2,-0.6,200,"sd","14:32:07",8135300
13.2,-0.6,1000,"sd","14:31:46",8135100
13.2,-0.6,100,"sd","14:31:29",8134100
13.2,-0.6,1400,"sd","14:31:27",8134000
13.2,-0.6,1500,"sd","14:31:14",8132600
13.2,-0.6,1500,"sd","14:31:04",8131100
13.2,-0.6,1000,"sd","14:31:00",8129600
13.2,-0.6,300,"sd","14:30:58",8128600
13.2,-0.6,20000,"sd","14:30:42",8128300
13.3,-0.5,3000,"bu","14:30:31",8108300
13.2,-0.6,300,"sd","14:30:16",8105300
13.2,-0.6,1000,"sd","14:30:12",8105000
13.2,-0.6,600,"sd","14:29:56",8104000
13.2,-0.6,1000,"sd","14:29:43",8103400
13.2,-0.6,1300,"sd","14:29:41",8102400
13.2,-0.6,2000,"sd","14:29:37",8101100
13.3,-0.5,100,"bu","14:29:19",8099100
13.3,-0.5,100,"bu","14:29:17",8099000
13.3,-0.5,10000,"bu","14:28:58",8098900
13.2,-0.6,10000,"sd","14:28:52",8088900
13.3,-0.5,200,"bu","14:28:45",8078900
13.3,-0.5,300,"bu","14:28:41",8078700
13.3,-0.5,1000,"bu","14:28:20",8078400
13.3,-0.5,1000,"bu","14:28:11",8077400
13.3,-0.5,100,"bu","14:27:56",8076400
13.3,-0.5,300,"bu","14:27:48",8076300
13.2,-0.6,1000,"sd","14:27:47",8076000
13.3,-0.5,100,"bu","14:27:46",8075000
13.2,-0.6,6200,"sd","14:27:44",8074900
13.2,-0.6,100,"sd","14:27:15",8068700
13.2,-0.6,1400,"sd","14:27:10",8068600
13.2,-0.6,3900,"bu","14:27:08",8067200
13.2,-0.6,14000,"bu","14:27:05",8063300
13.2,-0.6,500,"bu","14:27:01",8049300
13.2,-0.6,200,"bu","14:26:58",8048800
13.2,-0.6,200,"bu","14:26:56",8048600
13.2,-0.6,300,"bu","14:26:55",8048400
13.2,-0.6,400,"bu","14:26:54",8048100
13.2,-0.6,22300,"bu","14:26:47",8047700
13.2,-0.6,1000,"bu","14:26:41",8025400
13.2,-0.6,5000,"bu","14:26:39",8024400
13.2,-0.6,10000,"bu","14:26:34",8019400
13.1,-0.7,100,"sd","14:26:31",8009400
13.1,-0.7,100,"sd","14:26:15",8009300
13.2,-0.6,20000,"bu","14:26:05",8009200
13.2,-0.6,200,"bu","14:25:55",7989200
13.1,-0.7,100,"sd","14:25:53",7989000
13.1,-0.7,1000,"sd","14:25:48",7988900
13.2,-0.6,100,"bu","14:25:47",7987900
13.1,-0.7,1000,"sd","14:25:43",7987800
13.2,-0.6,11800,"bu","14:25:42",7986800
13.1,-0.7,2000,"sd","14:25:33",7975000
13.1,-0.7,4500,"sd","14:25:26",7973000
13.2,-0.6,100,"bu","14:25:19",7968500
13.2,-0.6,100,"bu","14:25:04",7968400
13.2,-0.6,400,"bu","14:25:02",7968300
13.2,-0.6,100,"bu","14:25:01",7967900
13.2,-0.6,200,"bu","14:24:58",7967800
13.2,-0.6,400,"bu","14:24:47",7967600
13.2,-0.6,700,"bu","14:24:39",7967200
13.2,-0.6,5800,"bu","14:24:30",7966500
13.1,-0.7,5000,"sd","14:24:16",7960700
13.1,-0.7,1000,"sd","14:24:15",7955700
13.1,-0.7,200,"sd","14:24:12",7954700
13.2,-0.6,30000,"bu","14:24:10",7954500
13.1,-0.7,500,"sd","14:24:03",7924500
13.1,-0.7,600,"sd","14:23:59",7924000
13.2,-0.6,200,"bu","14:23:58",7923400
13.2,-0.6,800,"bu","14:23:56",7923200
13.2,-0.6,200,"bu","14:23:48",7922400
13.1,-0.7,1000,"sd","14:23:45",7922200
13.1,-0.7,2000,"sd","14:23:22",7921200
13.2,-0.6,2000,"bu","14:23:16",7919200
13.1,-0.7,2000,"bu","14:23:07",7917200
13.1,-0.7,100,"bu","14:23:03",7915200
13.1,-0.7,15500,"bu","14:23:01",7915100
13.1,-0.7,600,"bu","14:23:00",7899600
13.1,-0.7,1100,"bu","14:22:59",7899000
13.1,-0.7,1600,"bu","14:22:56",7897900
13.1,-0.7,200,"bu","14:22:53",7896300
13.1,-0.7,1700,"bu","14:22:51",7896100
13,-0.8,15000,"sd","14:22:49",7894400
13.1,-0.7,1000,"bu","14:22:48",7879400
13.1,-0.7,1100,"bu","14:22:46",7878400
13.1,-0.7,100,"bu","14:22:45",7877300
13.1,-0.7,9000,"bu","14:22:30",7877200
13,-0.8,1000,"bu","14:22:25",7868200
13,-0.8,3000,"bu","14:22:24",7867200
13,-0.8,100,"bu","14:22:23",7864200
13,-0.8,7100,"bu","14:22:22",7864100
13,-0.8,18000,"bu","14:22:21",7857000
13,-0.8,2700,"bu","14:22:20",7839000
13,-0.8,2500,"bu","14:22:19",7836300
13,-0.8,1300,"bu","14:22:18",7833800
13,-0.8,1000,"bu","14:22:17",7832500
13,-0.8,11000,"bu","14:22:16",7831500
13,-0.8,8100,"bu","14:22:15",7820500
13,-0.8,4900,"bu","14:22:14",7812400
13,-0.8,12000,"bu","14:22:13",7807500
13,-0.8,5400,"bu","14:22:12",7795500
13,-0.8,2800,"bu","14:22:11",7790100
13,-0.8,20300,"bu","14:22:09",7787300
13,-0.8,6500,"bu","14:22:08",7767000
13,-0.8,30300,"bu","14:22:07",7760500
13,-0.8,2000,"bu","14:22:04",7730200
13,-0.8,200,"bu","14:22:03",7728200
13,-0.8,100,"bu","14:22:02",7728000
13,-0.8,500,"bu","14:22:01",7727900
13,-0.8,2400,"bu","14:22:00",7727400
13,-0.8,300,"bu","14:21:59",7725000
13,-0.8,100,"bu","14:21:57",7724700
13,-0.8,500,"bu","14:21:52",7724600
13,-0.8,2000,"bu","14:21:50",7724100
13,-0.8,400,"bu","14:21:49",7722100
13,-0.8,200,"bu","14:21:48",7721700
13,-0.8,5000,"bu","14:21:42",7721500
13,-0.8,1100,"bu","14:21:41",7716500
13,-0.8,1000,"bu","14:21:40",7715400
13,-0.8,5000,"bu","14:21:39",7714400
12.9,-0.9,100,"sd","14:21:38",7709400
13,-0.8,1300,"bu","14:21:35",7709300
12.9,-0.9,3000,"sd","14:21:34",7708000
12.9,-0.9,100,"sd","14:21:32",7705000
13,-0.8,6000,"bu","14:21:29",7704900
13,-0.8,1200,"bu","14:21:25",7698900
13,-0.8,3000,"bu","14:21:23",7697700
13,-0.8,500,"bu","14:21:22",7694700
13,-0.8,3300,"bu","14:21:17",7694200
13,-0.8,2000,"bu","14:21:08",7690900
13,-0.8,2000,"bu","14:21:07",7688900
13,-0.8,300,"bu","14:21:02",7686900
13,-0.8,100,"bu","14:20:57",7686600
13,-0.8,400,"bu","14:20:54",7686500
13,-0.8,500,"bu","14:20:52",7686100
12.9,-0.9,20000,"sd","14:20:49",7685600
12.9,-0.9,3000,"sd","14:20:46",7665600
13,-0.8,200,"bu","14:20:44",7662600
12.9,-0.9,1000,"sd","14:20:43",7662400
12.9,-0.9,1900,"sd","14:20:39",7661400
12.9,-0.9,500,"sd","14:20:33",7659500
13,-0.8,100,"bu","14:20:32",7659000
12.9,-0.9,200,"sd","14:20:31",7658900
12.9,-0.9,1000,"sd","14:20:30",7658700
12.9,-0.9,100,"sd","14:20:27",7657700
12.9,-0.9,6500,"sd","14:20:26",7657600
13,-0.8,1000,"bu","14:20:25",7651100
13,-0.8,2000,"bu","14:20:24",7650100
12.9,-0.9,100,"sd","14:20:23",7648100
13,-0.8,100,"bu","14:20:19",7648000
12.9,-0.9,400,"sd","14:20:16",7647900
12.9,-0.9,1000,"sd","14:20:13",7647500
12.9,-0.9,1300,"sd","14:20:12",7646500
13,-0.8,300,"bu","14:20:08",7645200
12.9,-0.9,2000,"sd","14:20:06",7644900
13,-0.8,1000,"bu","14:20:03",7642900
12.9,-0.9,500,"sd","14:20:02",7641900
12.9,-0.9,9000,"sd","14:20:01",7641400
12.9,-0.9,200,"sd","14:19:59",7632400
13,-0.8,50500,"bu","14:19:58",7632200
12.9,-0.9,5000,"sd","14:19:57",7581700
12.9,-0.9,800,"sd","14:19:54",7576700
12.9,-0.9,500,"sd","14:19:52",7575900
13,-0.8,300,"bu","14:19:40",7575400
12.9,-0.9,2000,"sd","14:19:39",7575100
12.9,-0.9,8000,"sd","14:19:38",7573100
13,-0.8,3200,"bu","14:19:36",7565100
12.9,-0.9,3200,"sd","14:19:33",7561900
13,-0.8,20300,"bu","14:19:31",7558700
12.9,-0.9,7200,"sd","14:19:28",7538400
13,-0.8,1200,"bu","14:19:24",7531200
12.9,-0.9,1000,"sd","14:19:22",7530000
13,-0.8,1000,"bu","14:19:20",7529000
12.9,-0.9,100,"sd","14:19:16",7528000
13,-0.8,2100,"bu","14:19:15",7527900
13,-0.8,3000,"bu","14:19:13",7525800
13,-0.8,1000,"bu","14:19:10",7522800
13,-0.8,100,"bu","14:19:09",7521800
12.9,-0.9,700,"sd","14:19:07",7521700
12.9,-0.9,500,"sd","14:18:58",7521000
13,-0.8,100,"bu","14:18:53",7520500
13,-0.8,1000,"bu","14:18:52",7520400
13,-0.8,200,"bu","14:18:51",7519400
13,-0.8,1000,"bu","14:18:48",7519200
13,-0.8,20000,"bu","14:18:46",7518200
13,-0.8,500,"bu","14:18:45",7498200
12.9,-0.9,3000,"sd","14:18:40",7497700
13,-0.8,100,"bu","14:18:38",7494700
12.9,-0.9,900,"sd","14:18:35",7494600
13,-0.8,22600,"bu","14:18:29",7493700
13,-0.8,2000,"bu","14:18:28",7471100
13,-0.8,5000,"bu","14:18:16",7469100
13,-0.8,500,"bu","14:18:15",7464100
12.9,-0.9,100,"sd","14:18:11",7463600
13,-0.8,2000,"bu","14:18:09",7463500
12.9,-0.9,1000,"sd","14:18:01",7461500
12.9,-0.9,1000,"sd","14:18:00",7460500
13,-0.8,100,"bu","14:17:56",7459500
13,-0.8,200,"bu","14:17:54",7459400
13,-0.8,100,"bu","14:17:53",7459200
13,-0.8,1500,"bu","14:17:52",7459100
13,-0.8,3000,"bu","14:17:49",7457600
13,-0.8,100,"bu","14:17:43",7454600
13,-0.8,1200,"bu","14:17:39",7454500
13,-0.8,8100,"bu","14:17:38",7453300
13,-0.8,4000,"sd","14:17:35",7445200
13.1,-0.7,1000,"bu","14:17:34",7441200
13.1,-0.7,300,"bu","14:17:31",7440200
13,-0.8,30000,"sd","14:17:30",7439900
13,-0.8,700000,"sd","14:17:28",7409900
13.1,-0.7,100,"bu","14:17:23",6709900
13.1,-0.7,200,"bu","14:17:18",6709800
13.1,-0.7,100,"bu","14:17:15",6709600
13.1,-0.7,2300,"bu","14:17:09",6709500
13.1,-0.7,15000,"sd","14:17:08",6707200
13.1,-0.7,14600,"sd","14:17:07",6692200
13.1,-0.7,5000,"sd","14:17:06",6677600
13.1,-0.7,200,"sd","14:17:05",6672600
13.1,-0.7,500,"sd","14:17:04",6672400
13.1,-0.7,1000,"sd","14:17:03",6671900
13.1,-0.7,3300,"sd","14:17:02",6670900
13.1,-0.7,11600,"sd","14:16:57",6667600
13.1,-0.7,34900,"sd","14:16:55",6656000
13.1,-0.7,2000,"sd","14:16:54",6621100
13.1,-0.7,15000,"sd","14:16:53",6619100
13.1,-0.7,8000,"sd","14:16:52",6604100
13.1,-0.7,8500,"sd","14:16:51",6596100
13.1,-0.7,19200,"sd","14:16:48",6587600
13.1,-0.7,9000,"sd","14:16:45",6568400
13.1,-0.7,7900,"sd","14:16:43",6559400
13.1,-0.7,29300,"sd","14:16:42",6551500
13.1,-0.7,1800,"sd","14:16:41",6522200
13.1,-0.7,800,"sd","14:16:40",6520400
13.1,-0.7,500,"sd","14:16:35",6519600
13.1,-0.7,12000,"sd","14:16:32",6519100
13.2,-0.6,200,"bu","14:16:27",6507100
13.1,-0.7,9500,"sd","14:16:26",6506900
13.1,-0.7,8100,"sd","14:16:25",6497400
13.1,-0.7,400,"sd","14:16:24",6489300
13.1,-0.7,1500,"sd","14:16:23",6488900
13.2,-0.6,2000,"bu","14:16:22",6487400
13.1,-0.7,4000,"sd","14:16:21",6485400
13.1,-0.7,1000,"sd","14:16:19",6481400
13.1,-0.7,500,"sd","14:16:18",6480400
13.1,-0.7,1100,"sd","14:16:14",6479900
13.1,-0.7,900,"sd","14:16:13",6478800
13.1,-0.7,2000,"sd","14:16:11",6477900
13.1,-0.7,900,"sd","14:16:06",6475900
13.1,-0.7,1500,"sd","14:16:00",6475000
13.1,-0.7,20000,"sd","14:15:59",6473500
13.1,-0.7,1000,"sd","14:15:57",6453500
13.1,-0.7,100,"sd","14:15:56",6452500
13.1,-0.7,1000,"sd","14:15:51",6452400
13.1,-0.7,2000,"sd","14:15:50",6451400
13.1,-0.7,40000,"sd","14:15:49",6449400
13.1,-0.7,2500,"sd","14:15:48",6409400
13.1,-0.7,2900,"sd","14:15:47",6406900
13.1,-0.7,300,"sd","14:15:40",6404000
13.1,-0.7,22000,"sd","14:15:39",6403700
13.1,-0.7,2000,"sd","14:15:38",6381700
13.2,-0.6,51000,"bu","14:15:37",6379700
13.1,-0.7,1000,"sd","14:15:36",6328700
13.1,-0.7,2500,"sd","14:15:35",6327700
13.1,-0.7,500,"sd","14:15:34",6325200
13.1,-0.7,2000,"sd","14:15:28",6324700
13.1,-0.7,200,"sd","14:15:27",6322700
13.1,-0.7,50000,"sd","14:15:25",6322500
13.1,-0.7,5300,"sd","14:15:24",6272500
13.1,-0.7,4300,"sd","14:15:22",6267200
13.1,-0.7,12500,"sd","14:15:13",6262900
13.1,-0.7,1100,"sd","14:15:09",6250400
13.1,-0.7,1000,"sd","14:15:08",6249300
13.1,-0.7,3000,"sd","14:15:00",6248300
13.2,-0.6,200,"bu","14:14:57",6245300
13.1,-0.7,5000,"sd","14:14:56",6245100
13.2,-0.6,200,"bu","14:14:48",6240100
13.2,-0.6,3000,"bu","14:14:39",6239900
13.2,-0.6,100,"bu","14:14:37",6236900
13.2,-0.6,200,"bu","14:14:22",6236800
13.2,-0.6,200,"bu","14:14:18",6236600
13.2,-0.6,300,"bu","14:14:04",6236400
13.2,-0.6,111100,"sd","14:14:01",6236100
13.2,-0.6,900,"sd","14:14:00",6125000
13.2,-0.6,300,"sd","14:13:58",6124100
13.2,-0.6,5300,"sd","14:13:57",6123800
13.3,-0.5,100,"bu","14:13:55",6118500
13.2,-0.6,5000,"sd","14:13:53",6118400
13.2,-0.6,2600,"sd","14:13:43",6113400
13.2,-0.6,11000,"sd","14:13:38",6110800
13.2,-0.6,500,"sd","14:13:28",6099800
13.3,-0.5,500,"bu","14:13:26",6099300
13.2,-0.6,500,"sd","14:13:23",6098800
13.2,-0.6,500,"sd","14:13:21",6098300
13.2,-0.6,2200,"sd","14:13:14",6097800
13.3,-0.5,300,"bu","14:13:13",6095600
13.2,-0.6,3400,"sd","14:13:11",6095300
13.2,-0.6,2300,"sd","14:13:08",6091900
13.2,-0.6,10000,"sd","14:12:59",6089600
13.2,-0.6,10200,"sd","14:12:58",6079600
13.3,-0.5,2000,"bu","14:12:57",6069400
13.2,-0.6,600,"sd","14:12:49",6067400
13.2,-0.6,2000,"sd","14:12:34",6066800
13.2,-0.6,2000,"sd","14:12:33",6064800
13.2,-0.6,500,"sd","14:12:31",6062800
13.2,-0.6,1500,"sd","14:12:18",6062300
13.3,-0.5,500,"bu","14:12:10",6060800
13.3,-0.5,200,"bu","14:12:09",6060300
13.2,-0.6,300,"sd","14:12:07",6060100
13.3,-0.5,200,"bu","14:12:02",6059800
13.2,-0.6,300,"sd","14:11:59",6059600
13.3,-0.5,500,"bu","14:11:53",6059300
13.3,-0.5,15000,"bu","14:11:12",6058800
13.2,-0.6,700,"sd","14:11:04",6043800
13.2,-0.6,3000,"sd","14:11:03",6043100
13.2,-0.6,6000,"sd","14:10:49",6040100
13.2,-0.6,600,"sd","14:10:32",6034100
13.2,-0.6,1000,"sd","14:10:27",6033500
13.2,-0.6,500,"sd","14:10:23",6032500
13.2,-0.6,1000,"sd","14:10:09",6032000
13.2,-0.6,200,"sd","14:10:07",6031000
13.2,-0.6,2000,"sd","14:10:06",6030800
13.2,-0.6,200,"sd","14:10:03",6028800
13.3,-0.5,200,"bu","14:10:00",6028600
13.2,-0.6,20000,"sd","14:09:51",6028400
13.2,-0.6,100,"sd","14:09:49",6008400
13.2,-0.6,1000,"sd","14:09:45",6008300
13.2,-0.6,2000,"sd","14:09:25",6007300
13.2,-0.6,1000,"sd","14:09:21",6005300
13.2,-0.6,1000,"sd","14:09:07",6004300
13.2,-0.6,1000,"sd","14:09:00",6003300
13.3,-0.5,300,"bu","14:08:56",6002300
13.2,-0.6,2000,"sd","14:08:45",6002000
13.2,-0.6,1000,"sd","14:08:42",6000000
13.2,-0.6,200,"sd","14:08:35",5999000
13.2,-0.6,400,"sd","14:08:28",5998800
13.2,-0.6,1000,"sd","14:08:24",5998400
13.2,-0.6,300,"sd","14:08:20",5997400
13.3,-0.5,800,"bu","14:08:14",5997100
13.2,-0.6,4000,"sd","14:08:09",5996300
13.3,-0.5,500,"bu","14:08:05",5992300
13.3,-0.5,100,"bu","14:08:04",5991800
13.2,-0.6,15700,"sd","14:07:59",5991700
13.3,-0.5,200,"bu","14:07:51",5976000
13.3,-0.5,100,"bu","14:07:47",5975800
13.3,-0.5,1800,"bu","14:06:57",5975700
13.3,-0.5,800,"bu","14:06:47",5973900
13.3,-0.5,200,"bu","14:06:39",5973100
13.3,-0.5,200,"bu","14:06:36",5972900
13.3,-0.5,500,"bu","14:06:15",5972700
13.3,-0.5,1000,"bu","14:06:14",5972200
13.3,-0.5,100,"bu","14:06:05",5971200
13.3,-0.5,100,"bu","14:06:04",5971100
13.3,-0.5,100,"bu","14:06:03",5971000
13.3,-0.5,600,"bu","14:05:56",5970900
13.3,-0.5,3200,"bu","14:05:49",5970300
13.3,-0.5,2000,"sd","14:05:43",5967100
13.4,-0.4,200,"bu","14:05:42",5965100
13.3,-0.5,300,"sd","14:05:39",5964900
13.3,-0.5,4700,"sd","14:05:32",5964600
13.3,-0.5,4200,"sd","14:05:13",5959900
13.3,-0.5,200,"sd","14:04:52",5955700
13.4,-0.4,300,"bu","14:04:38",5955500
13.3,-0.5,3600,"bu","14:04:37",5955200
13.3,-0.5,100,"bu","14:04:36",5951600
13.3,-0.5,200,"bu","14:04:34",5951500
13.3,-0.5,200,"sd","14:04:23",5951300
13.3,-0.5,300,"bu","14:04:22",5951100
13.3,-0.5,100,"bu","14:04:17",5950800
13.3,-0.5,3000,"bu","14:04:08",5950700
13.3,-0.5,26600,"bu","14:04:01",5947700
13.3,-0.5,100,"sd","14:03:56",5921100
13.4,-0.4,100,"bu","14:03:50",5921000
13.4,-0.4,200,"bu","14:03:33",5920900
13.3,-0.5,33200,"bu","14:03:16",5920700
13.3,-0.5,10500,"bu","14:03:12",5887500
13.3,-0.5,1000,"bu","14:03:09",5877000
13.3,-0.5,1000,"bu","14:03:08",5876000
13.3,-0.5,10200,"bu","14:02:59",5875000
13.3,-0.5,5000,"bu","14:02:57",5864800
13.3,-0.5,100,"bu","14:02:56",5859800
13.3,-0.5,2000,"bu","14:02:45",5859700
13.3,-0.5,100,"bu","14:02:41",5857700
13.3,-0.5,300,"bu","14:02:29",5857600
13.2,-0.6,1000,"sd","14:02:21",5857300
13.2,-0.6,1000,"sd","14:02:20",5856300
13.2,-0.6,200,"sd","14:02:02",5855300
13.3,-0.5,3000,"bu","14:01:59",5855100
13.3,-0.5,100,"bu","14:01:46",5852100
13.3,-0.5,3000,"bu","14:01:37",5852000
13.3,-0.5,200,"bu","14:01:25",5849000
13.3,-0.5,400,"bu","14:01:24",5848800
13.3,-0.5,500,"bu","14:01:14",5848400
13.3,-0.5,100,"bu","14:01:06",5847900
13.3,-0.5,1500,"bu","14:00:48",5847800
13.2,-0.6,11000,"sd","14:00:31",5846300
13.3,-0.5,300,"bu","14:00:20",5835300
13.2,-0.6,2000,"sd","14:00:19",5835000
13.2,-0.6,100,"sd","14:00:16",5833000
13.2,-0.6,2000,"sd","14:00:14",5832900
13.2,-0.6,3000,"sd","13:59:47",5830900
13.2,-0.6,3000,"sd","13:59:36",5827900
13.2,-0.6,1500,"sd","13:59:34",5824900
13.2,-0.6,600,"sd","13:59:27",5823400
13.2,-0.6,1800,"bu","13:59:22",5822800
13.2,-0.6,2500,"bu","13:59:19",5821000
13.2,-0.6,2700,"bu","13:59:18",5818500
13.2,-0.6,1100,"sd","13:59:17",5815800
13.2,-0.6,1700,"bu","13:59:15",5814700
13.2,-0.6,400,"bu","13:59:14",5813000
13.2,-0.6,100,"bu","13:59:12",5812600
13.2,-0.6,500,"bu","13:59:11",5812500
13.2,-0.6,1000,"bu","13:59:09",5812000
13.2,-0.6,2300,"sd","13:59:03",5811000
13.2,-0.6,2000,"sd","13:58:59",5808700
13.2,-0.6,3000,"sd","13:58:57",5806700
13.2,-0.6,45000,"bu","13:58:56",5803700
13.2,-0.6,5000,"bu","13:58:52",5758700
13.2,-0.6,13800,"bu","13:58:49",5753700
13.2,-0.6,900,"bu","13:58:47",5739900
13.2,-0.6,2100,"bu","13:58:46",5739000
13.2,-0.6,1000,"bu","13:58:44",5736900
13.2,-0.6,500,"bu","13:58:40",5735900
13.2,-0.6,100,"bu","13:58:39",5735400
13.2,-0.6,1000,"bu","13:58:34",5735300
13.2,-0.6,10500,"bu","13:58:32",5734300
13.2,-0.6,100,"bu","13:58:31",5723800
13.2,-0.6,400,"bu","13:58:26",5723700
13.2,-0.6,3000,"bu","13:58:25",5723300
13.2,-0.6,1000,"bu","13:58:24",5720300
13.2,-0.6,200,"bu","13:58:22",5719300
13.2,-0.6,500,"bu","13:58:21",5719100
13.2,-0.6,1000,"bu","13:58:18",5718600
13.2,-0.6,300,"bu","13:58:17",5717600
13.1,-0.7,10100,"sd","13:58:16",5717300
13.2,-0.6,500,"bu","13:58:13",5707200
13.2,-0.6,300,"bu","13:58:10",5706700
13.2,-0.6,2900,"bu","13:58:09",5706400
13.2,-0.6,200,"bu","13:58:04",5703500
13.2,-0.6,200,"bu","13:58:02",5703300
13.2,-0.6,5000,"bu","13:57:59",5703100
13.2,-0.6,300,"bu","13:57:54",5698100
13.1,-0.7,500,"sd","13:57:53",5697800
13.2,-0.6,700,"bu","13:57:51",5697300
13.2,-0.6,500,"bu","13:57:48",5696600
13.2,-0.6,3000,"bu","13:57:45",5696100
13.1,-0.7,1000,"sd","13:57:43",5693100
13.2,-0.6,600,"bu","13:57:33",5692100
13.1,-0.7,4000,"sd","13:57:30",5691500
13.2,-0.6,1500,"bu","13:57:29",5687500
13.2,-0.6,100,"bu","13:57:28",5686000
13.2,-0.6,2500,"bu","13:57:21",5685900
13.1,-0.7,100,"sd","13:57:15",5683400
13.1,-0.7,100,"sd","13:57:07",5683300
13.2,-0.6,200,"bu","13:57:06",5683200
13.1,-0.7,1100,"sd","13:56:57",5683000
13.1,-0.7,2000,"sd","13:56:56",5681900
13.1,-0.7,500,"sd","13:56:54",5679900
13.1,-0.7,300,"sd","13:56:53",5679400
13.1,-0.7,200,"sd","13:56:42",5679100
13.1,-0.7,10000,"sd","13:56:38",5678900
13.1,-0.7,2000,"sd","13:56:34",5668900
13.1,-0.7,1000,"sd","13:56:33",5666900
13.1,-0.7,3800,"sd","13:56:32",5665900
13.2,-0.6,1000,"bu","13:56:25",5662100
13.2,-0.6,200,"bu","13:56:24",5661100
13.2,-0.6,200,"bu","13:56:02",5660900
13.2,-0.6,16900,"bu","13:56:01",5660700
13.2,-0.6,2000,"sd","13:56:00",5643800
13.2,-0.6,40000,"sd","13:55:59",5641800
13.2,-0.6,13000,"sd","13:55:57",5601800
13.2,-0.6,91000,"sd","13:55:53",5588800
13.2,-0.6,20300,"sd","13:55:48",5497800
13.2,-0.6,3100,"sd","13:55:47",5477500
13.2,-0.6,3000,"sd","13:55:39",5474400
13.2,-0.6,3000,"sd","13:55:37",5471400
13.2,-0.6,1700,"sd","13:55:35",5468400
13.2,-0.6,3000,"sd","13:55:29",5466700
13.2,-0.6,44000,"sd","13:55:25",5463700
13.2,-0.6,300,"sd","13:55:22",5419700
13.2,-0.6,200,"sd","13:55:18",5419400
13.2,-0.6,1100,"sd","13:55:14",5419200
13.2,-0.6,500,"sd","13:55:12",5418100
13.2,-0.6,6000,"sd","13:55:11",5417600
13.2,-0.6,100,"sd","13:54:59",5411600
13.3,-0.5,200,"bu","13:54:57",5411500
13.2,-0.6,600,"sd","13:54:50",5411300
13.2,-0.6,300,"sd","13:54:47",5410700
13.2,-0.6,4000,"sd","13:54:34",5410400
13.2,-0.6,700,"sd","13:54:27",5406400
13.2,-0.6,1100,"sd","13:54:14",5405700
13.2,-0.6,300,"sd","13:54:09",5404600
13.3,-0.5,200,"bu","13:54:06",5404300
13.2,-0.6,500,"sd","13:54:01",5404100
13.2,-0.6,1000,"sd","13:53:56",5403600
13.2,-0.6,4000,"sd","13:53:54",5402600
13.3,-0.5,300,"bu","13:53:53",5398600
13.2,-0.6,700,"sd","13:53:51",5398300
13.2,-0.6,1000,"sd","13:53:50",5397600
13.2,-0.6,3000,"sd","13:53:44",5396600
13.2,-0.6,3400,"sd","13:53:39",5393600
13.2,-0.6,10000,"sd","13:53:36",5390200
13.2,-0.6,10000,"sd","13:53:32",5380200
13.2,-0.6,100,"sd","13:53:30",5370200
13.3,-0.5,200,"bu","13:53:28",5370100
13.3,-0.5,1000,"bu","13:53:26",5369900
13.2,-0.6,11400,"sd","13:53:23",5368900
13.2,-0.6,2000,"sd","13:53:22",5357500
13.2,-0.6,200,"sd","13:53:18",5355500
13.2,-0.6,600,"sd","13:53:10",5355300
13.2,-0.6,2000,"sd","13:53:09",5354700
13.2,-0.6,5000,"sd","13:53:01",5352700
13.2,-0.6,100,"sd","13:53:00",5347700
13.3,-0.5,200,"bu","13:52:48",5347600
13.3,-0.5,100,"bu","13:52:46",5347400
13.3,-0.5,1200,"bu","13:52:40",5347300
13.3,-0.5,100,"bu","13:52:37",5346100
13.2,-0.6,10000,"sd","13:52:32",5346000
13.3,-0.5,300,"bu","13:52:30",5336000
13.3,-0.5,600,"bu","13:52:22",5335700
13.2,-0.6,400,"sd","13:52:21",5335100
13.2,-0.6,1000,"sd","13:52:18",5334700
13.2,-0.6,6000,"sd","13:52:17",5333700
13.2,-0.6,500,"sd","13:52:09",5327700
13.3,-0.5,200,"bu","13:52:05",5327200
13.2,-0.6,100,"sd","13:51:57",5327000
13.2,-0.6,100,"sd","13:51:48",5326900
13.3,-0.5,200,"bu","13:51:46",5326800
13.3,-0.5,300,"bu","13:51:44",5326600
13.3,-0.5,200,"bu","13:51:31",5326300
13.3,-0.5,1000,"bu","13:51:25",5326100
13.3,-0.5,500,"bu","13:51:21",5325100
13.2,-0.6,15000,"sd","13:51:13",5324600
13.3,-0.5,200,"bu","13:51:08",5309600
13.3,-0.5,100,"bu","13:50:55",5309400
13.3,-0.5,2000,"bu","13:50:52",5309300
13.3,-0.5,300,"bu","13:50:49",5307300
13.3,-0.5,300,"bu","13:50:40",5307000
13.3,-0.5,200,"bu","13:50:39",5306700
13.3,-0.5,3000,"sd","13:50:27",5306500
13.4,-0.4,400,"bu","13:50:19",5303500
13.3,-0.5,1500,"sd","13:50:13",5303100
13.3,-0.5,30000,"sd","13:50:11",5301600
13.3,-0.5,1000,"sd","13:49:54",5271600
13.3,-0.5,100,"sd","13:49:52",5270600
13.3,-0.5,4400,"sd","13:49:48",5270500
13.3,-0.5,5000,"sd","13:49:46",5266100
13.3,-0.5,2000,"sd","13:49:45",5261100
13.3,-0.5,1500,"sd","13:49:43",5259100
13.3,-0.5,9300,"sd","13:49:41",5257600
13.3,-0.5,500,"sd","13:49:38",5248300
13.4,-0.4,15300,"bu","13:49:35",5247800
13.3,-0.5,30000,"sd","13:49:28",5232500
13.3,-0.5,100,"sd","13:49:26",5202500
13.3,-0.5,4000,"sd","13:49:24",5202400
13.3,-0.5,500,"sd","13:49:16",5198400
13.3,-0.5,1000,"sd","13:49:15",5197900
13.3,-0.5,5000,"sd","13:48:46",5196900
13.3,-0.5,1300,"sd","13:48:45",5191900
13.4,-0.4,200,"bu","13:48:30",5190600
13.3,-0.5,10000,"sd","13:48:28",5190400
13.3,-0.5,100,"sd","13:48:15",5180400
13.3,-0.5,100,"sd","13:48:11",5180300
13.3,-0.5,100,"sd","13:48:06",5180200
13.3,-0.5,2000,"sd","13:47:56",5180100
13.3,-0.5,100,"sd","13:47:50",5178100
13.3,-0.5,300,"sd","13:47:45",5178000
13.3,-0.5,1200,"sd","13:47:43",5177700
13.4,-0.4,300,"bu","13:47:26",5176500
13.3,-0.5,30000,"sd","13:47:14",5176200
13.3,-0.5,1000,"sd","13:47:06",5146200
13.4,-0.4,100,"bu","13:46:56",5145200
13.4,-0.4,200,"bu","13:46:22",5145100
13.4,-0.4,300,"bu","13:45:55",5144900
13.4,-0.4,300,"bu","13:45:18",5144600
13.4,-0.4,2700,"bu","13:44:52",5144300
13.3,-0.5,2000,"sd","13:44:39",5141600
13.3,-0.5,26000,"sd","13:44:31",5139600
13.4,-0.4,100,"bu","13:44:17",5113600
13.4,-0.4,200,"bu","13:44:13",5113500
13.3,-0.5,5000,"sd","13:43:42",5113300
13.3,-0.5,11000,"sd","13:43:41",5108300
13.4,-0.4,300,"bu","13:43:09",5097300
13.3,-0.5,10000,"sd","13:43:07",5097000
13.4,-0.4,1000,"bu","13:43:05",5087000
13.3,-0.5,100,"sd","13:42:57",5086000
13.4,-0.4,400,"bu","13:42:37",5085900
13.3,-0.5,1000,"sd","13:42:21",5085500
13.4,-0.4,100,"bu","13:42:12",5084500
13.3,-0.5,10000,"sd","13:42:10",5084400
13.4,-0.4,200,"bu","13:42:05",5074400
13.3,-0.5,100,"sd","13:42:00",5074200
13.3,-0.5,5000,"sd","13:41:51",5074100
13.3,-0.5,200,"sd","13:41:28",5069100
13.4,-0.4,700,"bu","13:41:07",5068900
13.4,-0.4,300,"bu","13:41:00",5068200
13.3,-0.5,15000,"sd","13:40:57",5067900
13.3,-0.5,1900,"sd","13:40:42",5052900
13.3,-0.5,9000,"sd","13:40:28",5051000
13.3,-0.5,100,"sd","13:40:21",5042000
13.4,-0.4,2000,"bu","13:40:19",5041900
13.4,-0.4,200,"bu","13:39:56",5039900
13.3,-0.5,100,"sd","13:39:38",5039700
13.3,-0.5,1300,"sd","13:39:27",5039600
13.4,-0.4,2000,"bu","13:39:18",5038300
13.4,-0.4,500,"bu","13:39:15",5036300
13.4,-0.4,6000,"sd","13:39:06",5035800
13.4,-0.4,5000,"sd","13:39:05",5029800
13.4,-0.4,7900,"sd","13:39:04",5024800
13.4,-0.4,11800,"sd","13:39:03",5016900
13.4,-0.4,800,"sd","13:39:00",5005100
13.4,-0.4,20500,"sd","13:38:59",5004300
13.4,-0.4,5000,"sd","13:38:57",4983800
13.4,-0.4,600,"sd","13:38:56",4978800
13.4,-0.4,10500,"sd","13:38:54",4978200
13.4,-0.4,5000,"sd","13:38:52",4967700
13.5,-0.3,300,"bu","13:38:51",4962700
13.5,-0.3,300,"bu","13:38:50",4962400
13.4,-0.4,5000,"sd","13:38:49",4962100
13.4,-0.4,3000,"sd","13:38:46",4957100
13.4,-0.4,500,"sd","13:38:41",4954100
13.5,-0.3,500,"bu","13:38:40",4953600
13.4,-0.4,13500,"sd","13:38:34",4953100
13.4,-0.4,3000,"sd","13:38:19",4939600
13.4,-0.4,500,"sd","13:38:12",4936600
13.4,-0.4,300,"sd","13:38:00",4936100
13.5,-0.3,200,"bu","13:37:47",4935800
13.4,-0.4,200,"sd","13:37:37",4935600
13.4,-0.4,10700,"sd","13:37:27",4935400
13.4,-0.4,14500,"bu","13:37:20",4924700
13.4,-0.4,5000,"sd","13:37:16",4910200
13.4,-0.4,2000,"sd","13:37:13",4905200
13.4,-0.4,1000,"sd","13:37:12",4903200
13.4,-0.4,10000,"sd","13:37:11",4902200
13.4,-0.4,9500,"sd","13:37:10",4892200
13.4,-0.4,5000,"sd","13:37:06",4882700
13.4,-0.4,1000,"sd","13:36:49",4877700
13.5,-0.3,400,"bu","13:36:48",4876700
13.4,-0.4,10000,"sd","13:36:46",4876300
13.4,-0.4,500,"sd","13:36:44",4866300
13.5,-0.3,300,"bu","13:36:43",4865800
13.5,-0.3,1000,"bu","13:36:42",4865500
13.4,-0.4,1000,"sd","13:36:40",4864500
13.5,-0.3,100,"bu","13:36:39",4863500
13.4,-0.4,6400,"sd","13:36:34",4863400
13.4,-0.4,800,"sd","13:36:30",4857000
13.4,-0.4,1000,"sd","13:36:29",4856200
13.4,-0.4,1000,"sd","13:36:23",4855200
13.5,-0.3,100,"bu","13:36:14",4854200
13.4,-0.4,35700,"bu","13:35:40",4854100
13.4,-0.4,200,"bu","13:35:38",4818400
13.4,-0.4,500,"bu","13:35:34",4818200
13.4,-0.4,30000,"bu","13:35:32",4817700
13.4,-0.4,100,"bu","13:35:31",4787700
13.4,-0.4,200,"bu","13:35:19",4787600
13.4,-0.4,2000,"bu","13:35:15",4787400
13.4,-0.4,1000,"bu","13:35:03",4785400
13.4,-0.4,1000,"bu","13:34:59",4784400
13.4,-0.4,8700,"bu","13:34:57",4783400
13.4,-0.4,300,"bu","13:34:34",4774700
13.4,-0.4,700,"bu","13:34:29",4774400
13.4,-0.4,1000,"bu","13:34:12",4773700
13.4,-0.4,500,"bu","13:34:09",4772700
13.4,-0.4,1000,"bu","13:34:08",4772200
13.4,-0.4,1500,"bu","13:34:06",4771200
13.4,-0.4,5000,"bu","13:34:02",4769700
13.4,-0.4,10000,"bu","13:34:01",4764700
13.4,-0.4,600,"bu","13:33:58",4754700
13.4,-0.4,1000,"bu","13:33:55",4754100
13.4,-0.4,200,"bu","13:33:52",4753100
13.4,-0.4,10200,"bu","13:33:51",4752900
13.4,-0.4,300,"bu","13:33:49",4742700
13.4,-0.4,4300,"bu","13:33:45",4742400
13.4,-0.4,6000,"bu","13:33:40",4738100
13.4,-0.4,1000,"bu","13:33:37",4732100
13.4,-0.4,1300,"bu","13:33:36",4731100
13.4,-0.4,1000,"bu","13:33:35",4729800
13.4,-0.4,3000,"bu","13:33:32",4728800
13.4,-0.4,2000,"bu","13:33:31",4725800
13.4,-0.4,5000,"bu","13:33:30",4723800
13.4,-0.4,5300,"bu","13:33:29",4718800
13.4,-0.4,300,"bu","13:33:28",4713500
13.4,-0.4,7200,"bu","13:33:26",4713200
13.4,-0.4,13800,"sd","13:33:17",4706000
13.4,-0.4,40000,"sd","13:33:07",4692200
13.4,-0.4,1000,"sd","13:33:03",4652200
13.4,-0.4,2000,"sd","13:32:56",4651200
13.4,-0.4,10000,"sd","13:32:49",4649200
13.4,-0.4,1500,"sd","13:32:46",4639200
13.4,-0.4,60000,"sd","13:32:29",4637700
13.5,-0.3,300,"bu","13:32:25",4577700
13.5,-0.3,10000,"bu","13:32:12",4577400
13.5,-0.3,500,"bu","13:32:07",4567400
13.5,-0.3,1500,"bu","13:32:04",4566900
13.4,-0.4,51000,"sd","13:31:51",4565400
13.5,-0.3,200,"bu","13:31:46",4514400
13.5,-0.3,900,"bu","13:31:43",4514200
13.5,-0.3,100,"bu","13:31:42",4513300
13.5,-0.3,5000,"bu","13:31:40",4513200
13.5,-0.3,800,"bu","13:31:39",4508200
13.5,-0.3,3000,"bu","13:31:37",4507400
13.5,-0.3,1000,"bu","13:31:31",4504400
13.5,-0.3,300,"bu","13:31:28",4503400
13.5,-0.3,700,"bu","13:31:21",4503100
13.5,-0.3,200,"bu","13:31:20",4502400
13.5,-0.3,10000,"bu","13:31:12",4502200
13.5,-0.3,800,"bu","13:31:03",4492200
13.5,-0.3,8500,"bu","13:30:58",4491400
13.4,-0.4,500,"sd","13:30:57",4482900
13.5,-0.3,200,"bu","13:30:49",4482400
13.4,-0.4,1000,"sd","13:30:47",4482200
13.5,-0.3,2900,"bu","13:30:42",4481200
13.4,-0.4,300,"sd","13:30:40",4478300
13.4,-0.4,31500,"bu","13:30:29",4478000
13.4,-0.4,83000,"bu","13:30:26",4446500
13.4,-0.4,100000,"bu","13:30:22",4363500
13.4,-0.4,3000,"bu","13:30:18",4263500
13.4,-0.4,300,"bu","13:30:16",4260500
13.3,-0.5,100,"sd","13:30:13",4260200
13.4,-0.4,50000,"bu","13:30:10",4260100
13.3,-0.5,100,"sd","13:30:05",4210100
13.3,-0.5,200,"sd","13:29:49",4210000
13.4,-0.4,5100,"bu","13:29:45",4209800
13.4,-0.4,200,"bu","13:29:44",4204700
13.3,-0.5,2000,"sd","13:29:34",4204500
13.3,-0.5,3000,"sd","13:29:33",4202500
13.3,-0.5,4000,"sd","13:29:23",4199500
13.3,-0.5,300,"sd","13:29:17",4195500
13.3,-0.5,5000,"sd","13:29:16",4195200
13.3,-0.5,4200,"sd","13:29:12",4190200
13.4,-0.4,200,"bu","13:29:07",4186000
13.3,-0.5,38100,"sd","13:29:02",4185800
13.3,-0.5,3000,"sd","13:28:52",4147700
13.3,-0.5,5000,"sd","13:28:37",4144700
13.4,-0.4,5000,"bu","13:28:35",4139700
13.3,-0.5,1000,"sd","13:28:30",4134700
13.4,-0.4,300,"bu","13:28:07",4133700
13.3,-0.5,1000,"sd","13:27:51",4133400
13.3,-0.5,400,"sd","13:27:49",4132400
13.3,-0.5,100,"sd","13:27:39",4132000
13.3,-0.5,200,"sd","13:27:27",4131900
13.4,-0.4,200,"bu","13:27:03",4131700
13.4,-0.4,400,"bu","13:26:59",4131500
13.3,-0.5,2000,"bu","13:26:42",4131100
13.3,-0.5,8000,"sd","13:26:41",4129100
13.3,-0.5,2000,"sd","13:26:38",4121100
13.4,-0.4,200,"bu","13:26:37",4119100
13.3,-0.5,3000,"sd","13:26:32",4118900
13.3,-0.5,50000,"sd","13:26:21",4115900
13.3,-0.5,4800,"sd","13:26:10",4065900
13.3,-0.5,2500,"sd","13:26:02",4061100
13.4,-0.4,300,"bu","13:25:58",4058600
13.4,-0.4,500,"bu","13:25:44",4058300
13.3,-0.5,4000,"sd","13:25:42",4057800
13.4,-0.4,100,"bu","13:25:39",4053800
13.4,-0.4,3000,"bu","13:25:30",4053700
13.3,-0.5,2000,"sd","13:25:26",4050700
13.3,-0.5,1000,"sd","13:25:24",4048700
13.4,-0.4,4800,"bu","13:25:22",4047700
13.4,-0.4,200,"bu","13:25:13",4042900
13.3,-0.5,10000,"sd","13:25:12",4042700
13.4,-0.4,200,"bu","13:24:54",4032700
13.3,-0.5,800,"sd","13:24:53",4032500
13.4,-0.4,600,"bu","13:24:51",4031700
13.4,-0.4,10000,"bu","13:24:49",4031100
13.4,-0.4,3000,"bu","13:24:46",4021100
13.4,-0.4,5000,"bu","13:24:35",4018100
13.3,-0.5,3200,"sd","13:24:18",4013100
13.4,-0.4,300,"bu","13:23:49",4009900
13.4,-0.4,800,"bu","13:23:48",4009600
13.3,-0.5,400,"sd","13:23:46",4008800
13.4,-0.4,1000,"bu","13:23:39",4008400
13.3,-0.5,10000,"sd","13:23:28",4007400
13.3,-0.5,200,"sd","13:23:25",3997400
13.3,-0.5,100000,"sd","13:23:21",3997200
13.4,-0.4,500,"bu","13:23:17",3897200
13.4,-0.4,100,"bu","13:23:12",3896700
13.3,-0.5,2000,"sd","13:23:07",3896600
13.4,-0.4,100,"bu","13:23:00",3894600
13.4,-0.4,100,"bu","13:22:49",3894500
13.4,-0.4,200,"bu","13:22:45",3894400
13.3,-0.5,300,"sd","13:22:43",3894200
13.4,-0.4,1300,"bu","13:22:22",3893900
13.3,-0.5,500,"sd","13:21:50",3892600
13.3,-0.5,500,"sd","13:21:48",3892100
13.4,-0.4,1000,"bu","13:21:44",3891600
13.4,-0.4,300,"bu","13:21:41",3890600
13.3,-0.5,1000,"sd","13:21:20",3890300
13.3,-0.5,600,"sd","13:20:43",3889300
13.3,-0.5,1000,"sd","13:20:37",3888700
13.4,-0.4,200,"bu","13:20:36",3887700
13.3,-0.5,4000,"sd","13:20:18",3887500
13.3,-0.5,500,"sd","13:20:09",3883500
13.4,-0.4,100,"bu","13:20:02",3883000
13.4,-0.4,100,"bu","13:19:54",3882900
13.4,-0.4,1000,"bu","13:19:40",3882800
13.4,-0.4,2000,"bu","13:19:35",3881800
13.4,-0.4,300,"bu","13:19:31",3879800
13.4,-0.4,100,"bu","13:19:25",3879500
13.4,-0.4,800,"bu","13:19:10",3879400
13.3,-0.5,200,"sd","13:18:55",3878600
13.3,-0.5,600,"sd","13:18:54",3878400
13.4,-0.4,200,"bu","13:18:53",3877800
13.4,-0.4,200,"bu","13:18:26",3877600
13.3,-0.5,10000,"sd","13:18:24",3877400
13.3,-0.5,10000,"sd","13:18:06",3867400
13.3,-0.5,1000,"sd","13:18:05",3857400
13.4,-0.4,300,"bu","13:18:03",3856400
13.4,-0.4,7500,"bu","13:17:54",3856100
13.4,-0.4,100,"bu","13:17:52",3848600
13.4,-0.4,500,"bu","13:17:50",3848500
13.4,-0.4,300,"bu","13:17:22",3848000
13.3,-0.5,200,"sd","13:16:47",3847700
13.3,-0.5,800,"sd","13:16:35",3847500
13.3,-0.5,100,"sd","13:16:27",3846700
13.4,-0.4,200,"bu","13:16:17",3846600
13.3,-0.5,1500,"sd","13:15:47",3846400
13.3,-0.5,800,"sd","13:15:35",3844900
13.3,-0.5,200,"sd","13:15:20",3844100
13.3,-0.5,100,"sd","13:15:15",3843900
13.4,-0.4,300,"bu","13:15:13",3843800
13.3,-0.5,500,"sd","13:15:02",3843500
13.3,-0.5,1000,"sd","13:14:37",3843000
13.4,-0.4,100,"bu","13:14:30",3842000
13.4,-0.4,2000,"bu","13:14:28",3841900
13.4,-0.4,200,"bu","13:14:09",3839900
13.3,-0.5,500,"sd","13:13:51",3839700
13.4,-0.4,10500,"bu","13:13:45",3839200
13.3,-0.5,5000,"bu","13:13:41",3828700
13.3,-0.5,200,"bu","13:13:39",3823700
13.3,-0.5,2000,"bu","13:13:36",3823500
13.3,-0.5,200,"bu","13:13:32",3821500
13.3,-0.5,1000,"bu","13:13:31",3821300
13.3,-0.5,1500,"bu","13:13:29",3820300
13.3,-0.5,10000,"bu","13:13:28",3818800
13.3,-0.5,100,"sd","13:13:19",3808800
13.4,-0.4,10300,"bu","13:13:04",3808700
13.3,-0.5,500,"bu","13:12:59",3798400
13.3,-0.5,200,"bu","13:12:54",3797900
13.3,-0.5,500,"bu","13:12:51",3797700
13.3,-0.5,10100,"bu","13:12:50",3797200
13.3,-0.5,40500,"bu","13:12:43",3787100
13.3,-0.5,500,"bu","13:12:40",3746600
13.3,-0.5,1000,"bu","13:12:39",3746100
13.3,-0.5,2000,"bu","13:12:34",3745100
13.3,-0.5,10000,"bu","13:12:32",3743100
13.3,-0.5,1000,"bu","13:12:21",3733100
13.2,-0.6,500,"sd","13:12:19",3732100
13.3,-0.5,100,"bu","13:12:11",3731600
13.3,-0.5,100,"bu","13:12:03",3731500
13.3,-0.5,200,"bu","13:12:00",3731400
13.3,-0.5,100,"bu","13:11:54",3731200
13.2,-0.6,300,"sd","13:11:52",3731100
13.2,-0.6,400,"sd","13:11:43",3730800
13.3,-0.5,500,"bu","13:11:27",3730400
13.2,-0.6,2000,"sd","13:11:18",3729900
13.2,-0.6,1000,"sd","13:11:13",3727900
13.3,-0.5,100,"bu","13:11:12",3726900
13.2,-0.6,200,"sd","13:11:11",3726800
13.2,-0.6,7000,"sd","13:11:03",3726600
13.2,-0.6,700,"sd","13:10:55",3719600
13.2,-0.6,400,"sd","13:10:52",3718900
13.2,-0.6,600,"sd","13:10:36",3718500
13.3,-0.5,5000,"bu","13:10:33",3717900
13.2,-0.6,1000,"sd","13:10:32",3712900
13.2,-0.6,7700,"sd","13:10:19",3711900
13.3,-0.5,2600,"bu","13:10:11",3704200
13.3,-0.5,100,"bu","13:10:10",3701600
13.2,-0.6,100,"sd","13:10:09",3701500
13.3,-0.5,1000,"bu","13:10:04",3701400
13.3,-0.5,500,"bu","13:10:02",3700400
13.3,-0.5,200,"bu","13:09:51",3699900
13.3,-0.5,2200,"bu","13:09:44",3699700
13.3,-0.5,1000,"bu","13:09:42",3697500
13.3,-0.5,2000,"bu","13:09:39",3696500
13.3,-0.5,100,"bu","13:09:38",3694500
13.3,-0.5,5000,"bu","13:09:30",3694400
13.3,-0.5,500,"bu","13:09:19",3689400
13.3,-0.5,1000,"bu","13:09:17",3688900
13.3,-0.5,500,"bu","13:09:09",3687900
13.3,-0.5,100,"bu","13:09:08",3687400
13.3,-0.5,1000,"bu","13:09:04",3687300
13.3,-0.5,200,"bu","13:09:02",3686300
13.3,-0.5,2000,"bu","13:08:59",3686100
13.3,-0.5,3000,"bu","13:08:47",3684100
13.3,-0.5,300,"bu","13:08:46",3681100
13.3,-0.5,300,"bu","13:08:37",3680800
13.3,-0.5,1200,"bu","13:08:36",3680500
13.3,-0.5,10000,"sd","13:08:35",3679300
13.3,-0.5,2000,"sd","13:08:34",3669300
13.3,-0.5,3000,"sd","13:08:33",3667300
13.3,-0.5,7000,"sd","13:08:30",3664300
13.3,-0.5,10100,"sd","13:08:28",3657300
13.3,-0.5,1800,"sd","13:08:26",3647200
13.3,-0.5,400,"sd","13:08:25",3645400
13.3,-0.5,34300,"sd","13:08:20",3645000
13.3,-0.5,32700,"sd","13:08:19",3610700
13.3,-0.5,1000,"sd","13:08:16",3578000
13.3,-0.5,100,"sd","13:08:13",3577000
13.3,-0.5,700,"sd","13:08:12",3576900
13.3,-0.5,300,"sd","13:08:07",3576200
13.4,-0.4,200,"bu","13:08:04",3575900
13.3,-0.5,7200,"sd","13:07:59",3575700
13.3,-0.5,1500,"sd","13:07:56",3568500
13.4,-0.4,200,"bu","13:07:43",3567000
13.3,-0.5,100,"sd","13:07:31",3566800
13.3,-0.5,1500,"sd","13:07:30",3566700
13.3,-0.5,10000,"sd","13:07:22",3565200
13.3,-0.5,5000,"sd","13:06:59",3555200
13.3,-0.5,100,"sd","13:06:58",3550200
13.4,-0.4,500,"bu","13:06:51",3550100
13.3,-0.5,8000,"sd","13:06:50",3549600
13.3,-0.5,100,"sd","13:06:47",3541600
13.4,-0.4,300,"bu","13:06:38",3541500
13.4,-0.4,500,"bu","13:06:33",3541200
13.3,-0.5,3900,"sd","13:06:31",3540700
13.4,-0.4,1000,"bu","13:06:29",3536800
13.4,-0.4,200,"bu","13:06:24",3535800
13.3,-0.5,200,"sd","13:06:21",3535600
13.4,-0.4,700,"bu","13:06:12",3535400
13.4,-0.4,600,"bu","13:06:07",3534700
13.3,-0.5,800,"sd","13:06:05",3534100
13.4,-0.4,100,"bu","13:05:58",3533300
13.4,-0.4,100,"bu","13:05:41",3533200
13.4,-0.4,10200,"bu","13:05:33",3533100
13.4,-0.4,200,"bu","13:05:29",3522900
13.4,-0.4,1000,"bu","13:05:15",3522700
13.3,-0.5,10500,"sd","13:05:10",3521700
13.3,-0.5,2000,"sd","13:05:00",3511200
13.4,-0.4,500,"bu","13:04:57",3509200
13.3,-0.5,400,"sd","13:04:45",3508700
13.3,-0.5,4100,"sd","13:04:30",3508300
13.4,-0.4,300,"bu","13:04:29",3504200
13.3,-0.5,5000,"sd","13:04:17",3503900
13.4,-0.4,200,"bu","13:04:14",3498900
13.3,-0.5,10000,"sd","13:04:10",3498700
13.4,-0.4,100,"bu","13:03:54",3488700
13.4,-0.4,400,"bu","13:03:46",3488600
13.3,-0.5,2300,"sd","13:03:45",3488200
13.4,-0.4,200,"bu","13:03:24",3485900
13.3,-0.5,2000,"sd","13:03:18",3485700
13.3,-0.5,500,"sd","13:02:38",3483700
13.4,-0.4,300,"bu","13:02:20",3483200
13.4,-0.4,18800,"bu","13:02:19",3482900
13.4,-0.4,2000,"bu","13:02:17",3464100
13.3,-0.5,2500,"sd","13:02:11",3462100
13.3,-0.5,3000,"sd","13:01:38",3459600
13.3,-0.5,100,"sd","13:01:30",3456600
13.3,-0.5,100,"sd","13:01:24",3456500
13.3,-0.5,200,"sd","13:01:17",3456400
13.4,-0.4,200,"bu","13:01:15",3456200
13.3,-0.5,25800,"sd","13:00:47",3456000
13.3,-0.5,10500,"sd","13:00:38",3430200
13.4,-0.4,100,"bu","13:00:33",3419700
13.3,-0.5,100,"sd","13:00:19",3419600
13.4,-0.4,300,"bu","13:00:11",3419500
13.4,-0.4,200,"bu","13:00:10",3419200
13.4,-0.4,38600,"bu","13:00:03",3419000
13.3,-0.5,50800,"sd","13:00:02",3380400
13.3,-0.5,28200,"sd","13:00:01",3329600
13.4,-0.4,200,"bu","11:29:34",3301400
13.4,-0.4,500,"bu","11:29:18",3301200
13.4,-0.4,1000,"bu","11:29:06",3300700
13.4,-0.4,1000,"bu","11:28:55",3299700
13.4,-0.4,17800,"bu","11:28:44",3298700
13.3,-0.5,4000,"sd","11:28:40",3280900
13.3,-0.5,5500,"sd","11:28:36",3276900
13.3,-0.5,1000,"sd","11:28:09",3271400
13.3,-0.5,5000,"sd","11:28:07",3270400
13.3,-0.5,5000,"sd","11:27:59",3265400
13.3,-0.5,1000,"sd","11:27:50",3260400
13.3,-0.5,500,"sd","11:27:42",3259400
13.3,-0.5,4000,"sd","11:27:39",3258900
13.3,-0.5,100,"sd","11:27:27",3254900
13.3,-0.5,2000,"sd","11:27:19",3254800
13.4,-0.4,1000,"bu","11:27:16",3252800
13.4,-0.4,5000,"bu","11:27:04",3251800
13.4,-0.4,200,"bu","11:26:56",3246800
13.4,-0.4,200,"bu","11:26:35",3246600
13.3,-0.5,700,"sd","11:25:17",3246400
13.3,-0.5,500,"sd","11:24:05",3245700
13.4,-0.4,500,"bu","11:23:30",3245200
13.4,-0.4,500,"bu","11:23:17",3244700
13.4,-0.4,800,"bu","11:22:11",3244200
13.4,-0.4,1000,"bu","11:22:10",3243400
13.4,-0.4,500,"bu","11:22:04",3242400
13.4,-0.4,100,"bu","11:21:31",3241900
13.4,-0.4,500,"bu","11:21:28",3241800
13.3,-0.5,10000,"sd","11:21:19",3241300
13.3,-0.5,300,"sd","11:21:13",3231300
13.4,-0.4,200,"bu","11:20:57",3231000
13.3,-0.5,40000,"sd","11:20:36",3230800
13.4,-0.4,1000,"bu","11:20:35",3190800
13.4,-0.4,100,"bu","11:19:32",3189800
13.4,-0.4,2000,"bu","11:19:24",3189700
13.4,-0.4,100,"bu","11:18:49",3187700
13.3,-0.5,2000,"sd","11:18:15",3187600
13.4,-0.4,1000,"bu","11:17:05",3185600
13.4,-0.4,300,"bu","11:16:31",3184600
13.4,-0.4,100,"bu","11:16:28",3184300
13.4,-0.4,400,"bu","11:16:11",3184200
13.4,-0.4,200,"bu","11:16:09",3183800
13.4,-0.4,1000,"bu","11:15:52",3183600
13.4,-0.4,200,"bu","11:15:32",3182600
13.4,-0.4,1000,"bu","11:15:04",3182400
13.4,-0.4,200,"bu","11:14:58",3181400
13.4,-0.4,100,"bu","11:14:46",3181200
13.4,-0.4,1000,"bu","11:14:33",3181100
13.3,-0.5,300,"sd","11:14:23",3180100
13.4,-0.4,1300,"bu","11:14:16",3179800
13.4,-0.4,1000,"bu","11:14:13",3178500
13.4,-0.4,2000,"bu","11:13:57",3177500
13.4,-0.4,1000,"bu","11:13:54",3175500
13.4,-0.4,1000,"bu","11:13:43",3174500
13.4,-0.4,3000,"bu","11:13:39",3173500
13.4,-0.4,2000,"bu","11:13:36",3170500
13.4,-0.4,3000,"bu","11:13:29",3168500
13.4,-0.4,5000,"bu","11:13:15",3165500
13.4,-0.4,500,"bu","11:13:12",3160500
13.4,-0.4,100,"bu","11:13:06",3160000
13.4,-0.4,10000,"bu","11:13:05",3159900
13.4,-0.4,1000,"bu","11:13:04",3149900
13.4,-0.4,6000,"bu","11:12:53",3148900
13.4,-0.4,100,"bu","11:12:46",3142900
13.4,-0.4,1000,"bu","11:12:39",3142800
13.4,-0.4,50000,"bu","11:12:33",3141800
13.4,-0.4,100,"bu","11:12:30",3091800
13.3,-0.5,800,"sd","11:12:25",3091700
13.4,-0.4,2000,"bu","11:12:24",3090900
13.4,-0.4,1000,"bu","11:12:22",3088900
13.4,-0.4,100,"bu","11:12:21",3087900
13.4,-0.4,100,"bu","11:12:04",3087800
13.4,-0.4,300,"bu","11:11:48",3087700
13.4,-0.4,1000,"bu","11:11:37",3087400
13.4,-0.4,100,"bu","11:11:35",3086400
13.4,-0.4,2000,"bu","11:11:32",3086300
13.4,-0.4,500,"bu","11:11:24",3084300
13.4,-0.4,35000,"bu","11:11:21",3083800
13.4,-0.4,600,"bu","11:11:07",3048800
13.4,-0.4,100,"bu","11:11:03",3048200
13.4,-0.4,2000,"bu","11:10:44",3048100
13.4,-0.4,3700,"bu","11:10:21",3046100
13.4,-0.4,500,"bu","11:10:12",3042400
13.4,-0.4,500,"bu","11:09:42",3041900
13.4,-0.4,500,"bu","11:09:38",3041400
13.4,-0.4,100,"bu","11:09:23",3040900
13.4,-0.4,100,"bu","11:09:12",3040800
13.4,-0.4,3000,"bu","11:08:57",3040700
13.4,-0.4,200,"bu","11:08:38",3037700
13.4,-0.4,1100,"bu","11:08:26",3037500
13.4,-0.4,8000,"bu","11:08:11",3036400
13.4,-0.4,3000,"bu","11:08:06",3028400
13.4,-0.4,500,"bu","11:08:02",3025400
13.4,-0.4,1800,"bu","11:07:48",3024900
13.4,-0.4,100,"bu","11:07:47",3023100
13.4,-0.4,100,"bu","11:06:56",3023000
13.4,-0.4,1000,"bu","11:06:36",3022900
13.3,-0.5,2600,"sd","11:06:35",3021900
13.4,-0.4,100,"bu","11:05:59",3019300
13.4,-0.4,100,"bu","11:05:53",3019200
13.4,-0.4,500,"bu","11:05:43",3019100
13.4,-0.4,200,"bu","11:05:13",3018600
13.4,-0.4,1200,"bu","11:05:09",3018400
13.4,-0.4,100,"bu","11:04:51",3017200
13.4,-0.4,50000,"bu","11:04:47",3017100
13.3,-0.5,2000,"sd","11:04:17",2967100
13.3,-0.5,3000,"sd","11:03:53",2965100
13.4,-0.4,1000,"bu","11:03:48",2962100
13.4,-0.4,500,"bu","11:03:46",2961100
13.4,-0.4,1000,"bu","11:03:44",2960600
13.4,-0.4,2000,"bu","11:02:36",2959600
13.4,-0.4,200,"bu","11:02:33",2957600
13.4,-0.4,1000,"bu","11:02:23",2957400
13.4,-0.4,200,"bu","11:02:17",2956400
13.4,-0.4,1100,"bu","11:02:08",2956200
13.4,-0.4,100,"bu","11:01:24",2955100
13.4,-0.4,4900,"bu","11:01:18",2955000
13.4,-0.4,200,"bu","11:01:07",2950100
13.4,-0.4,100,"bu","11:00:47",2949900
13.4,-0.4,200,"bu","11:00:46",2949800
13.4,-0.4,200,"bu","11:00:34",2949600
13.4,-0.4,200,"bu","11:00:28",2949400
13.4,-0.4,2000,"bu","11:00:02",2949200
13.4,-0.4,2000,"bu","10:59:42",2947200
13.4,-0.4,4000,"bu","10:59:33",2945200
13.4,-0.4,100,"bu","10:59:23",2941200
13.4,-0.4,1200,"bu","10:59:07",2941100
13.4,-0.4,500,"bu","10:58:38",2939900
13.4,-0.4,2000,"bu","10:58:25",2939400
13.4,-0.4,400,"bu","10:58:21",2937400
13.4,-0.4,500,"bu","10:58:00",2937000
13.4,-0.4,500,"bu","10:57:58",2936500
13.4,-0.4,500,"bu","10:57:38",2936000
13.3,-0.5,1000,"sd","10:57:37",2935500
13.4,-0.4,1000,"bu","10:57:36",2934500
13.4,-0.4,200,"bu","10:57:31",2933500
13.3,-0.5,100,"sd","10:57:14",2933300
13.3,-0.5,500,"sd","10:56:11",2933200
13.4,-0.4,500,"bu","10:56:08",2932700
13.4,-0.4,600,"bu","10:55:50",2932200
13.4,-0.4,100,"bu","10:55:49",2931600
13.4,-0.4,200,"bu","10:55:46",2931500
13.4,-0.4,200,"bu","10:55:45",2931300
13.4,-0.4,1000,"bu","10:55:44",2931100
13.4,-0.4,500,"bu","10:55:41",2930100
13.4,-0.4,1000,"bu","10:55:35",2929600
13.4,-0.4,2000,"bu","10:55:29",2928600
13.4,-0.4,100,"bu","10:55:19",2926600
13.4,-0.4,400,"bu","10:55:17",2926500
13.4,-0.4,100,"bu","10:55:08",2926100
13.4,-0.4,1400,"bu","10:54:55",2926000
13.4,-0.4,10000,"bu","10:54:41",2924600
13.4,-0.4,2000,"bu","10:54:37",2914600
13.4,-0.4,100,"bu","10:54:34",2912600
13.4,-0.4,500,"bu","10:54:19",2912500
13.4,-0.4,100,"bu","10:54:18",2912000
13.4,-0.4,2000,"bu","10:54:17",2911900
13.4,-0.4,400,"bu","10:54:10",2909900
13.4,-0.4,500,"bu","10:54:07",2909500
13.4,-0.4,300,"bu","10:53:37",2909000
13.4,-0.4,1600,"bu","10:53:26",2908700
13.4,-0.4,100,"bu","10:53:10",2907100
13.4,-0.4,1000,"bu","10:53:01",2907000
13.4,-0.4,2000,"bu","10:52:52",2906000
13.4,-0.4,5600,"sd","10:52:14",2904000
13.4,-0.4,100,"sd","10:52:11",2898400
13.4,-0.4,3900,"sd","10:51:49",2898300
13.4,-0.4,10000,"sd","10:51:43",2894400
13.4,-0.4,500,"sd","10:51:23",2884400
13.4,-0.4,1000,"sd","10:50:11",2883900
13.4,-0.4,800,"sd","10:50:04",2882900
13.4,-0.4,1000,"bu","10:49:58",2882100
13.4,-0.4,300,"bu","10:49:57",2881100
13.4,-0.4,1300,"bu","10:49:55",2880800
13.4,-0.4,1000,"bu","10:49:47",2879500
13.4,-0.4,100,"bu","10:49:46",2878500
13.4,-0.4,200,"bu","10:49:41",2878400
13.4,-0.4,500,"bu","10:49:36",2878200
13.4,-0.4,300,"bu","10:49:35",2877700
13.4,-0.4,400,"bu","10:49:33",2877400
13.4,-0.4,100,"bu","10:49:32",2877000
13.4,-0.4,20000,"bu","10:49:28",2876900
13.4,-0.4,1600,"bu","10:49:27",2856900
13.4,-0.4,1000,"bu","10:49:25",2855300
13.4,-0.4,6000,"bu","10:49:24",2854300
13.4,-0.4,1100,"bu","10:49:20",2848300
13.4,-0.4,1000,"bu","10:49:16",2847200
13.4,-0.4,100,"bu","10:49:14",2846200
13.4,-0.4,200,"bu","10:49:13",2846100
13.4,-0.4,500,"bu","10:49:10",2845900
13.4,-0.4,1000,"bu","10:49:09",2845400
13.4,-0.4,100,"bu","10:49:08",2844400
13.4,-0.4,100,"bu","10:49:04",2844300
13.4,-0.4,10000,"bu","10:49:00",2844200
13.4,-0.4,2000,"bu","10:48:59",2834200
13.4,-0.4,100,"bu","10:48:57",2832200
13.4,-0.4,3100,"bu","10:48:55",2832100
13.4,-0.4,100,"bu","10:48:49",2829000
13.4,-0.4,7000,"bu","10:48:43",2828900
13.4,-0.4,400,"bu","10:48:36",2821900
13.4,-0.4,1000,"bu","10:48:34",2821500
13.4,-0.4,100,"bu","10:48:29",2820500
13.4,-0.4,100,"bu","10:48:24",2820400
13.4,-0.4,2400,"bu","10:48:20",2820300
13.4,-0.4,1000,"bu","10:48:11",2817900
13.4,-0.4,300,"bu","10:48:10",2816900
13.4,-0.4,10000,"bu","10:48:09",2816600
13.4,-0.4,200,"bu","10:48:08",2806600
13.4,-0.4,2000,"bu","10:48:03",2806400
13.4,-0.4,200,"bu","10:48:02",2804400
13.4,-0.4,1000,"bu","10:48:00",2804200
13.4,-0.4,10000,"bu","10:47:59",2803200
13.4,-0.4,600,"bu","10:47:56",2793200
13.4,-0.4,100,"bu","10:47:52",2792600
13.4,-0.4,2000,"bu","10:47:44",2792500
13.4,-0.4,500,"bu","10:47:38",2790500
13.4,-0.4,2000,"bu","10:47:37",2790000
13.4,-0.4,4000,"bu","10:47:36",2788000
13.4,-0.4,500,"bu","10:47:24",2784000
13.4,-0.4,100,"bu","10:47:20",2783500
13.4,-0.4,1000,"bu","10:47:16",2783400
13.4,-0.4,1000,"bu","10:47:15",2782400
13.4,-0.4,200,"bu","10:47:11",2781400
13.4,-0.4,100,"bu","10:47:10",2781200
13.4,-0.4,2000,"bu","10:47:08",2781100
13.4,-0.4,6800,"bu","10:47:07",2779100
13.4,-0.4,500,"bu","10:47:05",2772300
13.4,-0.4,5100,"bu","10:47:03",2771800
13.4,-0.4,200,"bu","10:47:00",2766700
13.4,-0.4,2000,"bu","10:46:57",2766500
13.4,-0.4,1000,"bu","10:46:56",2764500
13.4,-0.4,500,"bu","10:46:55",2763500
13.4,-0.4,500,"bu","10:46:50",2763000
13.4,-0.4,3000,"bu","10:46:49",2762500
13.4,-0.4,1700,"bu","10:46:48",2759500
13.4,-0.4,500,"bu","10:46:47",2757800
13.4,-0.4,3100,"bu","10:46:45",2757300
13.4,-0.4,1000,"bu","10:46:44",2754200
13.4,-0.4,1000,"bu","10:46:41",2753200
13.4,-0.4,400,"bu","10:46:39",2752200
13.4,-0.4,5500,"bu","10:46:37",2751800
13.4,-0.4,100,"bu","10:46:32",2746300
13.4,-0.4,9800,"bu","10:46:29",2746200
13.4,-0.4,4000,"bu","10:46:24",2736400
13.4,-0.4,100,"bu","10:46:22",2732400
13.4,-0.4,1500,"bu","10:46:15",2732300
13.4,-0.4,200,"bu","10:46:08",2730800
13.4,-0.4,800,"bu","10:46:07",2730600
13.4,-0.4,1000,"bu","10:46:04",2729800
13.4,-0.4,10000,"bu","10:46:00",2728800
13.4,-0.4,200,"bu","10:45:48",2718800
13.4,-0.4,900,"bu","10:45:43",2718600
13.4,-0.4,500,"bu","10:45:42",2717700
13.4,-0.4,600,"bu","10:45:37",2717200
13.4,-0.4,10000,"bu","10:45:20",2716600
13.3,-0.5,100,"sd","10:45:14",2706600
13.4,-0.4,5000,"bu","10:45:06",2706500
13.4,-0.4,100,"bu","10:44:59",2701500
13.4,-0.4,100,"bu","10:44:58",2701400
13.4,-0.4,500,"bu","10:44:50",2701300
13.4,-0.4,100,"bu","10:44:41",2700800
13.4,-0.4,1400,"bu","10:44:20",2700700
13.3,-0.5,100,"sd","10:44:19",2699300
13.4,-0.4,100,"bu","10:44:14",2699200
13.4,-0.4,100,"bu","10:44:00",2699100
13.3,-0.5,100,"sd","10:43:54",2699000
13.3,-0.5,2000,"sd","10:43:42",2698900
13.3,-0.5,6000,"sd","10:43:26",2696900
13.3,-0.5,2000,"sd","10:43:25",2690900
13.3,-0.5,3000,"sd","10:43:13",2688900
13.3,-0.5,1800,"sd","10:42:35",2685900
13.4,-0.4,1000,"bu","10:42:32",2684100
13.4,-0.4,200,"bu","10:42:29",2683100
13.4,-0.4,100,"bu","10:42:13",2682900
13.4,-0.4,4000,"bu","10:41:41",2682800
13.3,-0.5,900,"sd","10:41:27",2678800
13.3,-0.5,200,"sd","10:41:11",2677900
13.3,-0.5,9600,"sd","10:39:12",2677700
13.4,-0.4,4500,"bu","10:38:41",2668100
13.4,-0.4,4000,"bu","10:38:38",2663600
13.4,-0.4,100,"bu","10:38:32",2659600
13.4,-0.4,200,"bu","10:37:35",2659500
13.4,-0.4,1000,"bu","10:37:27",2659300
13.4,-0.4,1000,"bu","10:36:46",2658300
13.3,-0.5,2700,"sd","10:36:31",2657300
13.4,-0.4,200,"bu","10:36:20",2654600
13.3,-0.5,1000,"sd","10:36:18",2654400
13.4,-0.4,100,"bu","10:36:08",2653400
13.4,-0.4,100,"bu","10:35:51",2653300
13.4,-0.4,100,"bu","10:35:49",2653200
13.3,-0.5,400,"sd","10:35:43",2653100
13.4,-0.4,200,"bu","10:35:36",2652700
13.3,-0.5,500,"bu","10:34:53",2652500
13.3,-0.5,2000,"bu","10:34:51",2652000
13.3,-0.5,100,"bu","10:34:49",2650000
13.3,-0.5,1000,"bu","10:34:45",2649900
13.3,-0.5,100,"bu","10:34:43",2648900
13.3,-0.5,500,"bu","10:34:35",2648800
13.3,-0.5,200,"bu","10:34:30",2648300
13.3,-0.5,1100,"bu","10:34:23",2648100
13.3,-0.5,1500,"bu","10:34:21",2647000
13.3,-0.5,1700,"bu","10:34:10",2645500
13.3,-0.5,1000,"bu","10:34:08",2643800
13.3,-0.5,400,"bu","10:34:06",2642800
13.3,-0.5,100,"bu","10:34:05",2642400
13.3,-0.5,200,"bu","10:34:01",2642300
13.3,-0.5,1000,"bu","10:33:53",2642100
13.3,-0.5,300,"bu","10:33:52",2641100
13.3,-0.5,1100,"bu","10:33:51",2640800
13.3,-0.5,2000,"bu","10:33:49",2639700
13.3,-0.5,1000,"bu","10:33:37",2637700
13.3,-0.5,10000,"bu","10:33:34",2636700
13.3,-0.5,200,"bu","10:33:32",2626700
13.3,-0.5,5000,"bu","10:33:31",2626500
13.3,-0.5,1900,"bu","10:33:28",2621500
13.3,-0.5,2000,"bu","10:33:26",2619600
13.3,-0.5,3000,"bu","10:33:25",2617600
13.3,-0.5,300,"bu","10:33:23",2614600
13.3,-0.5,1100,"bu","10:33:22",2614300
13.3,-0.5,400,"bu","10:33:15",2613200
13.3,-0.5,500,"bu","10:33:14",2612800
13.3,-0.5,2000,"bu","10:32:59",2612300
13.3,-0.5,100,"bu","10:32:57",2610300
13.3,-0.5,2000,"bu","10:32:54",2610200
13.3,-0.5,100,"bu","10:32:51",2608200
13.3,-0.5,500,"bu","10:32:43",2608100
13.3,-0.5,500,"bu","10:32:41",2607600
13.3,-0.5,200,"bu","10:32:18",2607100
13.3,-0.5,2500,"bu","10:32:13",2606900
13.3,-0.5,200,"bu","10:32:12",2604400
13.3,-0.5,100,"bu","10:32:07",2604200
13.3,-0.5,900,"bu","10:32:04",2604100
13.3,-0.5,3700,"bu","10:32:01",2603200
13.3,-0.5,100,"bu","10:31:55",2599500
13.3,-0.5,200,"bu","10:31:53",2599400
13.3,-0.5,9500,"bu","10:31:50",2599200
13.3,-0.5,300,"bu","10:31:36",2589700
13.3,-0.5,300,"bu","10:31:16",2589400
13.3,-0.5,100,"bu","10:31:01",2589100
13.3,-0.5,200,"bu","10:30:57",2589000
13.3,-0.5,200,"bu","10:30:55",2588800
13.3,-0.5,200,"bu","10:30:46",2588600
13.3,-0.5,2500,"sd","10:30:32",2588400
13.3,-0.5,400,"sd","10:30:27",2585900
13.3,-0.5,2000,"sd","10:30:24",2585500
13.3,-0.5,10000,"sd","10:30:12",2583500
13.3,-0.5,1000,"sd","10:30:04",2573500
13.3,-0.5,1000,"sd","10:29:57",2572500
13.3,-0.5,3800,"sd","10:29:40",2571500
13.3,-0.5,4000,"sd","10:29:05",2567700
13.4,-0.4,100,"bu","10:28:49",2563700
13.3,-0.5,900,"sd","10:28:47",2563600
13.3,-0.5,1000,"sd","10:28:39",2562700
13.4,-0.4,500,"bu","10:28:30",2561700
13.3,-0.5,500,"sd","10:28:10",2561200
13.3,-0.5,2000,"sd","10:28:04",2560700
13.4,-0.4,100,"bu","10:28:02",2558700
13.3,-0.5,5500,"sd","10:28:01",2558600
13.3,-0.5,4000,"sd","10:28:00",2553100
13.4,-0.4,1400,"bu","10:27:57",2549100
13.3,-0.5,41000,"sd","10:27:49",2547700
13.3,-0.5,1000,"sd","10:27:45",2506700
13.3,-0.5,300,"sd","10:27:41",2505700
13.3,-0.5,1000,"sd","10:27:38",2505400
13.3,-0.5,500,"sd","10:27:23",2504400
13.3,-0.5,3400,"sd","10:27:16",2503900
13.3,-0.5,500,"sd","10:27:06",2500500
13.3,-0.5,100,"sd","10:26:47",2500000
13.3,-0.5,1500,"sd","10:26:44",2499900
13.3,-0.5,10000,"sd","10:26:33",2498400
13.3,-0.5,1000,"sd","10:26:00",2488400
13.3,-0.5,5000,"sd","10:25:56",2487400
13.4,-0.4,100,"bu","10:25:55",2482400
13.3,-0.5,1000,"sd","10:25:50",2482300
13.3,-0.5,1000,"sd","10:25:36",2481300
13.3,-0.5,1000,"sd","10:25:31",2480300
13.3,-0.5,200,"sd","10:25:27",2479300
13.3,-0.5,200,"bu","10:25:09",2479100
13.3,-0.5,3900,"bu","10:25:08",2478900
13.3,-0.5,8000,"bu","10:25:07",2475000
13.3,-0.5,10000,"bu","10:25:06",2467000
13.3,-0.5,2600,"bu","10:25:05",2457000
13.3,-0.5,5000,"bu","10:25:04",2454400
13.3,-0.5,500,"bu","10:25:03",2449400
13.3,-0.5,3000,"bu","10:25:02",2448900
13.3,-0.5,1000,"bu","10:25:01",2445900
13.3,-0.5,2200,"bu","10:25:00",2444900
13.3,-0.5,1900,"bu","10:24:57",2442700
13.3,-0.5,100,"bu","10:24:56",2440800
13.3,-0.5,5000,"bu","10:24:53",2440700
13.3,-0.5,300,"bu","10:24:51",2435700
13.3,-0.5,4800,"bu","10:24:50",2435400
13.3,-0.5,100,"bu","10:24:49",2430600
13.3,-0.5,500,"bu","10:24:47",2430500
13.3,-0.5,800,"bu","10:24:46",2430000
13.3,-0.5,1100,"bu","10:24:43",2429200
13.2,-0.6,4000,"sd","10:24:42",2428100
13.3,-0.5,200,"bu","10:24:39",2424100
13.3,-0.5,1000,"bu","10:24:38",2423900
13.3,-0.5,5000,"bu","10:24:36",2422900
13.3,-0.5,1400,"bu","10:24:34",2417900
13.3,-0.5,30000,"bu","10:24:32",2416500
13.2,-0.6,1400,"sd","10:24:29",2386500
13.3,-0.5,200,"bu","10:24:28",2385100
13.3,-0.5,500,"bu","10:24:27",2384900
13.3,-0.5,100,"bu","10:24:23",2384400
13.3,-0.5,100,"bu","10:24:21",2384300
13.3,-0.5,7300,"bu","10:24:15",2384200
13.3,-0.5,200,"bu","10:24:13",2376900
13.2,-0.6,4000,"sd","10:24:12",2376700
13.3,-0.5,5800,"bu","10:24:09",2372700
13.3,-0.5,500,"bu","10:24:01",2366900
13.3,-0.5,1500,"bu","10:23:57",2366400
13.3,-0.5,1000,"bu","10:23:56",2364900
13.2,-0.6,200,"sd","10:23:55",2363900
13.3,-0.5,500,"bu","10:23:52",2363700
13.3,-0.5,5000,"bu","10:23:43",2363200
13.3,-0.5,500,"bu","10:23:42",2358200
13.3,-0.5,4500,"bu","10:23:41",2357700
13.3,-0.5,2000,"bu","10:23:39",2353200
13.3,-0.5,100,"bu","10:23:35",2351200
13.3,-0.5,300,"bu","10:23:27",2351100
13.3,-0.5,200,"bu","10:23:24",2350800
13.3,-0.5,100,"bu","10:23:22",2350600
13.3,-0.5,100,"bu","10:23:21",2350500
13.3,-0.5,3000,"bu","10:23:06",2350400
13.3,-0.5,100,"bu","10:22:57",2347400
13.3,-0.5,200,"bu","10:22:52",2347300
13.3,-0.5,1500,"bu","10:22:51",2347100
13.3,-0.5,200,"bu","10:22:44",2345600
13.3,-0.5,4500,"bu","10:22:38",2345400
13.3,-0.5,6800,"sd","10:22:37",2340900
13.3,-0.5,100000,"sd","10:22:34",2334100
13.3,-0.5,600,"sd","10:22:12",2234100
13.3,-0.5,5000,"sd","10:22:08",2233500
13.3,-0.5,100,"sd","10:22:04",2228500
13.3,-0.5,5000,"sd","10:21:59",2228400
13.4,-0.4,1000,"bu","10:21:55",2223400
13.3,-0.5,100,"sd","10:21:53",2222400
13.3,-0.5,3000,"sd","10:21:49",2222300
13.3,-0.5,500,"sd","10:21:36",2219300
13.3,-0.5,8100,"sd","10:21:32",2218800
13.3,-0.5,1500,"sd","10:21:31",2210700
13.3,-0.5,1100,"sd","10:21:29",2209200
13.3,-0.5,900,"sd","10:21:24",2208100
13.3,-0.5,400,"sd","10:21:20",2207200
13.3,-0.5,3100,"sd","10:21:13",2206800
13.3,-0.5,10000,"sd","10:21:08",2203700
13.3,-0.5,900,"sd","10:20:49",2193700
13.3,-0.5,10000,"sd","10:20:44",2192800
13.3,-0.5,1700,"sd","10:20:43",2182800
13.3,-0.5,100,"sd","10:20:42",2181100
13.3,-0.5,2000,"sd","10:20:37",2181000
13.3,-0.5,500,"sd","10:20:36",2179000
13.3,-0.5,1000,"sd","10:20:31",2178500
13.3,-0.5,300,"sd","10:20:28",2177500
13.3,-0.5,800,"sd","10:20:26",2177200
13.3,-0.5,2000,"sd","10:20:22",2176400
13.3,-0.5,300,"sd","10:20:21",2174400
13.3,-0.5,21600,"sd","10:20:20",2174100
13.3,-0.5,2000,"sd","10:20:14",2152500
13.3,-0.5,3500,"sd","10:20:07",2150500
13.3,-0.5,100,"sd","10:20:03",2147000
13.4,-0.4,100,"bu","10:19:59",2146900
13.3,-0.5,2000,"sd","10:19:52",2146800
13.3,-0.5,1000,"sd","10:19:51",2144800
13.4,-0.4,224600,"bu","10:19:42",2143800
13.4,-0.4,79300,"sd","10:19:40",1919200
13.4,-0.4,20000,"sd","10:19:36",1839900
13.4,-0.4,3800,"sd","10:19:31",1819900
13.4,-0.4,100,"sd","10:19:25",1816100
13.5,-0.3,200,"bu","10:18:54",1816000
13.4,-0.4,20000,"sd","10:18:48",1815800
13.4,-0.4,10000,"sd","10:18:41",1795800
13.4,-0.4,2000,"sd","10:18:25",1785800
13.5,-0.3,100,"bu","10:18:18",1783800
13.5,-0.3,100,"bu","10:18:17",1783700
13.4,-0.4,10000,"sd","10:18:01",1783600
13.5,-0.3,2000,"bu","10:17:41",1773600
13.4,-0.4,1000,"sd","10:17:33",1771600
13.4,-0.4,3800,"sd","10:17:30",1770600
13.5,-0.3,400,"bu","10:17:25",1766800
13.4,-0.4,1000,"sd","10:17:21",1766400
13.4,-0.4,3000,"sd","10:17:17",1765400
13.4,-0.4,100,"sd","10:17:07",1762400
13.4,-0.4,300,"sd","10:17:03",1762300
13.5,-0.3,3000,"bu","10:17:01",1762000
13.4,-0.4,6000,"sd","10:16:57",1759000
13.4,-0.4,1600,"sd","10:16:52",1753000
13.5,-0.3,1000,"bu","10:16:51",1751400
13.4,-0.4,200,"sd","10:16:44",1750400
13.4,-0.4,600,"sd","10:16:43",1750200
13.5,-0.3,100,"bu","10:16:40",1749600
13.4,-0.4,10000,"sd","10:16:39",1749500
13.4,-0.4,5000,"sd","10:16:32",1739500
13.4,-0.4,500,"sd","10:16:08",1734500
13.4,-0.4,10000,"sd","10:15:48",1734000
13.4,-0.4,200,"sd","10:15:26",1724000
13.4,-0.4,500,"sd","10:15:13",1723800
13.4,-0.4,1000,"sd","10:15:12",1723300
13.5,-0.3,500,"bu","10:15:03",1722300
13.4,-0.4,10000,"sd","10:15:01",1721800
13.4,-0.4,15000,"sd","10:14:58",1711800
13.4,-0.4,500,"sd","10:14:43",1696800
13.4,-0.4,2900,"sd","10:14:14",1696300
13.5,-0.3,200,"bu","10:13:48",1693400
13.5,-0.3,500,"bu","10:13:40",1693200
13.5,-0.3,100,"bu","10:13:36",1692700
13.5,-0.3,11800,"bu","10:13:28",1692600
13.5,-0.3,1800,"bu","10:13:05",1680800
13.5,-0.3,500,"bu","10:12:44",1679000
13.5,-0.3,100,"bu","10:12:41",1678500
13.5,-0.3,500,"bu","10:12:34",1678400
13.5,-0.3,2000,"bu","10:12:20",1677900
13.4,-0.4,500,"sd","10:12:08",1675900
13.5,-0.3,2000,"bu","10:11:54",1675400
13.5,-0.3,1000,"bu","10:11:38",1673400
13.5,-0.3,3000,"bu","10:11:32",1672400
13.5,-0.3,1600,"bu","10:11:30",1669400
13.5,-0.3,100,"bu","10:11:28",1667800
13.5,-0.3,100,"bu","10:11:25",1667700
13.5,-0.3,10000,"bu","10:11:01",1667600
13.4,-0.4,500,"sd","10:10:53",1657600
13.5,-0.3,200,"bu","10:10:44",1657100
13.4,-0.4,2000,"sd","10:10:29",1656900
13.4,-0.4,500,"sd","10:10:20",1654900
13.4,-0.4,13000,"sd","10:10:06",1654400
13.5,-0.3,100,"bu","10:09:54",1641400
13.4,-0.4,400,"sd","10:09:53",1641300
13.4,-0.4,2000,"sd","10:09:50",1640900
13.5,-0.3,100,"bu","10:09:43",1638900
13.4,-0.4,6200,"sd","10:09:36",1638800
13.5,-0.3,700,"bu","10:09:34",1632600
13.4,-0.4,800,"sd","10:09:29",1631900
13.4,-0.4,500,"sd","10:09:14",1631100
13.4,-0.4,100,"sd","10:08:38",1630600
13.5,-0.3,2000,"bu","10:08:24",1630500
13.5,-0.3,100,"bu","10:07:32",1628500
13.4,-0.4,500,"sd","10:07:30",1628400
13.4,-0.4,500,"sd","10:07:26",1627900
13.5,-0.3,2000,"bu","10:07:11",1627400
13.4,-0.4,100,"sd","10:07:02",1625400
13.5,-0.3,1000,"bu","10:06:34",1625300
13.4,-0.4,7000,"sd","10:06:26",1624300
13.5,-0.3,2000,"bu","10:06:22",1617300
13.5,-0.3,2000,"bu","10:06:21",1615300
13.4,-0.4,3000,"sd","10:06:12",1613300
13.5,-0.3,100,"bu","10:06:10",1610300
13.5,-0.3,2000,"bu","10:06:07",1610200
13.5,-0.3,5000,"bu","10:05:42",1608200
13.5,-0.3,500,"bu","10:05:28",1603200
13.5,-0.3,300,"bu","10:05:23",1602700
13.5,-0.3,500,"bu","10:05:13",1602400
13.5,-0.3,5000,"bu","10:05:09",1601900
13.5,-0.3,400,"bu","10:05:04",1596900
13.5,-0.3,600,"bu","10:04:49",1596500
13.5,-0.3,200,"bu","10:04:44",1595900
13.5,-0.3,2800,"bu","10:04:33",1595700
13.5,-0.3,100,"bu","10:04:30",1592900
13.5,-0.3,1900,"bu","10:04:29",1592800
13.5,-0.3,1700,"bu","10:04:25",1590900
13.5,-0.3,100,"bu","10:04:21",1589200
13.5,-0.3,200,"bu","10:04:20",1589100
13.5,-0.3,200,"bu","10:04:18",1588900
13.5,-0.3,1000,"bu","10:04:13",1588700
13.5,-0.3,300,"bu","10:04:12",1587700
13.5,-0.3,3000,"bu","10:04:03",1587400
13.5,-0.3,1000,"bu","10:04:02",1584400
13.5,-0.3,300,"bu","10:03:56",1583400
13.5,-0.3,100,"bu","10:03:52",1583100
13.5,-0.3,100,"bu","10:03:51",1583000
13.5,-0.3,100,"bu","10:03:41",1582900
13.5,-0.3,100,"bu","10:03:40",1582800
13.5,-0.3,600,"bu","10:03:27",1582700
13.5,-0.3,2500,"bu","10:03:19",1582100
13.5,-0.3,1000,"bu","10:03:12",1579600
13.5,-0.3,200,"bu","10:03:11",1578600
13.5,-0.3,4000,"bu","10:03:10",1578400
13.5,-0.3,100,"bu","10:03:02",1574400
13.5,-0.3,100,"bu","10:02:53",1574300
13.5,-0.3,100,"bu","10:02:49",1574200
13.5,-0.3,3300,"bu","10:02:43",1574100
13.5,-0.3,5500,"bu","10:02:38",1570800
13.5,-0.3,1000,"bu","10:02:31",1565300
13.5,-0.3,5000,"bu","10:02:30",1564300
13.5,-0.3,200,"bu","10:02:27",1559300
13.5,-0.3,200,"bu","10:02:20",1559100
13.5,-0.3,10000,"bu","10:02:19",1558900
13.5,-0.3,3000,"bu","10:02:18",1548900
13.5,-0.3,300,"bu","10:02:15",1545900
13.5,-0.3,3600,"bu","10:02:12",1545600
13.5,-0.3,500,"bu","10:02:01",1542000
13.5,-0.3,100,"bu","10:02:00",1541500
13.5,-0.3,10100,"bu","10:01:52",1541400
13.5,-0.3,1000,"bu","10:01:49",1531300
13.5,-0.3,100,"bu","10:01:36",1530300
13.5,-0.3,26500,"sd","10:01:33",1530200
13.5,-0.3,3000,"sd","10:01:30",1503700
13.5,-0.3,200,"sd","10:01:23",1500700
13.5,-0.3,10000,"sd","10:00:57",1500500
13.5,-0.3,500,"sd","10:00:54",1490500
13.5,-0.3,500,"sd","10:00:51",1490000
13.5,-0.3,3700,"bu","10:00:38",1489500
13.5,-0.3,100,"bu","10:00:35",1485800
13.5,-0.3,10000,"bu","10:00:34",1485700
13.5,-0.3,200,"bu","10:00:33",1475700
13.5,-0.3,100,"bu","10:00:31",1475500
13.5,-0.3,7400,"bu","10:00:30",1475400
13.5,-0.3,2000,"bu","10:00:28",1468000
13.5,-0.3,15000,"bu","10:00:27",1466000
13.5,-0.3,100,"bu","10:00:20",1451000
13.5,-0.3,1500,"bu","10:00:18",1450900
13.5,-0.3,500,"bu","10:00:13",1449400
13.5,-0.3,200,"bu","10:00:03",1448900
13.5,-0.3,800,"bu","10:00:00",1448700
13.5,-0.3,100,"bu","09:59:53",1447900
13.5,-0.3,2000,"bu","09:59:45",1447800
13.5,-0.3,1000,"bu","09:59:44",1445800
13.5,-0.3,1000,"bu","09:59:43",1444800
13.5,-0.3,1000,"bu","09:59:41",1443800
13.5,-0.3,2000,"bu","09:59:38",1442800
13.5,-0.3,1000,"bu","09:59:36",1440800
13.5,-0.3,200,"bu","09:59:33",1439800
13.5,-0.3,200,"bu","09:59:30",1439600
13.5,-0.3,500,"bu","09:59:29",1439400
13.4,-0.4,600,"sd","09:59:25",1438900
13.5,-0.3,11000,"bu","09:59:23",1438300
13.5,-0.3,2200,"bu","09:59:18",1427300
13.5,-0.3,1900,"bu","09:59:15",1425100
13.5,-0.3,200,"bu","09:59:13",1423200
13.5,-0.3,5300,"bu","09:59:12",1423000
13.5,-0.3,1000,"bu","09:58:58",1417700
13.5,-0.3,2000,"bu","09:58:54",1416700
13.5,-0.3,1000,"bu","09:58:43",1414700
13.5,-0.3,200,"bu","09:58:39",1413700
13.5,-0.3,1000,"bu","09:58:36",1413500
13.5,-0.3,1000,"bu","09:58:25",1412500
13.5,-0.3,38800,"bu","09:58:07",1411500
13.5,-0.3,14100,"sd","09:58:01",1372700
13.5,-0.3,100,"bu","09:57:57",1358600
13.5,-0.3,200,"bu","09:57:40",1358500
13.5,-0.3,100,"bu","09:57:39",1358300
13.5,-0.3,800,"bu","09:57:37",1358200
13.5,-0.3,20000,"bu","09:57:33",1357400
13.5,-0.3,3000,"bu","09:57:28",1337400
13.5,-0.3,100,"bu","09:57:26",1334400
13.5,-0.3,8000,"bu","09:57:15",1334300
13.5,-0.3,2000,"bu","09:57:09",1326300
13.5,-0.3,500,"bu","09:57:03",1324300
13.5,-0.3,1000,"bu","09:57:00",1323800
13.5,-0.3,200,"bu","09:56:53",1322800
13.5,-0.3,100,"bu","09:56:51",1322600
13.5,-0.3,100,"bu","09:56:50",1322500
13.5,-0.3,5000,"bu","09:56:43",1322400
13.5,-0.3,300,"bu","09:56:42",1317400
13.5,-0.3,200,"bu","09:56:37",1317100
13.5,-0.3,100,"bu","09:56:34",1316900
13.5,-0.3,300,"bu","09:56:26",1316800
13.5,-0.3,100,"bu","09:56:22",1316500
13.5,-0.3,1000,"bu","09:56:21",1316400
13.5,-0.3,2800,"bu","09:56:20",1315400
13.5,-0.3,200,"bu","09:56:15",1312600
13.5,-0.3,500,"bu","09:56:07",1312400
13.5,-0.3,1600,"bu","09:56:05",1311900
13.5,-0.3,500,"bu","09:56:02",1310300
13.5,-0.3,1000,"bu","09:56:01",1309800
13.5,-0.3,300,"bu","09:55:56",1308800
13.5,-0.3,1000,"bu","09:55:53",1308500
13.5,-0.3,1000,"bu","09:55:48",1307500
13.5,-0.3,900,"bu","09:55:46",1306500
13.4,-0.4,1000,"sd","09:55:45",1305600
13.5,-0.3,1000,"bu","09:55:41",1304600
13.5,-0.3,13000,"bu","09:55:40",1303600
13.5,-0.3,1000,"bu","09:55:36",1290600
13.5,-0.3,2400,"bu","09:55:28",1289600
13.5,-0.3,300,"bu","09:55:27",1287200
13.5,-0.3,10000,"bu","09:55:23",1286900
13.5,-0.3,1500,"bu","09:55:18",1276900
13.5,-0.3,700,"bu","09:55:17",1275400
13.5,-0.3,1000,"bu","09:55:05",1274700
13.5,-0.3,2000,"bu","09:54:58",1273700
13.5,-0.3,1000,"bu","09:54:53",1271700
13.5,-0.3,5600,"bu","09:54:46",1270700
13.5,-0.3,1000,"bu","09:54:41",1265100
13.5,-0.3,1500,"bu","09:54:39",1264100
13.5,-0.3,500,"bu","09:54:29",1262600
13.4,-0.4,2000,"sd","09:54:26",1262100
13.5,-0.3,500,"bu","09:54:20",1260100
13.5,-0.3,1000,"bu","09:54:17",1259600
13.5,-0.3,11000,"sd","09:54:10",1258600
13.5,-0.3,1900,"bu","09:53:49",1247600
13.5,-0.3,10000,"bu","09:53:48",1245700
13.5,-0.3,100,"bu","09:53:45",1235700
13.5,-0.3,400,"bu","09:53:44",1235600
13.5,-0.3,500,"bu","09:53:43",1235200
13.5,-0.3,100,"bu","09:53:41",1234700
13.5,-0.3,5100,"bu","09:53:39",1234600
13.5,-0.3,500,"bu","09:53:38",1229500
13.5,-0.3,500,"bu","09:53:33",1229000
13.5,-0.3,100,"bu","09:53:30",1228500
13.5,-0.3,100,"bu","09:53:23",1228400
13.5,-0.3,700,"sd","09:53:21",1228300
13.5,-0.3,20000,"sd","09:52:56",1227600
13.5,-0.3,5800,"bu","09:52:33",1207600
13.5,-0.3,100,"bu","09:52:29",1201800
13.5,-0.3,500,"bu","09:52:22",1201700
13.5,-0.3,100,"bu","09:52:21",1201200
13.5,-0.3,24300,"sd","09:52:12",1201100
13.6,-0.2,300,"bu","09:52:01",1176800
13.6,-0.2,100,"bu","09:51:37",1176500
13.6,-0.2,300,"bu","09:50:48",1176400
13.6,-0.2,100,"bu","09:50:34",1176100
13.5,-0.3,600,"bu","09:50:02",1176000
13.5,-0.3,1000,"bu","09:50:00",1175400
13.5,-0.3,10000,"bu","09:49:58",1174400
13.5,-0.3,5500,"bu","09:49:57",1164400
13.5,-0.3,5300,"bu","09:49:56",1158900
13.5,-0.3,50000,"bu","09:49:53",1153600
13.5,-0.3,100,"bu","09:49:50",1103600
13.5,-0.3,3900,"bu","09:49:48",1103500
13.5,-0.3,100,"bu","09:49:47",1099600
13.5,-0.3,5600,"bu","09:49:46",1099500
13.5,-0.3,1000,"bu","09:49:45",1093900
13.5,-0.3,100,"bu","09:49:42",1092900
13.5,-0.3,1500,"bu","09:49:41",1092800
13.5,-0.3,100,"bu","09:49:36",1091300
13.5,-0.3,100,"bu","09:49:25",1091200
13.5,-0.3,3000,"bu","09:49:24",1091100
13.5,-0.3,100,"bu","09:49:20",1088100
13.5,-0.3,200,"bu","09:49:19",1088000
13.5,-0.3,300,"bu","09:49:01",1087800
13.5,-0.3,500,"bu","09:48:54",1087500
13.5,-0.3,2000,"bu","09:48:51",1087000
13.5,-0.3,4600,"bu","09:48:43",1085000
13.5,-0.3,100,"bu","09:48:42",1080400
13.5,-0.3,1000,"bu","09:48:41",1080300
13.5,-0.3,100,"bu","09:48:39",1079300
13.5,-0.3,400,"bu","09:48:32",1079200
13.5,-0.3,200,"bu","09:48:26",1078800
13.5,-0.3,300,"bu","09:48:12",1078600
13.5,-0.3,30000,"bu","09:48:08",1078300
13.5,-0.3,500,"bu","09:47:55",1048300
13.5,-0.3,100,"bu","09:47:53",1047800
13.5,-0.3,100,"bu","09:47:50",1047700
13.5,-0.3,100,"bu","09:47:49",1047600
13.5,-0.3,100,"bu","09:47:45",1047500
13.5,-0.3,1000,"bu","09:47:43",1047400
13.5,-0.3,500,"bu","09:47:42",1046400
13.5,-0.3,100,"bu","09:47:41",1045900
13.5,-0.3,2000,"bu","09:47:36",1045800
13.5,-0.3,200,"bu","09:47:28",1043800
13.5,-0.3,500,"bu","09:47:24",1043600
13.5,-0.3,800,"bu","09:47:14",1043100
13.5,-0.3,1000,"bu","09:47:10",1042300
13.5,-0.3,1000,"bu","09:46:43",1041300
13.5,-0.3,100,"bu","09:46:31",1040300
13.4,-0.4,1300,"sd","09:46:13",1040200
13.5,-0.3,1800,"bu","09:46:11",1038900
13.5,-0.3,300,"bu","09:46:09",1037100
13.5,-0.3,500,"bu","09:46:08",1036800
13.5,-0.3,500,"bu","09:45:44",1036300
13.5,-0.3,3500,"bu","09:45:43",1035800
13.5,-0.3,2200,"sd","09:45:40",1032300
13.5,-0.3,400,"sd","09:45:38",1030100
13.5,-0.3,200,"bu","09:45:17",1029700
13.5,-0.3,2000,"bu","09:45:15",1029500
13.5,-0.3,600,"bu","09:45:11",1027500
13.5,-0.3,1300,"bu","09:45:10",1026900
13.5,-0.3,2000,"bu","09:45:09",1025600
13.5,-0.3,300,"bu","09:45:08",1023600
13.5,-0.3,10000,"bu","09:45:07",1023300
13.5,-0.3,1000,"bu","09:45:04",1013300
13.5,-0.3,500,"bu","09:44:57",1012300
13.5,-0.3,500,"bu","09:44:53",1011800
13.5,-0.3,100,"bu","09:44:52",1011300
13.5,-0.3,100,"bu","09:44:51",1011200
13.5,-0.3,500,"bu","09:44:50",1011100
13.5,-0.3,200,"bu","09:44:48",1010600
13.5,-0.3,4200,"bu","09:44:46",1010400
13.5,-0.3,200,"bu","09:44:44",1006200
13.5,-0.3,300,"bu","09:44:43",1006000
13.5,-0.3,1000,"bu","09:44:42",1005700
13.5,-0.3,700,"bu","09:44:36",1004700
13.5,-0.3,500,"bu","09:44:32",1004000
13.5,-0.3,100,"bu","09:44:29",1003500
13.5,-0.3,22000,"bu","09:44:28",1003400
13.5,-0.3,100,"bu","09:44:27",981400
13.5,-0.3,400,"bu","09:44:25",981300
13.5,-0.3,300,"bu","09:44:18",980900
13.4,-0.4,2000,"sd","09:44:13",980600
13.5,-0.3,1000,"bu","09:44:09",978600
13.4,-0.4,6000,"sd","09:44:06",977600
13.5,-0.3,1100,"bu","09:44:04",971600
13.5,-0.3,500,"bu","09:44:01",970500
13.5,-0.3,300,"bu","09:43:58",970000
13.5,-0.3,100,"bu","09:43:55",969700
13.5,-0.3,600,"bu","09:43:51",969600
13.5,-0.3,100,"bu","09:43:48",969000
13.5,-0.3,1000,"bu","09:43:43",968900
13.5,-0.3,1900,"bu","09:43:40",967900
13.5,-0.3,1000,"bu","09:43:39",966000
13.5,-0.3,3000,"bu","09:43:34",965000
13.5,-0.3,300,"bu","09:43:32",962000
13.5,-0.3,2000,"bu","09:43:22",961700
13.5,-0.3,10000,"bu","09:43:21",959700
13.5,-0.3,100,"bu","09:43:17",949700
13.5,-0.3,1300,"bu","09:43:16",949600
13.5,-0.3,600,"bu","09:43:10",948300
13.5,-0.3,35700,"sd","09:43:07",947700
13.6,-0.2,100,"bu","09:43:04",912000
13.5,-0.3,200,"sd","09:42:32",911900
13.5,-0.3,2000,"sd","09:42:28",911700
13.5,-0.3,500,"sd","09:42:19",909700
13.5,-0.3,1000,"sd","09:42:16",909200
13.5,-0.3,300,"sd","09:41:59",908200
13.5,-0.3,4400,"bu","09:41:58",907900
13.5,-0.3,100,"bu","09:41:57",903500
13.5,-0.3,500,"bu","09:41:56",903400
13.5,-0.3,500,"bu","09:41:52",902900
13.5,-0.3,100,"bu","09:41:51",902400
13.5,-0.3,500,"bu","09:41:50",902300
13.5,-0.3,30000,"bu","09:41:46",901800
13.5,-0.3,300,"bu","09:41:44",871800
13.5,-0.3,300,"bu","09:41:40",871500
13.5,-0.3,500,"bu","09:41:38",871200
13.5,-0.3,1000,"bu","09:41:36",870700
13.5,-0.3,100,"bu","09:41:33",869700
13.5,-0.3,100,"bu","09:41:32",869600
13.5,-0.3,200,"bu","09:41:29",869500
13.5,-0.3,15000,"bu","09:41:22",869300
13.5,-0.3,1000,"bu","09:41:21",854300
13.5,-0.3,2000,"bu","09:41:19",853300
13.5,-0.3,2000,"bu","09:41:12",851300
13.5,-0.3,100,"bu","09:41:09",849300
13.5,-0.3,300,"bu","09:41:08",849200
13.5,-0.3,117500,"sd","09:41:05",848900
13.5,-0.3,400,"sd","09:40:54",731400
13.6,-0.2,1400,"bu","09:40:53",731000
13.5,-0.3,3900,"sd","09:40:05",729600
13.6,-0.2,400,"bu","09:40:03",725700
13.5,-0.3,2000,"sd","09:39:50",725300
13.5,-0.3,500,"sd","09:39:48",723300
13.5,-0.3,2000,"sd","09:39:45",722800
13.5,-0.3,200,"sd","09:39:35",720800
13.5,-0.3,1000,"sd","09:39:31",720600
13.5,-0.3,100,"sd","09:39:22",719600
13.5,-0.3,1100,"sd","09:39:21",719500
13.5,-0.3,2000,"sd","09:39:17",718400
13.5,-0.3,500,"sd","09:39:07",716400
13.5,-0.3,3100,"sd","09:39:06",715900
13.5,-0.3,500,"sd","09:39:05",712800
13.6,-0.2,100,"bu","09:38:49",712300
13.6,-0.2,100,"bu","09:38:48",712200
13.6,-0.2,200,"bu","09:38:36",712100
13.6,-0.2,1000,"bu","09:38:24",711900
13.6,-0.2,100,"bu","09:38:21",710900
13.6,-0.2,300,"bu","09:38:11",710800
13.6,-0.2,2900,"sd","09:37:51",710500
13.6,-0.2,1000,"sd","09:37:49",707600
13.6,-0.2,600,"sd","09:37:45",706600
13.6,-0.2,13400,"sd","09:37:36",706000
13.6,-0.2,500,"sd","09:37:35",692600
13.7,-0.1,100,"bu","09:37:33",692100
13.6,-0.2,100,"sd","09:37:28",692000
13.6,-0.2,20000,"sd","09:37:27",691900
13.6,-0.2,1100,"sd","09:37:26",671900
13.7,-0.1,7500,"bu","09:37:23",670800
13.6,-0.2,13000,"sd","09:37:22",663300
13.6,-0.2,4000,"sd","09:37:17",650300
13.6,-0.2,400,"sd","09:37:11",646300
13.6,-0.2,300,"sd","09:37:04",645900
13.6,-0.2,8200,"sd","09:37:03",645600
13.6,-0.2,200,"sd","09:37:00",637400
13.6,-0.2,100,"sd","09:36:56",637200
13.6,-0.2,5000,"sd","09:36:52",637100
13.6,-0.2,300,"sd","09:36:50",632100
13.6,-0.2,300,"sd","09:36:23",631800
13.7,-0.1,100,"bu","09:36:11",631500
13.7,-0.1,100,"bu","09:36:04",631400
13.7,-0.1,31300,"sd","09:35:22",631300
13.7,-0.1,1500,"sd","09:35:15",600000
13.7,-0.1,200,"sd","09:35:14",598500
13.7,-0.1,5000,"sd","09:35:06",598300
13.7,-0.1,1200,"sd","09:35:00",593300
13.7,-0.1,500,"sd","09:34:49",592100
13.7,-0.1,2000,"sd","09:34:48",591600
13.7,-0.1,200,"sd","09:34:47",589600
13.7,-0.1,2000,"sd","09:34:46",589400
13.7,-0.1,100,"sd","09:34:30",587400
13.7,-0.1,400,"sd","09:34:11",587300
13.7,-0.1,1000,"sd","09:34:06",586900
13.7,-0.1,400,"sd","09:34:00",585900
13.7,-0.1,2000,"sd","09:33:53",585500
13.7,-0.1,100,"sd","09:33:47",583500
13.7,-0.1,1000,"sd","09:33:45",583400
13.7,-0.1,1000,"sd","09:33:41",582400
13.7,-0.1,2000,"sd","09:33:38",581400
13.7,-0.1,2000,"sd","09:33:35",579400
13.7,-0.1,4000,"sd","09:33:12",577400
13.7,-0.1,1000,"sd","09:33:05",573400
13.7,-0.1,200,"sd","09:32:25",572400
13.7,-0.1,5000,"sd","09:32:22",572200
13.7,-0.1,2000,"sd","09:32:17",567200
13.7,-0.1,100,"sd","09:31:50",565200
13.8,0,2000,"bu","09:31:34",565100
13.8,0,100,"bu","09:31:32",563100
13.8,0,2000,"bu","09:31:25",563000
13.8,0,500,"bu","09:31:16",561000
13.8,0,100,"bu","09:30:46",560500
13.8,0,100,"bu","09:30:38",560400
13.8,0,1000,"bu","09:29:36",560300
13.7,-0.1,2400,"sd","09:29:28",559300
13.7,-0.1,100,"sd","09:29:25",556900
13.7,-0.1,1000,"sd","09:29:10",556800
13.7,-0.1,5000,"sd","09:29:04",555800
13.7,-0.1,100,"sd","09:28:57",550800
13.7,-0.1,4000,"sd","09:28:54",550700
13.7,-0.1,2000,"sd","09:28:53",546700
13.8,0,100,"bu","09:28:52",544700
13.7,-0.1,26600,"sd","09:28:25",544600
13.7,-0.1,1000,"sd","09:28:03",518000
13.7,-0.1,5000,"sd","09:27:56",517000
13.7,-0.1,7000,"sd","09:27:09",512000
13.7,-0.1,400,"sd","09:27:05",505000
13.7,-0.1,100,"sd","09:26:56",504600
13.7,-0.1,3000,"sd","09:26:48",504500
13.7,-0.1,2600,"sd","09:26:31",501500
13.7,-0.1,1000,"bu","09:26:27",498900
13.7,-0.1,1000,"bu","09:26:25",497900
13.7,-0.1,40000,"bu","09:26:22",496900
13.7,-0.1,2000,"bu","09:26:16",456900
13.7,-0.1,1000,"bu","09:26:12",454900
13.7,-0.1,400,"bu","09:26:07",453900
13.7,-0.1,100,"bu","09:25:35",453500
13.7,-0.1,200,"bu","09:25:34",453400
13.7,-0.1,1000,"bu","09:25:20",453200
13.7,-0.1,300,"bu","09:25:16",452200
13.7,-0.1,1000,"bu","09:25:15",451900
13.7,-0.1,1000,"bu","09:24:59",450900
13.7,-0.1,200,"bu","09:24:54",449900
13.7,-0.1,1000,"bu","09:24:43",449700
13.7,-0.1,10000,"bu","09:24:31",448700
13.6,-0.2,1000,"sd","09:24:27",438700
13.7,-0.1,1000,"bu","09:24:26",437700
13.7,-0.1,1000,"bu","09:24:01",436700
13.7,-0.1,100,"bu","09:23:59",435700
13.7,-0.1,500,"bu","09:23:53",435600
13.7,-0.1,100,"bu","09:23:47",435100
13.7,-0.1,1000,"bu","09:23:44",435000
13.7,-0.1,100,"bu","09:23:41",434000
13.7,-0.1,200,"bu","09:23:32",433900
13.7,-0.1,100,"bu","09:23:18",433700
13.7,-0.1,100,"bu","09:23:17",433600
13.7,-0.1,1100,"bu","09:23:14",433500
13.7,-0.1,100,"bu","09:23:12",432400
13.7,-0.1,200,"bu","09:23:09",432300
13.7,-0.1,900,"bu","09:23:04",432100
13.7,-0.1,600,"bu","09:22:57",431200
13.7,-0.1,100,"bu","09:22:50",430600
13.8,0,5000,"bu","09:22:41",430500
13.7,-0.1,28600,"bu","09:22:26",425500
13.8,0,600,"bu","09:22:19",396900
13.8,0,100,"bu","09:22:17",396300
13.8,0,2500,"bu","09:21:51",396200
13.8,0,3900,"sd","09:21:50",393700
13.8,0,1000,"sd","09:21:49",389800
13.8,0,4000,"sd","09:21:48",388800
13.8,0,4400,"sd","09:21:45",384800
13.8,0,2000,"sd","09:21:44",380400
13.8,0,28600,"sd","09:21:43",378400
13.8,0,4000,"sd","09:21:41",349800
13.8,0,500,"sd","09:21:37",345800
13.8,0,7000,"sd","09:21:34",345300
13.8,0,2000,"sd","09:21:33",338300
13.8,0,500,"sd","09:21:31",336300
13.8,0,1000,"sd","09:21:30",335800
13.8,0,500,"sd","09:21:29",334800
13.8,0,1000,"sd","09:21:27",334300
13.8,0,10000,"sd","09:21:25",333300
13.8,0,9000,"sd","09:21:24",323300
13.8,0,100,"sd","09:21:22",314300
13.8,0,500,"sd","09:21:19",314200
13.8,0,200,"sd","09:20:57",313700
13.8,0,3000,"sd","09:20:56",313500
13.8,0,700,"sd","09:20:54",310500
13.8,0,700,"sd","09:20:39",309800
13.8,0,600,"sd","09:20:35",309100
13.8,0,100,"sd","09:20:31",308500
13.8,0,5000,"sd","09:20:18",308400
13.8,0,500,"sd","09:20:09",303400
13.8,0,200,"sd","09:20:06",302900
13.8,0,1000,"sd","09:20:03",302700
13.8,0,600,"sd","09:19:54",301700
13.8,0,3000,"sd","09:19:53",301100
13.8,0,300,"sd","09:19:19",298100
13.8,0,1000,"sd","09:19:17",297800
13.8,0,200,"sd","09:19:08",296800
13.8,0,3000,"sd","09:19:07",296600
13.8,0,3000,"sd","09:19:03",293600
13.8,0,2000,"sd","09:18:58",290600
13.8,0,500,"sd","09:18:27",288600
13.8,0,3000,"sd","09:18:19",288100
13.9,0.1,1400,"bu","09:18:16",285100
13.8,0,1000,"sd","09:17:53",283700
13.8,0,2000,"sd","09:17:39",282700
13.8,0,10000,"sd","09:17:34",280700
13.8,0,500,"sd","09:17:26",270700
13.9,0.1,2100,"bu","09:17:21",270200
13.8,0,2300,"sd","09:17:18",268100
13.9,0.1,200,"bu","09:17:17",265800
13.8,0,1000,"sd","09:17:14",265600
13.8,0,9900,"sd","09:16:53",264600
13.9,0.1,600,"bu","09:16:49",254700
13.8,0,4700,"sd","09:16:41",254100
13.9,0.1,2900,"bu","09:16:33",249400
13.9,0.1,1000,"bu","09:16:32",246500
13.9,0.1,100,"bu","09:16:31",245500
13.9,0.1,100,"bu","09:16:28",245400
13.9,0.1,100,"bu","09:16:26",245300
13.9,0.1,10000,"bu","09:16:13",245200
13.9,0.1,2100,"bu","09:16:12",235200
13.9,0.1,2000,"bu","09:15:59",233100
13.9,0.1,2000,"bu","09:15:55",231100
13.9,0.1,1000,"bu","09:15:53",229100
13.9,0.1,200,"bu","09:15:50",228100
13.9,0.1,37000,"bu","09:15:48",227900
13.9,0.1,300,"bu","09:15:44",190900
13.9,0.1,1000,"bu","09:15:22",190600
13.8,0,100,"sd","09:14:59",189600
13.9,0.1,200,"bu","09:14:57",189500
13.8,0,600,"sd","09:14:30",189300
13.9,0.1,1000,"bu","09:14:20",188700
13.9,0.1,1000,"bu","09:14:17",187700
13.9,0.1,500,"bu","09:13:48",186700
13.9,0.1,300,"bu","09:13:39",186200
13.9,0.1,1000,"bu","09:13:25",185900
13.9,0.1,1000,"bu","09:13:22",184900
13.9,0.1,100,"bu","09:13:14",183900
13.9,0.1,300,"bu","09:13:11",183800
13.9,0.1,1000,"bu","09:12:45",183500
13.9,0.1,900,"bu","09:12:18",182500
13.8,0,6000,"sd","09:12:15",181600
13.8,0,200,"sd","09:12:14",175600
13.9,0.1,1000,"bu","09:12:05",175400
13.8,0,2000,"sd","09:11:54",174400
13.9,0.1,1000,"bu","09:11:44",172400
13.9,0.1,10000,"bu","09:11:33",171400
13.9,0.1,2000,"bu","09:11:32",161400
13.8,0,3500,"sd","09:11:14",159400
13.8,0,2600,"sd","09:11:08",155900
13.9,0.1,100,"bu","09:10:53",153300
13.8,0,5000,"sd","09:10:49",153200
13.8,0,100,"sd","09:10:43",148200
13.9,0.1,800,"bu","09:10:34",148100
13.9,0.1,400,"bu","09:10:30",147300
13.8,0,1000,"sd","09:10:28",146900
13.8,0,3000,"sd","09:10:21",145900
13.9,0.1,2000,"bu","09:10:10",142900
13.9,0.1,1000,"bu","09:09:54",140900
13.9,0.1,100,"bu","09:09:49",139900
13.9,0.1,200,"bu","09:09:36",139800
13.9,0.1,300,"bu","09:09:13",139600
13.8,0,3000,"sd","09:09:12",139300
13.8,0,900,"sd","09:09:10",136300
13.8,0,1500,"sd","09:08:46",135400
13.8,0,1000,"sd","09:08:25",133900
13.8,0,1000,"sd","09:08:24",132900
13.8,0,5000,"unknown","09:07:44",131900
13.8,0,5300,"sd","09:07:38",126900
13.8,0,1300,"sd","09:07:33",121600
13.8,0,100,"sd","09:07:26",120300
13.8,0,1000,"bu","09:07:18",120200
13.8,0,500,"bu","09:07:13",119200
13.8,0,10000,"bu","09:07:12",118700
13.8,0,200,"bu","09:07:08",108700
13.8,0,300,"bu","09:07:05",108500
13.8,0,200,"bu","09:07:03",108200
13.8,0,200,"bu","09:07:02",108000
13.8,0,100,"bu","09:06:59",107800
13.8,0,700,"bu","09:06:58",107700
13.8,0,500,"bu","09:06:56",107000
13.8,0,3000,"bu","09:06:51",106500
13.8,0,100,"bu","09:06:49",103500
13.8,0,200,"bu","09:06:37",103400
13.8,0,1500,"bu","09:06:35",103200
13.8,0,2700,"bu","09:06:32",101700
13.8,0,500,"bu","09:06:29",99000
13.8,0,200,"bu","09:06:25",98500
13.8,0,500,"bu","09:06:14",98300
13.8,0,400,"bu","09:05:57",97800
13.8,0,5000,"bu","09:05:53",97400
13.8,0,4900,"bu","09:05:29",92400
13.8,0,2000,"bu","09:05:28",87500
13.7,-0.1,9100,"bu","09:04:57",85500
13.7,-0.1,500,"bu","09:04:53",76400
13.7,-0.1,1000,"bu","09:04:47",75900
13.7,-0.1,400,"bu","09:04:45",74900
13.7,-0.1,500,"bu","09:04:42",74500
13.7,-0.1,1200,"bu","09:04:41",74000
13.7,-0.1,4000,"bu","09:04:40",72800
13.7,-0.1,10800,"bu","09:04:35",68800
13.7,-0.1,16000,"bu","09:04:34",58000
13.7,-0.1,600,"bu","09:04:33",42000
13.7,-0.1,300,"bu","09:04:31",41400
13.6,-0.2,6000,"sd","09:04:29",41100
13.7,-0.1,2000,"bu","09:04:23",35100
13.7,-0.1,20000,"bu","09:04:20",33100
13.6,-0.2,100,"sd","09:03:43",13100
13.6,-0.2,500,"sd","09:03:21",13000
13.6,-0.2,200,"sd","09:03:06",12500
13.7,-0.1,3000,"bu","09:02:58",12300
13.7,-0.1,2000,"bu","09:02:52",9300
13.7,-0.1,1000,"bu","09:02:50",7300
13.7,-0.1,500,"bu","09:02:41",6300
13.7,-0.1,300,"bu","09:02:26",5800
13.7,-0.1,1000,"bu","09:02:21",5500
13.7,-0.1,100,"bu","09:02:09",4500
13.6,-0.2,1400,"sd","09:01:16",4400
13.6,-0.2,2200,"sd","09:00:11",3000
13.8,0,100,"bu","09:00:10",800
13.8,0,100,"bu","09:00:08",700
13.7,-0.1,600,"sd","09:00:04",600
