"price","change","match_qtty","side","time","total_vol"
3.69,-0.16,2300,"unknown","14:45:02",142600
3.65,-0.2,300,"sd","14:29:03",140300
3.65,-0.2,200,"bu","14:29:01",140000
3.65,-0.2,100,"bu","14:28:13",139800
3.65,-0.2,400,"bu","14:28:07",139700
3.65,-0.2,100,"bu","14:28:03",139300
3.65,-0.2,100,"bu","14:27:53",139200
3.65,-0.2,200,"bu","14:27:53",139100
3.62,-0.23,100,"bu","14:25:16",138900
3.62,-0.23,200,"bu","14:25:03",138800
3.62,-0.23,2000,"bu","14:24:30",138600
3.62,-0.23,100,"bu","14:24:11",136600
3.61,-0.24,100,"unknown","14:23:48",136500
3.62,-0.23,1000,"bu","14:23:20",136400
3.62,-0.23,1000,"bu","14:22:40",135400
3.62,-0.23,1000,"sd","14:22:18",134400
3.62,-0.23,4600,"sd","14:22:18",133400
3.62,-0.23,4800,"sd","14:22:07",128800
3.64,-0.21,200,"bu","14:22:07",124000
3.64,-0.21,400,"bu","14:22:07",123800
3.62,-0.23,100,"sd","14:21:02",123400
3.64,-0.21,100,"bu","14:20:08",123300
3.65,-0.2,100,"bu","14:18:47",123200
3.62,-0.23,500,"sd","14:18:16",123100
3.62,-0.23,500,"sd","14:18:16",122600
3.65,-0.2,500,"bu","14:17:08",122100
3.65,-0.2,100,"bu","14:16:20",121600
3.65,-0.2,1000,"sd","14:15:11",121500
3.65,-0.2,500,"sd","14:15:11",120500
3.65,-0.2,2000,"sd","14:15:11",120000
3.65,-0.2,100,"sd","14:15:11",118000
3.65,-0.2,400,"sd","14:15:11",117900
3.65,-0.2,100,"sd","14:15:11",117500
3.65,-0.2,100,"sd","14:15:09",117400
3.65,-0.2,1400,"sd","14:15:09",117300
3.65,-0.2,1600,"sd","14:14:05",115900
3.65,-0.2,400,"sd","14:14:05",114300
3.65,-0.2,1600,"sd","14:09:58",113900
3.65,-0.2,100,"sd","14:09:58",112300
3.68,-0.17,300,"sd","14:09:58",112200
3.7,-0.15,100,"bu","14:09:21",111900
3.7,-0.15,500,"bu","14:09:21",111800
3.7,-0.15,200,"bu","14:09:21",111300
3.7,-0.15,2000,"bu","14:09:21",111100
3.7,-0.15,1000,"bu","14:09:21",109100
3.7,-0.15,2700,"bu","14:09:21",108100
3.7,-0.15,2300,"sd","14:09:08",105400
3.7,-0.15,200,"sd","14:09:08",103100
3.7,-0.15,100,"sd","14:09:08",102900
3.7,-0.15,800,"sd","14:09:08",102800
3.71,-0.14,100,"sd","14:08:54",102000
3.71,-0.14,200,"sd","14:08:54",101900
3.71,-0.14,1000,"sd","14:08:54",101700
3.74,-0.11,1000,"sd","14:07:42",100700
3.74,-0.11,1000,"bu","14:01:59",99700
3.74,-0.11,100,"bu","14:00:51",98700
3.74,-0.11,100,"bu","14:00:19",98600
3.74,-0.11,10000,"bu","14:00:05",98500
3.7,-0.15,600,"sd","13:59:38",88500
3.7,-0.15,600,"sd","13:59:22",87900
3.7,-0.15,200,"sd","13:59:22",87300
3.7,-0.15,100,"sd","13:59:22",87100
3.72,-0.13,200,"sd","13:59:22",87000
3.72,-0.13,1000,"sd","13:58:48",86800
3.74,-0.11,500,"sd","13:58:38",85800
3.74,-0.11,200,"sd","13:58:38",85300
3.75,-0.1,2000,"bu","13:57:53",85100
3.75,-0.1,100,"bu","13:57:53",83100
3.75,-0.1,100,"bu","13:57:53",83000
3.75,-0.1,100,"bu","13:57:53",82900
3.75,-0.1,400,"bu","13:57:53",82800
3.75,-0.1,300,"sd","13:57:53",82400
3.75,-0.1,600,"sd","13:57:53",82100
3.75,-0.1,4700,"sd","13:57:36",81500
3.75,-0.1,100,"sd","13:57:36",76800
3.76,-0.09,1000,"sd","13:57:36",76700
3.77,-0.08,100,"sd","13:57:22",75700
3.77,-0.08,100,"sd","13:56:12",75600
3.78,-0.07,300,"sd","13:55:48",75500
3.78,-0.07,100,"sd","13:55:48",75200
3.79,-0.06,100,"sd","13:55:48",75100
3.8,-0.05,600,"sd","13:51:05",75000
3.8,-0.05,500,"sd","13:50:47",74400
3.8,-0.05,700,"sd","13:50:47",73900
3.8,-0.05,100,"sd","13:50:47",73200
3.81,-0.04,100,"bu","13:45:17",73100
3.81,-0.04,100,"sd","13:43:16",73000
3.82,-0.03,100,"sd","13:42:42",72900
3.83,-0.02,100,"sd","13:36:36",72800
3.84,-0.01,100,"sd","13:34:23",72700
3.83,-0.02,100,"bu","13:33:16",72600
3.83,-0.02,1500,"bu","13:33:16",72500
3.82,-0.03,900,"bu","13:32:43",71000
3.82,-0.03,100,"sd","13:32:05",70100
3.82,-0.03,1700,"bu","13:30:38",70000
3.82,-0.03,200,"bu","13:30:12",68300
3.82,-0.03,100,"bu","13:30:06",68100
3.82,-0.03,900,"bu","13:30:06",68000
3.82,-0.03,100,"sd","13:28:06",67100
3.82,-0.03,100,"sd","13:26:14",67000
3.82,-0.03,500,"bu","13:23:15",66900
3.82,-0.03,1000,"bu","13:23:15",66400
3.82,-0.03,200,"bu","13:23:15",65400
3.81,-0.04,100,"unknown","13:21:28",65200
3.82,-0.03,1800,"bu","13:15:43",65100
3.82,-0.03,200,"bu","13:15:43",63300
3.81,-0.04,100,"sd","13:10:49",63100
3.82,-0.03,200,"bu","13:00:42",63000
3.79,-0.06,100,"unknown","13:00:17",62800
3.82,-0.03,1000,"bu","13:00:10",62700
3.82,-0.03,200,"bu","13:00:03",61700
3.77,-0.08,600,"bu","11:28:29",61500
3.77,-0.08,100,"bu","11:28:21",60900
3.77,-0.08,100,"sd","11:27:33",60800
3.77,-0.08,200,"sd","11:27:33",60700
3.8,-0.05,100,"unknown","11:25:34",60500
3.8,-0.05,100,"unknown","11:25:34",60400
3.82,-0.03,300,"bu","11:24:44",60300
3.82,-0.03,800,"bu","11:24:44",60000
3.82,-0.03,100,"bu","11:23:56",59200
3.82,-0.03,200,"bu","11:23:23",59100
3.82,-0.03,100,"bu","11:22:45",58900
3.82,-0.03,100,"bu","11:22:07",58800
3.82,-0.03,100,"bu","11:21:29",58700
3.82,-0.03,300,"bu","11:15:47",58600
3.82,-0.03,100,"bu","11:13:55",58300
3.82,-0.03,200,"sd","11:12:29",58200
3.82,-0.03,2000,"bu","11:12:07",58000
3.82,-0.03,1000,"bu","11:10:59",56000
3.83,-0.02,1200,"bu","11:09:42",55000
3.82,-0.03,800,"bu","11:09:42",53800
3.82,-0.03,100,"bu","11:09:23",53000
3.82,-0.03,100,"sd","11:09:12",52900
3.83,-0.02,200,"bu","11:09:08",52800
3.82,-0.03,900,"bu","11:08:51",52600
3.82,-0.03,100,"bu","11:08:42",51700
3.82,-0.03,100,"bu","11:08:42",51600
3.82,-0.03,800,"bu","11:06:59",51500
3.82,-0.03,100,"bu","11:06:18",50700
3.8,-0.05,4900,"sd","11:05:59",50600
3.8,-0.05,100,"sd","11:05:59",45700
3.81,-0.04,100,"sd","11:05:19",45600
3.82,-0.03,700,"sd","11:01:51",45500
3.82,-0.03,100,"sd","11:00:04",44800
3.83,-0.02,100,"bu","10:56:26",44700
3.8,-0.05,100,"sd","10:55:35",44600
3.8,-0.05,300,"sd","10:51:45",44500
3.8,-0.05,700,"sd","10:51:45",44200
3.8,-0.05,100,"sd","10:48:31",43500
3.77,-0.08,400,"bu","10:39:04",43400
3.77,-0.08,5000,"sd","10:38:36",43000
3.75,-0.1,100,"sd","10:32:11",38000
3.75,-0.1,600,"sd","10:32:11",37900
3.75,-0.1,2000,"sd","10:32:11",37300
3.75,-0.1,2900,"sd","10:32:11",35300
3.8,-0.05,1000,"bu","10:28:49",32400
3.75,-0.1,500,"sd","10:28:34",31400
3.75,-0.1,200,"sd","10:28:34",30900
3.76,-0.09,200,"sd","10:28:34",30700
3.76,-0.09,100,"sd","10:28:34",30500
3.8,-0.05,400,"bu","10:26:18",30400
3.8,-0.05,100,"bu","10:25:03",30000
3.75,-0.1,100,"sd","10:18:09",29900
3.75,-0.1,100,"sd","10:17:30",29800
3.76,-0.09,100,"sd","10:17:14",29700
3.76,-0.09,100,"sd","10:17:14",29600
3.76,-0.09,100,"sd","10:17:14",29500
3.76,-0.09,100,"sd","10:17:14",29400
3.76,-0.09,100,"sd","10:17:14",29300
3.76,-0.09,100,"sd","10:17:14",29200
3.77,-0.08,100,"unknown","10:17:09",29100
3.77,-0.08,300,"unknown","10:17:09",29000
3.78,-0.07,100,"sd","10:17:03",28700
3.79,-0.06,10000,"sd","10:16:26",28600
3.79,-0.06,200,"sd","10:16:26",18600
3.8,-0.05,600,"sd","10:16:06",18400
3.8,-0.05,400,"sd","10:15:59",17800
3.8,-0.05,500,"sd","10:15:59",17400
3.8,-0.05,200,"sd","10:15:59",16900
3.8,-0.05,2000,"sd","10:15:59",16700
3.81,-0.04,600,"sd","10:15:59",14700
3.81,-0.04,4100,"sd","10:15:53",14100
3.81,-0.04,200,"sd","10:15:53",10000
3.81,-0.04,300,"sd","10:10:54",9800
3.81,-0.04,100,"sd","10:10:54",9500
3.81,-0.04,200,"sd","10:09:30",9400
3.85,0,800,"bu","10:02:13",9200
3.85,0,200,"bu","10:02:13",8400
3.85,0,700,"bu","09:53:33",8200
3.85,0,100,"bu","09:53:33",7500
3.85,0,200,"bu","09:53:33",7400
3.85,0,400,"bu","09:53:33",7200
3.85,0,100,"bu","09:36:44",6800
3.85,0,100,"bu","09:36:44",6700
3.85,0,200,"sd","09:34:01",6600
3.85,0,800,"bu","09:33:05",6400
3.85,0,200,"bu","09:32:56",5600
3.85,0,300,"bu","09:32:19",5400
3.85,0,200,"sd","09:30:56",5100
3.85,0,100,"sd","09:29:52",4900
3.85,0,200,"bu","09:28:47",4800
3.85,0,100,"bu","09:28:36",4600
3.85,0,100,"bu","09:27:58",4500
3.85,0,300,"sd","09:25:47",4400
3.89,0.04,1000,"bu","09:23:53",4100
3.9,0.05,2000,"bu","09:19:19",3100
3.9,0.05,200,"bu","09:18:39",1100
3.9,0.05,900,"bu","09:15:01",900
