"price","change","match_qtty","side","time","total_vol"
36.1,-2.4,148700,"sd","14:45:03",951800
36.25,-2.25,1500,"sd","14:29:52",803100
36.3,-2.2,200,"sd","14:29:52",801600
36.35,-2.15,300,"sd","14:29:52",801400
36.5,-2,600,"bu","14:29:30",801100
36.5,-2,200,"bu","14:29:30",800500
36.5,-2,100,"bu","14:29:12",800300
36.5,-2,200,"bu","14:29:10",800200
36.5,-2,800,"bu","14:29:10",800000
36.5,-2,100,"sd","14:28:23",799200
36.5,-2,200,"sd","14:28:22",799100
36.45,-2.05,600,"sd","14:28:22",798900
36.5,-2,100,"bu","14:28:22",798300
36.5,-2,300,"sd","14:28:03",798200
36.5,-2,100,"sd","14:28:03",797900
36.5,-2,600,"sd","14:28:03",797800
36.5,-2,200,"sd","14:28:03",797200
36.5,-2,100,"sd","14:28:03",797000
36.5,-2,200,"sd","14:27:41",796900
36.5,-2,100,"bu","14:26:59",796700
36.5,-2,100,"bu","14:26:59",796600
36.5,-2,200,"bu","14:26:58",796500
36.5,-2,800,"bu","14:26:58",796300
36.5,-2,5000,"bu","14:26:48",795500
36.5,-2,100,"bu","14:26:47",790500
36.5,-2,1000,"bu","14:26:42",790400
36.5,-2,3100,"bu","14:26:21",789400
36.5,-2,500,"bu","14:26:21",786300
36.45,-2.05,900,"bu","14:26:21",785800
36.5,-2,200,"bu","14:25:55",784900
36.5,-2,300,"bu","14:25:38",784700
36.5,-2,200,"bu","14:25:38",784400
36.3,-2.2,500,"bu","14:25:38",784200
36.25,-2.25,100,"sd","14:25:22",783700
36.25,-2.25,200,"sd","14:25:06",783600
36.35,-2.15,200,"unknown","14:24:56",783400
36.35,-2.15,2000,"unknown","14:24:56",783200
36.25,-2.25,9900,"sd","14:24:56",781200
36.3,-2.2,1000,"sd","14:24:56",771300
36.3,-2.2,900,"sd","14:24:56",770300
36.35,-2.15,400,"bu","14:24:46",769400
36.35,-2.15,200,"bu","14:24:46",769000
36.35,-2.15,300,"bu","14:24:44",768800
36.3,-2.2,100,"sd","14:24:23",768500
36.3,-2.2,100,"sd","14:24:21",768400
36.3,-2.2,200,"bu","14:24:09",768300
36.3,-2.2,700,"bu","14:24:09",768100
36.05,-2.45,100,"sd","14:24:01",767400
36.3,-2.2,100,"bu","14:23:43",767300
36.3,-2.2,600,"bu","14:23:18",767200
36.3,-2.2,500,"bu","14:23:18",766600
36.3,-2.2,1400,"bu","14:23:18",766100
36.2,-2.3,300,"bu","14:23:18",764700
36.2,-2.3,100,"bu","14:23:18",764400
36.2,-2.3,100,"bu","14:23:18",764300
36.2,-2.3,400,"bu","14:23:09",764200
36.05,-2.45,100,"sd","14:22:44",763800
36.2,-2.3,100,"bu","14:22:38",763700
36.2,-2.3,100,"bu","14:22:29",763600
36.2,-2.3,100,"bu","14:22:16",763500
36.2,-2.3,100,"bu","14:21:45",763400
36.2,-2.3,100,"bu","14:21:34",763300
36.15,-2.35,400,"bu","14:21:29",763200
36.15,-2.35,200,"bu","14:21:29",762800
36,-2.5,100,"bu","14:21:07",762600
36,-2.5,2700,"bu","14:21:07",762500
36,-2.5,5700,"bu","14:20:55",759800
36,-2.5,100,"bu","14:20:29",754100
36,-2.5,1500,"sd","14:20:04",754000
35.9,-2.6,100,"sd","14:19:33",752500
35.9,-2.6,100,"sd","14:19:33",752400
36,-2.5,1000,"bu","14:19:30",752300
36,-2.5,600,"bu","14:19:30",751300
36,-2.5,1400,"bu","14:19:30",750700
36,-2.5,100,"bu","14:19:25",749300
35.9,-2.6,800,"bu","14:19:17",749200
35.9,-2.6,1200,"bu","14:19:17",748400
35.9,-2.6,1500,"bu","14:19:14",747200
35.9,-2.6,300,"bu","14:19:14",745700
35.9,-2.6,200,"bu","14:19:14",745400
35.85,-2.65,100,"sd","14:19:00",745200
35.85,-2.65,400,"sd","14:18:59",745100
35.85,-2.65,500,"sd","14:18:59",744700
35.85,-2.65,3100,"sd","14:18:59",744200
35.85,-2.65,600,"sd","14:18:47",741100
35.85,-2.65,1500,"sd","14:18:47",740500
35.85,-2.65,5000,"sd","14:18:47",739000
35.85,-2.65,1000,"sd","14:18:47",734000
35.85,-2.65,100,"sd","14:18:47",733000
35.85,-2.65,5000,"sd","14:18:47",732900
35.85,-2.65,3600,"sd","14:18:47",727900
35.9,-2.6,100,"bu","14:18:44",724300
35.9,-2.6,300,"bu","14:18:43",724200
35.9,-2.6,300,"bu","14:18:43",723900
35.9,-2.6,400,"bu","14:18:43",723600
35.9,-2.6,500,"bu","14:18:43",723200
35.9,-2.6,100,"bu","14:18:31",722700
35.9,-2.6,200,"bu","14:18:28",722600
35.9,-2.6,200,"bu","14:18:26",722400
35.9,-2.6,200,"bu","14:18:20",722200
35.9,-2.6,100,"bu","14:18:13",722000
35.9,-2.6,100,"bu","14:17:55",721900
35.85,-2.65,1000,"sd","14:17:54",721800
35.85,-2.65,1900,"sd","14:17:53",720800
35.9,-2.6,100,"bu","14:17:52",718900
35.85,-2.65,500,"sd","14:17:40",718800
35.85,-2.65,500,"sd","14:17:38",718300
35.9,-2.6,100,"bu","14:17:34",717800
35.9,-2.6,500,"bu","14:17:29",717700
35.9,-2.6,100,"bu","14:17:29",717200
35.9,-2.6,100,"bu","14:17:16",717100
35.85,-2.65,2000,"sd","14:17:14",717000
35.85,-2.65,1500,"sd","14:16:47",715000
35.85,-2.65,1000,"sd","14:16:44",713500
35.85,-2.65,300,"sd","14:16:43",712500
35.85,-2.65,200,"sd","14:16:43",712200
35.85,-2.65,3000,"sd","14:16:42",712000
35.85,-2.65,400,"sd","14:16:40",709000
35.85,-2.65,5500,"sd","14:16:26",708600
35.9,-2.6,1000,"bu","14:16:25",703100
35.9,-2.6,2000,"bu","14:16:25",702100
35.9,-2.6,1000,"bu","14:16:25",700100
35.9,-2.6,1000,"bu","14:16:25",699100
35.85,-2.65,10000,"sd","14:16:21",698100
35.85,-2.65,200,"sd","14:16:20",688100
35.85,-2.65,2200,"sd","14:16:14",687900
35.9,-2.6,100,"bu","14:16:12",685700
35.85,-2.65,5000,"sd","14:16:05",685600
35.85,-2.65,800,"sd","14:16:05",680600
35.85,-2.65,1000,"sd","14:15:58",679800
35.85,-2.65,1900,"sd","14:15:58",678800
35.85,-2.65,7000,"sd","14:15:51",676900
35.85,-2.65,500,"sd","14:15:48",669900
35.9,-2.6,100,"sd","14:15:42",669400
35.9,-2.6,4600,"sd","14:15:42",669300
35.9,-2.6,400,"sd","14:15:39",664700
35.9,-2.6,200,"sd","14:15:39",664300
35.9,-2.6,100,"sd","14:15:39",664100
35.9,-2.6,100,"sd","14:15:39",664000
35.9,-2.6,200,"sd","14:15:39",663900
35.9,-2.6,800,"sd","14:15:32",663700
35.9,-2.6,100,"sd","14:15:32",662900
35.9,-2.6,200,"sd","14:15:32",662800
35.9,-2.6,1200,"sd","14:15:32",662600
35.9,-2.6,200,"sd","14:15:32",661400
35.9,-2.6,100,"sd","14:15:32",661200
35.9,-2.6,400,"sd","14:15:32",661100
35.9,-2.6,300,"sd","14:15:32",660700
35.9,-2.6,200,"sd","14:15:32",660400
35.9,-2.6,1000,"sd","14:15:32",660200
35.9,-2.6,100,"sd","14:15:32",659200
35.9,-2.6,2000,"sd","14:15:32",659100
35.9,-2.6,500,"sd","14:15:32",657100
35.9,-2.6,100,"sd","14:15:32",656600
35.9,-2.6,500,"sd","14:15:32",656500
35.9,-2.6,300,"sd","14:15:32",656000
35.9,-2.6,200,"sd","14:15:29",655700
35.9,-2.6,100,"sd","14:15:29",655500
35.9,-2.6,1200,"sd","14:15:29",655400
35.9,-2.6,1800,"sd","14:15:13",654200
35.9,-2.6,2000,"sd","14:15:10",652400
35.9,-2.6,500,"sd","14:15:09",650400
35.95,-2.55,100,"bu","14:15:06",649900
35.9,-2.6,500,"sd","14:15:03",649800
35.9,-2.6,1400,"sd","14:15:03",649300
35.9,-2.6,600,"sd","14:15:02",647900
35.9,-2.6,200,"sd","14:15:01",647300
35.9,-2.6,1100,"sd","14:14:54",647100
35.9,-2.6,1500,"sd","14:14:53",646000
35.9,-2.6,2000,"sd","14:14:48",644500
35.9,-2.6,5000,"sd","14:14:43",642500
35.95,-2.55,200,"bu","14:14:37",637500
35.9,-2.6,200,"sd","14:14:36",637300
35.9,-2.6,100,"sd","14:14:28",637100
35.9,-2.6,100,"sd","14:14:27",637000
35.9,-2.6,2000,"sd","14:14:09",636900
35.9,-2.6,500,"sd","14:14:04",634900
35.95,-2.55,100,"sd","14:14:04",634400
36,-2.5,200,"bu","14:14:03",634300
35.95,-2.55,100,"sd","14:13:59",634100
35.9,-2.6,700,"sd","14:13:32",634000
35.95,-2.55,300,"unknown","14:13:32",633300
35.95,-2.55,700,"sd","14:13:15",633000
35.95,-2.55,100,"sd","14:13:15",632300
35.95,-2.55,200,"sd","14:13:15",632200
35.95,-2.55,1000,"sd","14:13:15",632000
36,-2.5,100,"bu","14:12:58",631000
36,-2.5,100,"bu","14:12:28",630900
36,-2.5,1500,"bu","14:12:21",630800
36,-2.5,500,"bu","14:12:21",629300
36,-2.5,100,"bu","14:12:21",628800
36.15,-2.35,100,"bu","14:11:54",628700
36,-2.5,100,"sd","14:11:27",628600
36,-2.5,500,"sd","14:11:27",628500
36,-2.5,500,"sd","14:11:14",628000
36,-2.5,1000,"sd","14:11:14",627500
36,-2.5,500,"sd","14:11:14",626500
36,-2.5,500,"sd","14:10:53",626000
36.2,-2.3,100,"bu","14:10:49",625500
36,-2.5,1000,"sd","14:10:38",625400
36,-2.5,500,"sd","14:10:38",624400
36,-2.5,100,"sd","14:10:38",623900
36,-2.5,700,"sd","14:10:38",623800
36,-2.5,1000,"sd","14:10:38",623100
36,-2.5,100,"sd","14:10:38",622100
36,-2.5,100,"sd","14:10:38",622000
36,-2.5,100,"sd","14:10:38",621900
36,-2.5,200,"sd","14:10:38",621800
36,-2.5,2200,"sd","14:10:38",621600
36.2,-2.3,1400,"bu","14:10:34",619400
36.2,-2.3,100,"bu","14:10:34",618000
36.2,-2.3,500,"bu","14:10:34",617900
36.2,-2.3,1000,"bu","14:10:34",617400
36.2,-2.3,1000,"bu","14:10:34",616400
36.05,-2.45,1000,"bu","14:10:34",615400
36.05,-2.45,1000,"sd","14:10:33",614400
36.2,-2.3,200,"bu","14:09:45",613400
36.05,-2.45,500,"sd","14:09:39",613200
36.2,-2.3,1700,"bu","14:09:33",612700
36.2,-2.3,200,"bu","14:09:33",611000
36.2,-2.3,900,"bu","14:09:33",610800
36.1,-2.4,200,"bu","14:09:33",609900
36.1,-2.4,500,"bu","14:09:33",609700
36.1,-2.4,1500,"bu","14:09:33",609200
36.05,-2.45,100,"sd","14:09:21",607700
36.1,-2.4,100,"bu","14:09:19",607600
36.05,-2.45,600,"sd","14:09:17",607500
36.05,-2.45,2100,"sd","14:09:17",606900
36.05,-2.45,300,"sd","14:09:17",604800
36.1,-2.4,200,"sd","14:08:45",604500
36.1,-2.4,100,"sd","14:08:45",604300
36.1,-2.4,300,"sd","14:08:45",604200
36.1,-2.4,100,"sd","14:08:45",603900
36.2,-2.3,100,"bu","14:08:41",603800
36.1,-2.4,200,"sd","14:08:40",603700
36.1,-2.4,200,"sd","14:08:40",603500
36.1,-2.4,100,"sd","14:08:40",603300
36.1,-2.4,500,"sd","14:08:22",603200
36.1,-2.4,200,"sd","14:08:07",602700
36.1,-2.4,3500,"sd","14:08:05",602500
36.1,-2.4,500,"sd","14:07:59",599000
36.1,-2.4,2200,"sd","14:07:51",598500
36.3,-2.2,100,"bu","14:07:36",596300
36.1,-2.4,500,"sd","14:07:13",596200
36.1,-2.4,2100,"sd","14:06:57",595700
36.3,-2.2,100,"bu","14:06:32",593600
36.3,-2.2,100,"bu","14:06:32",593500
36.1,-2.4,2200,"sd","14:06:03",593400
36.3,-2.2,100,"bu","14:05:51",591200
36.3,-2.2,300,"bu","14:05:51",591100
36.3,-2.2,400,"bu","14:05:30",590800
36.3,-2.2,600,"bu","14:05:30",590400
36.3,-2.2,100,"bu","14:05:26",589800
36.1,-2.4,2400,"sd","14:05:09",589700
36.1,-2.4,100,"bu","14:05:02",587300
36.1,-2.4,900,"bu","14:05:02",587200
36.1,-2.4,800,"bu","14:05:02",586300
36.1,-2.4,100,"bu","14:04:23",585500
36.1,-2.4,500,"sd","14:04:15",585400
36.1,-2.4,400,"sd","14:04:15",584900
36.1,-2.4,200,"sd","14:04:15",584500
36.1,-2.4,200,"sd","14:04:15",584300
36.1,-2.4,100,"sd","14:04:15",584100
36.05,-2.45,2200,"sd","14:03:21",584000
36.3,-2.2,100,"bu","14:03:18",581800
36.05,-2.45,1800,"bu","14:03:07",581700
36.05,-2.45,100,"bu","14:02:36",579900
36.05,-2.45,200,"sd","14:02:27",579800
36.05,-2.45,100,"sd","14:02:27",579600
36.3,-2.2,200,"bu","14:02:13",579500
36.05,-2.45,100,"bu","14:01:56",579300
36.05,-2.45,100,"bu","14:01:50",579200
36.05,-2.45,1000,"bu","14:01:43",579100
36.05,-2.45,1000,"sd","14:01:33",578100
36.3,-2.2,100,"bu","14:01:23",577100
36.3,-2.2,100,"bu","14:01:10",577000
36.3,-2.2,100,"bu","14:01:02",576900
36.3,-2.2,8900,"bu","14:00:43",576800
36.3,-2.2,300,"bu","14:00:43",567900
36.3,-2.2,400,"bu","14:00:43",567600
36.1,-2.4,400,"bu","14:00:43",567200
36.1,-2.4,1000,"bu","14:00:42",566800
36.1,-2.4,200,"bu","14:00:38",565800
36.1,-2.4,100,"bu","14:00:38",565600
36.1,-2.4,300,"bu","14:00:38",565500
36.1,-2.4,300,"bu","14:00:38",565200
36.3,-2.2,100,"bu","14:00:04",564900
36.1,-2.4,100,"bu","13:59:26",564800
36.1,-2.4,100,"bu","13:59:26",564700
36.1,-2.4,100,"bu","13:59:01",564600
36,-2.5,2200,"bu","13:58:49",564500
36,-2.5,100,"bu","13:58:49",562300
36,-2.5,1000,"bu","13:58:49",562200
36,-2.5,500,"bu","13:58:49",561200
36,-2.5,1400,"bu","13:58:48",560700
36,-2.5,600,"bu","13:58:48",559300
36,-2.5,1500,"bu","13:58:48",558700
35.95,-2.55,900,"sd","13:58:43",557200
35.95,-2.55,1400,"sd","13:58:43",556300
36,-2.5,500,"bu","13:58:29",554900
36,-2.5,100,"bu","13:58:10",554400
36,-2.5,100,"bu","13:58:03",554300
36,-2.5,300,"bu","13:58:02",554200
36,-2.5,200,"bu","13:57:55",553900
36,-2.5,300,"bu","13:57:39",553700
36,-2.5,200,"bu","13:57:39",553400
36,-2.5,100,"bu","13:57:39",553200
35.95,-2.55,1800,"bu","13:57:36",553100
35.95,-2.55,500,"bu","13:57:35",551300
35.95,-2.55,500,"bu","13:57:35",550800
35.95,-2.55,400,"bu","13:57:35",550300
35.95,-2.55,1000,"bu","13:57:19",549900
35.9,-2.6,2000,"sd","13:57:14",548900
35.9,-2.6,100,"sd","13:57:08",546900
35.9,-2.6,200,"sd","13:57:04",546800
35.9,-2.6,500,"sd","13:56:59",546600
35.9,-2.6,8100,"sd","13:56:57",546100
35.9,-2.6,6000,"sd","13:56:53",538000
35.95,-2.55,100,"bu","13:56:52",532000
35.9,-2.6,1400,"sd","13:56:46",531900
35.95,-2.55,800,"bu","13:56:41",530500
35.95,-2.55,200,"bu","13:56:41",529700
35.9,-2.6,1000,"sd","13:56:39",529500
35.9,-2.6,5000,"sd","13:56:34",528500
35.9,-2.6,5000,"sd","13:56:29",523500
35.9,-2.6,200,"sd","13:56:23",518500
35.95,-2.55,300,"bu","13:56:18",518300
35.9,-2.6,300,"sd","13:56:17",518000
35.9,-2.6,2400,"sd","13:56:01",517700
35.9,-2.6,1000,"sd","13:55:57",515300
35.95,-2.55,500,"bu","13:55:55",514300
35.95,-2.55,300,"bu","13:55:55",513800
35.95,-2.55,200,"bu","13:55:55",513500
35.9,-2.6,1000,"sd","13:55:54",513300
35.9,-2.6,400,"sd","13:55:52",512300
35.9,-2.6,100,"sd","13:55:52",511900
35.9,-2.6,100,"sd","13:55:52",511800
35.9,-2.6,300,"sd","13:55:52",511700
35.9,-2.6,300,"sd","13:55:52",511400
35.9,-2.6,1200,"sd","13:55:52",511100
35.95,-2.55,100,"bu","13:55:47",509900
35.95,-2.55,200,"bu","13:55:40",509800
35.9,-2.6,200,"sd","13:55:35",509600
35.9,-2.6,1000,"sd","13:55:35",509400
35.95,-2.55,100,"bu","13:55:24",508400
35.95,-2.55,100,"bu","13:55:23",508300
35.9,-2.6,200,"sd","13:55:23",508200
35.95,-2.55,100,"bu","13:55:09",508000
35.95,-2.55,700,"bu","13:55:09",507900
35.95,-2.55,600,"bu","13:55:09",507200
35.95,-2.55,200,"bu","13:55:09",506600
35.95,-2.55,100,"bu","13:55:00",506400
35.9,-2.6,2300,"sd","13:54:58",506300
35.95,-2.55,100,"bu","13:54:43",504000
35.95,-2.55,1000,"bu","13:54:24",503900
35.9,-2.6,100,"sd","13:54:22",502900
35.95,-2.55,100,"sd","13:54:12",502800
35.95,-2.55,1500,"sd","13:54:12",502700
35.95,-2.55,100,"sd","13:54:12",501200
35.95,-2.55,100,"sd","13:54:12",501100
35.95,-2.55,100,"sd","13:54:12",501000
35.95,-2.55,600,"sd","13:54:12",500900
35.95,-2.55,2400,"sd","13:54:05",500300
35.95,-2.55,100,"sd","13:53:51",497900
36,-2.5,200,"bu","13:53:39",497800
36,-2.5,200,"sd","13:53:10",497600
36,-2.5,300,"sd","13:53:10",497400
36,-2.5,200,"sd","13:53:10",497100
36,-2.5,100,"sd","13:53:10",496900
36,-2.5,100,"sd","13:53:10",496800
36,-2.5,100,"sd","13:53:10",496700
36,-2.5,300,"sd","13:53:10",496600
36,-2.5,1100,"sd","13:53:10",496300
36,-2.5,2100,"sd","13:53:10",495200
36,-2.5,1800,"sd","13:53:06",493100
36,-2.5,100,"sd","13:53:06",491300
36,-2.5,200,"sd","13:53:06",491200
36,-2.5,100,"sd","13:53:06",491000
36,-2.5,200,"sd","13:53:06",490900
36,-2.5,7600,"sd","13:53:06",490700
36,-2.5,300,"sd","13:52:58",483100
36,-2.5,1000,"sd","13:52:58",482800
36,-2.5,200,"sd","13:52:45",481800
36,-2.5,4000,"sd","13:52:36",481600
36.05,-2.45,100,"bu","13:52:34",477600
36,-2.5,200,"sd","13:52:28",477500
36,-2.5,100,"sd","13:52:28",477300
36,-2.5,2300,"sd","13:52:24",477200
36,-2.5,2300,"sd","13:52:16",474900
36,-2.5,2000,"sd","13:52:03",472600
36,-2.5,100,"sd","13:52:03",470600
36,-2.5,300,"sd","13:52:03",470500
36,-2.5,200,"sd","13:52:03",470200
36,-2.5,100,"sd","13:52:03",470000
36,-2.5,100,"sd","13:52:03",469900
36,-2.5,100,"sd","13:52:03",469800
36,-2.5,400,"sd","13:52:03",469700
36,-2.5,1000,"sd","13:52:03",469300
36,-2.5,200,"sd","13:52:03",468300
36,-2.5,100,"sd","13:52:03",468100
36,-2.5,5400,"sd","13:52:03",468000
36,-2.5,500,"sd","13:51:59",462600
36.05,-2.45,100,"bu","13:51:29",462100
36,-2.5,100,"sd","13:51:28",462000
36,-2.5,300,"sd","13:51:25",461900
36,-2.5,2300,"sd","13:51:22",461600
36,-2.5,600,"sd","13:51:13",459300
36,-2.5,3500,"sd","13:51:10",458700
36,-2.5,500,"sd","13:50:59",455200
36,-2.5,2300,"sd","13:50:28",454700
36.05,-2.45,100,"bu","13:50:25",452400
36,-2.5,200,"sd","13:50:21",452300
36,-2.5,400,"sd","13:50:07",452100
36.05,-2.45,100,"bu","13:50:01",451700
36.05,-2.45,1000,"bu","13:50:01",451600
36,-2.5,100,"sd","13:49:59",450600
36.05,-2.45,100,"sd","13:49:51",450500
36.05,-2.45,100,"sd","13:49:51",450400
36.05,-2.45,2000,"sd","13:49:51",450300
36.05,-2.45,300,"sd","13:49:51",448300
36.05,-2.45,200,"sd","13:49:51",448000
36.05,-2.45,200,"sd","13:49:51",447800
36.05,-2.45,2600,"sd","13:49:51",447600
36.05,-2.45,200,"sd","13:49:39",445000
36.1,-2.4,200,"sd","13:49:39",444800
36.1,-2.4,600,"sd","13:49:39",444600
36.1,-2.4,2500,"sd","13:49:34",444000
36.1,-2.4,100,"sd","13:49:30",441500
36.15,-2.35,200,"bu","13:49:21",441400
36.1,-2.4,1800,"bu","13:49:02",441200
36.1,-2.4,1300,"sd","13:48:55",439400
36.1,-2.4,1700,"sd","13:48:41",438100
36.1,-2.4,700,"sd","13:48:41",436400
36.1,-2.4,2300,"sd","13:48:40",435700
36.1,-2.4,500,"sd","13:48:40",433400
36.15,-2.35,100,"bu","13:48:16",432900
36.15,-2.35,500,"sd","13:47:46",432800
36.15,-2.35,100,"sd","13:47:46",432300
36.15,-2.35,400,"sd","13:47:46",432200
36.15,-2.35,200,"sd","13:47:46",431800
36.2,-2.3,100,"bu","13:47:12",431600
36.2,-2.3,100,"bu","13:47:04",431500
36.2,-2.3,100,"sd","13:46:52",431400
36.2,-2.3,100,"sd","13:46:52",431300
36.3,-2.2,100,"bu","13:46:07",431200
36.2,-2.3,100,"sd","13:45:58",431100
36.2,-2.3,500,"sd","13:45:53",431000
36.2,-2.3,100,"sd","13:45:53",430500
36.2,-2.3,3000,"sd","13:45:53",430400
36.2,-2.3,100,"sd","13:45:53",427400
36.2,-2.3,100,"sd","13:45:53",427300
36.2,-2.3,200,"sd","13:45:53",427200
36.3,-2.2,1000,"bu","13:45:47",427000
36.3,-2.2,100,"bu","13:45:36",426000
36.2,-2.3,300,"sd","13:45:36",425900
36.3,-2.2,1200,"bu","13:45:11",425600
36.3,-2.2,800,"bu","13:45:11",424400
36.3,-2.2,200,"bu","13:45:03",423600
36.2,-2.3,500,"bu","13:44:47",423400
36.2,-2.3,100,"bu","13:44:39",422900
36.2,-2.3,1000,"bu","13:44:34",422800
36.2,-2.3,100,"bu","13:44:25",421800
36.2,-2.3,600,"bu","13:44:15",421700
36.2,-2.3,400,"bu","13:44:15",421100
36.2,-2.3,200,"bu","13:44:07",420700
36.2,-2.3,1000,"bu","13:43:59",420500
36.2,-2.3,100,"bu","13:43:58",419500
36.1,-2.4,1500,"sd","13:43:44",419400
36.1,-2.4,500,"sd","13:43:44",417900
36.1,-2.4,2500,"bu","13:43:07",417400
36.1,-2.4,1600,"bu","13:43:07",414900
36.05,-2.45,2200,"sd","13:43:02",413300
36.05,-2.45,200,"sd","13:43:02",411100
36.1,-2.4,100,"bu","13:42:54",410900
36.05,-2.45,1800,"bu","13:42:21",410800
36.05,-2.45,200,"sd","13:42:08",409000
36.05,-2.45,100,"sd","13:42:08",408800
36.05,-2.45,400,"sd","13:42:08",408700
36.05,-2.45,100,"sd","13:41:50",408300
36.05,-2.45,500,"sd","13:41:50",408200
36.05,-2.45,100,"sd","13:41:50",407700
36.1,-2.4,200,"bu","13:41:50",407600
36.1,-2.4,500,"bu","13:41:36",407400
36.05,-2.45,100,"bu","13:41:24",406900
36.05,-2.45,1000,"sd","13:41:14",406800
36.05,-2.45,500,"sd","13:41:14",405800
36.1,-2.4,100,"bu","13:41:14",405300
36.05,-2.45,1000,"sd","13:41:14",405200
36.1,-2.4,1000,"sd","13:41:09",404200
36.1,-2.4,100,"sd","13:41:03",403200
36.1,-2.4,1000,"bu","13:40:59",403100
36.1,-2.4,100,"bu","13:40:55",402100
36.1,-2.4,1000,"bu","13:40:53",402000
36.1,-2.4,100,"bu","13:40:45",401000
36.1,-2.4,200,"bu","13:40:30",400900
36.1,-2.4,100,"sd","13:40:20",400700
36.05,-2.45,200,"sd","13:40:04",400600
36.05,-2.45,300,"sd","13:40:04",400400
36,-2.5,8000,"sd","13:39:52",400100
36.2,-2.3,100,"bu","13:39:40",392100
36,-2.5,200,"sd","13:39:18",392000
36,-2.5,300,"sd","13:39:03",391800
36,-2.5,100,"sd","13:38:56",391500
36.1,-2.4,500,"bu","13:38:56",391400
36,-2.5,3300,"sd","13:38:44",390900
36.1,-2.4,1900,"bu","13:38:43",387600
36.1,-2.4,2400,"bu","13:38:43",385700
36,-2.5,100,"sd","13:38:42",383300
36.05,-2.45,900,"unknown","13:38:42",383200
36.1,-2.4,100,"bu","13:38:35",382300
36,-2.5,300,"sd","13:38:34",382200
36,-2.5,100,"sd","13:38:34",381900
36,-2.5,100,"sd","13:38:34",381800
36,-2.5,700,"sd","13:38:34",381700
36,-2.5,100,"sd","13:38:34",381000
36,-2.5,5000,"sd","13:38:34",380900
36,-2.5,500,"sd","13:38:34",375900
36,-2.5,100,"sd","13:38:34",375400
36,-2.5,300,"sd","13:38:34",375300
36,-2.5,100,"sd","13:38:34",375000
36,-2.5,100,"sd","13:38:34",374900
36,-2.5,300,"sd","13:38:34",374800
36,-2.5,3000,"sd","13:38:34",374500
36,-2.5,5000,"sd","13:38:34",371500
36,-2.5,1000,"sd","13:38:34",366500
36,-2.5,100,"sd","13:38:34",365500
36,-2.5,300,"sd","13:38:34",365400
36,-2.5,1800,"sd","13:38:34",365100
36,-2.5,100,"sd","13:38:33",363300
36,-2.5,200,"sd","13:38:33",363200
36,-2.5,100,"sd","13:38:33",363000
36,-2.5,600,"sd","13:38:33",362900
36,-2.5,1400,"sd","13:38:23",362300
36,-2.5,100,"sd","13:38:23",360900
36,-2.5,500,"sd","13:38:23",360800
36,-2.5,500,"sd","13:38:23",360300
36.05,-2.45,200,"bu","13:38:20",359800
36.05,-2.45,2600,"sd","13:38:14",359600
36.05,-2.45,400,"sd","13:38:11",357000
36.05,-2.45,100,"sd","13:38:11",356600
36.05,-2.45,300,"sd","13:38:11",356500
36.05,-2.45,200,"sd","13:38:11",356200
36.1,-2.4,100,"bu","13:37:38",356000
36.1,-2.4,100,"bu","13:37:38",355900
36.1,-2.4,100,"bu","13:37:38",355800
36.1,-2.4,200,"bu","13:37:32",355700
36,-2.5,1000,"sd","13:37:29",355500
36,-2.5,500,"sd","13:37:29",354500
36,-2.5,200,"sd","13:37:29",354000
36,-2.5,100,"sd","13:37:29",353800
36,-2.5,500,"sd","13:37:29",353700
36,-2.5,100,"sd","13:37:29",353200
36,-2.5,200,"sd","13:37:29",353100
36,-2.5,100,"sd","13:37:29",352900
36,-2.5,100,"sd","13:37:29",352800
36.05,-2.45,100,"sd","13:37:15",352700
36.05,-2.45,100,"sd","13:37:15",352600
36.05,-2.45,200,"sd","13:37:15",352500
36.1,-2.4,100,"sd","13:37:05",352300
36.1,-2.4,100,"sd","13:37:05",352200
36.1,-2.4,100,"sd","13:37:05",352100
36.1,-2.4,200,"sd","13:37:05",352000
36.1,-2.4,200,"sd","13:37:05",351800
36.2,-2.3,200,"bu","13:37:03",351600
36.2,-2.3,100,"unknown","13:36:51",351400
36.2,-2.3,200,"sd","13:36:51",351300
36.2,-2.3,900,"sd","13:36:51",351100
36.2,-2.3,300,"sd","13:36:43",350200
36.2,-2.3,1000,"sd","13:36:43",349900
36.2,-2.3,200,"sd","13:36:43",348900
36.2,-2.3,3000,"sd","13:36:43",348700
36.25,-2.25,100,"bu","13:36:38",345700
36.25,-2.25,100,"sd","13:36:35",345600
36.25,-2.25,2000,"sd","13:36:35",345500
36.25,-2.25,100,"sd","13:36:34",343500
36.25,-2.25,200,"sd","13:36:31",343400
36.3,-2.2,100,"bu","13:36:27",343200
36.25,-2.25,500,"sd","13:36:19",343100
36.3,-2.2,100,"bu","13:36:18",342600
36.25,-2.25,100,"sd","13:36:17",342500
36.3,-2.2,200,"bu","13:36:11",342400
36.3,-2.2,300,"bu","13:36:08",342200
36.3,-2.2,500,"bu","13:35:50",341900
36.3,-2.2,100,"sd","13:35:45",341400
36.3,-2.2,100,"sd","13:35:45",341300
36.3,-2.2,100,"sd","13:35:45",341200
36.3,-2.2,400,"sd","13:35:45",341100
36.3,-2.2,100,"sd","13:35:45",340700
36.3,-2.2,200,"sd","13:35:45",340600
36.3,-2.2,100,"sd","13:35:45",340400
36.3,-2.2,2600,"sd","13:35:41",340300
36.3,-2.2,300,"sd","13:35:30",337700
36.35,-2.15,100,"bu","13:35:23",337400
36.35,-2.15,500,"bu","13:35:21",337300
36.35,-2.15,100,"bu","13:34:53",336800
36.35,-2.15,100,"sd","13:34:51",336700
36.35,-2.15,200,"sd","13:34:51",336600
36.4,-2.1,100,"bu","13:34:49",336400
36.35,-2.15,100,"sd","13:34:46",336300
36.35,-2.15,1000,"sd","13:34:46",336200
36.35,-2.15,1000,"sd","13:34:46",335200
36.35,-2.15,500,"sd","13:34:46",334200
36.4,-2.1,100,"bu","13:34:39",333700
36.4,-2.1,500,"sd","13:34:39",333600
36.4,-2.1,100,"sd","13:34:39",333100
36.4,-2.1,100,"sd","13:34:39",333000
36.4,-2.1,100,"sd","13:34:39",332900
36.4,-2.1,200,"sd","13:34:39",332800
36.4,-2.1,500,"sd","13:34:39",332600
36.4,-2.1,100,"sd","13:34:38",332100
36.4,-2.1,300,"sd","13:34:38",332000
36.5,-2,100,"sd","13:34:31",331700
36.5,-2,100,"sd","13:34:31",331600
36.5,-2,500,"sd","13:34:31",331500
36.5,-2,100,"sd","13:34:31",331000
36.5,-2,100,"sd","13:34:31",330900
36.5,-2,100,"sd","13:34:31",330800
36.5,-2,100,"sd","13:34:31",330700
36.5,-2,200,"sd","13:34:31",330600
36.5,-2,500,"sd","13:34:31",330400
36.5,-2,200,"sd","13:34:19",329900
36.55,-1.95,100,"bu","13:34:18",329700
36.5,-2,1000,"sd","13:34:17",329600
36.55,-1.95,1000,"bu","13:33:53",328600
36.5,-2,1300,"sd","13:33:52",327600
36.5,-2,100,"sd","13:33:52",326300
36.5,-2,1100,"sd","13:33:52",326200
36.55,-1.95,700,"bu","13:33:48",325100
36.55,-1.95,500,"bu","13:33:48",324400
36.55,-1.95,2200,"sd","13:33:48",323900
36.6,-1.9,200,"bu","13:33:27",321700
36.6,-1.9,500,"sd","13:33:18",321500
36.6,-1.9,300,"sd","13:33:18",321000
36.7,-1.8,200,"bu","13:33:14",320700
36.6,-1.9,1700,"sd","13:32:59",320500
36.6,-1.9,100,"sd","13:32:59",318800
36.6,-1.9,100,"sd","13:32:58",318700
36.6,-1.9,300,"sd","13:32:58",318600
36.6,-1.9,400,"sd","13:32:58",318300
36.6,-1.9,600,"sd","13:32:31",317900
36.6,-1.9,3000,"sd","13:32:31",317300
36.6,-1.9,200,"sd","13:32:31",314300
36.6,-1.9,200,"sd","13:32:31",314100
36.7,-1.8,100,"bu","13:32:15",313900
36.7,-1.8,100,"bu","13:32:09",313800
36.6,-1.9,2600,"sd","13:32:05",313700
36.7,-1.8,100,"bu","13:31:59",311100
36.6,-1.9,200,"sd","13:31:10",311000
36.6,-1.9,2500,"sd","13:31:10",310800
36.7,-1.8,100,"bu","13:31:04",308300
36.6,-1.9,500,"sd","13:30:56",308200
36.6,-1.9,500,"sd","13:30:56",307700
36.6,-1.9,500,"sd","13:30:17",307200
36.6,-1.9,2100,"sd","13:30:16",306700
36.7,-1.8,100,"bu","13:30:01",304600
36.6,-1.9,900,"sd","13:29:23",304500
36.6,-1.9,1800,"sd","13:29:23",303600
36.8,-1.7,100,"bu","13:28:56",301800
36.8,-1.7,100,"bu","13:28:56",301700
36.6,-1.9,1200,"sd","13:28:28",301600
36.6,-1.9,1500,"sd","13:28:28",300400
36.8,-1.7,100,"bu","13:28:01",298900
36.8,-1.7,100,"bu","13:27:52",298800
36.55,-1.95,100,"sd","13:27:40",298700
36.6,-1.9,100,"sd","13:27:40",298600
36.6,-1.9,100,"sd","13:27:14",298500
36.6,-1.9,2600,"bu","13:27:09",298400
36.6,-1.9,200,"bu","13:27:09",295800
36.6,-1.9,100,"bu","13:26:59",295600
36.6,-1.9,100,"bu","13:26:57",295500
36.6,-1.9,100,"bu","13:26:48",295400
36.6,-1.9,200,"bu","13:26:34",295300
36.6,-1.9,200,"bu","13:26:08",295100
36.6,-1.9,100,"bu","13:25:42",294900
36.55,-1.95,100,"bu","13:25:40",294800
36.55,-1.95,2600,"bu","13:25:40",294700
36.5,-2,1000,"sd","13:25:36",292100
36.5,-2,500,"sd","13:25:32",291100
36.5,-2,2400,"sd","13:25:25",290600
36.5,-2,100,"sd","13:25:25",288200
36.5,-2,300,"sd","13:25:25",288100
36.5,-2,100,"sd","13:25:25",287800
36.5,-2,200,"sd","13:25:25",287700
36.5,-2,100,"sd","13:25:25",287500
36.55,-1.95,500,"bu","13:25:03",287400
36.55,-1.95,500,"bu","13:24:57",286900
36.55,-1.95,200,"bu","13:24:39",286400
36.55,-1.95,300,"sd","13:24:31",286200
36.55,-1.95,300,"sd","13:24:31",285900
36.6,-1.9,100,"bu","13:24:19",285600
36.55,-1.95,500,"sd","13:24:11",285500
36.55,-1.95,500,"bu","13:24:02",285000
36.55,-1.95,200,"bu","13:24:00",284500
36.55,-1.95,500,"bu","13:23:55",284300
36.55,-1.95,500,"bu","13:23:39",283800
36.55,-1.95,100,"sd","13:23:38",283300
36.55,-1.95,200,"sd","13:23:38",283200
36.55,-1.95,300,"sd","13:23:38",283000
36.6,-1.9,100,"bu","13:23:34",282700
36.6,-1.9,100,"bu","13:22:58",282600
36.55,-1.95,200,"sd","13:22:43",282500
36.55,-1.95,100,"sd","13:22:43",282300
36.55,-1.95,2300,"sd","13:22:43",282200
36.6,-1.9,100,"bu","13:22:30",279900
36.55,-1.95,2700,"sd","13:21:49",279800
36.6,-1.9,100,"bu","13:21:34",277100
36.6,-1.9,1000,"bu","13:21:31",277000
36.6,-1.9,100,"bu","13:21:26",276000
36.6,-1.9,100,"sd","13:20:56",275900
36.6,-1.9,1200,"sd","13:20:56",275800
36.9,-1.6,200,"bu","13:20:21",274600
36.6,-1.9,500,"sd","13:20:14",274400
36.6,-1.9,2300,"sd","13:20:01",273900
36.6,-1.9,200,"sd","13:20:01",271600
36.6,-1.9,100,"sd","13:20:01",271400
36.9,-1.6,100,"bu","13:19:17",271300
36.9,-1.6,100,"bu","13:19:15",271200
36.55,-1.95,1100,"bu","13:19:13",271100
36.55,-1.95,500,"sd","13:19:07",270000
36.55,-1.95,1000,"sd","13:19:07",269500
36.55,-1.95,100,"bu","13:19:05",268500
36.55,-1.95,1000,"bu","13:19:05",268400
36.55,-1.95,100,"bu","13:18:54",267400
36.55,-1.95,100,"bu","13:18:30",267300
36.55,-1.95,200,"bu","13:18:23",267200
36.55,-1.95,1100,"sd","13:18:13",267000
36.55,-1.95,100,"sd","13:18:13",265900
36.9,-1.6,100,"bu","13:18:12",265800
36.5,-2,900,"sd","13:17:19",265700
36.5,-2,100,"sd","13:17:19",264800
36.5,-2,1600,"sd","13:17:19",264700
36.9,-1.6,100,"bu","13:17:07",263100
36.5,-2,1400,"bu","13:16:28",263000
36.5,-2,200,"bu","13:16:27",261600
36.5,-2,500,"bu","13:16:27",261400
36.5,-2,300,"sd","13:16:25",260900
36.5,-2,100,"bu","13:16:19",260600
36.5,-2,100,"sd","13:16:17",260500
36.5,-2,100,"sd","13:16:17",260400
36.5,-2,100,"sd","13:16:17",260300
36.5,-2,600,"sd","13:16:17",260200
36.9,-1.6,200,"bu","13:16:03",259600
36.5,-2,900,"sd","13:15:31",259400
36.5,-2,300,"sd","13:15:31",258500
36.5,-2,500,"sd","13:15:31",258200
36.5,-2,1000,"sd","13:15:31",257700
36.9,-1.6,100,"bu","13:14:58",256700
36.5,-2,200,"sd","13:14:58",256600
36.5,-2,800,"sd","13:14:49",256400
36.5,-2,200,"sd","13:14:49",255600
36.5,-2,2800,"sd","13:14:37",255400
36.4,-2.1,200,"sd","13:13:56",252600
36.4,-2.1,700,"sd","13:13:56",252400
36.4,-2.1,100,"sd","13:13:56",251700
36.5,-2,500,"sd","13:13:56",251600
36.5,-2,500,"sd","13:13:56",251100
36.9,-1.6,100,"bu","13:13:54",250600
36.8,-1.7,100,"sd","13:13:38",250500
36.8,-1.7,200,"sd","13:13:22",250400
36.8,-1.7,200,"bu","13:13:03",250200
36.4,-2.1,100,"sd","13:13:00",250000
36.4,-2.1,100,"sd","13:13:00",249900
36.4,-2.1,100,"sd","13:13:00",249800
36.55,-1.95,700,"sd","13:13:00",249700
36.8,-1.7,200,"bu","13:12:50",249000
36.55,-1.95,2600,"bu","13:12:45",248800
36.55,-1.95,100,"bu","13:12:45",246200
36.4,-2.1,1600,"bu","13:12:45",246100
36.4,-2.1,200,"bu","13:12:39",244500
36.4,-2.1,300,"bu","13:12:37",244300
36.4,-2.1,500,"sd","13:12:37",244000
36.4,-2.1,100,"sd","13:12:37",243500
36.4,-2.1,300,"bu","13:12:35",243400
36.4,-2.1,500,"bu","13:12:35",243100
36.4,-2.1,100,"bu","13:12:35",242600
36.4,-2.1,100,"bu","13:12:31",242500
36.4,-2.1,1000,"bu","13:12:30",242400
36.4,-2.1,1000,"bu","13:12:25",241400
36.4,-2.1,300,"bu","13:12:25",240400
36.4,-2.1,600,"bu","13:12:11",240100
36.4,-2.1,100,"bu","13:12:06",239500
36.4,-2.1,100,"bu","13:12:06",239400
36.4,-2.1,100,"bu","13:11:59",239300
36.4,-2.1,300,"bu","13:11:53",239200
36.3,-2.2,100,"sd","13:11:52",238900
36.35,-2.15,500,"sd","13:11:52",238800
36.35,-2.15,200,"sd","13:11:52",238300
36.35,-2.15,100,"sd","13:11:52",238000
36.35,-2.15,100,"sd","13:11:52",238100
36.4,-2.1,100,"bu","13:11:46",237900
36.4,-2.1,100,"sd","13:11:43",237800
36.4,-2.1,500,"sd","13:11:43",237700
36.55,-1.95,1000,"bu","13:11:42",237200
36.55,-1.95,500,"bu","13:11:30",236200
36.5,-2,200,"bu","13:11:17",235700
36.5,-2,100,"bu","13:11:17",235500
36.5,-2,500,"bu","13:11:10",235400
36.5,-2,300,"sd","13:11:07",234900
36.5,-2,500,"sd","13:11:07",234600
36.5,-2,100,"sd","13:11:07",234100
36.5,-2,100,"sd","13:11:07",234000
36.5,-2,100,"sd","13:11:07",233900
36.5,-2,100,"sd","13:11:07",233800
36.5,-2,700,"sd","13:11:07",233700
36.5,-2,300,"sd","13:10:59",233000
36.5,-2,100,"sd","13:10:59",232700
36.5,-2,100,"sd","13:10:59",232600
36.5,-2,100,"sd","13:10:55",232500
36.5,-2,100,"sd","13:10:55",232400
36.5,-2,800,"sd","13:10:55",232300
36.5,-2,300,"sd","13:10:49",231500
36.5,-2,1900,"sd","13:10:49",231200
36.5,-2,700,"sd","13:10:49",229300
36.55,-1.95,1000,"bu","13:10:47",228600
36.55,-1.95,1500,"bu","13:10:46",227600
36.55,-1.95,2500,"bu","13:10:46",226100
36.55,-1.95,100,"bu","13:10:41",223600
36.5,-2,1000,"sd","13:10:31",223500
36.5,-2,300,"sd","13:10:09",222500
36.5,-2,100,"sd","13:10:09",222200
36.5,-2,100,"sd","13:10:09",222100
36.55,-1.95,200,"bu","13:10:04",222000
36.55,-1.95,100,"bu","13:10:04",221800
36.55,-1.95,200,"sd","13:09:54",221700
36.65,-1.85,100,"bu","13:09:51",221500
36.65,-1.85,100,"bu","13:09:37",221400
36.5,-2,100,"sd","13:09:31",221300
36.55,-1.95,100,"sd","13:09:21",221200
36.5,-2,300,"sd","13:09:21",221100
36.55,-1.95,100,"sd","13:09:21",220800
36.6,-1.9,500,"sd","13:09:21",220700
36.6,-1.9,200,"sd","13:09:21",220200
36.6,-1.9,100,"sd","13:09:21",220000
36.6,-1.9,200,"sd","13:09:21",219900
36.6,-1.9,100,"sd","13:09:21",219700
36.6,-1.9,300,"sd","13:09:14",219600
36.6,-1.9,100,"sd","13:09:14",219300
36.65,-1.85,100,"sd","13:09:01",219200
36.65,-1.85,300,"sd","13:09:01",219100
36.65,-1.85,800,"sd","13:09:01",218800
36.7,-1.8,100,"bu","13:08:40",218000
36.7,-1.8,100,"bu","13:08:34",217900
36.7,-1.8,200,"bu","13:08:32",217800
36.7,-1.8,500,"bu","13:08:21",217600
36.7,-1.8,100,"sd","13:08:06",217100
36.8,-1.7,100,"bu","13:07:55",217000
36.8,-1.7,200,"bu","13:07:43",216900
36.8,-1.7,300,"bu","13:07:35",216700
36.7,-1.8,2600,"bu","13:07:35",216400
36.7,-1.8,2100,"bu","13:07:35",213800
36.65,-1.85,100,"sd","13:07:32",211700
36.7,-1.8,100,"bu","13:07:28",211600
36.7,-1.8,300,"bu","13:07:13",211500
36.7,-1.8,100,"bu","13:07:12",211200
36.65,-1.85,100,"sd","13:06:50",211100
36.7,-1.8,100,"sd","13:06:50",211000
36.8,-1.7,500,"bu","13:06:31",210900
36.8,-1.7,300,"bu","13:06:27",210400
36.8,-1.7,100,"bu","13:06:24",210100
36.8,-1.7,100,"bu","13:06:20",210000
36.8,-1.7,1000,"sd","13:06:18",209900
36.8,-1.7,100,"sd","13:06:18",208900
36.8,-1.7,100,"sd","13:06:18",208800
36.85,-1.65,100,"sd","13:05:50",208700
36.85,-1.65,500,"sd","13:05:50",208600
36.9,-1.6,500,"bu","13:05:35",208100
36.85,-1.65,500,"sd","13:05:33",207600
36.9,-1.6,200,"sd","13:05:25",207100
36.9,-1.6,300,"sd","13:05:22",206900
36.9,-1.6,100,"sd","13:05:22",206600
36.9,-1.6,100,"sd","13:05:22",206500
36.95,-1.55,100,"bu","13:05:19",206400
36.95,-1.55,2000,"bu","13:05:15",206300
36.95,-1.55,200,"bu","13:05:12",204300
36.95,-1.55,200,"bu","13:05:11",204100
36.95,-1.55,100,"bu","13:05:03",203900
36.95,-1.55,200,"sd","13:04:31",203800
36.95,-1.55,1000,"sd","13:04:31",203600
36.95,-1.55,100,"sd","13:04:31",202600
37,-1.5,200,"bu","13:04:15",202500
37,-1.5,500,"bu","13:03:48",202300
37,-1.5,500,"sd","13:03:37",201800
37,-1.5,200,"sd","13:03:37",201300
37.25,-1.25,100,"bu","13:03:10",201100
37,-1.5,300,"bu","13:03:03",201000
37,-1.5,100,"bu","13:02:59",200700
37,-1.5,2000,"bu","13:02:58",200600
37,-1.5,100,"bu","13:02:51",198600
36.95,-1.55,200,"sd","13:02:51",198500
37,-1.5,100,"sd","13:02:43",198300
37,-1.5,200,"sd","13:02:29",198200
37,-1.5,1800,"sd","13:02:24",198000
37,-1.5,100,"sd","13:02:24",196200
37,-1.5,100,"sd","13:02:24",196100
37,-1.5,400,"bu","13:02:16",196000
37,-1.5,100,"sd","13:02:09",195600
37.25,-1.25,100,"bu","13:02:06",195500
37,-1.5,900,"bu","13:02:02",195400
37,-1.5,500,"sd","13:01:48",194500
37,-1.5,300,"sd","13:01:48",194000
37,-1.5,500,"sd","13:01:48",193700
37,-1.5,500,"sd","13:01:48",193200
37,-1.5,100,"sd","13:01:38",192700
37.05,-1.45,100,"sd","13:01:38",192600
37.25,-1.25,200,"bu","13:01:00",192500
37.05,-1.45,100,"sd","13:00:19",192300
37.05,-1.45,100,"sd","13:00:19",192200
37,-1.5,100,"sd","13:00:16",192100
37,-1.5,100,"sd","13:00:13",192000
37,-1.5,100,"sd","13:00:11",191900
37,-1.5,200,"unknown","13:00:04",191800
37.05,-1.45,400,"bu","13:00:01",191600
37.05,-1.45,500,"bu","13:00:01",191200
37,-1.5,100,"sd","11:28:43",190700
37,-1.5,100,"sd","11:28:43",190600
37,-1.5,200,"sd","11:28:43",190500
37.05,-1.45,200,"bu","11:28:22",190300
37.05,-1.45,1000,"bu","11:28:10",190100
37,-1.5,300,"sd","11:28:08",189100
37,-1.5,100,"sd","11:28:08",188800
37,-1.5,200,"sd","11:28:08",188700
37,-1.5,500,"sd","11:28:08",188500
37,-1.5,100,"sd","11:28:08",188000
37,-1.5,1500,"sd","11:28:08",187900
37,-1.5,600,"sd","11:28:07",186400
37.05,-1.45,500,"bu","11:28:02",185800
37,-1.5,400,"sd","11:27:54",185300
37,-1.5,100,"sd","11:27:54",184900
37,-1.5,500,"sd","11:27:54",184800
37.05,-1.45,1000,"bu","11:27:53",184300
37,-1.5,500,"sd","11:27:46",183300
37.05,-1.45,300,"bu","11:27:40",182800
37.05,-1.45,100,"sd","11:27:14",182500
37.05,-1.45,100,"sd","11:27:14",182400
37.05,-1.45,100,"sd","11:27:14",182300
37.05,-1.45,400,"sd","11:26:20",182200
37.15,-1.35,2000,"bu","11:26:02",181800
37.15,-1.35,300,"bu","11:25:46",179800
37.1,-1.4,700,"bu","11:25:46",179500
37.1,-1.4,300,"bu","11:25:42",178800
37.1,-1.4,1200,"bu","11:25:42",178500
37.1,-1.4,300,"bu","11:25:37",177300
37.1,-1.4,100,"sd","11:25:26",177000
37.1,-1.4,100,"sd","11:25:26",176900
37.1,-1.4,100,"sd","11:25:26",176800
37.1,-1.4,900,"sd","11:25:26",176700
37.1,-1.4,100,"sd","11:25:26",175800
37.1,-1.4,2000,"sd","11:25:26",175700
37.1,-1.4,1700,"sd","11:25:26",173700
37.1,-1.4,1000,"sd","11:24:45",172000
37.15,-1.35,1000,"bu","11:24:33",171000
37.15,-1.35,100,"sd","11:24:32",170000
37.2,-1.3,500,"bu","11:24:32",169900
37.2,-1.3,100,"sd","11:23:37",169400
37.25,-1.25,1900,"bu","11:23:29",169300
37.25,-1.25,300,"sd","11:22:44",167400
37.25,-1.25,500,"sd","11:22:44",167100
37.25,-1.25,100,"sd","11:22:44",166600
37.25,-1.25,2800,"sd","11:21:50",166500
37.25,-1.25,2700,"sd","11:20:55",163700
37.9,-0.6,100,"bu","11:20:48",161000
37.25,-1.25,2800,"sd","11:20:01",160900
37.25,-1.25,2800,"sd","11:19:07",158100
37.25,-1.25,100,"bu","11:17:38",155300
37.1,-1.4,2800,"bu","11:17:30",155200
37.1,-1.4,500,"bu","11:17:26",152400
37,-1.5,100,"sd","11:17:10",151900
37,-1.5,1000,"sd","11:17:10",151800
37,-1.5,300,"sd","11:17:10",150800
37,-1.5,100,"sd","11:17:10",150500
37,-1.5,100,"sd","11:17:10",150400
37,-1.5,500,"sd","11:17:10",150300
37,-1.5,200,"sd","11:17:10",149800
37.1,-1.4,500,"bu","11:17:00",149600
37,-1.5,1100,"sd","11:16:16",149100
37,-1.5,2800,"sd","11:16:16",148000
37,-1.5,500,"sd","11:15:53",145200
37,-1.5,1000,"sd","11:15:43",144700
37.1,-1.4,100,"bu","11:15:41",143700
37,-1.5,9400,"sd","11:15:34",143600
37,-1.5,100,"sd","11:15:34",134200
37,-1.5,500,"sd","11:15:34",134100
37.1,-1.4,500,"sd","11:15:22",133600
37.1,-1.4,1000,"sd","11:15:22",133100
37.1,-1.4,1800,"sd","11:14:28",132100
37.1,-1.4,100,"sd","11:14:28",130300
37.1,-1.4,200,"sd","11:14:28",130200
37.1,-1.4,100,"sd","11:14:28",130000
37.1,-1.4,500,"sd","11:14:28",129900
37.1,-1.4,1800,"sd","11:13:34",129400
37.1,-1.4,200,"sd","11:13:34",127600
37.1,-1.4,100,"sd","11:13:34",127400
37.1,-1.4,2600,"sd","11:13:34",127300
37.1,-1.4,400,"sd","11:13:34",124700
37.1,-1.4,1000,"sd","11:13:34",124300
37.25,-1.25,100,"bu","11:12:56",123300
37.25,-1.25,500,"sd","11:12:40",123200
37.25,-1.25,1000,"sd","11:12:40",122700
37.25,-1.25,100,"sd","11:12:40",121700
37.25,-1.25,100,"sd","11:12:40",121600
37.4,-1.1,100,"bu","11:12:33",121500
37.4,-1.1,400,"sd","11:11:46",121400
37.5,-1,1300,"bu","11:11:46",121000
37.4,-1.1,1200,"sd","11:11:46",119700
37.5,-1,200,"sd","11:10:52",118500
37.5,-1,200,"sd","11:10:52",118300
37.5,-1,1300,"bu","11:10:26",118100
37.5,-1,100,"bu","11:10:17",116800
37.5,-1,1000,"bu","11:10:04",116700
37.5,-1,500,"sd","11:09:58",115700
37.5,-1,2500,"bu","11:09:45",115200
37.5,-1,300,"bu","11:09:15",112700
37.5,-1,200,"bu","11:09:15",112400
37.5,-1,300,"bu","11:09:15",112200
37.5,-1,600,"sd","11:09:04",111900
37.5,-1,400,"sd","11:09:04",111300
37.5,-1,500,"sd","11:09:04",110900
37.5,-1,400,"sd","11:09:04",110400
37.6,-0.9,1000,"bu","11:08:37",110000
37.6,-0.9,200,"bu","11:08:10",109000
37.6,-0.9,100,"bu","11:08:10",108800
37.6,-0.9,200,"bu","11:08:10",108700
37.65,-0.85,100,"bu","11:08:10",108500
37.65,-0.85,100,"bu","11:08:02",108400
37.65,-0.85,500,"bu","11:08:02",108300
37.65,-0.85,500,"bu","11:07:55",107800
37.65,-0.85,100,"bu","11:07:39",107300
37.65,-0.85,300,"sd","11:07:16",107200
37.65,-0.85,800,"bu","11:06:43",106900
37.65,-0.85,1000,"bu","11:06:22",106100
37.65,-0.85,500,"bu","11:06:22",105100
37.65,-0.85,300,"sd","11:06:22",104600
37.65,-0.85,100,"sd","11:06:22",104300
37.65,-0.85,300,"sd","11:06:22",104200
37.7,-0.8,1500,"bu","11:06:07",103900
37.7,-0.8,500,"sd","11:05:28",102400
37.7,-0.8,1000,"sd","11:05:28",101900
37.9,-0.6,1000,"bu","11:03:49",100900
37.9,-0.6,800,"bu","11:03:49",99900
37.9,-0.6,200,"sd","11:03:11",99100
37.95,-0.55,300,"sd","11:03:11",98900
38,-0.5,100,"sd","11:03:11",98600
38,-0.5,400,"sd","11:03:11",98500
38.05,-0.45,2000,"sd","11:02:55",98100
38,-0.5,200,"sd","10:56:50",96100
38,-0.5,9400,"sd","10:56:15",95900
38,-0.5,100,"sd","10:56:15",86500
38,-0.5,1000,"sd","10:56:15",86400
38.15,-0.35,100,"sd","10:56:15",85400
38.15,-0.35,700,"sd","10:56:15",85300
38.2,-0.3,100,"sd","10:56:15",84600
38.2,-0.3,600,"sd","10:56:15",84500
38.2,-0.3,400,"bu","10:55:16",83900
38.2,-0.3,100,"sd","10:54:54",83500
38.2,-0.3,200,"sd","10:54:32",83400
38.2,-0.3,500,"sd","10:53:39",83200
38.2,-0.3,1000,"sd","10:53:17",82700
38.2,-0.3,100,"bu","10:52:45",81700
38.2,-0.3,100,"bu","10:52:45",81600
38.2,-0.3,1000,"bu","10:52:01",81500
38.15,-0.35,200,"bu","10:51:34",80500
38.15,-0.35,100,"bu","10:51:34",80300
38.15,-0.35,100,"bu","10:49:17",80200
38.15,-0.35,100,"bu","10:48:52",80100
38.15,-0.35,300,"bu","10:48:36",80000
38,-0.5,100,"bu","10:47:20",79700
38,-0.5,1000,"bu","10:47:20",79600
38,-0.5,5900,"bu","10:47:20",78600
38,-0.5,500,"bu","10:47:20",72700
38,-0.5,100,"bu","10:47:15",72200
38,-0.5,1000,"bu","10:46:55",72100
38,-0.5,1500,"bu","10:46:42",71100
37.95,-0.55,5000,"bu","10:44:47",69600
37.95,-0.55,3000,"bu","10:42:36",64600
37.95,-0.55,500,"bu","10:41:59",61600
37.95,-0.55,200,"bu","10:41:59",61100
37.95,-0.55,1000,"bu","10:41:59",60900
37.95,-0.55,500,"bu","10:41:59",59900
37.95,-0.55,500,"bu","10:41:59",59400
37.95,-0.55,500,"bu","10:41:58",58900
37.95,-0.55,100,"bu","10:41:58",58400
37.95,-0.55,200,"bu","10:41:47",58300
37.9,-0.6,1000,"bu","10:41:06",58100
37.9,-0.6,200,"bu","10:41:06",57100
37.9,-0.6,500,"bu","10:40:21",56900
37.9,-0.6,300,"sd","10:39:26",56400
37.9,-0.6,200,"sd","10:38:19",56100
37.9,-0.6,500,"sd","10:38:19",55900
37.9,-0.6,100,"sd","10:36:35",55400
37.9,-0.6,900,"sd","10:36:35",55300
37.9,-0.6,600,"sd","10:36:22",54400
37.9,-0.6,500,"bu","10:35:02",53800
37.95,-0.55,100,"bu","10:26:32",53300
37.95,-0.55,500,"bu","10:26:05",53200
37.9,-0.6,400,"sd","10:25:31",52700
37.9,-0.6,100,"sd","10:25:31",52300
37.9,-0.6,100,"sd","10:24:14",52200
37.9,-0.6,200,"sd","10:24:09",52100
37.95,-0.55,500,"bu","10:23:47",51900
37.9,-0.6,500,"bu","10:23:33",51400
37.9,-0.6,100,"bu","10:23:33",50900
37.65,-0.85,200,"bu","10:20:45",50800
37.65,-0.85,400,"bu","10:20:31",50600
37.65,-0.85,100,"sd","10:20:14",50200
37.65,-0.85,200,"sd","10:20:14",50100
37.65,-0.85,300,"sd","10:20:14",49900
37.65,-0.85,200,"sd","10:19:27",49600
37.65,-0.85,300,"sd","10:19:27",49400
37.65,-0.85,1500,"sd","10:19:00",49100
37.7,-0.8,500,"sd","10:19:00",47600
37.65,-0.85,200,"bu","10:16:53",47100
37.65,-0.85,1400,"sd","10:16:45",46900
37.65,-0.85,1400,"sd","10:16:45",45500
37.65,-0.85,100,"sd","10:16:45",44100
37.65,-0.85,100,"sd","10:16:45",44000
37.65,-0.85,100,"sd","10:16:45",43900
37.7,-0.8,100,"sd","10:16:45",43700
37.65,-0.85,100,"sd","10:16:45",43800
37.95,-0.55,100,"bu","10:16:38",43600
37.95,-0.55,500,"bu","10:16:27",43500
38,-0.5,100,"bu","10:15:29",43000
37.65,-0.85,100,"sd","10:14:49",42900
37.65,-0.85,200,"sd","10:14:49",42800
38,-0.5,100,"bu","10:14:09",42600
38,-0.5,500,"sd","10:14:05",42500
38,-0.5,100,"sd","10:14:05",42000
38,-0.5,200,"sd","10:14:05",41900
38,-0.5,800,"sd","10:12:54",41700
38,-0.5,500,"sd","10:12:54",40900
38,-0.5,100,"sd","10:12:54",40400
38,-0.5,1000,"sd","10:12:54",40300
38,-0.5,100,"sd","10:12:54",38800
38,-0.5,500,"sd","10:12:54",39300
38.1,-0.4,500,"sd","10:12:54",38700
38.1,-0.4,1000,"sd","10:12:54",38200
38.1,-0.4,600,"sd","10:12:54",37200
38.1,-0.4,200,"sd","10:12:54",36600
38.1,-0.4,200,"sd","10:12:54",36400
38.1,-0.4,200,"sd","10:12:54",36200
38.1,-0.4,100,"sd","10:12:54",36000
38.1,-0.4,3600,"sd","10:12:54",35900
38.35,-0.15,500,"sd","10:12:54",32300
38.35,-0.15,100,"sd","10:12:54",31800
38.35,-0.15,100,"sd","10:11:01",31700
38.35,-0.15,200,"sd","10:09:36",31600
38.35,-0.15,100,"sd","10:09:11",31400
38.35,-0.15,300,"sd","10:09:11",31300
38.4,-0.1,200,"sd","10:08:19",31000
38.4,-0.1,100,"sd","10:08:19",30800
38.4,-0.1,100,"sd","10:08:10",30700
38.5,0,100,"sd","10:06:27",30600
38.5,0,200,"sd","10:05:16",30500
38.5,0,400,"sd","10:03:53",30300
38.5,0,300,"bu","10:01:31",29900
38.5,0,200,"bu","10:01:31",29600
38.5,0,300,"bu","10:01:31",29400
38.5,0,100,"bu","10:01:31",29100
38.5,0,100,"bu","10:00:14",29000
38.5,0,100,"bu","10:00:14",28900
38.5,0,300,"bu","09:55:16",28800
38.5,0,500,"bu","09:55:16",28500
38.5,0,1200,"bu","09:55:10",28000
38.5,0,100,"bu","09:55:10",26800
38.5,0,200,"bu","09:55:10",26700
38.5,0,400,"bu","09:55:10",26500
38.4,-0.1,100,"sd","09:55:07",26100
38.5,0,3000,"bu","09:54:58",26000
38.4,-0.1,1000,"bu","09:54:54",23000
38.35,-0.15,500,"sd","09:50:59",22000
38.35,-0.15,200,"sd","09:50:33",21500
38.35,-0.15,100,"sd","09:48:27",21300
38.5,0,200,"bu","09:46:07",21200
38.5,0,900,"bu","09:44:27",21000
38.5,0,300,"bu","09:43:41",20100
38.4,-0.1,100,"bu","09:43:17",19800
38.4,-0.1,2000,"bu","09:42:45",19700
38.35,-0.15,300,"sd","09:42:26",17700
38.35,-0.15,500,"sd","09:42:18",17400
38.35,-0.15,1000,"sd","09:40:32",16900
38.4,-0.1,100,"sd","09:39:39",15900
38.4,-0.1,100,"sd","09:39:39",15800
38.35,-0.15,200,"bu","09:38:24",15700
38.4,-0.1,900,"bu","09:38:24",15500
38.35,-0.15,500,"bu","09:38:24",14600
38.35,-0.15,300,"sd","09:37:41",14100
38.4,-0.1,100,"sd","09:37:11",13800
38.4,-0.1,500,"sd","09:36:19",13700
38.4,-0.1,200,"sd","09:36:14",13200
38.45,-0.05,100,"sd","09:35:57",13000
38.45,-0.05,100,"sd","09:35:22",12900
38.45,-0.05,200,"sd","09:35:22",12800
38.5,0,200,"sd","09:34:33",12600
38.5,0,400,"sd","09:34:16",12400
38.5,0,500,"sd","09:34:16",12000
38.5,0,100,"sd","09:34:16",11500
38.5,0,300,"sd","09:33:41",11400
38.5,0,100,"sd","09:32:11",11100
38.9,0.4,300,"bu","09:31:51",11000
38.6,0.1,700,"bu","09:30:36",10700
38.6,0.1,1000,"bu","09:30:36",10000
38.6,0.1,400,"bu","09:30:36",9000
38.5,0,100,"sd","09:27:28",8600
38.5,0,3000,"bu","09:26:36",8500
38.5,0,100,"bu","09:26:36",5500
38.5,0,100,"bu","09:26:36",5400
38.5,0,400,"bu","09:26:36",5300
38.5,0,100,"bu","09:26:36",4900
38.45,-0.05,100,"bu","09:26:30",4800
38.5,0,100,"sd","09:21:47",4700
38.5,0,100,"sd","09:21:35",4600
38.5,0,500,"sd","09:20:53",4500
38.6,0.1,1000,"sd","09:20:12",4000
38.6,0.1,100,"sd","09:20:12",3000
38.6,0.1,700,"sd","09:19:53",2900
38.6,0.1,300,"sd","09:19:53",2200
38.6,0.1,200,"sd","09:17:52",1900
38.9,0.4,100,"bu","09:17:49",1700
38.8,0.3,200,"bu","09:17:49",1600
38.9,0.4,1400,"bu","09:15:01",1400
