"price","change","match_qtty","side","time","total_vol"
25850,100,157600,"unknown","14:45:00",3041200
25700,-50,500,"sd","14:29:59",2883600
25700,-50,100,"sd","14:29:59",2883100
25700,-50,1000,"sd","14:29:59",2883000
25700,-50,1000,"sd","14:29:59",2882000
25700,-50,500,"sd","14:29:59",2881000
25700,-50,900,"sd","14:29:59",2880500
25700,-50,400,"sd","14:29:59",2879600
25700,-50,6500,"sd","14:29:59",2879200
25750,0,2000,"bu","14:29:57",2872700
25700,-50,100,"sd","14:29:40",2870700
25700,-50,3400,"sd","14:29:34",2870600
25700,-50,600,"sd","14:29:34",2867200
25700,-50,400,"sd","14:29:08",2866600
25700,-50,100,"sd","14:29:08",2866200
25750,0,2000,"bu","14:29:07",2866100
25700,-50,100,"sd","14:29:00",2864100
25750,0,4400,"bu","14:28:41",2864000
25750,0,100,"sd","14:28:21",2859600
25750,0,500,"sd","14:28:21",2859500
25750,0,500,"sd","14:28:21",2859000
25750,0,600,"sd","14:28:21",2858500
25750,0,500,"sd","14:28:21",2857900
25750,0,1000,"sd","14:28:21",2857400
25750,0,200,"sd","14:28:21",2856400
25750,0,2000,"sd","14:28:21",2856200
25750,0,1000,"sd","14:28:21",2854200
25750,0,500,"sd","14:28:21",2853200
25750,0,2000,"sd","14:28:21",2852700
25750,0,1000,"sd","14:28:21",2850700
25750,0,800,"sd","14:28:21",2849700
25800,50,1300,"bu","14:28:07",2848900
25800,50,700,"bu","14:28:07",2847600
25800,50,300,"bu","14:28:05",2846900
25800,50,100,"bu","14:28:05",2846600
25800,50,200,"bu","14:28:05",2846500
25800,50,700,"bu","14:27:46",2846300
25800,50,100,"bu","14:27:41",2845600
25800,50,100,"bu","14:27:41",2845500
25800,50,1000,"bu","14:27:41",2845400
25800,50,500,"bu","14:27:30",2844400
25800,50,500,"bu","14:27:30",2843900
25800,50,100,"bu","14:27:23",2843400
25800,50,400,"bu","14:27:19",2843300
25800,50,100,"bu","14:27:19",2842900
25800,50,300,"bu","14:27:19",2842800
25800,50,1000,"bu","14:27:19",2842500
25800,50,400,"bu","14:27:19",2841500
25800,50,500,"bu","14:27:01",2841100
25800,50,1300,"bu","14:26:58",2840600
25800,50,200,"bu","14:26:58",2839300
25800,50,500,"bu","14:26:58",2839100
25800,50,500,"bu","14:26:55",2838600
25800,50,400,"bu","14:26:55",2838100
25800,50,500,"bu","14:26:55",2837700
25800,50,1600,"bu","14:26:55",2837200
25800,50,600,"bu","14:26:48",2835600
25800,50,1000,"bu","14:26:46",2835000
25800,50,1000,"bu","14:26:40",2834000
25800,50,1000,"bu","14:26:36",2833000
25800,50,2000,"bu","14:26:31",2832000
25800,50,2000,"bu","14:26:27",2830000
25800,50,800,"bu","14:26:22",2828000
25800,50,1400,"bu","14:26:15",2827200
25800,50,200,"sd","14:26:07",2825800
25800,50,100,"sd","14:25:58",2825600
25800,50,400,"sd","14:25:53",2825500
25800,50,800,"sd","14:25:51",2825100
25800,50,1200,"sd","14:25:51",2824300
25800,50,800,"sd","14:25:51",2823100
25800,50,100,"sd","14:25:51",2822300
25800,50,100,"sd","14:25:51",2822200
25800,50,300,"sd","14:25:48",2822100
25800,50,500,"sd","14:25:44",2821800
25850,100,1700,"bu","14:25:44",2821300
25800,50,100,"sd","14:25:37",2819600
25800,50,500,"sd","14:25:37",2819500
25800,50,500,"sd","14:25:37",2819000
25800,50,500,"sd","14:25:31",2818500
25800,50,300,"sd","14:25:31",2818000
25800,50,100,"sd","14:25:27",2817700
25800,50,1000,"sd","14:25:27",2817600
25800,50,2000,"sd","14:25:23",2816600
25800,50,600,"sd","14:25:20",2814600
25800,50,1500,"sd","14:25:20",2814000
25800,50,2900,"sd","14:25:20",2812500
25800,50,1000,"sd","14:25:13",2809600
25850,100,300,"bu","14:25:02",2808600
25850,100,400,"bu","14:24:54",2808300
25800,50,500,"sd","14:24:52",2807900
25850,100,1000,"bu","14:24:47",2807400
25800,50,600,"sd","14:24:47",2806400
25800,50,400,"sd","14:24:47",2805800
25850,100,1000,"bu","14:23:48",2805400
25850,100,5400,"bu","14:23:06",2804400
25850,100,500,"bu","14:23:06",2799000
25850,100,1000,"bu","14:23:06",2798500
25850,100,2200,"bu","14:23:06",2797500
25850,100,100,"bu","14:23:06",2795300
25850,100,100,"bu","14:22:36",2795200
25800,50,400,"sd","14:22:35",2795100
25800,50,700,"sd","14:22:32",2794700
25800,50,500,"sd","14:22:32",2794000
25800,50,100,"sd","14:22:32",2793500
25800,50,700,"sd","14:22:32",2793400
25800,50,100,"sd","14:22:24",2792700
25800,50,400,"sd","14:21:55",2792600
25800,50,1000,"sd","14:21:40",2792200
25800,50,400,"sd","14:21:03",2791200
25800,50,400,"sd","14:21:03",2790800
25800,50,3200,"bu","14:20:59",2790400
25800,50,300,"bu","14:20:59",2787200
25800,50,200,"bu","14:20:59",2786900
25800,50,200,"bu","14:20:59",2786700
25800,50,300,"bu","14:20:59",2786500
25800,50,200,"bu","14:20:59",2786200
25800,50,1000,"bu","14:20:59",2786000
25800,50,100,"bu","14:20:59",2785000
25800,50,100,"bu","14:20:59",2784900
25800,50,400,"bu","14:20:59",2784800
25800,50,2600,"bu","14:20:35",2784400
25800,50,100,"bu","14:20:35",2781800
25800,50,200,"bu","14:20:35",2781700
25750,0,1600,"sd","14:20:32",2781500
25750,0,900,"sd","14:20:32",2779900
25750,0,1000,"sd","14:20:29",2779000
25750,0,2000,"sd","14:20:23",2778000
25750,0,100,"sd","14:20:14",2776000
25750,0,500,"sd","14:20:14",2775900
25750,0,400,"sd","14:20:14",2775400
25750,0,300,"bu","14:19:40",2775000
25750,0,2000,"bu","14:19:40",2774700
25750,0,100,"bu","14:19:40",2772700
25750,0,2000,"bu","14:19:40",2772600
25750,0,3500,"bu","14:19:40",2770600
25750,0,1500,"bu","14:19:40",2767100
25750,0,100,"bu","14:19:40",2765600
25750,0,2900,"bu","14:19:40",2765500
25750,0,200,"bu","14:19:40",2762600
25750,0,800,"bu","14:19:30",2762400
25750,0,200,"bu","14:19:30",2761600
25750,0,5000,"bu","14:19:18",2761400
25750,0,6000,"bu","14:19:04",2756400
25700,-50,2500,"sd","14:18:27",2750400
25700,-50,800,"sd","14:18:24",2747900
25700,-50,300,"bu","14:18:24",2747100
25700,-50,1000,"bu","14:18:24",2746800
25700,-50,1600,"bu","14:18:22",2745800
25700,-50,1000,"bu","14:18:13",2744200
25700,-50,800,"bu","14:18:05",2743200
25700,-50,200,"bu","14:18:05",2742400
25700,-50,100,"bu","14:18:05",2742200
25700,-50,3000,"bu","14:18:01",2742100
25700,-50,1000,"bu","14:17:48",2739100
25700,-50,300,"bu","14:17:47",2738100
25700,-50,800,"bu","14:17:36",2737800
25700,-50,200,"bu","14:17:36",2737000
25700,-50,2000,"sd","14:17:29",2736800
25700,-50,1000,"sd","14:17:29",2734800
25700,-50,100,"sd","14:17:29",2733800
25700,-50,200,"sd","14:17:29",2733700
25700,-50,100,"sd","14:17:29",2733500
25700,-50,900,"sd","14:17:29",2733400
25700,-50,200,"sd","14:17:29",2732500
25700,-50,3200,"sd","14:17:29",2732300
25750,0,10000,"bu","14:17:28",2729100
25750,0,900,"bu","14:17:07",2719100
25750,0,300,"bu","14:17:07",2718200
25750,0,800,"bu","14:16:39",2717900
25750,0,300,"bu","14:16:39",2717100
25750,0,900,"sd","14:16:28",2716800
25750,0,200,"sd","14:16:28",2715900
25750,0,900,"sd","14:16:28",2715700
25750,0,800,"sd","14:16:28",2714800
25750,0,300,"sd","14:16:28",2714000
25750,0,800,"sd","14:16:28",2713700
25750,0,300,"sd","14:16:28",2712900
25750,0,300,"sd","14:16:28",2712600
25750,0,300,"sd","14:16:28",2712300
25750,0,600,"sd","14:16:23",2712000
25750,0,200,"sd","14:16:22",2711400
25750,0,800,"sd","14:16:22",2711200
25750,0,300,"sd","14:16:22",2710400
25750,0,600,"sd","14:16:22",2710100
25750,0,800,"sd","14:16:22",2709500
25750,0,300,"sd","14:16:22",2708700
25750,0,4400,"sd","14:16:22",2708400
25750,0,1000,"sd","14:16:01",2704000
25800,50,100,"bu","14:15:59",2703000
25750,0,100,"sd","14:15:12",2702900
25750,0,300,"sd","14:14:56",2702800
25750,0,1000,"sd","14:14:52",2702500
25750,0,700,"sd","14:14:12",2701500
25750,0,500,"sd","14:13:25",2700800
25750,0,900,"sd","14:13:25",2700300
25750,0,200,"sd","14:13:25",2699400
25750,0,100,"sd","14:13:25",2699200
25750,0,300,"bu","14:13:05",2699100
25750,0,700,"bu","14:13:05",2698800
25750,0,800,"bu","14:12:50",2698100
25750,0,300,"bu","14:12:50",2697300
25750,0,100,"bu","14:12:49",2697000
25750,0,100,"bu","14:12:47",2696900
25750,0,1000,"bu","14:12:38",2696800
25750,0,300,"bu","14:12:38",2695800
25750,0,700,"bu","14:12:38",2695500
25750,0,100,"bu","14:12:27",2694800
25750,0,800,"bu","14:12:21",2694700
25750,0,300,"bu","14:12:21",2693900
25750,0,1700,"bu","14:12:17",2693600
25750,0,3300,"bu","14:12:17",2691900
25750,0,500,"bu","14:12:05",2688600
25750,0,300,"bu","14:11:59",2688100
25750,0,900,"bu","14:11:53",2687800
25750,0,200,"bu","14:11:53",2686900
25750,0,1000,"bu","14:11:33",2686700
25750,0,2300,"bu","14:11:31",2685700
25750,0,2700,"bu","14:11:31",2683400
25750,0,2300,"bu","14:11:29",2680700
25750,0,2700,"bu","14:11:29",2678400
25750,0,800,"bu","14:11:25",2675700
25750,0,300,"bu","14:11:24",2674900
25750,0,1000,"bu","14:11:18",2674600
25750,0,1000,"bu","14:11:10",2673600
25750,0,500,"bu","14:10:58",2672600
25750,0,300,"bu","14:10:58",2672100
25750,0,800,"bu","14:10:56",2671800
25750,0,500,"bu","14:10:38",2671000
25700,-50,4000,"sd","14:10:30",2670500
25700,-50,400,"bu","14:10:26",2666500
25700,-50,1000,"bu","14:10:26",2666100
25700,-50,5000,"bu","14:10:26",2665100
25700,-50,3600,"bu","14:10:26",2660100
25700,-50,5000,"bu","14:10:26",2656500
25700,-50,6200,"bu","14:10:26",2651500
25700,-50,500,"bu","14:10:18",2645300
25700,-50,900,"bu","14:10:14",2644800
25700,-50,800,"bu","14:09:58",2643900
25700,-50,300,"bu","14:09:58",2643100
25700,-50,100,"bu","14:09:40",2642800
25700,-50,1200,"bu","14:09:37",2642700
25700,-50,300,"bu","14:09:37",2641500
25700,-50,800,"bu","14:09:30",2641200
25700,-50,300,"bu","14:09:30",2640400
25700,-50,500,"bu","14:09:19",2640100
25700,-50,900,"bu","14:09:01",2639600
25700,-50,200,"bu","14:09:01",2638700
25700,-50,500,"bu","14:08:56",2638500
25650,-100,1000,"sd","14:08:51",2638000
25650,-100,700,"sd","14:08:44",2637000
25650,-100,200,"sd","14:08:21",2636300
25600,-150,700,"sd","14:08:12",2636100
25600,-150,900,"sd","14:08:12",2635400
25600,-150,200,"sd","14:08:12",2634500
25600,-150,300,"sd","14:08:12",2634300
25650,-100,100,"sd","14:08:12",2634000
25650,-100,5000,"sd","14:08:12",2633900
25650,-100,1000,"sd","14:08:12",2628900
25700,-50,900,"bu","14:08:05",2627900
25700,-50,300,"bu","14:08:04",2627000
25700,-50,300,"bu","14:07:53",2626700
25700,-50,400,"bu","14:07:53",2626400
25600,-150,300,"sd","14:07:50",2626000
25600,-150,500,"sd","14:07:50",2625700
25600,-150,300,"sd","14:07:50",2625200
25600,-150,800,"sd","14:07:50",2624900
25600,-150,1100,"sd","14:07:50",2624100
25600,-150,900,"sd","14:07:50",2623000
25600,-150,300,"sd","14:07:50",2622100
25600,-150,200,"sd","14:07:50",2621800
25600,-150,900,"sd","14:07:50",2621600
25600,-150,100,"sd","14:07:50",2620700
25600,-150,200,"sd","14:07:50",2620600
25600,-150,800,"sd","14:07:50",2620400
25600,-150,800,"sd","14:07:50",2619600
25600,-150,300,"sd","14:07:50",2618800
25600,-150,200,"sd","14:07:50",2618500
25650,-100,500,"sd","14:07:50",2618300
25650,-100,200,"sd","14:07:50",2617800
25650,-100,1600,"sd","14:07:50",2617600
25700,-50,100,"bu","14:07:42",2616000
25700,-50,800,"bu","14:07:35",2615900
25700,-50,200,"bu","14:07:35",2615100
25700,-50,100,"bu","14:07:32",2614900
25700,-50,100,"bu","14:07:23",2614800
25650,-100,400,"sd","14:07:19",2614700
25650,-100,500,"sd","14:07:19",2614300
25650,-100,100,"sd","14:07:19",2613800
25700,-50,100,"bu","14:07:16",2613700
25700,-50,100,"bu","14:07:12",2613600
25700,-50,100,"unknown","14:07:07",2613500
25750,0,800,"bu","14:07:07",2613400
25750,0,300,"bu","14:07:07",2612600
25650,-100,100,"sd","14:07:06",2612300
25650,-100,100,"sd","14:07:06",2612200
25650,-100,800,"sd","14:07:06",2612100
25700,-50,100,"sd","14:07:06",2611300
25700,-50,800,"sd","14:07:06",2611200
25700,-50,300,"sd","14:07:06",2610400
25700,-50,500,"sd","14:07:06",2610100
25700,-50,100,"sd","14:07:06",2609600
25700,-50,500,"sd","14:07:06",2609500
25650,-100,900,"sd","14:07:06",2609000
25700,-50,100,"sd","14:07:06",2608100
25650,-100,900,"sd","14:07:06",2608000
25700,-50,2000,"sd","14:07:06",2607100
25650,-100,300,"sd","14:07:06",2605100
25700,-50,100,"sd","14:07:06",2604800
25700,-50,1000,"sd","14:07:06",2604700
25700,-50,1400,"sd","14:07:06",2603700
25750,0,100,"bu","14:06:55",2602300
25700,-50,600,"sd","14:06:55",2602200
25700,-50,100,"sd","14:06:55",2601600
25700,-50,500,"sd","14:06:55",2601500
25700,-50,800,"sd","14:06:54",2601000
25700,-50,300,"sd","14:06:54",2600200
25700,-50,500,"sd","14:06:54",2599900
25700,-50,200,"sd","14:06:54",2599400
25750,0,900,"bu","14:06:54",2599200
25750,0,100,"bu","14:06:54",2598300
25750,0,400,"bu","14:06:39",2598200
25750,0,500,"bu","14:06:38",2597800
25750,0,300,"bu","14:06:38",2597300
25750,0,100,"bu","14:06:37",2597000
25750,0,600,"bu","14:06:30",2596900
25750,0,800,"bu","14:06:10",2596300
25750,0,200,"bu","14:06:10",2595500
25750,0,300,"bu","14:06:06",2595300
25750,0,200,"bu","14:05:58",2595000
25750,0,300,"bu","14:05:58",2594800
25750,0,1300,"bu","14:05:58",2594500
25700,-50,800,"sd","14:05:35",2593200
25750,0,200,"sd","14:05:19",2592400
25750,0,900,"sd","14:05:19",2592200
25750,0,300,"sd","14:05:19",2591300
25750,0,100,"sd","14:05:19",2591000
25750,0,5000,"sd","14:05:19",2590900
25750,0,200,"sd","14:05:19",2585900
25750,0,4000,"sd","14:05:19",2585700
25750,0,400,"sd","14:05:19",2581700
25750,0,1000,"sd","14:05:19",2581300
25750,0,1000,"sd","14:05:19",2580300
25750,0,300,"sd","14:05:19",2579300
25750,0,800,"sd","14:05:19",2579000
25750,0,1000,"sd","14:05:19",2578200
25750,0,900,"sd","14:05:19",2577200
25750,0,300,"sd","14:05:19",2576300
25750,0,300,"sd","14:05:19",2576000
25750,0,800,"sd","14:04:58",2575700
25750,0,800,"sd","14:04:58",2574900
25750,0,300,"sd","14:04:58",2574100
25750,0,100,"sd","14:04:58",2573800
25800,50,800,"bu","14:04:44",2573700
25800,50,200,"bu","14:04:44",2572900
25800,50,2000,"sd","14:04:22",2572700
25800,50,800,"sd","14:04:22",2570700
25800,50,200,"sd","14:04:22",2569900
25800,50,500,"sd","14:04:22",2569700
25800,50,800,"sd","14:04:22",2569200
25800,50,300,"sd","14:04:22",2568400
25800,50,10000,"sd","14:04:22",2568100
25800,50,100,"sd","14:04:22",2558100
25800,50,1000,"sd","14:04:21",2558000
25800,50,100,"sd","14:04:21",2557000
25850,100,300,"bu","14:04:15",2556900
25850,100,300,"bu","14:04:15",2556600
25850,100,500,"bu","14:04:15",2556300
25850,100,900,"bu","14:03:47",2555800
25850,100,300,"bu","14:03:47",2554900
25850,100,100,"bu","14:03:37",2554600
25800,50,300,"sd","14:03:17",2554500
25850,100,200,"bu","14:03:15",2554200
25800,50,100,"sd","14:03:07",2554000
25800,50,100,"sd","14:02:52",2553900
25800,50,200,"sd","14:02:37",2553800
25800,50,200,"sd","14:02:37",2553600
25800,50,400,"sd","14:02:37",2553400
25800,50,200,"sd","14:02:37",2553000
25800,50,700,"sd","14:02:33",2552800
25800,50,300,"sd","14:02:33",2552100
25800,50,100,"sd","14:02:33",2551800
25800,50,300,"sd","14:02:33",2551700
25800,50,600,"sd","14:02:33",2551400
25800,50,200,"sd","14:02:22",2550800
25800,50,300,"sd","14:02:22",2550600
25800,50,800,"sd","14:02:22",2550300
25800,50,200,"sd","14:02:22",2549500
25800,50,300,"sd","14:02:22",2549300
25800,50,200,"sd","14:02:22",2549000
25850,100,900,"bu","14:02:21",2548800
25850,100,300,"bu","14:02:21",2547900
25850,100,300,"bu","14:01:57",2547600
25800,50,100,"sd","14:01:41",2547300
25800,50,900,"sd","14:01:41",2547200
25800,50,100,"sd","14:01:36",2546300
25800,50,100,"sd","14:01:36",2546200
25800,50,100,"sd","14:01:21",2546100
25800,50,100,"sd","14:01:21",2546000
25800,50,800,"sd","14:01:21",2545900
25800,50,300,"sd","14:01:21",2545100
25800,50,100,"sd","14:01:21",2544800
25800,50,100,"sd","14:01:21",2544700
25800,50,800,"sd","14:01:21",2544600
25800,50,200,"sd","14:01:21",2543800
25800,50,100,"sd","14:01:09",2543600
25800,50,200,"sd","14:01:04",2543500
25800,50,100,"sd","14:00:57",2543300
25800,50,200,"sd","14:00:41",2543200
25850,100,100,"bu","14:00:39",2543000
25800,50,500,"sd","14:00:10",2542900
25800,50,100,"sd","14:00:09",2542400
25800,50,200,"sd","14:00:08",2542300
25800,50,800,"sd","13:59:55",2542100
25800,50,200,"sd","13:59:55",2541300
25800,50,100,"sd","13:59:55",2541100
25800,50,100,"sd","13:59:55",2541000
25800,50,800,"sd","13:59:55",2540900
25800,50,2200,"sd","13:59:38",2540100
25800,50,500,"sd","13:59:38",2537900
25800,50,1300,"sd","13:59:38",2537400
25800,50,2000,"sd","13:59:03",2536100
25800,50,1700,"sd","13:58:53",2534100
25800,50,2300,"sd","13:58:53",2532400
25850,100,100,"bu","13:58:41",2530100
25850,100,1300,"bu","13:58:36",2530000
25850,100,500,"bu","13:58:36",2528700
25850,100,200,"bu","13:58:36",2528200
25850,100,100,"bu","13:58:35",2528000
25850,100,900,"bu","13:58:32",2527900
25850,100,300,"bu","13:58:32",2527000
25850,100,100,"bu","13:58:29",2526700
25850,100,100,"bu","13:58:23",2526600
25850,100,100,"bu","13:58:16",2526500
25800,50,500,"sd","13:58:16",2526400
25800,50,1100,"sd","13:58:14",2525900
25850,100,100,"bu","13:58:09",2524800
25800,50,6000,"sd","13:57:58",2524700
25850,100,100,"bu","13:57:44",2518700
25800,50,100,"sd","13:57:42",2518600
25800,50,100,"sd","13:57:32",2518500
25800,50,400,"sd","13:57:32",2518400
25850,100,900,"sd","13:57:21",2518000
25850,100,300,"sd","13:57:21",2517100
25850,100,300,"sd","13:57:21",2516800
25850,100,400,"sd","13:57:21",2516500
25850,100,800,"sd","13:57:21",2516100
25850,100,300,"sd","13:57:21",2515300
25850,100,1000,"sd","13:57:21",2515000
25850,100,300,"sd","13:57:21",2514000
25850,100,100,"sd","13:57:21",2513700
25850,100,2400,"sd","13:57:21",2513600
25850,100,900,"sd","13:57:20",2511200
25850,100,200,"sd","13:57:20",2510300
25850,100,300,"sd","13:57:20",2510100
25850,100,800,"sd","13:57:20",2509800
25850,100,300,"sd","13:57:20",2509000
25850,100,800,"sd","13:57:20",2508700
25850,100,2000,"sd","13:57:20",2507900
25850,100,2000,"sd","13:57:20",2505900
25850,100,900,"sd","13:57:20",2503900
25850,100,600,"sd","13:57:20",2503000
25850,100,100,"sd","13:57:20",2502400
25850,100,300,"sd","13:57:20",2502300
25850,100,800,"sd","13:57:20",2502000
25850,100,300,"sd","13:57:20",2501200
25850,100,1000,"sd","13:57:20",2500900
25850,100,18700,"sd","13:57:20",2499900
25850,100,1500,"sd","13:57:19",2481200
25850,100,2000,"sd","13:57:16",2479700
25850,100,4000,"sd","13:57:11",2477700
25850,100,1000,"sd","13:57:08",2473700
25850,100,100,"sd","13:57:04",2472700
25850,100,900,"sd","13:56:53",2472600
25850,100,100,"sd","13:56:43",2471700
25850,100,100,"sd","13:56:43",2471600
25900,150,1000,"bu","13:56:40",2471500
25850,100,1000,"sd","13:56:19",2470500
25850,100,100,"sd","13:56:13",2469500
25900,150,200,"bu","13:56:10",2469400
25900,150,500,"bu","13:56:09",2469200
25900,150,300,"bu","13:56:09",2468700
25900,150,100,"bu","13:55:41",2468400
25900,150,500,"bu","13:55:41",2468300
25900,150,300,"bu","13:55:41",2467800
25900,150,300,"bu","13:55:41",2467500
25900,150,100,"bu","13:55:19",2467200
25900,150,800,"bu","13:55:12",2467100
25900,150,300,"bu","13:55:12",2466300
25900,150,200,"bu","13:55:11",2466000
25900,150,1800,"bu","13:55:11",2465800
25900,150,100,"bu","13:54:51",2464000
25900,150,200,"bu","13:54:43",2463900
25900,150,800,"bu","13:54:43",2463700
25900,150,200,"bu","13:54:43",2462900
25900,150,1200,"bu","13:54:34",2462700
25900,150,700,"bu","13:54:15",2461500
25900,150,200,"bu","13:54:15",2460800
25900,150,100,"bu","13:54:15",2460600
25900,150,100,"bu","13:54:15",2460500
25900,150,100,"bu","13:54:15",2460400
25900,150,100,"bu","13:54:14",2460300
25900,150,100,"bu","13:54:06",2460200
25900,150,100,"bu","13:54:06",2460100
25900,150,5000,"bu","13:54:04",2460000
25900,150,400,"bu","13:53:59",2455000
25900,150,100,"bu","13:53:58",2454600
25850,100,500,"sd","13:53:57",2454500
25900,150,100,"bu","13:53:51",2454000
25900,150,1000,"bu","13:53:50",2453900
25900,150,800,"bu","13:53:46",2452900
25900,150,300,"bu","13:53:46",2452100
25900,150,300,"bu","13:53:41",2451800
25900,150,700,"bu","13:53:41",2451500
25900,150,1900,"bu","13:53:41",2450800
25900,150,100,"bu","13:53:41",2448900
25900,150,200,"bu","13:53:40",2448800
25900,150,100,"bu","13:53:38",2448600
25900,150,100,"bu","13:53:32",2448500
25900,150,100,"bu","13:53:25",2448400
25900,150,900,"bu","13:53:18",2448300
25900,150,200,"bu","13:53:18",2447400
25900,150,1000,"bu","13:52:55",2447200
25900,150,800,"bu","13:52:49",2446200
25900,150,300,"bu","13:52:49",2445400
25900,150,3800,"sd","13:52:45",2445100
25900,150,1000,"sd","13:52:45",2441300
25900,150,800,"sd","13:52:45",2440300
25900,150,900,"sd","13:52:40",2439500
25900,150,3600,"sd","13:52:40",2438600
25900,150,1000,"sd","13:52:38",2435000
25900,150,400,"sd","13:52:37",2434000
25900,150,600,"sd","13:52:37",2433600
25900,150,300,"sd","13:52:25",2433000
25900,150,200,"sd","13:52:25",2432700
25950,200,300,"bu","13:52:21",2432500
25950,200,600,"bu","13:52:20",2432200
25950,200,100,"bu","13:52:20",2431600
25950,200,100,"bu","13:52:20",2431500
25950,200,100,"bu","13:52:00",2431400
25900,150,1000,"bu","13:51:27",2431300
25900,150,500,"bu","13:51:23",2430300
25900,150,300,"bu","13:51:23",2429800
25900,150,300,"bu","13:51:23",2429500
25900,150,2000,"bu","13:51:17",2429200
25900,150,500,"bu","13:51:11",2427200
25900,150,200,"bu","13:51:04",2426700
25900,150,300,"bu","13:51:04",2426500
25900,150,700,"bu","13:51:01",2426200
25900,150,300,"bu","13:51:01",2425500
25900,150,2700,"bu","13:50:57",2425200
25900,150,700,"bu","13:50:57",2422500
25900,150,600,"bu","13:50:57",2421800
25900,150,100,"bu","13:50:57",2421200
25900,150,900,"bu","13:50:57",2421100
25900,150,800,"bu","13:50:55",2420200
25900,150,300,"bu","13:50:55",2419400
25900,150,200,"bu","13:50:44",2419100
25900,150,200,"bu","13:50:44",2418900
25900,150,100,"bu","13:50:44",2418700
25900,150,500,"bu","13:50:44",2418600
25900,150,200,"bu","13:50:44",2418100
25900,150,100,"bu","13:50:44",2417900
25900,150,2000,"bu","13:50:44",2417800
25900,150,300,"bu","13:50:44",2415800
25900,150,300,"bu","13:50:44",2415500
25900,150,100,"bu","13:50:44",2415200
25900,150,1000,"bu","13:50:44",2415100
25900,150,200,"bu","13:50:44",2414100
25900,150,800,"bu","13:50:43",2413900
25900,150,200,"bu","13:50:43",2413100
25900,150,3400,"bu","13:50:43",2412900
25900,150,600,"bu","13:50:43",2409500
25850,100,100,"sd","13:49:56",2408900
25850,100,100,"sd","13:49:26",2408800
25900,150,100,"bu","13:49:25",2408700
25900,150,800,"bu","13:49:14",2408600
25900,150,200,"bu","13:49:14",2407800
25900,150,100,"bu","13:49:10",2407600
25900,150,200,"bu","13:49:05",2407500
25900,150,300,"bu","13:49:02",2407300
25900,150,100,"bu","13:49:02",2407000
25900,150,1000,"bu","13:49:02",2406900
25900,150,500,"bu","13:49:02",2405900
25900,150,3100,"bu","13:49:02",2405400
25900,150,900,"bu","13:49:00",2402300
25900,150,200,"bu","13:49:00",2401400
25900,150,800,"bu","13:48:59",2401200
25900,150,300,"bu","13:48:59",2400400
25900,150,200,"bu","13:48:53",2400100
25900,150,500,"bu","13:48:32",2399900
25900,150,300,"bu","13:48:32",2399400
25900,150,300,"bu","13:48:32",2399100
25900,150,2400,"bu","13:48:25",2398800
25900,150,2600,"bu","13:48:25",2396400
25900,150,400,"bu","13:48:25",2393800
25900,150,100,"bu","13:48:25",2393400
25900,150,500,"bu","13:48:25",2393300
25900,150,300,"bu","13:48:25",2392800
25900,150,200,"bu","13:48:25",2392500
25900,150,300,"bu","13:48:25",2392300
25900,150,3200,"bu","13:48:25",2392000
25900,150,5000,"bu","13:48:10",2388800
25850,100,400,"sd","13:48:07",2383800
25900,150,800,"bu","13:48:03",2383400
25900,150,300,"bu","13:48:03",2382600
25900,150,900,"bu","13:47:34",2382300
25900,150,200,"bu","13:47:34",2381400
25900,150,300,"bu","13:47:08",2381200
25900,150,800,"bu","13:47:06",2380900
25900,150,1000,"bu","13:47:04",2380100
25900,150,1000,"bu","13:46:55",2379100
25900,150,2000,"bu","13:46:40",2378100
25900,150,300,"bu","13:46:37",2376100
25900,150,900,"bu","13:46:37",2375800
25900,150,100,"bu","13:46:22",2374900
25900,150,800,"bu","13:46:09",2374800
25900,150,200,"bu","13:46:09",2374000
25900,150,800,"bu","13:45:40",2373800
25900,150,300,"bu","13:45:40",2373000
25900,150,3000,"bu","13:45:38",2372700
25850,100,600,"sd","13:45:36",2369700
25850,100,400,"sd","13:45:24",2369100
25850,100,100,"sd","13:45:20",2368700
25850,100,300,"sd","13:44:46",2368600
25900,150,800,"bu","13:44:44",2368300
25900,150,200,"bu","13:44:44",2367500
25900,150,200,"bu","13:44:41",2367300
25850,100,500,"sd","13:44:33",2367100
25900,150,11900,"bu","13:44:26",2366600
25900,150,100,"bu","13:44:26",2354700
25900,150,1000,"bu","13:44:26",2354600
25900,150,2000,"bu","13:44:26",2353600
25850,100,300,"bu","13:43:47",2351600
25850,100,100,"bu","13:43:47",2351300
25850,100,2000,"bu","13:43:47",2351200
25850,100,100,"bu","13:43:47",2349200
25850,100,8000,"bu","13:43:47",2349100
25850,100,100,"bu","13:43:47",2341100
25850,100,500,"bu","13:43:47",2341000
25850,100,2000,"bu","13:43:47",2340500
25850,100,500,"bu","13:43:47",2338500
25850,100,100,"bu","13:43:47",2338000
25850,100,1000,"bu","13:43:47",2337900
25850,100,2000,"bu","13:43:47",2336900
25850,100,1000,"bu","13:43:47",2334900
25850,100,3400,"bu","13:43:47",2333900
25850,100,3000,"bu","13:43:47",2330500
25850,100,200,"bu","13:43:47",2327500
25850,100,500,"bu","13:43:47",2327300
25850,100,500,"bu","13:43:47",2326800
25850,100,5000,"bu","13:43:47",2326300
25850,100,3000,"bu","13:43:47",2321300
25850,100,1200,"bu","13:43:47",2318300
25800,50,2000,"bu","13:43:47",2317100
25800,50,1000,"bu","13:43:47",2315100
25800,50,3000,"bu","13:43:47",2314100
25800,50,500,"bu","13:43:47",2311100
25800,50,1500,"bu","13:43:47",2310600
25800,50,10300,"bu","13:43:47",2309100
25800,50,900,"bu","13:43:46",2298800
25800,50,300,"bu","13:43:46",2297900
25800,50,1000,"bu","13:43:44",2297600
25800,50,200,"bu","13:43:44",2296600
25800,50,500,"bu","13:43:42",2296400
25800,50,5000,"bu","13:43:40",2295900
25800,50,2000,"bu","13:43:37",2290900
25800,50,100,"bu","13:43:35",2288900
25800,50,2000,"bu","13:43:33",2288800
25800,50,7700,"bu","13:43:32",2286800
25800,50,200,"bu","13:43:32",2279100
25800,50,100,"bu","13:43:27",2278900
25800,50,200,"bu","13:43:17",2278800
25800,50,800,"bu","13:43:17",2278600
25800,50,100,"bu","13:43:16",2277800
25800,50,100,"bu","13:43:00",2277700
25800,50,2000,"bu","13:42:49",2277600
25800,50,800,"bu","13:42:48",2275600
25800,50,300,"bu","13:42:48",2274800
25800,50,300,"bu","13:42:40",2274500
25800,50,100,"bu","13:42:40",2274200
25800,50,4600,"bu","13:42:40",2274100
25800,50,5400,"bu","13:42:38",2269500
25800,50,100,"bu","13:42:38",2264100
25800,50,5000,"bu","13:42:38",2264000
25800,50,4900,"bu","13:42:38",2259000
25800,50,500,"bu","13:42:38",2254100
25800,50,100,"bu","13:42:38",2253600
25800,50,100,"bu","13:42:30",2253500
25800,50,900,"bu","13:42:20",2253400
25800,50,300,"bu","13:42:20",2252500
25800,50,800,"bu","13:41:51",2252200
25800,50,200,"bu","13:41:51",2251400
25800,50,100,"bu","13:41:43",2251200
25800,50,200,"bu","13:41:43",2251100
25800,50,500,"bu","13:41:43",2250900
25800,50,100,"bu","13:41:43",2250400
25800,50,3000,"bu","13:41:43",2250300
25800,50,2000,"bu","13:41:43",2247300
25800,50,200,"bu","13:41:43",2245300
25800,50,2900,"bu","13:41:43",2245100
25750,0,1500,"sd","13:41:31",2242200
25750,0,1000,"sd","13:41:29",2240700
25750,0,400,"sd","13:41:09",2239700
25750,0,1000,"sd","13:41:03",2239300
25750,0,1500,"sd","13:40:53",2238300
25800,50,100,"bu","13:40:49",2236800
25750,0,9300,"sd","13:40:29",2236700
25750,0,500,"sd","13:40:29",2227400
25750,0,300,"sd","13:40:28",2226900
25750,0,300,"sd","13:40:28",2226600
25750,0,900,"sd","13:40:28",2226300
25750,0,300,"sd","13:40:28",2225400
25750,0,200,"sd","13:40:28",2225100
25750,0,100,"sd","13:40:28",2224900
25750,0,4900,"sd","13:40:28",2224800
25800,50,200,"bu","13:40:25",2219900
25800,50,800,"bu","13:40:25",2219700
25800,50,100,"bu","13:40:12",2218900
25800,50,800,"bu","13:39:57",2218800
25800,50,100,"bu","13:39:57",2218000
25800,50,200,"bu","13:39:57",2217900
25800,50,900,"bu","13:39:28",2217700
25800,50,300,"bu","13:39:28",2216800
25800,50,100,"bu","13:39:14",2216500
25800,50,200,"bu","13:39:01",2216400
25800,50,300,"bu","13:39:00",2216200
25800,50,500,"bu","13:39:00",2215900
25800,50,1000,"bu","13:38:44",2215400
25800,50,100,"bu","13:38:31",2214400
25800,50,800,"bu","13:38:31",2214300
25800,50,200,"bu","13:38:31",2213500
25800,50,100,"bu","13:38:31",2213300
25800,50,500,"bu","13:38:28",2213200
25800,50,100,"bu","13:38:04",2212700
25750,0,100,"sd","13:37:12",2212600
25750,0,400,"sd","13:37:12",2212500
25800,50,200,"bu","13:37:06",2212100
25800,50,900,"bu","13:37:05",2211900
25800,50,800,"bu","13:36:39",2211000
25800,50,300,"bu","13:36:39",2210200
25800,50,800,"bu","13:36:10",2209900
25800,50,300,"bu","13:36:09",2209100
25800,50,200,"bu","13:35:40",2208800
25800,50,900,"bu","13:35:39",2208600
25800,50,1000,"bu","13:35:29",2207700
25800,50,100,"bu","13:35:20",2206700
25800,50,800,"bu","13:35:11",2206600
25800,50,300,"bu","13:35:11",2205800
25800,50,200,"bu","13:34:48",2205500
25800,50,800,"bu","13:34:42",2205300
25800,50,300,"bu","13:34:42",2204500
25800,50,900,"bu","13:34:36",2204200
25800,50,200,"bu","13:34:36",2203300
25800,50,1500,"sd","13:34:36",2203100
25800,50,200,"sd","13:34:36",2201600
25800,50,800,"sd","13:34:36",2201400
25800,50,300,"sd","13:34:36",2200600
25800,50,200,"sd","13:34:36",2200300
25800,50,800,"sd","13:34:36",2200100
25800,50,300,"sd","13:34:36",2199300
25800,50,1000,"sd","13:34:30",2199000
25800,50,1400,"sd","13:34:22",2198000
25800,50,1000,"sd","13:34:22",2196600
25800,50,800,"sd","13:34:22",2195600
25800,50,300,"sd","13:34:22",2194800
25800,50,400,"sd","13:34:22",2194500
25800,50,1100,"sd","13:34:22",2194100
25800,50,1000,"sd","13:34:19",2193000
25800,50,1000,"sd","13:34:16",2192000
25800,50,500,"sd","13:34:00",2191000
25800,50,1000,"sd","13:33:57",2190500
25800,50,500,"sd","13:33:48",2189500
25800,50,3000,"sd","13:33:46",2189000
25800,50,1000,"sd","13:33:36",2186000
25800,50,1000,"sd","13:33:19",2185000
25800,50,2000,"sd","13:33:19",2184000
25800,50,3400,"sd","13:33:17",2182000
25800,50,4700,"sd","13:33:17",2178600
25800,50,100,"sd","13:33:16",2173900
25850,100,500,"bu","13:33:11",2173800
25800,50,100,"sd","13:33:08",2173300
25800,50,100,"sd","13:33:07",2173200
25800,50,10000,"sd","13:32:36",2173100
25850,100,100,"bu","13:32:36",2163100
25850,100,200,"bu","13:32:22",2163000
25850,100,1800,"bu","13:32:22",2162800
25800,50,3000,"sd","13:32:10",2161000
25800,50,500,"bu","13:32:09",2158000
25800,50,1000,"bu","13:32:08",2157500
25800,50,100,"bu","13:32:08",2156500
25800,50,1000,"bu","13:32:08",2156400
25800,50,500,"bu","13:32:08",2155400
25800,50,600,"bu","13:32:08",2154900
25800,50,1000,"bu","13:32:08",2154300
25800,50,1000,"bu","13:32:08",2153300
25800,50,100,"bu","13:32:08",2152300
25800,50,3000,"bu","13:32:08",2152200
25800,50,5000,"bu","13:32:08",2149200
25800,50,1000,"bu","13:32:08",2144200
25800,50,1700,"bu","13:32:08",2143200
25800,50,2000,"bu","13:31:51",2141500
25800,50,300,"bu","13:31:51",2139500
25800,50,900,"bu","13:31:51",2139200
25800,50,100,"bu","13:31:35",2138300
25800,50,200,"bu","13:31:22",2138200
25800,50,200,"bu","13:31:22",2138000
25800,50,400,"bu","13:31:22",2137800
25800,50,200,"bu","13:31:22",2137400
25800,50,2000,"bu","13:31:09",2137200
25750,0,1900,"sd","13:31:07",2135200
25750,0,7700,"sd","13:30:06",2133300
25800,50,800,"sd","13:29:59",2125600
25800,50,300,"sd","13:29:59",2124800
25800,50,900,"sd","13:29:59",2124500
25800,50,300,"sd","13:29:59",2123600
25800,50,200,"sd","13:29:59",2123300
25800,50,800,"sd","13:29:59",2123100
25800,50,200,"sd","13:29:59",2122300
25800,50,800,"sd","13:29:59",2122100
25800,50,300,"sd","13:29:59",2121300
25800,50,1000,"sd","13:29:59",2121000
25800,50,500,"sd","13:29:59",2120000
25800,50,1300,"sd","13:29:59",2119500
25800,50,100,"sd","13:29:58",2118200
25850,100,200,"bu","13:29:57",2118100
25850,100,800,"bu","13:29:57",2117900
25850,100,100,"bu","13:29:54",2117100
25800,50,3400,"sd","13:29:54",2117000
25800,50,100,"sd","13:29:50",2113600
25800,50,700,"sd","13:29:47",2113500
25800,50,100,"sd","13:29:46",2112800
25800,50,1000,"sd","13:29:45",2112700
25800,50,500,"sd","13:29:41",2111700
25800,50,1000,"sd","13:29:37",2111200
25800,50,3000,"sd","13:29:33",2110200
25800,50,2000,"sd","13:29:29",2107200
25800,50,2000,"sd","13:29:26",2105200
25800,50,30000,"sd","13:29:23",2103200
25800,50,1500,"sd","13:29:22",2073200
25800,50,200,"sd","13:29:08",2071700
25800,50,800,"sd","13:29:06",2071500
25800,50,700,"sd","13:28:37",2070700
25800,50,100,"sd","13:28:37",2070000
25800,50,100,"sd","13:28:22",2069900
25800,50,100,"sd","13:28:14",2069800
25800,50,100,"sd","13:28:07",2069700
25800,50,300,"sd","13:27:53",2069600
25800,50,100,"sd","13:27:47",2069300
25800,50,800,"sd","13:27:37",2069200
25800,50,900,"sd","13:27:37",2068400
25800,50,300,"sd","13:27:37",2067500
25800,50,800,"sd","13:27:37",2067200
25800,50,200,"sd","13:27:37",2066400
25800,50,2000,"sd","13:27:37",2066200
25800,50,500,"sd","13:27:33",2064200
25850,100,100,"bu","13:27:33",2063700
25850,100,800,"bu","13:27:33",2063600
25850,100,300,"bu","13:27:33",2062800
25850,100,400,"bu","13:27:28",2062500
25800,50,100,"sd","13:27:25",2062100
25850,100,500,"bu","13:27:17",2062000
25900,150,200,"bu","13:27:16",2061500
25900,150,1000,"bu","13:27:16",2061300
25900,150,100,"bu","13:27:16",2060300
25900,150,1700,"bu","13:27:16",2060200
25850,100,800,"sd","13:27:15",2058500
25850,100,200,"sd","13:27:15",2057700
25850,100,800,"sd","13:27:15",2057500
25850,100,200,"sd","13:27:15",2056700
25850,100,100,"sd","13:27:15",2056500
25850,100,900,"sd","13:27:15",2056400
25850,100,2000,"sd","13:27:15",2055500
25900,150,100,"bu","13:27:13",2053500
25850,100,100,"sd","13:27:12",2053400
25850,100,1000,"sd","13:27:12",2053300
25850,100,800,"sd","13:27:12",2052300
25850,100,300,"sd","13:27:12",2051500
25850,100,2900,"sd","13:27:12",2051200
25850,100,1500,"sd","13:27:08",2048300
25850,100,100,"sd","13:27:07",2046800
25850,100,5900,"sd","13:27:07",2046700
25850,100,12500,"sd","13:27:05",2040800
25850,100,12500,"sd","13:27:04",2028300
25850,100,4200,"sd","13:27:03",2015800
25850,100,3000,"sd","13:27:02",2011600
25850,100,5000,"sd","13:26:59",2008600
25900,150,2000,"bu","13:26:49",2003600
25850,100,500,"sd","13:26:36",2001600
25850,100,9000,"sd","13:26:35",2001100
25900,150,200,"bu","13:26:15",1992100
25900,150,100,"bu","13:26:15",1991900
25900,150,1700,"bu","13:26:15",1991800
25900,150,900,"bu","13:26:08",1990100
25900,150,300,"bu","13:26:08",1989200
25900,150,300,"bu","13:26:07",1988900
25900,150,100,"bu","13:25:59",1988600
25900,150,500,"bu","13:25:51",1988500
25900,150,1200,"bu","13:25:49",1988000
25900,150,100,"bu","13:25:49",1986800
25900,150,500,"bu","13:25:49",1986700
25900,150,4200,"bu","13:25:49",1986200
25900,150,800,"bu","13:25:39",1982000
25900,150,200,"bu","13:25:39",1981200
25900,150,100,"bu","13:25:24",1981000
25850,100,4000,"sd","13:25:18",1980900
25850,100,200,"sd","13:25:17",1976900
25850,100,3900,"sd","13:25:10",1976700
25850,100,15500,"bu","13:25:09",1972800
25850,100,3600,"bu","13:25:09",1957300
25850,100,5000,"bu","13:25:09",1953700
25850,100,3000,"bu","13:25:09",1948700
25850,100,7700,"bu","13:25:09",1945700
25800,50,1700,"sd","13:24:54",1938000
25850,100,100,"bu","13:24:53",1936300
25800,50,500,"sd","13:24:48",1936200
25850,100,2200,"bu","13:24:46",1935700
25850,100,500,"bu","13:24:46",1933500
25850,100,100,"bu","13:24:46",1933000
25850,100,1000,"bu","13:24:46",1932900
25850,100,1000,"bu","13:24:46",1931900
25850,100,200,"bu","13:24:46",1930900
25800,50,500,"sd","13:24:39",1930700
25850,100,100,"bu","13:24:33",1930200
25800,50,2000,"sd","13:24:29",1930100
25800,50,300,"bu","13:23:59",1928100
25800,50,3000,"bu","13:23:59",1927800
25800,50,700,"bu","13:23:59",1924800
25800,50,1500,"bu","13:23:59",1924100
25800,50,2200,"bu","13:23:59",1922600
25800,50,1000,"bu","13:23:58",1920400
25800,50,800,"bu","13:23:58",1919400
25800,50,700,"bu","13:23:58",1918600
25800,50,10000,"bu","13:23:58",1917900
25800,50,100,"bu","13:23:58",1907900
25800,50,1000,"bu","13:23:58",1907800
25800,50,300,"bu","13:23:58",1906800
25800,50,7100,"bu","13:23:58",1906500
25800,50,900,"bu","13:23:45",1899400
25800,50,300,"bu","13:23:45",1898500
25800,50,200,"bu","13:23:44",1898200
25800,50,2000,"bu","13:23:43",1898000
25800,50,3000,"bu","13:23:41",1896000
25800,50,10000,"bu","13:23:38",1893000
25800,50,10000,"bu","13:23:37",1883000
25800,50,15900,"bu","13:23:31",1873000
25800,50,100,"bu","13:23:31",1857100
25800,50,500,"bu","13:23:31",1857000
25800,50,100,"bu","13:23:31",1856500
25800,50,2700,"bu","13:23:31",1856400
25800,50,100,"bu","13:23:22",1853700
25800,50,7200,"bu","13:23:19",1853600
25800,50,1000,"bu","13:23:19",1846400
25800,50,1800,"bu","13:23:19",1845400
25800,50,100,"bu","13:23:16",1843600
25800,50,100,"bu","13:23:16",1843500
25800,50,100,"bu","13:23:16",1843400
25800,50,300,"bu","13:23:16",1843300
25800,50,200,"bu","13:23:16",1843000
25800,50,300,"bu","13:23:16",1842800
25800,50,200,"bu","13:23:15",1842500
25800,50,400,"bu","13:22:53",1842300
25800,50,600,"bu","13:22:53",1841900
25800,50,400,"bu","13:22:47",1841300
25800,50,100,"bu","13:22:47",1840900
25800,50,100,"bu","13:22:47",1840800
25800,50,100,"bu","13:22:47",1840700
25800,50,100,"bu","13:22:47",1840600
25800,50,200,"bu","13:22:47",1840500
25800,50,400,"bu","13:22:32",1840300
25800,50,400,"bu","13:22:32",1839900
25750,0,700,"bu","13:22:21",1839500
25750,0,1000,"bu","13:22:21",1838800
25750,0,100,"bu","13:22:21",1837800
25750,0,3200,"bu","13:22:21",1837700
25750,0,100,"bu","13:22:21",1834500
25750,0,300,"bu","13:22:21",1834400
25750,0,1600,"bu","13:22:21",1834100
25750,0,300,"bu","13:22:21",1832500
25750,0,8100,"bu","13:22:21",1832200
25750,0,1900,"bu","13:22:20",1824100
25750,0,1600,"bu","13:22:20",1822200
25750,0,9800,"bu","13:22:20",1820600
25750,0,200,"bu","13:22:19",1810800
25750,0,700,"bu","13:22:19",1810600
25750,0,300,"bu","13:22:19",1809900
25750,0,500,"bu","13:22:19",1809600
25750,0,4500,"bu","13:22:19",1809100
25750,0,500,"bu","13:22:18",1804600
25750,0,500,"bu","13:22:18",1804100
25750,0,1000,"bu","13:22:18",1803600
25750,0,1000,"bu","13:22:18",1802600
25750,0,500,"bu","13:22:18",1801600
25750,0,400,"bu","13:22:16",1801100
25750,0,100,"bu","13:22:16",1800700
25750,0,9500,"bu","13:22:16",1800600
25750,0,2500,"bu","13:22:15",1791100
25750,0,100,"bu","13:22:15",1788600
25750,0,2400,"bu","13:22:15",1788500
25750,0,2600,"bu","13:22:13",1786100
25750,0,100,"bu","13:22:13",1783500
25750,0,500,"bu","13:22:13",1783400
25750,0,200,"bu","13:22:13",1782900
25750,0,100,"bu","13:22:13",1782700
25750,0,1000,"bu","13:22:13",1782600
25750,0,500,"bu","13:22:13",1781600
25750,0,1500,"bu","13:22:11",1781100
25750,0,100,"bu","13:22:05",1779600
25750,0,100,"bu","13:21:53",1779500
25700,-50,200,"sd","13:21:49",1779400
25700,-50,200,"bu","13:21:27",1779200
25700,-50,12300,"bu","13:21:27",1779000
25700,-50,200,"bu","13:21:27",1766700
25700,-50,7500,"bu","13:21:27",1766500
25700,-50,3300,"bu","13:21:27",1759000
25700,-50,100,"bu","13:21:27",1755700
25700,-50,100,"bu","13:21:27",1755600
25700,-50,100,"bu","13:21:27",1755500
25700,-50,100,"bu","13:21:27",1755400
25700,-50,100,"bu","13:21:27",1755300
25700,-50,500,"bu","13:21:27",1755200
25700,-50,1000,"bu","13:21:27",1754700
25700,-50,200,"bu","13:21:27",1753700
25700,-50,300,"bu","13:21:27",1753500
25700,-50,800,"bu","13:21:22",1753200
25700,-50,200,"bu","13:21:22",1752400
25700,-50,500,"bu","13:21:12",1752200
25700,-50,1000,"bu","13:21:06",1751700
25700,-50,100,"bu","13:20:59",1750700
25700,-50,900,"bu","13:20:53",1750600
25700,-50,300,"bu","13:20:53",1749700
25700,-50,100,"bu","13:20:35",1749400
25700,-50,800,"bu","13:20:24",1749300
25700,-50,300,"bu","13:20:24",1748500
25700,-50,2000,"bu","13:20:16",1748200
25700,-50,2700,"bu","13:20:15",1746200
25700,-50,200,"bu","13:20:15",1743500
25700,-50,2100,"bu","13:20:15",1743300
25700,-50,700,"bu","13:19:56",1741200
25700,-50,100,"bu","13:19:56",1740500
25700,-50,200,"bu","13:19:56",1740400
25700,-50,100,"bu","13:19:43",1740200
25700,-50,100,"bu","13:19:34",1740100
25700,-50,100,"bu","13:19:34",1740000
25700,-50,200,"bu","13:19:34",1739900
25650,-100,19200,"sd","13:19:20",1739700
25650,-100,800,"sd","13:19:20",1720500
25700,-50,100,"bu","13:19:14",1719700
25650,-100,3600,"bu","13:19:02",1719600
25650,-100,300,"bu","13:19:02",1716000
25650,-100,500,"bu","13:19:02",1715700
25650,-100,1000,"bu","13:19:02",1715200
25650,-100,500,"bu","13:19:02",1714200
25650,-100,3300,"bu","13:19:02",1713700
25650,-100,5000,"bu","13:19:01",1710400
25650,-100,800,"bu","13:18:59",1705400
25650,-100,300,"bu","13:18:59",1704600
25650,-100,500,"bu","13:18:53",1704300
25650,-100,100,"bu","13:18:52",1703800
25650,-100,1900,"bu","13:18:52",1703700
25650,-100,600,"bu","13:18:49",1701800
25650,-100,100,"bu","13:18:49",1701200
25650,-100,500,"bu","13:18:49",1701100
25650,-100,600,"bu","13:18:49",1700600
25650,-100,1000,"bu","13:18:44",1700000
25650,-100,800,"bu","13:18:30",1699000
25650,-100,200,"bu","13:18:30",1698200
25650,-100,400,"bu","13:18:26",1698000
25650,-100,800,"bu","13:18:26",1697600
25650,-100,100,"bu","13:18:26",1696800
25650,-100,1700,"bu","13:18:26",1696700
25650,-100,400,"bu","13:18:25",1695000
25650,-100,1000,"bu","13:18:20",1694600
25600,-150,100,"sd","13:18:03",1693600
25600,-150,800,"sd","13:18:03",1693500
25600,-150,100,"sd","13:18:03",1692700
25650,-100,400,"bu","13:18:02",1692600
25650,-100,100,"bu","13:18:02",1692200
25650,-100,2000,"bu","13:18:02",1692100
25650,-100,200,"bu","13:18:02",1690100
25650,-100,1000,"bu","13:18:02",1689900
25650,-100,1300,"bu","13:18:02",1688900
25600,-150,200,"sd","13:17:37",1687600
25600,-150,500,"sd","13:17:37",1687400
25600,-150,300,"sd","13:17:37",1686900
25600,-150,200,"sd","13:17:09",1686600
25600,-150,400,"sd","13:17:09",1686400
25650,-100,1700,"bu","13:17:08",1686000
25650,-100,500,"bu","13:17:08",1684300
25650,-100,500,"bu","13:17:08",1683800
25650,-100,300,"bu","13:17:08",1683300
25600,-150,100,"sd","13:16:40",1683000
25650,-100,100,"bu","13:16:36",1682900
25600,-150,200,"sd","13:16:12",1682800
25600,-150,100,"sd","13:16:00",1682600
25600,-150,300,"sd","13:16:00",1682500
25600,-150,800,"sd","13:16:00",1682200
25600,-150,200,"sd","13:14:35",1681400
25600,-150,800,"sd","13:14:16",1681200
25600,-150,300,"sd","13:14:16",1680400
25600,-150,900,"sd","13:14:16",1680100
25600,-150,200,"sd","13:14:16",1679200
25600,-150,800,"sd","13:14:16",1679000
25600,-150,300,"sd","13:14:16",1678200
25600,-150,100,"sd","13:14:16",1677900
25600,-150,900,"sd","13:14:16",1677800
25600,-150,300,"sd","13:14:16",1676900
25600,-150,800,"sd","13:14:00",1676600
25600,-150,200,"sd","13:14:00",1675800
25600,-150,900,"sd","13:14:00",1675600
25650,-100,100,"bu","13:13:59",1674700
25600,-150,500,"sd","13:13:07",1674600
25650,-100,100,"bu","13:13:01",1674100
25650,-100,900,"bu","13:12:47",1674000
25650,-100,200,"bu","13:12:47",1673100
25650,-100,100,"bu","13:12:44",1672900
25650,-100,3000,"bu","13:12:20",1672800
25650,-100,800,"bu","13:12:18",1669800
25650,-100,300,"bu","13:12:18",1669000
25650,-100,800,"bu","13:11:50",1668700
25650,-100,300,"bu","13:11:50",1667900
25650,-100,100,"bu","13:11:22",1667600
25650,-100,900,"bu","13:11:21",1667500
25650,-100,200,"bu","13:11:21",1666600
25650,-100,1800,"bu","13:11:07",1666400
25650,-100,200,"bu","13:11:07",1664600
25600,-150,200,"sd","13:10:52",1664400
25600,-150,800,"sd","13:10:52",1664200
25600,-150,100,"sd","13:10:50",1663400
25600,-150,100,"sd","13:10:21",1663300
25600,-150,500,"sd","13:10:21",1663200
25600,-150,500,"sd","13:10:21",1662700
25600,-150,500,"sd","13:10:06",1662200
25600,-150,100,"sd","13:10:06",1661700
25600,-150,400,"sd","13:10:06",1661600
25600,-150,200,"sd","13:09:55",1661200
25600,-150,100,"sd","13:09:21",1661000
25600,-150,100,"sd","13:09:19",1660900
25600,-150,200,"sd","13:09:19",1660800
25600,-150,100,"sd","13:09:19",1660600
25600,-150,800,"sd","13:09:12",1660500
25600,-150,300,"sd","13:09:12",1659700
25600,-150,800,"sd","13:09:12",1659400
25600,-150,100,"sd","13:09:12",1658600
25600,-150,100,"sd","13:09:00",1658500
25600,-150,400,"sd","13:09:00",1658400
25600,-150,1000,"sd","13:08:46",1658000
25650,-100,100,"bu","13:08:45",1657000
25600,-150,100,"sd","13:08:08",1656900
25650,-100,800,"bu","13:08:01",1656800
25650,-100,300,"bu","13:08:01",1656000
25650,-100,1000,"bu","13:07:53",1655700
25600,-150,4400,"sd","13:07:38",1654700
25600,-150,600,"sd","13:07:38",1650300
25650,-100,900,"bu","13:07:33",1649700
25650,-100,300,"bu","13:07:32",1648800
25650,-100,2700,"bu","13:07:16",1648500
25650,-100,2300,"bu","13:07:16",1645800
25600,-150,200,"sd","13:06:51",1643500
25600,-150,300,"sd","13:06:51",1643300
25650,-100,800,"bu","13:06:35",1643000
25650,-100,300,"bu","13:06:35",1642200
25650,-100,100,"bu","13:06:09",1641900
25650,-100,500,"bu","13:06:09",1641800
25600,-150,100,"sd","13:05:58",1641300
25600,-150,1000,"sd","13:05:49",1641200
25650,-100,2000,"bu","13:05:44",1640200
25600,-150,500,"sd","13:05:41",1638200
25600,-150,1000,"sd","13:05:39",1637700
25600,-150,1000,"sd","13:05:30",1636700
25600,-150,900,"sd","13:05:30",1635700
25600,-150,800,"sd","13:05:30",1634800
25600,-150,300,"sd","13:05:30",1634000
25600,-150,200,"sd","13:05:30",1633700
25600,-150,1600,"sd","13:05:30",1633500
25600,-150,200,"sd","13:05:30",1631900
25600,-150,500,"sd","13:05:24",1631700
25600,-150,500,"sd","13:05:24",1631200
25600,-150,1500,"sd","13:05:17",1630700
25600,-150,1500,"sd","13:05:17",1629200
25600,-150,200,"sd","13:05:16",1627700
25600,-150,500,"sd","13:04:51",1627500
25600,-150,1200,"sd","13:04:32",1627000
25600,-150,200,"sd","13:04:29",1625800
25600,-150,100,"sd","13:03:57",1625600
25600,-150,3100,"sd","13:03:50",1625500
25600,-150,800,"bu","13:03:49",1622400
25600,-150,200,"bu","13:03:49",1621600
25600,-150,300,"bu","13:03:49",1621400
25600,-150,100,"bu","13:03:49",1621100
25600,-150,100,"bu","13:03:49",1621000
25600,-150,100,"bu","13:03:49",1620900
25600,-150,2000,"bu","13:03:49",1620800
25600,-150,1500,"bu","13:03:49",1618800
25600,-150,100,"bu","13:03:49",1617300
25600,-150,6500,"bu","13:03:49",1617200
25600,-150,100,"bu","13:03:44",1610700
25600,-150,800,"bu","13:03:43",1610600
25600,-150,300,"bu","13:03:43",1609800
25600,-150,100,"bu","13:03:34",1609500
25600,-150,1200,"bu","13:03:27",1609400
25600,-150,800,"bu","13:03:27",1608200
25600,-150,900,"bu","13:03:15",1607400
25600,-150,300,"bu","13:03:15",1606500
25600,-150,1600,"bu","13:03:00",1606200
25600,-150,1000,"bu","13:03:00",1604600
25600,-150,200,"bu","13:03:00",1603600
25600,-150,100,"bu","13:03:00",1603400
25600,-150,500,"bu","13:03:00",1603300
25600,-150,100,"bu","13:03:00",1602800
25600,-150,100,"bu","13:03:00",1602700
25600,-150,400,"bu","13:02:46",1602600
25600,-150,400,"bu","13:02:46",1602200
25600,-150,200,"bu","13:02:46",1601800
25600,-150,100,"bu","13:02:34",1601600
25600,-150,500,"bu","13:02:20",1601500
25550,-200,100,"sd","13:01:54",1601000
25550,-200,200,"sd","13:01:54",1600900
25550,-200,100,"sd","13:01:40",1600700
25550,-200,100,"sd","13:01:40",1600600
25550,-200,800,"sd","13:01:40",1600500
25550,-200,200,"sd","13:01:40",1599700
25550,-200,3700,"sd","13:01:40",1599500
25550,-200,100,"sd","13:01:40",1595800
25550,-200,500,"sd","13:01:14",1595700
25600,-150,3700,"bu","13:01:07",1595200
25600,-150,100,"bu","13:01:04",1591500
25550,-200,300,"sd","13:00:54",1591400
25550,-200,200,"sd","13:00:54",1591100
25550,-200,100,"sd","13:00:51",1590900
25550,-200,800,"sd","13:00:51",1590800
25550,-200,300,"sd","13:00:51",1590000
25550,-200,800,"sd","13:00:51",1589700
25600,-150,800,"bu","13:00:23",1588900
25600,-150,300,"bu","13:00:23",1588100
25550,-200,2800,"sd","13:00:10",1587800
25550,-200,900,"sd","13:00:10",1585000
25550,-200,300,"sd","13:00:10",1584100
25550,-200,800,"sd","13:00:10",1583800
25550,-200,200,"sd","13:00:10",1583000
25550,-200,3700,"sd","13:00:09",1582800
25550,-200,100,"sd","13:00:09",1579100
25550,-200,800,"sd","13:00:09",1579000
25550,-200,300,"sd","13:00:09",1578200
25550,-200,200,"sd","13:00:09",1577900
25550,-200,100,"sd","13:00:07",1577700
25550,-200,600,"sd","13:00:07",1577600
25550,-200,300,"sd","13:00:07",1577000
25550,-200,3100,"sd","13:00:07",1576700
25550,-200,500,"sd","13:00:05",1573600
25550,-200,500,"sd","13:00:05",1573100
25550,-200,800,"sd","13:00:03",1572600
25550,-200,300,"sd","13:00:03",1571800
25550,-200,400,"sd","13:00:03",1571500
25550,-200,300,"sd","13:00:03",1571100
25550,-200,200,"sd","13:00:03",1570800
25600,-150,100,"bu","13:00:03",1570600
25600,-150,1000,"bu","13:00:02",1570500
25550,-200,1600,"sd","13:00:00",1569500
25550,-200,300,"sd","13:00:00",1567900
25550,-200,3600,"sd","13:00:00",1567600
25550,-200,800,"sd","13:00:00",1564000
25550,-200,100,"sd","13:00:00",1563200
25550,-200,100,"sd","13:00:00",1563100
25550,-200,800,"sd","13:00:00",1563000
25550,-200,500,"sd","13:00:00",1562200
25550,-200,200,"sd","13:00:00",1561700
25550,-200,100,"sd","13:00:00",1561500
25550,-200,900,"sd","13:00:00",1561400
25550,-200,300,"sd","13:00:00",1560500
25550,-200,900,"sd","13:00:00",1560200
25550,-200,2500,"sd","13:00:00",1559300
25550,-200,600,"sd","11:28:47",1556800
25550,-200,500,"sd","11:28:29",1556200
25550,-200,300,"sd","11:28:27",1555700
25550,-200,500,"sd","11:28:27",1555400
25550,-200,700,"sd","11:28:27",1554900
25550,-200,200,"sd","11:28:19",1554200
25550,-200,300,"sd","11:28:19",1554000
25550,-200,500,"sd","11:28:19",1553700
25550,-200,300,"sd","11:28:17",1553200
25550,-200,200,"sd","11:28:17",1552900
25550,-200,3700,"sd","11:28:17",1552700
25550,-200,100,"sd","11:28:17",1549000
25550,-200,100,"sd","11:28:17",1548900
25550,-200,700,"sd","11:28:06",1548800
25550,-200,300,"sd","11:28:06",1548100
25550,-200,900,"sd","11:28:06",1547800
25550,-200,300,"sd","11:28:06",1546900
25550,-200,100,"sd","11:28:05",1546600
25550,-200,800,"sd","11:28:05",1546500
25550,-200,200,"sd","11:28:05",1545700
25550,-200,900,"sd","11:28:05",1545500
25550,-200,300,"sd","11:28:05",1544600
25550,-200,800,"sd","11:28:05",1544300
25550,-200,2800,"sd","11:28:05",1543500
25550,-200,1000,"sd","11:28:05",1540700
25550,-200,100,"sd","11:28:05",1539700
25550,-200,800,"sd","11:28:05",1539600
25550,-200,300,"sd","11:28:05",1538800
25550,-200,600,"sd","11:28:04",1538500
25550,-200,200,"sd","11:27:53",1537900
25550,-200,300,"sd","11:27:53",1537700
25550,-200,1000,"sd","11:27:18",1537400
25550,-200,3600,"sd","11:27:18",1536400
25550,-200,100,"sd","11:27:18",1532800
25550,-200,100,"sd","11:27:18",1532700
25550,-200,800,"sd","11:27:18",1532600
25550,-200,200,"sd","11:27:18",1531800
25550,-200,900,"sd","11:27:18",1531600
25550,-200,300,"sd","11:27:18",1530700
25600,-150,800,"bu","11:27:03",1530400
25600,-150,200,"bu","11:27:03",1529600
25600,-150,100,"bu","11:27:02",1529400
25600,-150,200,"bu","11:26:47",1529300
25600,-150,100,"bu","11:26:35",1529100
25600,-150,800,"bu","11:26:35",1529000
25600,-150,300,"bu","11:26:35",1528200
25600,-150,3600,"bu","11:26:24",1527900
25600,-150,300,"bu","11:26:06",1524300
25600,-150,100,"bu","11:26:06",1524000
25600,-150,400,"bu","11:26:06",1523900
25600,-150,100,"bu","11:26:06",1523500
25600,-150,200,"bu","11:26:06",1523400
25600,-150,100,"bu","11:25:59",1523200
25600,-150,200,"bu","11:25:58",1523100
25600,-150,5000,"bu","11:25:58",1522900
25600,-150,300,"bu","11:25:58",1517900
25600,-150,200,"bu","11:25:51",1517600
25600,-150,300,"bu","11:25:41",1517400
25600,-150,800,"bu","11:25:37",1517100
25600,-150,200,"bu","11:25:37",1516300
25600,-150,200,"bu","11:25:27",1516100
25600,-150,3500,"bu","11:25:27",1515900
25600,-150,100,"bu","11:25:12",1512400
25600,-150,500,"bu","11:25:09",1512300
25600,-150,100,"bu","11:25:09",1511800
25600,-150,300,"bu","11:25:09",1511700
25600,-150,300,"bu","11:25:09",1511400
25600,-150,400,"bu","11:25:01",1511100
25600,-150,500,"bu","11:25:01",1510700
25600,-150,300,"bu","11:24:56",1510200
25600,-150,800,"bu","11:24:41",1509900
25600,-150,300,"bu","11:24:40",1509100
25600,-150,100,"bu","11:24:31",1508800
25600,-150,500,"bu","11:24:31",1508700
25600,-150,500,"bu","11:24:31",1508200
25600,-150,500,"bu","11:24:31",1507700
25600,-150,1000,"bu","11:24:31",1507200
25600,-150,1000,"bu","11:24:31",1506200
25600,-150,500,"bu","11:24:26",1505200
25600,-150,2300,"bu","11:24:20",1504700
25550,-200,500,"sd","11:23:48",1502400
25550,-200,500,"sd","11:23:37",1501900
25550,-200,200,"sd","11:22:20",1501400
25550,-200,300,"sd","11:22:05",1501200
25550,-200,1100,"sd","11:21:37",1500900
25550,-200,800,"sd","11:21:37",1499800
25550,-200,300,"sd","11:21:37",1499000
25550,-200,800,"sd","11:21:37",1498700
25550,-200,200,"sd","11:21:37",1497900
25550,-200,100,"sd","11:21:37",1497700
25550,-200,2700,"sd","11:21:37",1497600
25600,-150,100,"bu","11:21:30",1494900
25600,-150,900,"bu","11:21:20",1494800
25600,-150,200,"bu","11:21:20",1493900
25600,-150,100,"bu","11:21:20",1493700
25600,-150,800,"bu","11:20:51",1493600
25600,-150,200,"bu","11:20:51",1492800
25600,-150,100,"bu","11:20:51",1492600
25600,-150,3700,"bu","11:20:45",1492500
25600,-150,800,"bu","11:20:23",1488800
25600,-150,300,"bu","11:20:23",1488000
25600,-150,1200,"bu","11:20:14",1487700
25550,-200,300,"sd","11:19:36",1486500
25550,-200,600,"sd","11:19:16",1486200
25550,-200,100,"sd","11:18:55",1485600
25550,-200,900,"sd","11:18:55",1485500
25550,-200,300,"sd","11:18:08",1484600
25550,-200,100,"sd","11:18:08",1484300
25550,-200,600,"sd","11:18:08",1484200
25550,-200,200,"sd","11:17:20",1483600
25550,-200,300,"sd","11:17:20",1483400
25550,-200,500,"sd","11:17:20",1483100
25550,-200,100,"sd","11:17:00",1482600
25600,-150,3600,"bu","11:16:59",1482500
25600,-150,1000,"bu","11:16:45",1478900
25550,-200,1000,"sd","11:15:36",1477900
25600,-150,100,"bu","11:15:28",1476900
25600,-150,800,"bu","11:15:08",1476800
25600,-150,200,"bu","11:15:08",1476000
25600,-150,3700,"bu","11:15:05",1475800
25600,-150,900,"bu","11:14:40",1472100
25600,-150,300,"bu","11:14:40",1471200
25600,-150,2000,"bu","11:14:28",1470900
25550,-200,1000,"sd","11:13:38",1468900
25550,-200,300,"sd","11:13:05",1467900
25550,-200,700,"sd","11:11:47",1467600
25550,-200,200,"sd","11:11:47",1466900
25550,-200,900,"sd","11:11:47",1466700
25550,-200,100,"sd","11:11:47",1465800
25550,-200,800,"sd","11:11:47",1465700
25550,-200,300,"sd","11:11:47",1464900
25550,-200,100,"sd","11:11:47",1464600
25550,-200,100,"sd","11:11:47",1464500
25550,-200,100,"sd","11:11:47",1464400
25550,-200,3600,"sd","11:11:47",1464300
25550,-200,800,"sd","11:11:47",1460700
25550,-200,300,"sd","11:11:47",1459900
25600,-150,800,"bu","11:11:19",1459600
25600,-150,300,"bu","11:11:19",1458800
25600,-150,3600,"bu","11:11:19",1458500
25600,-150,200,"bu","11:10:57",1454900
25600,-150,200,"bu","11:10:51",1454700
25600,-150,800,"bu","11:10:51",1454500
25600,-150,100,"bu","11:10:27",1453700
25600,-150,3700,"bu","11:10:23",1453600
25600,-150,900,"bu","11:10:22",1449900
25600,-150,300,"bu","11:10:22",1449000
25600,-150,100,"bu","11:10:06",1448700
25550,-200,2000,"bu","11:08:15",1448600
25550,-200,200,"bu","11:08:15",1446600
25550,-200,100,"bu","11:08:11",1446400
25550,-200,900,"bu","11:07:59",1446300
25550,-200,200,"bu","11:07:59",1445400
25550,-200,1600,"bu","11:07:56",1445200
25550,-200,400,"bu","11:07:56",1443600
25550,-200,500,"bu","11:07:55",1443200
25500,-250,1000,"sd","11:07:08",1442700
25500,-250,100,"sd","11:06:52",1441700
25500,-250,1000,"sd","11:05:35",1441600
25500,-250,2000,"sd","11:05:09",1440600
25550,-200,200,"bu","11:05:08",1438600
25550,-200,900,"bu","11:05:08",1438400
25550,-200,1600,"bu","11:04:56",1437500
25550,-200,2000,"bu","11:04:56",1435900
25550,-200,400,"bu","11:04:56",1433900
25550,-200,1000,"bu","11:04:56",1433500
25550,-200,100,"bu","11:04:55",1432500
25550,-200,100,"bu","11:04:45",1432400
25500,-250,200,"sd","11:04:26",1432300
25500,-250,100,"sd","11:04:22",1432100
25500,-250,100,"sd","11:04:22",1432000
25500,-250,300,"sd","11:04:22",1431900
25500,-250,100,"sd","11:03:49",1431600
25500,-250,600,"sd","11:03:34",1431500
25500,-250,100,"sd","11:03:29",1430900
25500,-250,2700,"sd","11:03:26",1430800
25500,-250,1300,"sd","11:03:26",1428100
25500,-250,100,"sd","11:03:10",1426800
25500,-250,6600,"bu","11:02:49",1426700
25500,-250,3800,"bu","11:02:49",1420100
25500,-250,800,"bu","11:02:45",1416300
25500,-250,300,"bu","11:02:45",1415500
25500,-250,100,"bu","11:02:41",1415200
25500,-250,100,"bu","11:02:41",1415100
25500,-250,8000,"bu","11:02:29",1415000
25500,-250,900,"bu","11:02:16",1407000
25500,-250,200,"bu","11:02:16",1406100
25500,-250,100,"bu","11:02:13",1405900
25500,-250,800,"sd","11:02:10",1405800
25500,-250,300,"sd","11:02:10",1405000
25500,-250,100,"sd","11:02:10",1404700
25500,-250,200,"sd","11:02:10",1404600
25500,-250,400,"sd","11:02:10",1404400
25500,-250,300,"sd","11:02:10",1404000
25500,-250,2000,"sd","11:02:10",1403700
25500,-250,700,"sd","11:02:10",1401700
25500,-250,100,"sd","11:02:10",1401000
25500,-250,10000,"sd","11:02:10",1400900
25500,-250,100,"sd","11:02:10",1390900
25500,-250,1000,"sd","11:02:10",1390800
25500,-250,3000,"sd","11:02:10",1389800
25500,-250,400,"sd","11:02:10",1386800
25500,-250,300,"sd","11:02:10",1386400
25500,-250,1500,"sd","11:02:10",1386100
25500,-250,900,"sd","11:02:10",1384600
25500,-250,300,"sd","11:02:10",1383700
25500,-250,3700,"sd","11:02:10",1383400
25500,-250,900,"sd","11:02:10",1379700
25500,-250,300,"sd","11:02:10",1378800
25500,-250,100,"sd","11:02:10",1378500
25500,-250,900,"sd","11:02:10",1378400
25500,-250,200,"sd","11:02:10",1377500
25500,-250,600,"sd","11:02:10",1377300
25500,-250,500,"sd","11:02:01",1376700
25550,-200,800,"bu","11:01:58",1376200
25550,-200,3800,"bu","11:01:54",1375400
25500,-250,100,"sd","11:01:33",1371600
25550,-200,200,"bu","11:01:31",1371500
25550,-200,900,"bu","11:01:20",1371300
25550,-200,300,"bu","11:01:19",1370400
25550,-200,100,"bu","11:01:13",1370100
25550,-200,2700,"bu","11:00:57",1370000
25550,-200,1000,"bu","11:00:57",1367300
25550,-200,800,"bu","11:00:50",1366300
25550,-200,200,"bu","11:00:50",1365500
25550,-200,500,"sd","11:00:30",1365300
25550,-200,400,"sd","11:00:30",1364800
25550,-200,100,"sd","11:00:30",1364400
25550,-200,800,"sd","11:00:30",1364300
25550,-200,200,"sd","11:00:30",1363500
25550,-200,100,"sd","11:00:30",1363300
25550,-200,300,"sd","11:00:30",1363200
25550,-200,3000,"sd","11:00:30",1362900
25550,-200,900,"sd","11:00:30",1359900
25550,-200,1000,"sd","11:00:30",1359000
25550,-200,3000,"sd","11:00:30",1358000
25550,-200,200,"sd","11:00:30",1355000
25550,-200,10800,"sd","11:00:30",1354800
25550,-200,300,"sd","11:00:30",1344000
25550,-200,100,"sd","11:00:30",1343700
25550,-200,800,"sd","11:00:30",1343600
25550,-200,3800,"sd","11:00:30",1342800
25550,-200,8100,"sd","11:00:30",1339000
25600,-150,800,"bu","11:00:22",1330900
25600,-150,300,"bu","11:00:22",1330100
25600,-150,3800,"bu","11:00:01",1329800
25600,-150,900,"bu","10:59:53",1326000
25600,-150,300,"bu","10:59:53",1325100
25600,-150,800,"bu","10:59:25",1324800
25600,-150,200,"bu","10:59:25",1324000
25600,-150,100,"bu","10:59:25",1323800
25600,-150,100,"bu","10:59:23",1323700
25550,-200,300,"sd","10:59:13",1323600
25600,-150,1500,"bu","10:59:04",1323300
25600,-150,3800,"bu","10:59:04",1321800
25600,-150,800,"bu","10:58:57",1318000
25600,-150,300,"bu","10:58:56",1317200
25600,-150,900,"sd","10:58:32",1316900
25600,-150,300,"sd","10:58:32",1316000
25600,-150,3700,"sd","10:58:32",1315700
25600,-150,600,"sd","10:58:32",1312000
25600,-150,100,"sd","10:58:07",1311400
25600,-150,100,"sd","10:58:07",1311300
25600,-150,800,"sd","10:58:07",1311200
25600,-150,300,"sd","10:58:07",1310400
25600,-150,3800,"sd","10:58:07",1310100
25600,-150,900,"sd","10:58:07",1306300
25600,-150,300,"sd","10:58:07",1305400
25600,-150,800,"sd","10:58:07",1305100
25600,-150,200,"sd","10:58:07",1304300
25600,-150,200,"sd","10:58:07",1304100
25600,-150,200,"sd","10:58:07",1303900
25600,-150,100,"sd","10:58:07",1303700
25600,-150,2200,"sd","10:58:07",1303600
25600,-150,1600,"sd","10:57:15",1301400
25600,-150,400,"sd","10:57:15",1299800
25600,-150,400,"sd","10:56:17",1299400
25600,-150,300,"sd","10:56:17",1299000
25600,-150,100,"sd","10:56:17",1298700
25600,-150,700,"sd","10:56:17",1298600
25600,-150,200,"sd","10:56:14",1297900
25600,-150,300,"sd","10:56:14",1297700
25600,-150,3000,"sd","10:55:42",1297400
25600,-150,800,"sd","10:55:25",1294400
25600,-150,800,"sd","10:55:25",1293600
25600,-150,200,"sd","10:55:25",1292800
25600,-150,3000,"sd","10:55:25",1292600
25600,-150,200,"sd","10:55:25",1289600
25600,-150,500,"sd","10:55:13",1289400
25600,-150,200,"sd","10:55:06",1288900
25600,-150,300,"sd","10:55:05",1288700
25600,-150,2000,"sd","10:55:05",1288400
25600,-150,700,"sd","10:55:05",1286400
25600,-150,200,"sd","10:54:44",1285700
25600,-150,100,"sd","10:54:26",1285500
25600,-150,2700,"bu","10:54:21",1285400
25600,-150,800,"bu","10:54:10",1282700
25600,-150,300,"bu","10:54:10",1281900
25600,-150,100,"bu","10:54:06",1281600
25600,-150,100,"bu","10:53:51",1281500
25600,-150,800,"bu","10:53:41",1281400
25600,-150,200,"bu","10:53:41",1280600
25600,-150,2100,"bu","10:53:25",1280400
25600,-150,1000,"bu","10:53:25",1278300
25600,-150,500,"bu","10:53:25",1277300
25600,-150,200,"bu","10:53:25",1276800
25600,-150,200,"bu","10:53:20",1276600
25600,-150,800,"bu","10:53:20",1276400
25600,-150,900,"bu","10:53:14",1275600
25600,-150,300,"bu","10:53:13",1274700
25600,-150,800,"bu","10:52:45",1274400
25600,-150,300,"bu","10:52:44",1273600
25600,-150,3800,"bu","10:52:28",1273300
25550,-200,500,"sd","10:52:26",1269500
25550,-200,2000,"sd","10:52:07",1269000
25600,-150,100,"bu","10:52:00",1267000
25550,-200,1000,"sd","10:52:00",1266900
25600,-150,900,"bu","10:51:47",1265900
25600,-150,300,"bu","10:51:47",1265000
25600,-150,100,"bu","10:51:45",1264700
25600,-150,3700,"bu","10:51:32",1264600
25550,-200,100,"sd","10:51:31",1260900
25600,-150,800,"bu","10:51:18",1260800
25600,-150,300,"bu","10:51:18",1260000
25600,-150,800,"bu","10:50:50",1259700
25600,-150,200,"bu","10:50:50",1258900
25600,-150,2100,"bu","10:50:35",1258700
25600,-150,1700,"bu","10:50:35",1256600
25600,-150,100,"bu","10:50:21",1254900
25600,-150,900,"bu","10:50:21",1254800
25600,-150,300,"bu","10:50:21",1253900
25600,-150,100,"sd","10:50:14",1253600
25600,-150,3800,"sd","10:50:05",1253500
25600,-150,100,"sd","10:50:05",1249700
25600,-150,100,"sd","10:50:05",1249600
25600,-150,3800,"sd","10:50:05",1249500
25600,-150,800,"sd","10:50:05",1245700
25600,-150,300,"sd","10:50:05",1244900
25600,-150,100,"sd","10:50:05",1244600
25600,-150,100,"sd","10:50:05",1244500
25600,-150,800,"sd","10:50:05",1244400
25600,-150,200,"sd","10:50:05",1243600
25600,-150,3700,"sd","10:50:05",1243400
25600,-150,400,"sd","10:50:05",1239700
25650,-100,800,"bu","10:49:53",1239300
25650,-100,300,"bu","10:49:53",1238500
25650,-100,800,"bu","10:49:24",1238200
25650,-100,200,"bu","10:49:24",1237400
25650,-100,900,"bu","10:48:55",1237200
25650,-100,300,"bu","10:48:55",1236300
25650,-100,100,"bu","10:48:47",1236000
25600,-150,500,"sd","10:48:37",1235900
25600,-150,300,"sd","10:48:37",1235400
25600,-150,200,"sd","10:48:37",1235100
25600,-150,100,"sd","10:48:32",1234900
25600,-150,2700,"sd","10:48:20",1234800
25600,-150,1000,"sd","10:48:20",1232100
25600,-150,800,"sd","10:48:20",1231100
25600,-150,300,"sd","10:48:20",1230300
25600,-150,3800,"sd","10:48:20",1230000
25600,-150,1400,"sd","10:48:20",1226200
25600,-150,100,"sd","10:47:09",1224800
25600,-150,100,"sd","10:46:49",1224700
25600,-150,500,"sd","10:46:49",1224600
25600,-150,200,"bu","10:46:35",1224100
25600,-150,100,"bu","10:46:35",1223900
25600,-150,900,"bu","10:46:32",1223800
25600,-150,200,"bu","10:46:32",1222900
25600,-150,100,"bu","10:46:29",1222700
25600,-150,100,"bu","10:46:28",1222600
25600,-150,800,"bu","10:46:04",1222500
25600,-150,300,"bu","10:46:04",1221700
25600,-150,3800,"bu","10:45:52",1221400
25600,-150,1000,"bu","10:45:45",1217600
25600,-150,100,"bu","10:45:43",1216600
25550,-200,300,"sd","10:45:40",1216500
25550,-200,3700,"sd","10:45:13",1216200
25550,-200,1300,"sd","10:45:13",1212500
25550,-200,1000,"sd","10:45:04",1211200
25600,-150,600,"sd","10:44:58",1210200
25600,-150,3100,"sd","10:44:57",1209600
25600,-150,100,"sd","10:44:57",1206500
25600,-150,100,"sd","10:44:57",1206400
25600,-150,3800,"sd","10:44:57",1206300
25600,-150,1900,"sd","10:44:57",1202500
25600,-150,1900,"sd","10:44:50",1200600
25600,-150,100,"sd","10:44:50",1198700
25600,-150,3800,"sd","10:44:50",1198600
25600,-150,500,"sd","10:44:50",1194800
25600,-150,1800,"sd","10:44:50",1194300
25600,-150,1900,"sd","10:44:49",1192500
25600,-150,100,"sd","10:44:49",1190600
25600,-150,3800,"sd","10:44:49",1190500
25600,-150,1000,"sd","10:44:49",1186700
25600,-150,1300,"sd","10:44:49",1185700
25600,-150,2500,"sd","10:44:48",1184400
25600,-150,100,"sd","10:44:48",1181900
25600,-150,3700,"sd","10:44:48",1181800
25600,-150,9400,"sd","10:44:48",1178100
25600,-150,3800,"sd","10:44:47",1168700
25600,-150,100,"sd","10:44:47",1164900
25600,-150,3800,"sd","10:44:47",1164800
25600,-150,1000,"sd","10:44:47",1161000
25600,-150,3800,"sd","10:44:47",1160000
25600,-150,100,"sd","10:44:47",1156200
25600,-150,3700,"sd","10:44:47",1156100
25600,-150,3800,"sd","10:44:47",1152400
25600,-150,100,"sd","10:44:47",1148600
25600,-150,3800,"sd","10:44:47",1148500
25600,-150,100,"sd","10:44:47",1144700
25600,-150,3700,"sd","10:44:47",1144600
25600,-150,3800,"sd","10:44:47",1140900
25600,-150,100,"sd","10:44:47",1137100
25600,-150,3800,"sd","10:44:47",1137000
25600,-150,10000,"sd","10:44:47",1133200
25600,-150,800,"sd","10:44:47",1123200
25600,-150,200,"sd","10:44:47",1122400
25600,-150,900,"sd","10:44:47",1122200
25600,-150,300,"sd","10:44:47",1121300
25600,-150,900,"sd","10:44:47",1121000
25600,-150,300,"sd","10:44:47",1120100
25600,-150,200,"sd","10:44:47",1119800
25600,-150,900,"sd","10:44:47",1119600
25600,-150,900,"sd","10:44:47",1118700
25600,-150,300,"sd","10:44:47",1117800
25600,-150,900,"sd","10:44:47",1117500
25600,-150,300,"sd","10:44:47",1116600
25600,-150,900,"sd","10:44:47",1116300
25600,-150,200,"sd","10:44:47",1115400
25600,-150,900,"sd","10:44:47",1115200
25600,-150,300,"sd","10:44:47",1114300
25600,-150,900,"sd","10:44:47",1114000
25600,-150,300,"sd","10:44:47",1113100
25600,-150,3700,"sd","10:44:47",1112800
25600,-150,900,"sd","10:44:47",1109100
25600,-150,300,"sd","10:44:47",1108200
25600,-150,200,"sd","10:44:47",1107900
25600,-150,900,"sd","10:44:47",1107700
25600,-150,3800,"sd","10:44:47",1106800
25600,-150,1000,"sd","10:44:47",1103000
25600,-150,3000,"sd","10:44:47",1102000
25600,-150,300,"sd","10:44:47",1099000
25600,-150,3800,"sd","10:44:47",1098700
25600,-150,900,"sd","10:44:47",1094900
25600,-150,900,"sd","10:44:47",1094000
25600,-150,300,"sd","10:44:47",1093100
25600,-150,300,"sd","10:44:47",1092800
25600,-150,4700,"sd","10:44:47",1092500
25600,-150,900,"sd","10:44:47",1087800
25600,-150,200,"sd","10:44:47",1086900
25600,-150,200,"sd","10:44:47",1086700
25600,-150,4600,"sd","10:44:47",1086500
25600,-150,900,"sd","10:44:47",1081900
25600,-150,300,"sd","10:44:47",1081000
25600,-150,300,"sd","10:44:47",1080700
25600,-150,2000,"sd","10:44:47",1080400
25600,-150,100,"sd","10:44:47",1078400
25600,-150,300,"sd","10:44:47",1078300
25600,-150,900,"sd","10:44:47",1078000
25600,-150,100,"sd","10:44:47",1077100
25600,-150,3000,"sd","10:44:47",1077000
25600,-150,300,"sd","10:44:47",1074000
25600,-150,900,"sd","10:44:47",1073700
25600,-150,100,"sd","10:44:47",1072800
25600,-150,4000,"sd","10:44:47",1072700
25600,-150,3800,"sd","10:44:47",1068700
25600,-150,900,"sd","10:44:47",1064900
25600,-150,900,"sd","10:44:47",1064000
25600,-150,300,"sd","10:44:47",1063100
25600,-150,300,"sd","10:44:47",1062800
25600,-150,900,"sd","10:44:47",1062500
25600,-150,300,"sd","10:44:47",1061600
25600,-150,100,"sd","10:44:47",1061300
25600,-150,3700,"sd","10:44:47",1061200
25600,-150,900,"sd","10:44:47",1057500
25600,-150,200,"sd","10:44:47",1056600
25600,-150,5000,"sd","10:44:47",1056400
25600,-150,900,"sd","10:44:47",1051400
25600,-150,300,"sd","10:44:47",1050500
25600,-150,3800,"sd","10:44:47",1050200
25600,-150,900,"sd","10:44:47",1046400
25600,-150,3800,"sd","10:44:47",1045500
25600,-150,300,"sd","10:44:47",1041700
25600,-150,100,"sd","10:44:47",1041400
25600,-150,900,"sd","10:44:47",1041300
25600,-150,300,"sd","10:44:47",1040400
25600,-150,200,"sd","10:44:47",1040100
25600,-150,100,"sd","10:44:47",1039900
25600,-150,1000,"sd","10:44:47",1039800
25600,-150,900,"sd","10:44:47",1038800
25600,-150,300,"sd","10:44:47",1037900
25600,-150,100,"sd","10:44:47",1037600
25600,-150,3800,"sd","10:44:47",1037500
25600,-150,900,"sd","10:44:47",1033700
25600,-150,900,"sd","10:44:47",1032800
25600,-150,300,"sd","10:44:47",1031900
25600,-150,300,"sd","10:44:47",1031600
25600,-150,1000,"sd","10:44:47",1031300
25600,-150,1100,"sd","10:44:47",1030300
25600,-150,300,"sd","10:44:47",1029200
25600,-150,900,"sd","10:44:47",1028900
25600,-150,3800,"sd","10:44:47",1028000
25600,-150,900,"sd","10:44:47",1024200
25600,-150,200,"sd","10:44:47",1023300
25600,-150,300,"sd","10:44:47",1023100
25600,-150,3700,"sd","10:44:47",1022800
25600,-150,10000,"sd","10:44:47",1019100
25600,-150,900,"sd","10:44:47",1009100
25600,-150,300,"sd","10:44:47",1008200
25600,-150,900,"sd","10:44:47",1007900
25600,-150,300,"sd","10:44:47",1007000
25600,-150,3700,"sd","10:44:47",1006700
25600,-150,200,"sd","10:44:47",1003000
25600,-150,900,"sd","10:44:47",1002800
25600,-150,3800,"sd","10:44:47",1001900
25600,-150,200,"sd","10:44:47",998100
25600,-150,900,"sd","10:44:47",997900
25600,-150,900,"sd","10:44:47",997000
25600,-150,300,"sd","10:44:47",996100
25600,-150,3800,"sd","10:44:47",995800
25600,-150,900,"sd","10:44:47",992000
25600,-150,200,"sd","10:44:47",991100
25650,-100,800,"bu","10:44:38",990900
25650,-100,300,"bu","10:44:38",990100
25650,-100,100,"sd","10:44:33",989800
25650,-100,1000,"sd","10:44:33",989700
25650,-100,8400,"sd","10:44:33",988700
25650,-100,11600,"sd","10:44:26",980300
25650,-100,800,"sd","10:44:26",968700
25650,-100,300,"sd","10:44:26",967900
25650,-100,800,"sd","10:44:26",967600
25650,-100,800,"sd","10:44:26",966800
25650,-100,300,"sd","10:44:26",966000
25650,-100,200,"sd","10:44:26",965700
25650,-100,900,"sd","10:44:26",965500
25650,-100,800,"sd","10:44:26",964600
25650,-100,300,"sd","10:44:26",963800
25650,-100,300,"sd","10:44:26",963500
25650,-100,900,"sd","10:44:26",963200
25650,-100,200,"sd","10:44:26",962300
25650,-100,800,"sd","10:44:26",962100
25650,-100,300,"sd","10:44:26",961300
25650,-100,700,"sd","10:44:26",961000
25700,-50,100,"bu","10:44:25",960300
25700,-50,800,"bu","10:44:09",960200
25700,-50,300,"bu","10:44:09",959400
25700,-50,900,"bu","10:43:42",959100
25700,-50,200,"bu","10:43:42",958200
25700,-50,100,"bu","10:43:30",958000
25650,-100,200,"sd","10:43:25",957900
25650,-100,200,"sd","10:43:25",957700
25650,-100,200,"sd","10:43:25",957500
25650,-100,1400,"sd","10:43:25",957300
25650,-100,600,"sd","10:42:26",955900
25650,-100,800,"sd","10:42:26",955300
25650,-100,300,"sd","10:42:26",954500
25650,-100,800,"sd","10:42:26",954200
25650,-100,200,"sd","10:42:26",953400
25650,-100,300,"sd","10:42:26",953200
25650,-100,900,"sd","10:42:26",952900
25650,-100,300,"sd","10:42:26",952000
25650,-100,100,"sd","10:42:26",951700
25650,-100,700,"sd","10:42:26",951600
25650,-100,100,"sd","10:42:05",950900
25650,-100,200,"sd","10:42:05",950800
25650,-100,300,"sd","10:42:05",950600
25650,-100,400,"sd","10:42:05",950300
25650,-100,400,"sd","10:41:56",949900
25650,-100,900,"sd","10:41:56",949500
25650,-100,200,"sd","10:41:56",948600
25650,-100,500,"sd","10:41:56",948400
25650,-100,300,"sd","10:41:52",947900
25650,-100,900,"sd","10:41:52",947600
25650,-100,300,"sd","10:41:52",946700
25650,-100,300,"sd","10:41:52",946400
25650,-100,800,"sd","10:41:52",946100
25650,-100,200,"sd","10:41:52",945300
25650,-100,800,"sd","10:41:52",945100
25650,-100,200,"sd","10:41:52",944300
25650,-100,200,"sd","10:41:52",944100
25650,-100,800,"sd","10:41:52",943900
25650,-100,200,"sd","10:41:52",943100
25650,-100,100,"sd","10:41:09",942900
25650,-100,900,"sd","10:41:07",942800
25650,-100,100,"sd","10:41:07",941900
25650,-100,100,"sd","10:40:27",941800
25650,-100,200,"sd","10:40:27",941700
25650,-100,100,"sd","10:39:54",941500
25650,-100,700,"sd","10:39:47",941400
25650,-100,300,"sd","10:39:47",940700
25650,-100,1000,"sd","10:39:47",940400
25650,-100,800,"sd","10:39:47",939400
25650,-100,200,"sd","10:39:47",938600
25650,-100,900,"sd","10:39:47",938400
25650,-100,300,"sd","10:39:47",937500
25650,-100,800,"sd","10:39:46",937200
25650,-100,200,"sd","10:39:19",936400
25650,-100,500,"sd","10:39:19",936200
25650,-100,900,"sd","10:39:19",935700
25650,-100,300,"sd","10:39:19",934800
25650,-100,100,"sd","10:39:19",934500
25650,-100,100,"sd","10:39:06",934400
25650,-100,700,"sd","10:39:06",934300
25650,-100,200,"sd","10:39:06",933600
25650,-100,200,"sd","10:39:06",933400
25650,-100,800,"sd","10:39:06",933200
25700,-50,100,"bu","10:38:29",932400
25700,-50,3700,"bu","10:38:23",932300
25700,-50,3200,"bu","10:38:23",928600
25700,-50,300,"bu","10:38:23",925400
25700,-50,100,"bu","10:38:13",925100
25650,-100,200,"sd","10:37:59",925000
25650,-100,800,"sd","10:37:59",924800
25650,-100,100,"sd","10:37:42",924000
25650,-100,1100,"sd","10:37:29",923900
25700,-50,100,"bu","10:36:58",922800
25650,-100,500,"sd","10:36:46",922700
25650,-100,700,"sd","10:36:46",922200
25650,-100,200,"sd","10:36:44",921500
25650,-100,100,"sd","10:36:38",921300
25650,-100,100,"sd","10:36:03",921200
25650,-100,100,"sd","10:36:03",921100
25650,-100,800,"sd","10:36:03",921000
25650,-100,300,"sd","10:35:40",920200
25650,-100,700,"sd","10:35:40",919900
25650,-100,200,"sd","10:33:58",919200
25650,-100,1000,"sd","10:33:56",919000
25650,-100,100,"sd","10:33:52",918000
25650,-100,100,"sd","10:33:52",917900
25650,-100,600,"sd","10:33:41",917800
25650,-100,100,"sd","10:32:59",917200
25700,-50,2000,"bu","10:32:58",917100
25700,-50,100,"bu","10:32:58",915100
25700,-50,100,"bu","10:32:34",915000
25700,-50,500,"bu","10:32:04",914900
25700,-50,1000,"bu","10:29:50",914400
25650,-100,100,"sd","10:29:47",913400
25650,-100,1000,"bu","10:29:27",913300
25650,-100,100,"bu","10:29:27",912300
25600,-150,100,"sd","10:29:20",912200
25600,-150,400,"sd","10:29:20",912100
25650,-100,100,"bu","10:29:07",911700
25650,-100,400,"bu","10:29:02",911600
25600,-150,500,"sd","10:28:54",911200
25600,-150,100,"sd","10:28:54",910700
25650,-100,100,"bu","10:28:51",910600
25650,-100,500,"bu","10:28:47",910500
25650,-100,200,"bu","10:28:47",910000
25650,-100,300,"bu","10:28:47",909800
25650,-100,100,"bu","10:28:36",909500
25650,-100,1600,"bu","10:28:20",909400
25650,-100,5000,"bu","10:28:20",907800
25650,-100,500,"bu","10:28:20",902800
25650,-100,500,"bu","10:28:20",902300
25650,-100,200,"bu","10:28:20",901800
25650,-100,100,"bu","10:28:20",901600
25650,-100,200,"bu","10:28:20",901500
25650,-100,1900,"bu","10:28:20",901300
25650,-100,3000,"bu","10:28:20",899400
25600,-150,100,"sd","10:28:17",896400
25650,-100,6100,"bu","10:28:16",896300
25650,-100,3900,"bu","10:28:16",890200
25650,-100,1100,"bu","10:28:16",886300
25650,-100,1000,"bu","10:28:16",885200
25650,-100,900,"bu","10:28:16",884200
25650,-100,100,"bu","10:27:43",883300
25600,-150,600,"sd","10:27:28",883200
25600,-150,3000,"sd","10:27:10",882600
25600,-150,200,"sd","10:26:48",879600
25650,-100,100,"bu","10:26:37",879400
25650,-100,900,"bu","10:26:22",879300
25650,-100,1100,"bu","10:26:22",878400
25650,-100,100,"bu","10:26:21",877300
25600,-150,500,"sd","10:26:14",877200
25600,-150,200,"sd","10:25:46",876700
25600,-150,100,"sd","10:25:42",876500
25650,-100,800,"bu","10:25:39",876400
25650,-100,3000,"bu","10:25:39",875600
25650,-100,1200,"bu","10:25:39",872600
25650,-100,100,"bu","10:25:37",871400
25600,-150,100,"sd","10:25:31",871300
25600,-150,300,"sd","10:25:31",871200
25600,-150,300,"sd","10:25:31",870900
25600,-150,300,"sd","10:25:22",870600
25650,-100,200,"bu","10:24:03",870300
25650,-100,100,"bu","10:22:29",870100
25650,-100,2000,"bu","10:21:26",870000
25650,-100,1000,"bu","10:21:26",868000
25650,-100,400,"bu","10:21:00",867000
25650,-100,2000,"bu","10:21:00",866600
25650,-100,2000,"bu","10:21:00",864600
25650,-100,500,"bu","10:21:00",862600
25650,-100,100,"bu","10:21:00",862100
25650,-100,100,"bu","10:20:41",862000
25650,-100,300,"bu","10:20:37",861900
25650,-100,100,"bu","10:20:37",861600
25650,-100,4600,"bu","10:20:37",861500
25650,-100,100,"bu","10:20:36",856900
25600,-150,100,"sd","10:20:07",856800
25600,-150,1300,"sd","10:18:38",856700
25600,-150,900,"sd","10:18:38",855400
25600,-150,300,"sd","10:18:38",854500
25600,-150,3800,"sd","10:18:38",854200
25600,-150,500,"sd","10:18:31",850400
25600,-150,400,"sd","10:18:15",849900
25600,-150,300,"sd","10:18:15",849500
25600,-150,1300,"sd","10:18:15",849200
25600,-150,1000,"sd","10:18:12",847900
25600,-150,2700,"sd","10:18:04",846900
25600,-150,200,"sd","10:18:04",844200
25600,-150,100,"sd","10:18:04",844000
25600,-150,500,"sd","10:17:57",843900
25600,-150,5000,"sd","10:17:27",843400
25600,-150,200,"sd","10:17:26",838400
25650,-100,100,"bu","10:17:15",838200
25600,-150,500,"sd","10:16:51",838100
25600,-150,1400,"sd","10:15:52",837600
25600,-150,1900,"sd","10:15:19",836200
25600,-150,400,"sd","10:14:53",834300
25600,-150,900,"sd","10:14:53",833900
25600,-150,200,"sd","10:14:53",833000
25650,-100,100,"bu","10:14:52",832800
25650,-100,100,"bu","10:14:44",832700
25650,-100,500,"bu","10:14:42",832600
25650,-100,100,"bu","10:14:10",832100
25650,-100,100,"bu","10:14:10",832000
25650,-100,2600,"bu","10:14:07",831900
25650,-100,300,"bu","10:13:28",829300
25650,-100,1000,"bu","10:13:19",829000
25650,-100,200,"bu","10:13:07",828000
25650,-100,200,"bu","10:12:52",827800
25650,-100,300,"bu","10:12:52",827600
25650,-100,100,"bu","10:12:20",827300
25650,-100,1200,"bu","10:12:14",827200
25650,-100,100,"bu","10:12:02",826000
25600,-150,100,"sd","10:11:32",825900
25600,-150,100,"sd","10:11:32",825800
25650,-100,200,"bu","10:11:20",825700
25650,-100,1000,"bu","10:10:55",825500
25650,-100,100,"bu","10:10:30",824500
25650,-100,1700,"bu","10:09:20",824400
25650,-100,100,"bu","10:09:07",822700
25650,-100,100,"bu","10:08:48",822600
25650,-100,200,"bu","10:08:40",822500
25650,-100,900,"sd","10:08:40",822300
25650,-100,200,"sd","10:08:40",821400
25650,-100,300,"sd","10:08:40",821200
25650,-100,900,"sd","10:08:40",820900
25650,-100,200,"sd","10:08:40",820000
25650,-100,900,"sd","10:08:40",819800
25650,-100,200,"sd","10:08:40",818900
25650,-100,300,"sd","10:08:40",818700
25650,-100,1000,"sd","10:08:40",818400
25700,-50,300,"bu","10:08:30",817400
25700,-50,200,"bu","10:08:27",817100
25700,-50,300,"bu","10:08:23",816900
25700,-50,1000,"bu","10:08:23",816600
25700,-50,1400,"bu","10:08:23",815600
25700,-50,500,"bu","10:08:13",814200
25700,-50,100,"bu","10:06:50",813700
25650,-100,800,"bu","10:06:22",813600
25700,-50,300,"bu","10:06:15",812800
25500,-250,400,"sd","10:06:15",812500
25550,-200,200,"sd","10:06:15",812100
25550,-200,300,"sd","10:06:15",811900
25550,-200,800,"sd","10:06:15",811600
25550,-200,900,"sd","10:06:15",810800
25600,-150,900,"sd","10:06:15",809900
25550,-200,300,"sd","10:06:15",809000
25600,-150,300,"sd","10:06:15",808700
25600,-150,900,"sd","10:06:15",808400
25600,-150,3700,"sd","10:06:15",807500
25550,-200,3700,"sd","10:06:15",803800
25600,-150,200,"sd","10:06:15",800100
25600,-150,300,"sd","10:06:15",799900
25600,-150,900,"sd","10:06:15",799600
25600,-150,1200,"sd","10:06:15",798700
25600,-150,800,"sd","10:06:15",797500
25600,-150,900,"sd","10:06:15",796700
25650,-100,300,"sd","10:06:15",795800
25600,-150,200,"sd","10:06:15",795500
25650,-100,5000,"sd","10:06:15",795300
25650,-100,900,"sd","10:06:15",790300
25650,-100,300,"sd","10:06:15",789400
25650,-100,900,"sd","10:06:15",789100
25650,-100,200,"sd","10:06:15",788200
25650,-100,1000,"sd","10:06:15",788000
25650,-100,1000,"sd","10:06:15",787000
25650,-100,900,"sd","10:06:15",786000
25650,-100,300,"sd","10:06:15",785100
25650,-100,900,"sd","10:06:15",784800
25650,-100,300,"sd","10:06:15",783900
25650,-100,900,"sd","10:06:15",783600
25650,-100,200,"sd","10:06:15",782700
25700,-50,1300,"bu","10:05:54",782500
25700,-50,3700,"bu","10:05:17",781200
25700,-50,2700,"bu","10:03:55",777500
25700,-50,300,"bu","10:03:55",774800
25700,-50,100,"bu","10:03:32",774500
25700,-50,100,"bu","10:03:32",774400
25650,-100,1000,"bu","10:03:11",774300
25650,-100,500,"bu","10:03:11",773300
25650,-100,500,"bu","10:03:11",772800
25650,-100,100,"bu","10:03:11",772300
25650,-100,900,"bu","10:03:11",772200
25650,-100,100,"bu","10:02:52",771300
25650,-100,2600,"bu","10:02:39",771200
25650,-100,200,"bu","10:02:39",768600
25650,-100,100,"bu","10:01:40",768400
25600,-150,700,"sd","10:01:22",768300
25600,-150,300,"sd","10:01:22",767600
25600,-150,1000,"sd","10:01:20",767300
25600,-150,3400,"bu","10:01:15",766300
25600,-150,100,"bu","10:01:15",762900
25600,-150,500,"bu","10:01:15",762800
25600,-150,100,"bu","10:01:09",762300
25600,-150,400,"bu","10:01:02",762200
25600,-150,100,"bu","10:01:02",761800
25600,-150,500,"bu","10:01:02",761700
25600,-150,100,"bu","10:01:02",761200
25600,-150,1400,"bu","10:01:02",761100
25600,-150,500,"bu","10:01:02",759700
25550,-200,100,"sd","10:01:01",759200
25550,-200,200,"sd","10:01:01",759100
25550,-200,500,"sd","10:01:01",758900
25550,-200,200,"sd","10:01:01",758400
25550,-200,300,"bu","10:00:06",758200
25550,-200,200,"bu","10:00:00",757900
25550,-200,300,"bu","10:00:00",757700
25550,-200,500,"bu","10:00:00",757400
25550,-200,100,"bu","09:59:49",756900
25550,-200,100,"bu","09:59:45",756800
25500,-250,500,"sd","09:59:16",756700
25500,-250,200,"sd","09:59:10",756200
25500,-250,100,"sd","09:59:09",756000
25500,-250,1300,"bu","09:58:45",755900
25500,-250,200,"bu","09:58:38",754600
25500,-250,1800,"bu","09:58:35",754400
25500,-250,200,"bu","09:58:35",752600
25500,-250,300,"bu","09:58:35",752400
25500,-250,300,"bu","09:58:35",752100
25500,-250,2400,"bu","09:58:35",751800
25500,-250,1600,"bu","09:58:10",749400
25500,-250,10000,"bu","09:58:10",747800
25500,-250,1000,"bu","09:58:10",737800
25500,-250,7400,"bu","09:58:10",736800
25500,-250,3700,"bu","09:57:48",729400
25500,-250,400,"bu","09:57:37",725700
25450,-300,1400,"bu","09:57:35",725300
25450,-300,200,"bu","09:57:28",723900
25450,-300,1000,"bu","09:57:28",723700
25450,-300,400,"bu","09:57:28",722700
25450,-300,700,"bu","09:57:28",722300
25450,-300,1000,"bu","09:57:28",721600
25450,-300,2000,"bu","09:57:28",720600
25450,-300,500,"bu","09:57:28",718600
25450,-300,3600,"bu","09:57:28",718100
25450,-300,1100,"bu","09:57:28",714500
25450,-300,3600,"bu","09:57:28",713400
25450,-300,1000,"bu","09:57:28",709800
25450,-300,1000,"bu","09:57:28",708800
25450,-300,1000,"bu","09:57:28",707800
25450,-300,2900,"bu","09:57:28",706800
25450,-300,400,"bu","09:57:03",703900
25450,-300,100,"bu","09:57:00",703500
25450,-300,1600,"bu","09:56:52",703400
25450,-300,2100,"bu","09:56:52",701800
25450,-300,2000,"bu","09:56:50",699700
25400,-350,100,"sd","09:56:40",697700
25450,-300,900,"bu","09:56:33",697600
25450,-300,100,"bu","09:56:33",696700
25450,-300,100,"bu","09:56:29",696600
25450,-300,100,"bu","09:56:21",696500
25400,-350,100,"sd","09:55:44",696400
25400,-350,300,"sd","09:55:32",696300
25400,-350,1000,"sd","09:55:13",696000
25400,-350,500,"sd","09:55:13",695000
25400,-350,4000,"sd","09:55:05",694500
25400,-350,500,"sd","09:55:05",690500
25400,-350,500,"sd","09:55:05",690000
25400,-350,400,"sd","09:54:54",689500
25400,-350,300,"sd","09:54:54",689100
25400,-350,300,"sd","09:54:54",688800
25400,-350,500,"bu","09:54:31",688500
25400,-350,1000,"bu","09:54:31",688000
25400,-350,8200,"bu","09:54:31",687000
25400,-350,500,"bu","09:54:20",678800
25400,-350,500,"bu","09:54:03",678300
25400,-350,800,"bu","09:54:02",677800
25400,-350,700,"bu","09:54:02",677000
25400,-350,2000,"bu","09:54:02",676300
25400,-350,300,"bu","09:54:02",674300
25400,-350,200,"bu","09:53:33",674000
25400,-350,100,"bu","09:53:25",673800
25400,-350,400,"bu","09:53:22",673700
25400,-350,700,"bu","09:53:22",673300
25400,-350,3800,"bu","09:53:05",672600
25400,-350,3000,"bu","09:52:58",668800
25400,-350,5000,"bu","09:52:55",665800
25400,-350,100,"bu","09:52:26",660800
25400,-350,900,"sd","09:52:13",660700
25400,-350,200,"sd","09:52:13",659800
25400,-350,3800,"sd","09:52:13",659600
25400,-350,1000,"sd","09:52:13",655800
25400,-350,200,"sd","09:52:13",654800
25400,-350,900,"sd","09:52:13",654600
25400,-350,300,"sd","09:52:13",653700
25400,-350,100,"sd","09:52:13",653400
25400,-350,400,"bu","09:51:39",653300
25400,-350,500,"sd","09:51:33",652900
25400,-350,1000,"sd","09:51:33",652400
25400,-350,10000,"sd","09:51:33",651400
25400,-350,900,"sd","09:51:33",641400
25400,-350,300,"sd","09:51:33",640500
25400,-350,4100,"sd","09:51:33",640200
25400,-350,500,"sd","09:51:33",636100
25400,-350,100,"sd","09:51:33",635600
25400,-350,1300,"sd","09:51:33",635500
25400,-350,900,"sd","09:51:33",634200
25400,-350,400,"sd","09:51:27",633300
25400,-350,500,"bu","09:50:40",632900
25400,-350,200,"bu","09:50:40",632400
25400,-350,1000,"bu","09:50:40",632200
25400,-350,1500,"bu","09:50:40",631200
25400,-350,6100,"bu","09:50:40",629700
25400,-350,100,"bu","09:50:40",623600
25400,-350,3800,"bu","09:50:16",623500
25400,-350,100,"bu","09:50:12",619700
25350,-400,4900,"sd","09:50:03",619600
25350,-400,100,"sd","09:50:03",614700
25400,-350,200,"sd","09:49:58",614600
25400,-350,2000,"sd","09:49:58",614400
25400,-350,900,"sd","09:49:58",612400
25400,-350,100,"sd","09:49:58",611500
25400,-350,300,"sd","09:49:58",611400
25400,-350,900,"sd","09:49:58",611100
25400,-350,3800,"sd","09:49:58",610200
25400,-350,300,"sd","09:49:58",606400
25400,-350,400,"sd","09:49:58",606100
25400,-350,900,"sd","09:49:58",605700
25400,-350,100,"sd","09:49:58",604800
25400,-350,100,"sd","09:49:40",604700
25400,-350,900,"sd","09:49:40",604600
25450,-300,200,"bu","09:49:37",603700
25400,-350,100,"sd","09:49:08",603500
25400,-350,1000,"sd","09:49:08",603400
25400,-350,8000,"sd","09:49:08",602400
25400,-350,900,"sd","09:49:08",594400
25400,-350,300,"sd","09:49:08",593500
25400,-350,100,"sd","09:49:08",593200
25400,-350,900,"sd","09:49:08",593100
25400,-350,300,"sd","09:49:08",592200
25400,-350,1000,"sd","09:49:08",591900
25400,-350,100,"sd","09:49:08",590900
25400,-350,900,"sd","09:49:08",590800
25400,-350,300,"sd","09:49:08",589900
25400,-350,4000,"sd","09:49:08",589600
25400,-350,1000,"sd","09:49:08",585600
25400,-350,900,"sd","09:49:08",584600
25400,-350,200,"sd","09:49:08",583700
25450,-300,100,"bu","09:48:35",583500
25450,-300,100,"bu","09:48:33",583400
25450,-300,300,"bu","09:48:23",583300
25450,-300,1800,"bu","09:48:23",583000
25450,-300,400,"bu","09:48:23",581200
25450,-300,1100,"bu","09:48:23",580800
25450,-300,300,"bu","09:48:23",579700
25450,-300,100,"bu","09:48:11",579400
25400,-350,200,"sd","09:48:05",579300
25400,-350,100,"sd","09:47:45",579100
25400,-350,100,"sd","09:47:43",579000
25400,-350,1600,"sd","09:47:35",578900
25400,-350,100,"sd","09:47:35",577300
25400,-350,1000,"sd","09:47:35",577200
25400,-350,900,"sd","09:47:35",576200
25400,-350,300,"sd","09:47:35",575300
25400,-350,100,"sd","09:47:35",575000
25400,-350,900,"sd","09:47:35",574900
25400,-350,300,"sd","09:47:35",574000
25400,-350,500,"sd","09:47:35",573700
25400,-350,3800,"sd","09:47:35",573200
25400,-350,700,"sd","09:47:28",569400
25400,-350,1000,"sd","09:47:14",568700
25450,-300,100,"bu","09:46:46",567700
25450,-300,500,"bu","09:46:44",567600
25450,-300,200,"bu","09:46:44",567100
25400,-350,4500,"sd","09:46:19",566900
25400,-350,900,"sd","09:46:19",562400
25400,-350,200,"sd","09:46:19",561500
25400,-350,300,"sd","09:46:19",561300
25400,-350,200,"sd","09:46:19",561000
25400,-350,400,"sd","09:46:19",560800
25400,-350,1600,"sd","09:45:52",560400
25400,-350,900,"sd","09:45:52",558800
25400,-350,300,"sd","09:45:52",557900
25400,-350,1500,"sd","09:45:52",557600
25450,-300,1000,"bu","09:45:51",556100
25400,-350,4800,"sd","09:45:47",555100
25400,-350,900,"sd","09:45:47",550300
25400,-350,300,"sd","09:45:46",549400
25400,-350,100,"sd","09:45:46",549100
25400,-350,900,"sd","09:45:46",549000
25400,-350,200,"sd","09:45:46",548100
25400,-350,500,"sd","09:45:46",547900
25400,-350,500,"sd","09:45:46",547400
25400,-350,100,"sd","09:45:46",546900
25400,-350,200,"sd","09:45:46",546800
25400,-350,100,"sd","09:45:46",546600
25400,-350,10000,"sd","09:45:46",546500
25400,-350,900,"sd","09:45:46",536500
25400,-350,100,"sd","09:45:46",535600
25400,-350,100,"sd","09:45:46",535500
25400,-350,200,"sd","09:45:46",535400
25400,-350,100,"sd","09:45:46",535200
25400,-350,500,"sd","09:45:46",535100
25400,-350,2000,"sd","09:45:46",534600
25400,-350,100,"sd","09:45:46",532600
25400,-350,500,"sd","09:45:46",532500
25400,-350,600,"sd","09:45:46",532000
25400,-350,100,"sd","09:45:46",531400
25400,-350,300,"sd","09:45:46",531300
25400,-350,2000,"sd","09:45:46",531000
25400,-350,100,"sd","09:45:46",529000
25400,-350,5000,"sd","09:45:46",528900
25400,-350,1500,"sd","09:45:46",523900
25400,-350,3000,"sd","09:45:46",522400
25400,-350,1000,"sd","09:45:46",519400
25400,-350,4000,"sd","09:45:46",518400
25400,-350,1400,"sd","09:45:46",514400
25450,-300,500,"bu","09:45:44",513000
25450,-300,100,"bu","09:45:44",512500
25450,-300,100,"bu","09:45:41",512400
25450,-300,200,"bu","09:45:37",512300
25450,-300,100,"bu","09:45:36",512100
25450,-300,100,"bu","09:45:36",512000
25450,-300,1000,"bu","09:45:34",511900
25450,-300,400,"bu","09:45:33",510900
25450,-300,100,"bu","09:45:29",510500
25450,-300,1400,"bu","09:45:29",510400
25450,-300,300,"bu","09:45:29",509000
25450,-300,300,"bu","09:45:29",508700
25450,-300,100,"bu","09:45:18",508400
25450,-300,100,"bu","09:44:58",508300
25450,-300,200,"bu","09:44:49",508200
25400,-350,600,"sd","09:44:47",508000
25450,-300,900,"sd","09:43:41",507400
25450,-300,300,"sd","09:43:41",506500
25450,-300,500,"sd","09:43:41",506200
25450,-300,900,"sd","09:43:41",505700
25450,-300,300,"sd","09:43:41",504800
25450,-300,100,"sd","09:43:41",504500
25450,-300,3000,"sd","09:43:41",504400
25450,-300,900,"sd","09:43:41",501400
25450,-300,100,"sd","09:43:41",500500
25450,-300,900,"sd","09:43:41",500400
25450,-300,300,"sd","09:43:41",499500
25450,-300,200,"sd","09:43:41",499200
25450,-300,900,"sd","09:43:41",499000
25450,-300,100,"sd","09:43:41",498100
25450,-300,300,"sd","09:43:41",498000
25450,-300,900,"sd","09:43:41",497700
25450,-300,900,"sd","09:43:41",496800
25450,-300,300,"sd","09:43:41",495900
25450,-300,300,"sd","09:43:41",495600
25450,-300,1900,"sd","09:43:41",495300
25450,-300,900,"sd","09:43:41",493400
25450,-300,200,"sd","09:43:41",492500
25450,-300,300,"sd","09:43:41",492300
25450,-300,500,"sd","09:43:41",492000
25450,-300,900,"sd","09:43:41",491500
25450,-300,100,"sd","09:43:41",490600
25450,-300,300,"sd","09:43:41",490500
25450,-300,200,"sd","09:43:41",490200
25450,-300,10000,"sd","09:43:41",490000
25450,-300,900,"sd","09:43:41",480000
25450,-300,900,"sd","09:43:41",479100
25450,-300,300,"sd","09:43:41",478200
25450,-300,1500,"sd","09:43:41",477900
25450,-300,1000,"sd","09:43:41",476400
25450,-300,300,"sd","09:43:41",475400
25450,-300,400,"sd","09:43:41",475100
25450,-300,1000,"sd","09:43:41",474700
25450,-300,900,"sd","09:43:41",473700
25450,-300,300,"sd","09:43:41",472800
25450,-300,1000,"sd","09:43:41",472500
25450,-300,3700,"sd","09:43:41",471500
25450,-300,300,"sd","09:43:40",467800
25450,-300,100,"sd","09:43:40",467500
25450,-300,300,"sd","09:43:40",467400
25450,-300,700,"sd","09:43:37",467100
25450,-300,300,"sd","09:43:37",466400
25450,-300,1000,"sd","09:43:37",466100
25450,-300,900,"sd","09:43:37",465100
25450,-300,300,"sd","09:43:37",464200
25450,-300,900,"sd","09:43:37",463900
25450,-300,400,"sd","09:43:37",463000
25450,-300,900,"sd","09:43:37",462600
25450,-300,300,"sd","09:43:37",461700
25450,-300,500,"sd","09:43:37",461400
25450,-300,900,"sd","09:43:37",460900
25450,-300,900,"sd","09:43:37",460000
25450,-300,300,"sd","09:43:37",459100
25450,-300,300,"sd","09:43:37",458800
25450,-300,1500,"sd","09:43:37",458500
25450,-300,900,"sd","09:43:37",457000
25450,-300,900,"sd","09:43:37",456100
25450,-300,900,"sd","09:43:37",455200
25450,-300,200,"sd","09:43:37",454300
25450,-300,1000,"sd","09:43:37",454100
25450,-300,100,"sd","09:43:25",453100
25450,-300,5000,"sd","09:43:25",453000
25450,-300,900,"sd","09:43:25",448000
25450,-300,300,"sd","09:43:25",447100
25450,-300,100,"sd","09:43:25",446800
25450,-300,200,"sd","09:43:25",446700
25450,-300,900,"sd","09:43:25",446500
25450,-300,200,"sd","09:43:25",445600
25450,-300,4000,"sd","09:43:25",445400
25450,-300,900,"sd","09:43:25",441400
25450,-300,300,"sd","09:43:25",440500
25450,-300,100,"sd","09:43:25",440200
25450,-300,900,"sd","09:43:25",440100
25450,-300,300,"sd","09:43:25",439200
25450,-300,300,"sd","09:43:25",438900
25450,-300,2500,"sd","09:43:25",438600
25450,-300,100,"sd","09:42:19",436100
25450,-300,100,"sd","09:42:14",436000
25500,-250,4400,"bu","09:42:13",435900
25500,-250,10600,"bu","09:42:13",431500
25500,-250,1200,"bu","09:41:21",420900
25500,-250,100,"bu","09:40:48",419700
25500,-250,500,"bu","09:40:48",419600
25500,-250,100,"bu","09:40:31",419100
25500,-250,100,"bu","09:40:31",419000
25500,-250,1000,"bu","09:40:19",418900
25500,-250,400,"bu","09:39:51",417900
25500,-250,900,"sd","09:39:45",417500
25500,-250,300,"sd","09:39:45",416600
25500,-250,100,"sd","09:39:45",416300
25500,-250,200,"sd","09:39:45",416200
25500,-250,1500,"sd","09:39:45",416000
25500,-250,1100,"sd","09:39:45",414500
25500,-250,1000,"sd","09:39:45",413400
25500,-250,2000,"sd","09:39:45",412400
25500,-250,4000,"sd","09:39:45",410400
25500,-250,900,"sd","09:39:45",406400
25500,-250,200,"sd","09:39:45",405500
25500,-250,500,"sd","09:39:45",405300
25550,-200,100,"bu","09:39:25",404800
25500,-250,500,"sd","09:39:24",404700
25500,-250,200,"sd","09:39:24",404200
25500,-250,5400,"sd","09:39:24",404000
25500,-250,100,"sd","09:38:59",398600
25500,-250,4100,"sd","09:38:56",398500
25500,-250,400,"bu","09:38:32",394400
25500,-250,500,"bu","09:37:53",394000
25450,-300,300,"sd","09:37:39",393500
25450,-300,3200,"sd","09:37:39",393200
25500,-250,900,"sd","09:37:39",390000
25500,-250,200,"sd","09:37:31",389100
25500,-250,600,"sd","09:37:26",388900
25500,-250,100,"bu","09:37:19",388300
25500,-250,100,"bu","09:37:18",388200
25500,-250,1800,"bu","09:37:17",388100
25500,-250,200,"sd","09:37:17",386300
25500,-250,200,"sd","09:37:03",386100
25500,-250,900,"sd","09:36:55",385900
25500,-250,300,"sd","09:36:55",385000
25500,-250,900,"sd","09:36:55",384700
25500,-250,300,"sd","09:36:55",383800
25500,-250,100,"sd","09:36:55",383500
25500,-250,900,"sd","09:36:55",383400
25500,-250,200,"sd","09:36:55",382500
25500,-250,9000,"sd","09:36:55",382300
25500,-250,900,"sd","09:36:55",373300
25500,-250,300,"sd","09:36:55",372400
25500,-250,300,"sd","09:36:55",372100
25500,-250,900,"sd","09:36:55",371800
25500,-250,900,"sd","09:36:55",370900
25500,-250,300,"sd","09:36:55",370000
25500,-250,200,"sd","09:36:55",369700
25500,-250,200,"sd","09:36:55",369500
25500,-250,300,"sd","09:36:55",369300
25500,-250,200,"sd","09:36:55",369000
25500,-250,2500,"sd","09:36:55",368800
25500,-250,200,"sd","09:36:55",366300
25500,-250,4600,"sd","09:36:55",366100
25500,-250,100,"sd","09:36:29",361500
25550,-200,500,"bu","09:36:24",361400
25550,-200,1000,"bu","09:36:15",360900
25550,-200,200,"bu","09:36:15",359900
25550,-200,2500,"bu","09:36:02",359700
25550,-200,200,"bu","09:35:49",357200
25550,-200,5000,"bu","09:35:43",357000
25550,-200,14200,"bu","09:35:32",352000
25550,-200,500,"bu","09:35:32",337800
25550,-200,300,"bu","09:35:32",337300
25550,-200,500,"bu","09:35:17",337000
25550,-200,600,"bu","09:35:07",336500
25550,-200,900,"bu","09:35:01",335900
25550,-200,300,"bu","09:35:01",335000
25550,-200,800,"bu","09:34:37",334700
25500,-250,2000,"bu","09:33:58",333900
25500,-250,1000,"bu","09:33:58",331900
25500,-250,200,"bu","09:33:58",330900
25500,-250,2000,"bu","09:33:58",330700
25500,-250,100,"bu","09:33:58",328700
25500,-250,100,"bu","09:33:52",328600
25500,-250,900,"bu","09:33:52",328500
25500,-250,600,"bu","09:33:51",327600
25500,-250,1100,"bu","09:33:51",327000
25500,-250,900,"bu","09:33:51",325900
25500,-250,1100,"bu","09:33:46",325000
25500,-250,300,"bu","09:33:46",323900
25500,-250,3600,"bu","09:33:46",323600
25500,-250,1400,"bu","09:33:36",320000
25500,-250,100,"bu","09:33:36",318600
25450,-300,500,"sd","09:33:33",318500
25500,-250,1000,"bu","09:33:32",318000
25500,-250,4400,"bu","09:33:22",317000
25500,-250,200,"bu","09:33:20",312600
25500,-250,200,"bu","09:33:04",312400
25450,-300,900,"sd","09:32:49",312200
25450,-300,400,"sd","09:31:58",311300
25450,-300,900,"sd","09:31:58",310900
25450,-300,300,"sd","09:31:58",310000
25450,-300,600,"sd","09:31:58",309700
25500,-250,200,"bu","09:31:57",309100
25500,-250,300,"bu","09:31:57",308900
25500,-250,200,"bu","09:31:55",308600
25500,-250,200,"bu","09:31:55",308400
25500,-250,200,"bu","09:31:55",308200
25500,-250,200,"bu","09:31:54",308000
25450,-300,4400,"sd","09:31:45",307800
25450,-300,900,"sd","09:31:45",303400
25450,-300,200,"sd","09:31:45",302500
25450,-300,100,"sd","09:31:45",302300
25450,-300,100,"sd","09:31:45",302200
25450,-300,900,"sd","09:31:45",302100
25450,-300,300,"sd","09:31:45",301200
25450,-300,500,"sd","09:31:45",300900
25450,-300,900,"sd","09:31:45",300400
25450,-300,300,"sd","09:31:45",299500
25450,-300,100,"sd","09:31:45",299200
25450,-300,500,"sd","09:31:45",299100
25450,-300,2800,"sd","09:31:45",298600
25450,-300,200,"sd","09:31:36",295800
25450,-300,1800,"sd","09:31:36",295600
25450,-300,500,"sd","09:31:25",293800
25450,-300,100,"sd","09:31:02",293300
25500,-250,500,"bu","09:30:55",293200
25500,-250,1800,"bu","09:30:55",292700
25500,-250,500,"bu","09:30:52",290900
25500,-250,1000,"bu","09:30:31",290400
25450,-300,500,"sd","09:30:26",289400
25450,-300,1000,"sd","09:30:24",288900
25450,-300,100,"sd","09:30:11",287900
25450,-300,300,"sd","09:30:11",287800
25450,-300,200,"sd","09:29:40",287500
25450,-300,800,"sd","09:29:40",287300
25450,-300,100,"sd","09:29:34",286500
25500,-250,500,"bu","09:29:12",286400
25450,-300,300,"sd","09:29:03",285900
25450,-300,100,"sd","09:29:03",285600
25450,-300,2300,"sd","09:29:03",285500
25500,-250,1000,"bu","09:28:55",283200
25500,-250,100,"bu","09:28:40",282200
25500,-250,200,"bu","09:28:37",282100
25500,-250,200,"bu","09:28:28",281900
25500,-250,500,"bu","09:28:12",281700
25500,-250,1000,"bu","09:28:10",281200
25500,-250,100,"bu","09:28:00",280200
25500,-250,2000,"bu","09:27:59",280100
25500,-250,2000,"bu","09:27:53",278100
25500,-250,3000,"bu","09:27:37",276100
25450,-300,300,"sd","09:27:26",273100
25450,-300,2400,"sd","09:27:21",272800
25450,-300,600,"sd","09:27:21",270400
25450,-300,900,"sd","09:27:14",269800
25450,-300,100,"sd","09:27:14",268900
25450,-300,100,"sd","09:26:41",268800
25450,-300,200,"sd","09:26:41",268700
25500,-250,200,"bu","09:26:41",268500
25500,-250,1500,"sd","09:26:13",268300
25500,-250,1000,"sd","09:26:13",266800
25500,-250,1000,"sd","09:26:13",265800
25500,-250,100,"sd","09:26:13",264800
25500,-250,400,"sd","09:26:13",264700
25500,-250,100,"sd","09:26:13",264300
25500,-250,500,"sd","09:26:13",264200
25500,-250,900,"sd","09:26:13",263700
25500,-250,900,"sd","09:26:13",262800
25500,-250,200,"sd","09:26:13",261900
25500,-250,100,"sd","09:26:13",261700
25500,-250,10000,"sd","09:26:13",261600
25500,-250,1000,"sd","09:26:13",251600
25500,-250,1000,"sd","09:26:13",250600
25500,-250,2800,"sd","09:26:13",249600
25500,-250,1000,"sd","09:26:13",246800
25500,-250,200,"sd","09:26:13",245800
25500,-250,2000,"sd","09:26:13",245600
25500,-250,5000,"sd","09:26:13",243600
25500,-250,1000,"sd","09:26:13",238600
25500,-250,3500,"sd","09:26:13",237600
25550,-200,100,"bu","09:26:12",234100
25550,-200,400,"bu","09:25:53",234000
25500,-250,100,"sd","09:25:52",233600
25550,-200,900,"sd","09:25:46",233500
25550,-200,2000,"sd","09:25:46",232600
25550,-200,300,"sd","09:25:46",230600
25550,-200,100,"sd","09:25:46",230300
25550,-200,5100,"sd","09:25:46",230200
25550,-200,900,"sd","09:25:46",225100
25550,-200,300,"sd","09:25:46",224200
25550,-200,3000,"sd","09:25:46",223900
25550,-200,200,"sd","09:25:46",220900
25600,-150,3700,"bu","09:25:08",220700
25600,-150,100,"bu","09:24:53",217000
25550,-200,300,"sd","09:24:44",216900
25550,-200,1000,"sd","09:24:44",216600
25550,-200,300,"sd","09:24:44",215600
25550,-200,100,"sd","09:24:44",215300
25550,-200,1000,"sd","09:24:44",215200
25550,-200,300,"sd","09:24:44",214200
25550,-200,1000,"sd","09:24:44",213900
25550,-200,1000,"sd","09:24:44",212900
25550,-200,300,"sd","09:24:44",211900
25550,-200,200,"sd","09:24:44",211600
25550,-200,900,"sd","09:24:44",211400
25550,-200,300,"sd","09:24:44",210500
25550,-200,500,"sd","09:24:44",210200
25550,-200,1000,"sd","09:24:44",209700
25550,-200,4500,"sd","09:24:44",208700
25550,-200,300,"sd","09:24:44",204200
25550,-200,4000,"sd","09:24:44",203900
25550,-200,900,"sd","09:24:44",199900
25550,-200,300,"sd","09:24:44",199000
25550,-200,100,"sd","09:24:44",198700
25550,-200,3000,"sd","09:24:44",198600
25600,-150,4000,"bu","09:24:42",195600
