"price","change","match_qtty","side","time","total_vol"
4750,50,2000,"bu","14:28:39",102500
4750,50,1000,"bu","14:19:48",100500
4750,50,9000,"bu","14:19:48",99500
4740,40,100,"bu","14:18:47",90500
4750,50,100,"bu","14:14:29",90400
4750,50,100,"bu","14:07:32",90300
4750,50,300,"bu","13:52:36",90200
4750,50,500,"bu","13:49:33",89900
4720,20,100,"sd","13:47:39",89400
4720,20,100,"sd","13:47:39",89300
4720,20,2000,"sd","13:39:13",89200
4720,20,8600,"sd","13:38:29",87200
4720,20,4500,"sd","13:38:03",78600
4720,20,500,"sd","13:38:03",74100
4740,40,6400,"sd","13:34:27",73600
4740,40,100,"sd","13:30:51",67200
4750,50,100,"bu","13:25:31",67100
4750,50,100,"bu","13:25:31",67000
4750,50,100,"bu","13:08:18",66900
4750,50,100,"unknown","13:02:36",66800
4780,80,200,"sd","11:22:04",66700
4780,80,1000,"sd","11:22:04",66500
4780,80,200,"sd","11:22:04",65500
4790,90,100,"bu","11:21:36",65300
4780,80,100,"bu","11:19:54",65200
4780,80,1700,"bu","11:19:54",65100
4780,80,200,"bu","11:18:56",63400
4780,80,100,"bu","11:18:13",63200
4780,80,3000,"bu","11:17:41",63100
4780,80,2000,"sd","11:16:24",60100
4780,80,500,"bu","11:14:53",58100
4780,80,100,"bu","11:14:53",57600
4770,70,500,"bu","11:14:53",57500
4750,50,10000,"bu","11:11:21",57000
4750,50,200,"bu","11:01:20",47000
4750,50,400,"sd","10:58:55",46800
4750,50,1000,"sd","10:58:55",46400
4750,50,1000,"sd","10:58:55",45400
4750,50,1000,"sd","10:58:55",44400
4750,50,1000,"sd","10:58:55",43400
4750,50,1000,"bu","10:56:42",42400
4750,50,1000,"bu","10:56:42",41400
4750,50,100,"bu","10:51:22",40400
4730,30,5600,"sd","10:50:38",40300
4730,30,1400,"sd","10:50:38",34700
4730,30,100,"sd","10:46:22",33300
4730,30,200,"sd","10:30:28",33200
4720,20,3800,"sd","10:26:21",33000
4730,30,1500,"sd","10:26:21",29200
4730,30,1000,"sd","10:20:25",27700
4730,30,300,"sd","10:20:25",26700
4730,30,1200,"sd","10:14:46",26400
4730,30,300,"sd","10:14:46",25200
4750,50,200,"bu","10:07:09",24900
4720,20,300,"sd","09:51:39",24700
4720,20,2000,"sd","09:42:41",24400
4790,90,600,"sd","09:40:39",22400
4790,90,10000,"sd","09:40:26",21800
4790,90,400,"bu","09:39:38",11800
4790,90,500,"bu","09:39:25",11400
4700,0,200,"sd","09:35:47",10900
4700,0,100,"sd","09:29:36",10700
4700,0,4900,"sd","09:29:36",10600
4710,10,100,"bu","09:27:03",5700
4700,0,100,"sd","09:26:50",5600
4710,10,1000,"sd","09:26:39",5500
4700,0,1300,"bu","09:17:31",4500
4700,0,200,"bu","09:17:16",3200
4700,0,3000,"bu","09:16:33",3000
