"price","change","match_qtty","side","time","total_vol"
7470,10,31000,"sd","14:45:00",678100
7470,10,500,"sd","14:29:52",647100
7470,10,500,"sd","14:29:52",646600
7500,40,7900,"bu","14:29:06",646100
7490,30,1000,"bu","14:29:06",638200
7490,30,400,"bu","14:29:06",637200
7490,30,400,"bu","14:29:06",636800
7490,30,100,"bu","14:29:06",636400
7490,30,200,"bu","14:29:06",636300
7460,0,2100,"sd","14:26:52",636100
7460,0,2000,"sd","14:26:52",634000
7460,0,2000,"sd","14:26:52",632000
7470,10,100,"sd","14:26:52",630000
7480,20,22000,"sd","14:26:26",629900
7480,20,300,"bu","14:26:14",607900
7470,10,2600,"sd","14:26:13",607600
7470,10,3000,"sd","14:26:01",605000
7470,10,1000,"sd","14:26:01",602000
7470,10,200,"sd","14:26:01",601000
7470,10,500,"sd","14:26:01",600800
7470,10,2000,"sd","14:26:01",600300
7470,10,1000,"sd","14:26:01",598300
7470,10,400,"sd","14:26:01",597300
7470,10,500,"sd","14:26:01",596900
7470,10,1000,"sd","14:26:01",596400
7470,10,300,"sd","14:26:01",595400
7470,10,5600,"sd","14:26:01",595100
7470,10,700,"sd","14:26:01",589500
7480,20,2000,"sd","14:26:01",588800
7480,20,300,"sd","14:26:01",586800
7480,20,200,"sd","14:26:01",586500
7480,20,100,"sd","14:26:01",586300
7480,20,200,"sd","14:25:47",586200
7480,20,800,"sd","14:25:31",586000
7480,20,200,"sd","14:25:31",585200
7480,20,200,"sd","14:24:40",585000
7480,20,600,"sd","14:24:35",584800
7480,20,400,"sd","14:24:35",584200
7490,30,5000,"bu","14:24:10",583800
7480,20,100,"sd","14:23:44",578800
7480,20,500,"sd","14:22:58",578700
7470,10,2900,"sd","14:22:47",578200
7470,10,1000,"sd","14:22:47",575300
7480,20,600,"sd","14:22:47",574300
7480,20,400,"sd","14:22:47",573700
7480,20,600,"sd","14:22:05",573300
7480,20,2000,"sd","14:22:05",572700
7480,20,400,"sd","14:22:05",570700
7480,20,100,"sd","14:21:00",570300
7480,20,900,"sd","14:21:00",570200
7490,30,500,"bu","14:19:37",569300
7480,20,1000,"sd","14:18:55",568800
7480,20,100,"sd","14:18:03",567800
7480,20,100,"sd","14:18:03",567700
7480,20,1000,"sd","14:18:03",567600
7480,20,700,"sd","14:18:03",566600
7490,30,1000,"bu","14:15:00",565900
7480,20,1000,"sd","14:14:30",564900
7480,20,300,"sd","14:14:17",563900
7480,20,500,"sd","14:14:17",563600
7480,20,200,"sd","14:14:17",563100
7480,20,900,"sd","14:14:01",562900
7480,20,100,"sd","14:13:00",562000
7480,20,100,"sd","14:13:00",561900
7480,20,300,"sd","14:13:00",561800
7480,20,700,"bu","14:10:51",561500
7480,20,5000,"sd","14:10:44",560800
7480,20,200,"sd","14:10:44",555800
7480,20,1000,"sd","14:10:44",555600
7480,20,100,"sd","14:10:44",554600
7480,20,1900,"sd","14:10:28",554500
7480,20,900,"sd","14:10:28",552600
7480,20,1000,"sd","14:10:28",551700
7480,20,1200,"sd","14:10:28",550700
7480,20,200,"sd","14:08:59",549500
7490,30,100,"bu","14:08:48",549300
7480,20,100,"sd","14:07:12",549200
7480,20,300,"sd","14:07:12",549100
7480,20,700,"sd","14:07:03",548800
7480,20,300,"sd","14:07:03",548100
7480,20,600,"sd","14:06:32",547800
7490,30,100,"sd","14:05:07",547200
7500,40,500,"bu","14:04:00",547100
7500,40,2300,"bu","14:03:57",546600
7500,40,700,"bu","14:03:57",544300
7500,40,100,"bu","14:01:21",543600
7490,30,1000,"sd","14:00:56",543500
7500,40,100,"bu","14:00:53",542500
7490,30,2000,"sd","13:58:39",542400
7490,30,1000,"sd","13:57:59",540400
7490,30,1000,"bu","13:57:08",539400
7490,30,1000,"bu","13:56:39",538400
7480,20,1100,"bu","13:56:26",537400
7480,20,100,"bu","13:55:36",536300
7480,20,1000,"sd","13:55:05",536200
7480,20,1000,"sd","13:55:05",535200
7480,20,1200,"sd","13:55:05",534200
7490,30,500,"sd","13:55:05",533000
7490,30,100,"sd","13:55:05",532500
7500,40,100,"bu","13:52:23",532400
7480,20,2800,"sd","13:52:09",532300
7480,20,100,"sd","13:52:09",529500
7480,20,2300,"sd","13:52:09",529400
7490,30,1300,"sd","13:52:09",527100
7490,30,3000,"sd","13:52:09",525800
7490,30,500,"sd","13:52:09",522800
7500,40,1100,"bu","13:52:03",522300
7500,40,100,"bu","13:51:04",521200
7490,30,3000,"unknown","13:47:50",521100
7490,30,500,"unknown","13:47:50",518100
7490,30,5400,"unknown","13:47:50",517600
7480,20,200,"sd","13:47:43",512200
7480,20,1000,"sd","13:47:35",512000
7490,30,100,"bu","13:47:16",511000
7490,30,500,"bu","13:44:00",510900
7490,30,1500,"sd","13:42:00",510400
7490,30,1000,"sd","13:41:54",508900
7490,30,100,"sd","13:41:51",507900
7490,30,500,"bu","13:41:14",507800
7490,30,100,"sd","13:40:56",507300
7490,30,400,"sd","13:40:56",507200
7490,30,600,"sd","13:40:25",506800
7490,30,400,"sd","13:40:25",506200
7490,30,100,"sd","13:39:39",505800
7490,30,200,"sd","13:39:39",505700
7490,30,1300,"sd","13:39:39",505500
7490,30,500,"sd","13:38:59",504200
7490,30,100,"sd","13:38:18",503700
7490,30,600,"sd","13:38:08",503600
7490,30,500,"bu","13:37:24",503000
7490,30,1300,"sd","13:37:05",502500
7490,30,100,"sd","13:37:05",501200
7500,40,1000,"bu","13:36:30",501100
7500,40,1000,"bu","13:34:10",500100
7490,30,100,"bu","13:32:42",499100
7480,20,800,"sd","13:32:32",499000
7480,20,1000,"sd","13:29:15",498200
7480,20,100,"sd","13:29:03",497200
7480,20,100,"bu","13:27:00",497100
7480,20,500,"bu","13:26:48",497000
7480,20,2700,"bu","13:26:46",496500
7480,20,500,"bu","13:26:43",493800
7480,20,1000,"bu","13:26:40",493300
7480,20,1700,"bu","13:26:37",492300
7480,20,1000,"bu","13:26:20",490600
7480,20,1000,"sd","13:26:09",489600
7480,20,800,"sd","13:26:09",488600
7480,20,200,"sd","13:26:09",487800
7480,20,500,"sd","13:26:09",487600
7480,20,4500,"sd","13:23:06",487100
7480,20,100,"sd","13:23:06",482600
7480,20,2000,"sd","13:23:06",482500
7480,20,1700,"sd","13:23:06",480500
7490,30,1700,"sd","13:22:22",478800
7490,30,300,"sd","13:21:47",477100
7490,30,100,"sd","13:21:47",476800
7500,40,5000,"bu","13:21:36",476700
7500,40,1000,"bu","13:20:57",471700
7500,40,800,"bu","13:20:33",470700
7500,40,200,"bu","13:20:33",469900
7500,40,300,"bu","13:20:20",469700
7500,40,300,"bu","13:20:20",469400
7490,30,100,"bu","13:19:54",469100
7490,30,400,"bu","13:18:40",469000
7490,30,800,"bu","13:18:40",468600
7490,30,1800,"bu","13:18:40",467800
7480,20,100,"sd","13:18:21",466000
7480,20,500,"sd","13:17:41",465900
7480,20,2000,"bu","13:16:51",465400
7480,20,100,"bu","13:16:51",463400
7480,20,300,"sd","13:16:10",463300
7480,20,2700,"bu","13:16:10",463000
7480,20,100,"bu","13:16:09",460300
7480,20,1500,"bu","13:16:01",460200
7470,10,600,"sd","13:15:33",458700
7470,10,500,"sd","13:15:33",458100
7470,10,1000,"sd","13:15:33",457600
7470,10,1000,"sd","13:15:33",456600
7470,10,1800,"sd","13:15:33",455600
7480,20,1000,"sd","13:15:19",453800
7480,20,1000,"sd","13:15:19",452800
7480,20,400,"sd","13:15:19",451800
7480,20,300,"sd","13:15:19",451400
7480,20,700,"sd","13:15:13",451100
7480,20,300,"sd","13:15:13",450400
7480,20,100,"sd","13:13:40",450100
7480,20,100,"sd","13:13:03",450000
7480,20,500,"sd","13:12:37",449900
7470,10,100,"sd","13:11:39",449400
7480,20,400,"sd","13:11:39",449300
7480,20,100,"sd","13:11:39",448900
7480,20,100,"sd","13:11:39",448800
7480,20,500,"sd","13:10:47",448700
7480,20,200,"bu","13:10:39",448200
7470,10,2000,"sd","13:10:22",448000
7470,10,1000,"sd","13:10:07",446000
7470,10,100,"sd","13:09:43",445000
7470,10,400,"sd","13:09:43",444900
7470,10,100,"sd","13:09:43",444500
7480,20,100,"bu","13:09:42",444400
7480,20,100,"bu","13:09:32",444300
7480,20,300,"sd","13:09:22",444200
7480,20,200,"bu","13:08:17",443900
7480,20,200,"sd","13:07:53",443700
7480,20,500,"bu","13:07:36",443500
7480,20,500,"bu","13:07:36",443000
7480,20,500,"bu","13:07:36",442500
7480,20,500,"bu","13:07:27",442000
7480,20,700,"sd","13:06:38",441500
7480,20,200,"sd","13:06:38",440800
7480,20,1000,"sd","13:06:38",440600
7490,30,200,"sd","13:05:54",439600
7490,30,800,"sd","13:05:40",439400
7490,30,100,"sd","13:05:40",438600
7500,40,500,"bu","13:04:46",438500
7490,30,900,"bu","13:04:15",438000
7480,20,500,"sd","13:04:14",437100
7480,20,1800,"sd","13:03:31",436600
7490,30,300,"bu","13:03:23",434800
7490,30,100,"bu","13:03:23",434500
7490,30,300,"bu","13:02:46",434400
7490,30,200,"bu","13:02:35",434100
7490,30,300,"bu","13:02:35",433900
7490,30,400,"bu","13:02:11",433600
7480,20,200,"sd","13:01:56",433200
7480,20,100,"sd","13:01:21",433000
7480,20,700,"sd","13:00:09",432900
7480,20,1000,"sd","13:00:09",432200
7480,20,500,"sd","13:00:09",431200
7480,20,1000,"sd","13:00:09",430700
7480,20,100,"sd","13:00:09",429700
7480,20,100,"sd","13:00:09",429600
7480,20,1800,"sd","13:00:09",429500
7480,20,300,"sd","13:00:09",427700
7480,20,800,"sd","13:00:09",427400
7480,20,200,"sd","13:00:01",426600
7480,20,400,"sd","13:00:01",426400
7500,40,100,"bu","13:00:01",426000
7490,30,1500,"bu","13:00:00",425900
7490,30,600,"sd","13:00:00",424400
7490,30,100,"sd","13:00:00",423800
7490,30,100,"sd","13:00:00",423700
7490,30,1000,"sd","13:00:00",423600
7490,30,2000,"sd","13:00:00",422600
7500,40,100,"unknown","13:00:00",420600
7500,40,200,"sd","11:25:26",420500
7500,40,300,"sd","11:25:26",420300
7500,40,200,"sd","11:25:26",420000
7500,40,1000,"sd","11:25:26",419800
7500,40,500,"sd","11:25:26",418800
7500,40,200,"sd","11:25:26",418300
7500,40,7000,"sd","11:25:26",418100
7500,40,1900,"sd","11:24:52",411100
7500,40,2000,"sd","11:24:52",409200
7500,40,1000,"sd","11:24:49",407200
7500,40,2000,"sd","11:23:58",406200
7500,40,1200,"sd","11:23:51",404200
7500,40,9000,"sd","11:23:49",403000
7500,40,2500,"sd","11:23:30",394000
7500,40,2500,"sd","11:23:21",391500
7510,50,2600,"sd","11:20:57",389000
7510,50,2500,"sd","11:20:33",386400
7510,50,4900,"sd","11:19:25",383900
7510,50,100,"sd","11:19:25",379000
7510,50,5000,"sd","11:19:25",378900
7510,50,5000,"sd","11:16:29",373900
7510,50,5000,"sd","11:16:29",368900
7510,50,1000,"sd","11:16:29",363900
7510,50,1000,"sd","11:16:29",362900
7510,50,4000,"sd","11:13:00",361900
7510,50,1000,"sd","11:10:58",357900
7520,60,100,"bu","11:07:32",356900
7510,50,200,"sd","11:07:16",356800
7510,50,800,"bu","11:05:42",356600
7510,50,200,"sd","11:05:10",355800
7510,50,200,"bu","11:00:44",355600
7510,50,200,"sd","10:59:49",355400
7510,50,100,"sd","10:59:49",355200
7510,50,500,"bu","10:58:55",355100
7510,50,1400,"bu","10:58:51",354600
7510,50,100,"bu","10:57:01",353200
7500,40,2000,"sd","10:56:29",353100
7500,40,16000,"sd","10:55:39",351100
7510,50,700,"bu","10:55:18",335100
7510,50,500,"bu","10:52:06",334400
7510,50,200,"bu","10:51:44",333900
7510,50,200,"bu","10:51:40",333700
7510,50,500,"bu","10:51:00",333500
7510,50,100,"bu","10:49:31",333000
7510,50,500,"bu","10:49:18",332900
7510,50,2000,"bu","10:49:02",332400
7510,50,300,"bu","10:49:00",330400
7510,50,8700,"bu","10:49:00",330100
7510,50,300,"sd","10:46:56",321400
7510,50,700,"sd","10:46:43",321100
7510,50,100,"sd","10:46:43",320400
7510,50,4900,"sd","10:44:06",320300
7510,50,4100,"sd","10:44:06",315400
7510,50,15400,"sd","10:43:51",311300
7520,60,100,"bu","10:43:39",295900
7510,50,500,"bu","10:43:22",295800
7510,50,1000,"bu","10:43:18",295300
7510,50,800,"sd","10:42:31",294300
7510,50,700,"sd","10:42:31",293500
7510,50,1300,"bu","10:41:53",292800
7510,50,700,"sd","10:41:18",291500
7510,50,300,"bu","10:41:14",290800
7510,50,100,"bu","10:40:09",290500
7510,50,100,"bu","10:39:46",290400
7510,50,200,"sd","10:39:11",290300
7510,50,4300,"sd","10:39:11",290100
7510,50,700,"sd","10:38:56",285800
7520,60,100,"bu","10:36:43",285100
7500,40,8900,"sd","10:36:16",285000
7510,50,100,"sd","10:36:16",276100
7520,60,100,"bu","10:36:11",276000
7500,40,1000,"sd","10:34:02",275900
7500,40,5000,"bu","10:33:24",274900
7500,40,11000,"bu","10:33:24",269900
7500,40,5000,"bu","10:28:52",258900
7500,40,300,"sd","10:27:39",253900
7500,40,300,"sd","10:27:39",253600
7500,40,1000,"sd","10:27:39",253300
7500,40,1000,"sd","10:27:39",252300
7500,40,1100,"sd","10:27:39",251300
7500,40,500,"sd","10:27:39",250200
7500,40,4300,"sd","10:27:39",249700
7510,50,1500,"sd","10:27:39",245400
7510,50,3900,"sd","10:27:39",243900
7520,60,2000,"bu","10:27:20",240000
7520,60,300,"bu","10:27:04",238000
7520,60,500,"bu","10:26:30",237700
7520,60,1000,"bu","10:24:24",237200
7510,50,1100,"sd","10:23:06",236200
7510,50,500,"bu","10:23:01",235100
7510,50,3300,"bu","10:22:04",234600
7510,50,1000,"bu","10:21:50",231300
7510,50,1000,"bu","10:21:40",230300
7500,40,700,"bu","10:19:26",229300
7500,40,300,"sd","10:19:19",228600
7500,40,1000,"sd","10:19:19",228300
7500,40,3000,"sd","10:18:30",227300
7500,40,1000,"sd","10:18:30",224300
7500,40,1000,"sd","10:18:30",223300
7520,60,100,"bu","10:17:31",222300
7520,60,200,"bu","10:16:26",222200
7520,60,100,"bu","10:16:26",222000
7500,40,600,"sd","10:15:58",221900
7500,40,100,"sd","10:12:48",221300
7500,40,2000,"bu","10:12:42",221200
7500,40,6300,"bu","10:12:42",219200
7500,40,200,"bu","10:10:43",212900
7500,40,7000,"bu","10:09:39",212700
7500,40,1500,"bu","10:09:31",205700
7500,40,600,"bu","10:09:31",204200
7500,40,100,"bu","10:09:31",203600
7500,40,3500,"bu","10:09:31",203500
7500,40,300,"bu","10:09:31",200000
7500,40,700,"bu","10:08:32",199700
7500,40,300,"bu","10:08:32",199000
7490,30,200,"sd","10:07:23",198700
7490,30,1800,"sd","10:07:23",198500
7490,30,200,"sd","10:07:07",196700
7490,30,200,"sd","10:07:07",196500
7490,30,100,"sd","10:07:07",196300
7490,30,500,"sd","10:07:07",196200
7490,30,100,"sd","10:07:07",195700
7490,30,300,"sd","10:07:07",195600
7490,30,600,"sd","10:07:07",195300
7500,40,100,"bu","10:06:16",194700
7490,30,900,"sd","10:05:56",194600
7500,40,100,"bu","10:05:55",193700
7490,30,400,"sd","10:05:21",193600
7490,30,1000,"sd","10:05:21",193200
7490,30,300,"sd","10:05:21",192200
7490,30,100,"sd","10:05:21",191900
7490,30,100,"sd","10:05:21",191800
7500,40,100,"bu","10:05:16",191700
7490,30,100,"sd","10:04:57",191600
7490,30,200,"sd","10:04:57",191500
7500,40,200,"bu","10:02:51",191300
7500,40,200,"bu","10:00:57",191100
7490,30,500,"sd","09:59:36",190900
7500,40,100,"bu","09:59:21",190400
7490,30,400,"sd","09:58:40",190300
7490,30,100,"sd","09:58:40",189900
7500,40,200,"bu","09:58:13",189800
7500,40,200,"sd","09:54:04",189600
7500,40,1500,"sd","09:54:04",189400
7510,50,1000,"bu","09:54:01",187900
7510,50,100,"bu","09:53:10",186900
7500,40,2500,"sd","09:52:57",186800
7500,40,500,"sd","09:52:57",184300
7500,40,1000,"sd","09:52:57",183800
7500,40,100,"sd","09:52:43",182800
7500,40,9900,"sd","09:52:00",182700
7500,40,100,"sd","09:52:00",172800
7500,40,2400,"sd","09:50:51",172700
7510,50,100,"sd","09:50:51",170300
7510,50,500,"sd","09:50:51",170200
7510,50,500,"sd","09:49:42",169700
7510,50,200,"sd","09:49:42",169200
7510,50,1300,"sd","09:49:42",169000
7510,50,1000,"sd","09:49:20",167700
7510,50,1700,"sd","09:48:13",166700
7510,50,400,"bu","09:47:33",165000
7510,50,600,"bu","09:47:33",164600
7510,50,7000,"bu","09:46:47",164000
7510,50,100,"bu","09:45:32",157000
7510,50,6700,"sd","09:44:44",156900
7510,50,500,"sd","09:44:44",150200
7520,60,100,"bu","09:44:00",149700
7490,30,1200,"bu","09:41:48",149600
7490,30,700,"sd","09:41:30",148400
7500,40,3000,"sd","09:41:30",147700
7500,40,3400,"sd","09:41:30",144700
7500,40,1000,"sd","09:41:30",141300
7500,40,600,"sd","09:41:30",140300
7500,40,400,"sd","09:40:04",139700
7500,40,9600,"sd","09:40:04",139300
7500,40,400,"bu","09:39:59",129700
7500,40,500,"bu","09:39:03",129300
7500,40,5000,"bu","09:39:00",128800
7500,40,300,"bu","09:38:40",123800
7500,40,8800,"sd","09:37:49",123500
7500,40,1200,"sd","09:37:35",114700
7500,40,4000,"bu","09:36:57",113500
7500,40,9800,"sd","09:36:49",109500
7500,40,200,"sd","09:36:48",99700
7500,40,6000,"bu","09:36:01",99500
7500,40,9000,"bu","09:35:54",93500
7500,40,1000,"bu","09:35:54",84500
7500,40,14000,"bu","09:34:55",83500
7500,40,1000,"bu","09:34:55",69500
7480,20,300,"sd","09:34:41",68500
7480,20,3000,"sd","09:34:41",68200
7480,20,500,"sd","09:34:41",65200
7500,40,200,"sd","09:33:25",64700
7500,40,300,"sd","09:33:25",64500
7500,40,700,"sd","09:33:25",64200
7500,40,600,"sd","09:33:25",63500
7500,40,2200,"sd","09:33:25",62900
7530,70,5000,"unknown","09:33:02",60500
7530,70,200,"unknown","09:33:02",60700
7540,80,400,"sd","09:32:31",55500
7540,80,100,"sd","09:32:31",55100
7540,80,300,"sd","09:31:27",55000
7570,110,400,"bu","09:29:04",54700
7570,110,600,"bu","09:29:04",54300
7550,90,400,"unknown","09:29:04",53700
7550,90,100,"bu","09:28:57",53300
7550,90,500,"sd","09:28:56",53200
7550,90,1000,"sd","09:28:27",52700
7540,80,800,"sd","09:26:52",51700
7550,90,200,"unknown","09:26:52",50900
7580,120,100,"sd","09:26:15",50700
7590,130,100,"bu","09:24:45",50600
7590,130,1000,"unknown","09:23:10",50500
7600,140,1000,"bu","09:19:26",49500
7550,90,15000,"bu","09:18:52",48500
7500,40,4500,"bu","09:18:23",33500
7500,40,10300,"bu","09:18:23",29000
7500,40,2700,"bu","09:18:21",18700
7500,40,1000,"bu","09:18:07",16000
7500,40,1000,"bu","09:18:05",15000
7480,20,200,"sd","09:17:52",14000
7480,20,500,"bu","09:17:19",13800
7480,20,800,"bu","09:17:19",13300
7480,20,3000,"sd","09:16:40",12500
7480,20,1500,"sd","09:16:40",9500
7480,20,1700,"sd","09:16:40",8000
7480,20,1000,"sd","09:15:44",6300
7480,20,5300,"sd","09:15:00",5300
