"price","change","match_qtty","side","time","total_vol"
64500,-200,35300,"unknown","14:45:01",867300
64300,-400,100,"bu","14:29:41",832000
63800,-900,100,"sd","14:29:30",831900
63800,-900,300,"sd","14:29:30",831800
64300,-400,100,"bu","14:29:28",831500
63800,-900,300,"sd","14:28:36",831400
64200,-500,100,"bu","14:27:46",831100
63800,-900,300,"sd","14:27:44",831000
63800,-900,100,"sd","14:26:51",830700
63800,-900,200,"sd","14:26:51",830600
64200,-500,100,"bu","14:26:42",830400
64200,-500,100,"bu","14:26:42",830300
63800,-900,400,"sd","14:25:59",830200
64200,-500,200,"bu","14:25:09",829800
63800,-900,300,"sd","14:25:07",829600
63800,-900,300,"sd","14:24:14",829300
63800,-900,400,"sd","14:23:21",829000
63800,-900,200,"sd","14:22:27",828600
63800,-900,100,"sd","14:22:27",828400
64200,-500,200,"bu","14:22:08",828300
64200,-500,100,"bu","14:22:08",828100
63800,-900,200,"sd","14:21:36",828000
63900,-800,200,"sd","14:21:36",827800
63900,-800,100,"sd","14:20:42",827600
63900,-800,200,"sd","14:20:42",827500
63900,-800,400,"sd","14:19:49",827300
63900,-800,400,"sd","14:18:57",826900
63900,-800,100,"sd","14:18:04",826500
64000,-700,100,"bu","14:16:42",826400
64100,-600,100,"bu","14:16:42",826300
64000,-700,100,"bu","14:16:42",826200
64000,-700,100,"bu","14:16:42",826100
64000,-700,100,"bu","14:16:42",826000
64000,-700,100,"bu","14:16:42",825900
64000,-700,100,"bu","14:16:42",825800
64000,-700,100,"bu","14:16:17",825700
64000,-700,100,"bu","14:16:17",825600
64000,-700,100,"bu","14:16:17",825500
64000,-700,100,"bu","14:16:17",825400
64000,-700,100,"bu","14:16:17",825300
64000,-700,100,"bu","14:16:17",825200
64000,-700,100,"bu","14:16:17",825100
64000,-700,100,"bu","14:16:17",825000
64000,-700,100,"bu","14:16:17",824900
64000,-700,100,"bu","14:16:17",824800
64000,-700,100,"bu","14:14:40",824700
64000,-700,100,"bu","14:14:40",824600
64000,-700,100,"bu","14:14:40",824500
64000,-700,100,"bu","14:14:40",824400
64000,-700,100,"bu","14:14:40",824300
64000,-700,100,"bu","14:14:29",824200
64000,-700,100,"bu","14:14:29",824100
64000,-700,100,"bu","14:14:09",824000
64000,-700,100,"bu","14:14:09",823900
64000,-700,100,"bu","14:14:09",823800
64000,-700,100,"bu","14:14:09",823700
64000,-700,100,"bu","14:14:09",823600
64000,-700,100,"bu","14:14:09",823500
64000,-700,100,"bu","14:14:09",823400
64000,-700,100,"bu","14:14:09",823300
64000,-700,100,"bu","14:14:09",823200
64000,-700,100,"bu","14:14:09",823100
64000,-700,100,"bu","14:13:49",823000
64000,-700,100,"bu","14:13:49",822900
64000,-700,100,"bu","14:13:49",822800
64000,-700,100,"bu","14:13:49",822700
64000,-700,100,"bu","14:13:49",822600
64000,-700,100,"bu","14:13:49",822500
64000,-700,100,"bu","14:13:49",822400
64000,-700,100,"bu","14:13:49",822300
64000,-700,500,"bu","14:09:36",822200
64000,-700,100,"bu","14:09:36",821700
63900,-800,9100,"bu","14:09:36",821600
63900,-800,400,"sd","14:09:36",812500
64000,-700,100,"bu","14:09:24",812100
64000,-700,100,"bu","14:09:24",812000
63900,-800,10500,"bu","14:09:24",811900
64000,-700,100,"bu","14:09:08",801400
64000,-700,100,"bu","14:09:08",801300
63900,-800,12300,"bu","14:09:08",801200
64000,-700,100,"bu","14:08:54",788900
64000,-700,100,"bu","14:08:54",788800
63900,-800,10600,"unknown","14:08:54",788700
64000,-700,100,"bu","14:08:40",778100
64000,-700,100,"bu","14:08:40",778000
63900,-800,11300,"bu","14:08:40",777900
64000,-700,100,"bu","14:08:27",766600
63900,-800,12300,"bu","14:08:27",766500
64000,-700,100,"bu","14:06:46",754200
64000,-700,800,"bu","14:06:41",754100
64000,-700,200,"bu","14:06:35",753300
64000,-700,1500,"bu","14:06:31",753100
64000,-700,200,"bu","14:06:06",751600
63900,-800,100,"bu","14:06:06",751400
63900,-800,100,"bu","14:06:06",751300
63900,-800,100,"bu","14:06:06",751200
63900,-800,100,"bu","14:06:06",751100
63900,-800,100,"bu","14:06:06",751000
63900,-800,100,"bu","14:06:06",750900
63900,-800,500,"bu","14:06:06",750800
63900,-800,100,"bu","14:06:06",750300
63900,-800,100,"bu","14:06:06",750200
63900,-800,100,"bu","14:06:06",750100
63900,-800,200,"bu","14:06:06",750000
63900,-800,500,"sd","13:58:41",749800
63900,-800,300,"sd","13:58:41",749300
63900,-800,500,"sd","13:58:41",749000
64000,-700,200,"bu","13:55:36",748500
63900,-800,500,"sd","13:53:09",748300
63900,-800,1000,"sd","13:53:09",747800
64000,-700,1000,"bu","13:29:08",746800
64000,-700,1200,"bu","13:29:04",745800
64000,-700,600,"bu","13:29:00",744600
64000,-700,100,"bu","13:29:00",744000
64000,-700,3200,"bu","13:29:00",743900
64000,-700,200,"bu","13:28:43",740700
64000,-700,1200,"bu","13:28:40",740500
64000,-700,1700,"bu","13:28:36",739300
64000,-700,2800,"bu","13:28:36",737600
64000,-700,1700,"bu","13:28:13",734800
64000,-700,100,"bu","13:28:13",733100
64000,-700,3200,"bu","13:28:13",733000
64000,-700,1200,"bu","13:27:53",729800
64000,-700,2600,"bu","13:27:49",728600
64000,-700,3900,"bu","13:27:49",726000
64000,-700,1200,"bu","13:27:42",722100
64000,-700,900,"bu","13:27:39",720900
64000,-700,4100,"bu","13:27:39",720000
64000,-700,100,"bu","13:27:26",715900
64000,-700,8800,"bu","13:27:23",715800
64000,-700,100,"bu","13:27:23",707000
64000,-700,3600,"bu","13:27:23",706900
64000,-700,3400,"bu","13:27:13",703300
64000,-700,5100,"bu","13:27:13",699900
64000,-700,200,"bu","13:27:05",694800
64000,-700,5700,"bu","13:27:01",694600
64000,-700,3700,"bu","13:27:01",688900
64000,-700,1000,"bu","13:26:54",685200
64000,-700,100,"bu","13:26:50",684200
64000,-700,2800,"bu","13:26:50",684100
64000,-700,8300,"bu","13:26:50",681300
64000,-700,100,"bu","13:26:50",673000
64000,-700,100,"bu","13:26:50",672900
64000,-700,100,"bu","13:26:50",672800
64000,-700,100,"bu","13:26:39",672700
64000,-700,200,"bu","13:23:26",672600
64000,-700,5900,"bu","13:23:22",672400
64000,-700,100,"bu","13:23:22",666500
64000,-700,2500,"bu","13:23:22",666400
64000,-700,1200,"bu","13:23:14",663900
64000,-700,4300,"bu","13:23:11",662700
64000,-700,2100,"bu","13:23:11",658400
64000,-700,2900,"bu","13:23:03",656300
64000,-700,1600,"bu","13:23:03",653400
64000,-700,1500,"bu","13:22:59",651800
64000,-700,4900,"bu","13:22:55",650300
64000,-700,4100,"bu","13:22:55",645400
64000,-700,7900,"bu","13:22:48",641300
64000,-700,100,"bu","13:22:48",633400
64000,-700,100,"bu","13:22:48",633300
64000,-700,100,"bu","13:22:48",633200
64000,-700,100,"bu","13:22:48",633100
64000,-700,100,"bu","13:22:48",633000
64000,-700,100,"bu","13:22:48",632900
64000,-700,100,"bu","13:22:48",632800
64000,-700,100,"bu","13:22:48",632700
64000,-700,2100,"bu","13:22:48",632600
64000,-700,1300,"bu","13:16:50",630500
64000,-700,100,"bu","13:16:46",629200
64000,-700,100,"bu","13:16:46",629100
64000,-700,100,"bu","13:16:46",629000
64000,-700,2500,"bu","13:16:46",628900
64000,-700,1400,"bu","13:13:48",626400
64000,-700,100,"bu","13:13:48",625000
64000,-700,1000,"bu","13:13:48",624900
64000,-700,1600,"bu","13:13:30",623900
64000,-700,1700,"bu","13:13:25",622300
64000,-700,800,"bu","13:13:25",620600
64000,-700,1500,"bu","13:13:13",619800
64000,-700,100,"bu","13:13:13",618300
64000,-700,1500,"bu","13:13:13",618200
64000,-700,1200,"bu","13:12:52",616700
64000,-700,1600,"bu","13:12:49",615500
64000,-700,1900,"bu","13:12:49",613900
64000,-700,1200,"bu","13:12:29",612000
64000,-700,800,"bu","13:12:24",610800
64000,-700,100,"bu","13:12:24",610000
64000,-700,900,"bu","13:12:24",609900
64000,-700,600,"bu","13:12:12",609000
64000,-700,100,"bu","13:12:12",608400
64000,-700,500,"bu","13:12:12",608300
64000,-700,1000,"bu","13:11:37",607800
64000,-700,2000,"bu","13:10:51",606800
64000,-700,2000,"bu","13:10:51",604800
64000,-700,1200,"bu","13:10:39",602800
64000,-700,1600,"bu","13:10:34",601600
64000,-700,100,"bu","13:10:34",600000
64000,-700,1000,"bu","13:10:34",599900
64000,-700,1900,"bu","13:10:21",598900
64000,-700,2400,"bu","13:10:16",597000
64000,-700,800,"bu","13:10:16",594600
64000,-700,3800,"bu","13:09:57",593800
64000,-700,1200,"bu","13:09:57",590000
64000,-700,2700,"bu","13:09:41",588800
64000,-700,100,"bu","13:09:41",586100
64000,-700,1200,"bu","13:09:41",586000
64000,-700,3600,"bu","13:09:25",584800
64000,-700,1400,"bu","13:09:25",581200
64000,-700,2200,"bu","13:09:10",579800
64000,-700,3100,"bu","13:09:10",577600
64000,-700,4000,"bu","13:08:52",574500
64000,-700,100,"bu","13:08:52",570500
64000,-700,1700,"bu","13:08:52",570400
64000,-700,3100,"bu","13:08:35",568700
64000,-700,2000,"bu","13:08:35",565600
64000,-700,1500,"bu","13:08:18",563600
64000,-700,2400,"bu","13:08:13",562100
64000,-700,100,"bu","13:08:13",559700
64000,-700,700,"bu","13:08:13",559600
64000,-700,1000,"bu","13:07:56",558900
64000,-700,2600,"bu","13:07:51",557900
64000,-700,400,"bu","13:07:51",555300
64000,-700,1200,"bu","13:07:37",554900
64000,-700,3500,"bu","13:07:34",553700
64000,-700,3000,"bu","13:07:34",550200
64000,-700,2700,"bu","13:07:18",547200
64000,-700,100,"bu","13:07:18",544500
64000,-700,1000,"bu","13:07:18",544400
64000,-700,1900,"bu","13:07:01",543400
64000,-700,2500,"bu","13:06:57",541500
64000,-700,1000,"bu","13:06:57",539000
64000,-700,1500,"bu","13:06:41",538000
64000,-700,2300,"bu","13:06:36",536500
64000,-700,100,"bu","13:06:36",534200
64000,-700,1200,"bu","13:06:32",534100
64000,-700,3300,"bu","13:06:19",532900
64000,-700,600,"bu","13:06:19",529600
64000,-700,4200,"bu","13:06:05",529000
64000,-700,1100,"bu","13:06:05",524800
64000,-700,4300,"bu","13:05:47",523700
64100,-600,200,"bu","11:17:34",519400
64000,-700,11300,"bu","11:17:34",519200
64100,-600,200,"bu","11:02:26",507900
64000,-700,10600,"bu","11:02:25",507700
64100,-600,300,"bu","11:02:17",497100
64000,-700,9300,"unknown","11:02:17",496800
64100,-600,200,"bu","11:01:44",487500
64000,-700,8300,"bu","11:01:44",487300
64100,-600,100,"bu","11:01:34",479000
64000,-700,10200,"bu","11:01:33",478900
64100,-600,4900,"bu","10:55:20",468700
64100,-600,400,"bu","10:55:07",463800
64100,-600,100,"bu","10:55:07",463400
64100,-600,100,"bu","10:55:07",463300
64100,-600,100,"bu","10:55:07",463200
64100,-600,1700,"bu","10:55:07",463100
64000,-700,100,"sd","10:54:57",461400
64000,-700,100,"sd","10:54:57",461300
64000,-700,1500,"sd","10:54:55",461200
64100,-600,1400,"bu","10:54:39",459700
64100,-600,400,"bu","10:52:44",458300
64100,-600,100,"bu","10:52:44",457900
64100,-600,1900,"bu","10:52:44",457800
64100,-600,1800,"bu","10:52:30",455900
64100,-600,600,"bu","10:52:19",454100
64100,-600,2400,"bu","10:52:19",453500
64100,-600,2400,"bu","10:51:56",451100
64200,-500,100,"bu","10:51:38",448700
64100,-600,3600,"bu","10:51:38",448600
64100,-600,600,"bu","10:51:33",445000
64100,-600,100,"bu","10:51:33",444400
64100,-600,1800,"bu","10:51:33",444300
64100,-600,3900,"bu","10:51:20",442500
64200,-500,100,"bu","10:48:31",438600
64100,-600,1900,"bu","10:48:31",438500
64100,-600,3500,"bu","10:48:26",436600
64200,-500,100,"bu","10:47:08",433100
64100,-600,1700,"bu","10:47:08",433000
64100,-600,1800,"bu","10:46:54",431300
64200,-500,300,"bu","10:43:14",429500
64100,-600,8100,"bu","10:43:14",429200
64200,-500,200,"bu","10:42:35",421100
64100,-600,10200,"unknown","10:42:35",420900
64200,-500,300,"bu","10:42:23",410700
64100,-600,8100,"unknown","10:42:23",410400
64200,-500,400,"bu","10:31:07",402300
64100,-600,10100,"bu","10:31:07",401900
64200,-500,300,"bu","10:30:36",391800
64100,-600,7500,"bu","10:30:36",391500
64200,-500,400,"bu","10:30:08",384000
64100,-600,6500,"bu","10:30:08",383600
64200,-500,200,"bu","10:29:57",377100
64100,-600,6300,"bu","10:29:57",376900
64200,-500,200,"bu","10:29:47",370600
64100,-600,7600,"bu","10:29:47",370400
64200,-500,300,"bu","10:29:18",362800
64200,-500,200,"bu","10:25:21",362500
64100,-600,7600,"bu","10:25:21",362300
64200,-500,300,"bu","10:24:49",354700
64100,-600,6100,"unknown","10:24:49",354400
64200,-500,500,"bu","10:24:31",348300
64100,-600,5300,"bu","10:24:31",347800
64200,-500,300,"bu","10:24:15",342500
64100,-600,7600,"bu","10:24:15",342200
64100,-600,8200,"unknown","10:24:02",334600
64200,-500,200,"bu","10:24:02",326400
64200,-500,100,"bu","10:23:50",326200
64100,-600,10200,"bu","10:23:50",326100
64400,-300,100,"bu","10:19:17",315900
64100,-600,100,"unknown","10:19:17",315800
64300,-400,10000,"unknown","10:19:17",315700
64100,-600,100,"unknown","10:19:17",305700
64300,-400,4500,"unknown","10:19:17",305600
64100,-600,100,"unknown","10:19:17",301100
64200,-500,6400,"unknown","10:19:17",301000
64100,-600,100,"unknown","10:19:17",294600
64100,-600,100,"unknown","10:19:17",294500
64100,-600,100,"unknown","10:19:17",294400
64100,-600,100,"unknown","10:19:17",294300
64100,-600,100,"unknown","10:19:17",294200
64100,-600,100,"unknown","10:19:17",294100
64100,-600,100,"unknown","10:19:17",294000
64100,-600,200,"unknown","10:19:17",293900
64100,-600,100,"unknown","10:19:17",293700
64100,-600,100,"unknown","10:19:17",293600
64100,-600,100,"bu","10:19:17",293500
64100,-600,100,"bu","10:19:17",293400
64100,-600,100,"bu","10:19:17",293300
64100,-600,100,"bu","10:19:17",293200
64100,-600,100,"bu","10:19:17",293100
64100,-600,100,"bu","10:19:17",293000
64100,-600,100,"bu","10:19:17",292900
64100,-600,100,"bu","10:19:17",292800
64100,-600,100,"bu","10:19:17",292700
64100,-600,100,"bu","10:19:17",292600
64100,-600,100,"bu","10:19:17",292500
64100,-600,100,"bu","10:19:17",292400
64100,-600,200,"bu","10:19:17",292300
64100,-600,100,"bu","10:19:17",292100
64100,-600,100,"bu","10:19:17",292000
64100,-600,200,"bu","10:19:17",291900
64100,-600,100,"bu","10:19:17",291700
64100,-600,100,"bu","10:19:17",291600
64100,-600,100,"bu","10:19:17",291500
64100,-600,100,"bu","10:19:17",291400
64100,-600,100,"bu","10:19:17",291300
64100,-600,100,"bu","10:19:17",291200
64100,-600,100,"bu","10:19:17",291100
64100,-600,100,"bu","10:19:17",291000
64100,-600,100,"bu","10:19:17",290900
64100,-600,100,"bu","10:19:17",290800
64100,-600,100,"bu","10:19:17",290700
64100,-600,100,"bu","10:19:17",290600
64100,-600,100,"bu","10:19:17",290500
64100,-600,100,"bu","10:18:04",290400
64000,-700,500,"sd","10:17:53",290300
64000,-700,100,"bu","10:17:53",289800
64000,-700,2300,"bu","10:17:28",289700
64000,-700,700,"bu","10:17:28",287400
64000,-700,3500,"bu","10:17:14",286700
64000,-700,100,"bu","10:17:14",283200
64000,-700,1400,"bu","10:17:14",283100
64000,-700,3100,"bu","10:16:59",281700
64000,-700,1900,"bu","10:16:59",278600
64000,-700,1200,"bu","10:16:40",276700
64000,-700,3300,"bu","10:16:35",275500
64000,-700,200,"bu","10:16:35",272200
64000,-700,4000,"bu","10:16:22",272000
64000,-700,100,"bu","10:16:22",268000
64000,-700,900,"bu","10:16:22",267900
64000,-700,3900,"bu","10:16:06",267000
64000,-700,3000,"sd","10:11:26",263100
64000,-700,1200,"bu","10:10:52",260100
64000,-700,1200,"bu","10:10:47",258900
64000,-700,1500,"bu","10:10:42",257700
64000,-700,600,"unknown","10:10:22",256200
64000,-700,1200,"bu","10:10:16",255600
64000,-700,2400,"bu","10:10:11",254400
64000,-700,1500,"bu","10:10:05",252000
64000,-700,8300,"unknown","10:09:17",250500
64100,-600,100,"bu","10:09:17",242200
64000,-700,1900,"sd","10:02:21",242100
64000,-700,1500,"sd","10:02:19",240200
64000,-700,500,"sd","10:02:16",238700
64000,-700,3600,"sd","10:02:16",238200
64000,-700,2200,"sd","10:00:39",234600
64000,-700,2000,"sd","10:00:39",232400
64000,-700,900,"sd","10:00:30",230400
64000,-700,1600,"sd","10:00:30",229500
64000,-700,1100,"sd","09:58:28",227900
64000,-700,1400,"sd","09:58:28",226800
64000,-700,3000,"sd","09:58:10",225400
64000,-700,400,"sd","09:57:52",222400
64000,-700,3800,"sd","09:57:52",222000
64000,-700,100,"sd","09:57:52",218200
64000,-700,1100,"sd","09:57:52",218100
64000,-700,3100,"sd","09:54:41",217000
64000,-700,1200,"sd","09:54:41",213900
64000,-700,2700,"sd","09:54:24",212700
64000,-700,1800,"sd","09:54:24",210000
64000,-700,200,"sd","09:49:39",208200
64000,-700,2000,"sd","09:49:39",208000
64000,-700,1800,"sd","09:49:39",206000
64000,-700,2500,"sd","09:45:23",204200
64000,-700,900,"sd","09:44:36",201700
64000,-700,1100,"sd","09:44:36",200800
64000,-700,2400,"sd","09:44:22",199700
64000,-700,1000,"sd","09:44:06",197300
64000,-700,200,"sd","09:44:06",196300
64000,-700,2500,"sd","09:44:00",196100
64000,-700,200,"sd","09:44:00",193600
64000,-700,3700,"sd","09:43:47",193400
64000,-700,100,"sd","09:43:47",189700
64000,-700,3300,"sd","09:43:31",189600
64000,-700,800,"sd","09:43:31",186300
64000,-700,2500,"sd","09:42:37",185500
64000,-700,600,"sd","09:42:22",183000
64000,-700,2200,"sd","09:42:22",182400
64000,-700,1200,"sd","09:42:09",180200
64000,-700,2800,"sd","09:42:09",179000
64000,-700,900,"sd","09:41:27",176200
64000,-700,600,"sd","09:41:27",175300
64000,-700,4500,"sd","09:40:50",174700
64000,-700,300,"sd","09:40:33",170200
64000,-700,3500,"sd","09:40:33",169900
64000,-700,500,"sd","09:40:33",166400
64000,-700,500,"sd","09:40:33",165900
64000,-700,2400,"sd","09:40:15",165400
64000,-700,1500,"sd","09:40:15",163000
64000,-700,400,"sd","09:40:15",161500
64000,-700,1100,"sd","09:39:33",161100
64000,-700,2300,"sd","09:39:14",160000
64000,-700,200,"sd","09:39:14",157700
64000,-700,1800,"sd","09:39:00",157500
64000,-700,1800,"sd","09:38:41",155700
64000,-700,1000,"sd","09:38:41",153900
64000,-700,900,"sd","09:38:41",152900
64000,-700,4100,"sd","09:38:14",152000
64000,-700,100,"sd","09:36:45",147900
64000,-700,3500,"sd","09:36:45",147800
64000,-700,2100,"sd","09:36:45",144300
64000,-700,1800,"sd","09:36:27",142200
64000,-700,2400,"sd","09:36:27",140400
64000,-700,3000,"sd","09:35:10",138000
64000,-700,1000,"sd","09:35:10",135000
64000,-700,2800,"sd","09:34:48",134000
64000,-700,1700,"sd","09:34:48",131200
64100,-600,100,"bu","09:34:01",129500
64000,-700,3300,"sd","09:33:53",129400
64000,-700,1600,"sd","09:33:53",126100
64000,-700,1900,"sd","09:33:39",124500
64000,-700,2000,"sd","09:33:39",122600
64000,-700,600,"sd","09:33:39",120600
64000,-700,400,"sd","09:33:21",120000
64000,-700,1000,"sd","09:33:21",119600
64000,-700,3000,"sd","09:33:21",118600
64100,-600,300,"bu","09:30:44",115600
64100,-600,200,"bu","09:30:39",115300
64100,-600,1000,"bu","09:29:23",115100
64100,-600,1000,"bu","09:29:18",114100
64100,-600,1500,"bu","09:29:15",113100
64200,-500,300,"bu","09:28:46",111600
64100,-600,7500,"bu","09:28:46",111300
64200,-500,600,"bu","09:28:03",103800
64200,-500,100,"bu","09:28:03",103200
64200,-500,500,"bu","09:28:03",103100
64100,-600,5200,"bu","09:28:03",102600
64100,-600,1000,"sd","09:28:03",97400
64100,-600,2000,"sd","09:27:14",96400
64100,-600,1000,"sd","09:27:14",94400
64100,-600,2000,"sd","09:27:14",93400
64200,-500,5800,"bu","09:27:13",91400
64300,-400,100,"bu","09:26:39",85600
64200,-500,7700,"unknown","09:26:39",85500
64300,-400,200,"bu","09:24:30",77800
64200,-500,5700,"bu","09:24:30",77600
64300,-400,100,"bu","09:24:02",71900
64200,-500,6300,"bu","09:24:02",71800
64400,-300,300,"bu","09:20:50",65500
64300,-400,7500,"bu","09:20:50",65200
64400,-300,200,"bu","09:20:30",57700
64300,-400,8200,"bu","09:20:30",57500
64400,-300,100,"bu","09:20:17",49300
64300,-400,7700,"bu","09:20:17",49200
64400,-300,5800,"unknown","09:19:38",41500
64200,-500,100,"sd","09:18:09",35700
64300,-400,1600,"sd","09:17:20",35600
64600,-100,1500,"bu","09:17:12",34000
64400,-300,500,"sd","09:16:30",32500
65000,300,1100,"bu","09:15:05",32000
65000,300,1000,"bu","09:15:05",30900
64900,200,400,"bu","09:15:05",29900
64900,200,5000,"bu","09:15:05",29500
64900,200,4000,"bu","09:15:05",24500
64900,200,1000,"bu","09:15:05",20500
64900,200,3000,"bu","09:15:05",19500
64900,200,300,"bu","09:15:05",16500
64800,100,5000,"bu","09:15:05",16200
64800,100,300,"bu","09:15:04",11200
64800,100,2000,"bu","09:15:04",10900
64800,100,1500,"bu","09:15:04",8900
64700,0,300,"bu","09:15:04",7400
64700,0,100,"bu","09:15:04",7100
64400,-300,7000,"sd","09:15:00",7000
