"price","change","match_qtty","side","time","total_vol"
10300,-200,6400,"unknown","14:45:01",90700
10300,-200,300,"unknown","14:25:54",84300
10200,-300,4000,"sd","14:21:36",84000
10300,-200,7500,"unknown","14:20:44",80000
10300,-200,100,"sd","14:19:57",72500
10400,-100,100,"sd","14:19:05",72400
10400,-100,10000,"sd","14:18:58",72300
10400,-100,200,"sd","14:18:48",62300
10400,-100,200,"sd","14:17:52",62100
10400,-100,200,"sd","14:17:49",61900
10500,0,300,"sd","14:12:12",61700
10600,100,100,"bu","14:00:19",61400
10500,0,400,"sd","13:59:56",61300
10500,0,1300,"bu","13:59:46",60900
10400,-100,600,"sd","13:48:17",59600
10500,0,400,"bu","13:47:49",59000
10500,0,500,"sd","13:47:33",58600
10500,0,1300,"bu","13:45:40",58100
10500,0,700,"sd","13:44:31",56800
10500,0,100,"sd","13:41:35",56100
10500,0,200,"sd","13:39:23",56000
10600,100,100,"bu","13:38:31",55800
10500,0,7500,"unknown","13:37:09",55700
10500,0,100,"bu","13:35:30",48200
10400,-100,3000,"unknown","13:31:19",48100
10400,-100,1000,"sd","13:18:01",45100
10400,-100,5000,"unknown","13:14:53",44100
10300,-200,10300,"sd","13:06:41",39100
10400,-100,200,"bu","13:00:04",28800
10400,-100,400,"bu","11:26:28",28600
10400,-100,100,"bu","11:25:51",28200
10400,-100,100,"bu","11:08:34",28100
10400,-100,300,"bu","11:07:56",28000
10400,-100,1800,"sd","11:07:36",27700
10500,0,100,"bu","10:45:15",25900
10400,-100,100,"bu","10:40:03",25800
10300,-200,300,"sd","10:39:33",25700
10300,-200,500,"sd","10:29:36",25400
10300,-200,1000,"sd","10:27:37",24900
10300,-200,1000,"sd","10:27:13",23900
10500,0,3000,"bu","10:07:55",22900
10300,-200,400,"sd","10:00:57",19900
10300,-200,2700,"sd","09:39:47",19500
10300,-200,1500,"bu","09:39:11",16800
10200,-300,200,"sd","09:39:05",15300
10200,-300,100,"sd","09:34:17",15100
10300,-200,300,"bu","09:34:13",15000
10300,-200,400,"sd","09:32:07",14700
10300,-200,1600,"bu","09:31:24",14300
10300,-200,100,"bu","09:30:21",12700
10300,-200,600,"bu","09:27:04",12600
10400,-100,200,"bu","09:22:08",12000
10400,-100,1000,"bu","09:16:29",11800
10300,-200,8200,"unknown","09:16:10",10800
10400,-100,1000,"unknown","09:13:34",2600
10500,0,1500,"bu","09:01:42",1600
10500,0,100,"sd","09:00:42",100
