"price","change","match_qtty","side","time","total_vol"
24250,-350,41600,"sd","14:45:02",412800
24400,-200,100,"bu","14:29:05",371200
24400,-200,900,"bu","14:28:27",371100
24400,-200,1000,"bu","14:28:16",370200
24350,-250,600,"sd","14:28:10",369200
24350,-250,100,"sd","14:28:08",368600
24350,-250,1000,"sd","14:28:04",368500
24400,-200,300,"bu","14:26:56",367500
24350,-250,100,"sd","14:26:45",367200
24350,-250,600,"sd","14:26:32",367100
24350,-250,200,"sd","14:26:19",366500
24350,-250,200,"sd","14:26:02",366300
24400,-200,100,"bu","14:25:42",366100
24350,-250,4000,"sd","14:25:16",366000
24400,-200,1000,"sd","14:24:58",362000
24350,-250,100,"sd","14:24:12",361000
24350,-250,900,"sd","14:24:12",360900
24350,-250,100,"bu","14:22:38",360000
24200,-400,1000,"sd","14:21:38",359900
24200,-400,3400,"sd","14:20:58",358900
24250,-350,100,"sd","14:20:58",355500
24200,-400,4000,"sd","14:20:31",355400
24200,-400,200,"sd","14:20:06",351400
24200,-400,500,"sd","14:19:53",351200
24200,-400,300,"sd","14:19:53",350700
24200,-400,200,"sd","14:19:53",350400
24200,-400,500,"sd","14:19:53",350200
24200,-400,700,"sd","14:19:44",349700
24250,-350,1500,"sd","14:19:44",349000
24250,-350,200,"sd","14:19:44",347500
24250,-350,500,"sd","14:19:44",347300
24300,-300,100,"sd","14:19:44",346800
24300,-300,400,"bu","14:19:15",346700
24300,-300,100,"bu","14:19:11",346300
24300,-300,900,"bu","14:19:11",346200
24300,-300,100,"sd","14:19:01",345300
24350,-250,300,"sd","14:18:53",345200
24350,-250,100,"sd","14:18:53",344900
24350,-250,2000,"sd","14:18:53",344800
24350,-250,2000,"sd","14:18:53",342800
24400,-200,100,"bu","14:18:47",340800
24400,-200,100,"sd","14:18:29",340700
24400,-200,400,"sd","14:18:29",340600
24400,-200,100,"sd","14:18:29",340200
24400,-200,300,"sd","14:18:29",340100
24400,-200,200,"sd","14:18:29",339800
24400,-200,100,"sd","14:18:25",339600
24400,-200,100,"sd","14:18:25",339500
24400,-200,800,"sd","14:18:25",339400
24400,-200,100,"sd","14:18:18",338600
24400,-200,100,"sd","14:18:02",338500
24450,-150,800,"sd","14:18:02",338400
24450,-150,1200,"sd","14:17:38",337600
24500,-100,800,"sd","14:17:38",336400
24500,-100,200,"bu","14:17:38",335600
24450,-150,300,"sd","14:17:31",335400
24450,-150,300,"sd","14:17:31",335100
24450,-150,2000,"sd","14:17:31",334800
24450,-150,100,"sd","14:17:31",332800
24500,-100,500,"sd","14:17:31",332700
24500,-100,300,"sd","14:17:31",332200
24500,-100,1000,"sd","14:17:31",331900
24500,-100,100,"sd","14:17:31",330900
24550,-50,100,"bu","14:17:31",330800
24550,-50,500,"sd","14:17:16",330700
24550,-50,400,"sd","14:17:16",330200
24550,-50,100,"sd","14:17:14",329800
24550,-50,1000,"sd","14:17:10",329700
24550,-50,4000,"sd","14:17:03",328700
24600,0,100,"sd","14:16:51",324700
24600,0,200,"sd","14:16:51",324600
24600,0,4000,"sd","14:16:51",324400
24600,0,1000,"sd","14:16:51",320400
24600,0,100,"sd","14:16:41",319400
24600,0,1000,"sd","14:16:41",319300
24600,0,500,"sd","14:16:41",318300
24600,0,400,"sd","14:16:41",317800
24600,0,500,"sd","14:16:39",317400
24600,0,500,"sd","14:16:39",316900
24600,0,900,"bu","14:15:51",316400
24600,0,600,"bu","14:15:51",315500
24600,0,1800,"bu","14:15:51",314900
24600,0,500,"bu","14:15:45",313100
24600,0,800,"sd","14:15:17",312600
24600,0,100,"sd","14:15:17",311800
24600,0,300,"sd","14:15:17",311700
24600,0,900,"sd","14:15:17",311400
24650,50,1000,"bu","14:15:15",310500
24600,0,2200,"bu","14:15:02",309500
24600,0,100,"bu","14:15:02",307300
24600,0,300,"bu","14:15:02",307200
24600,0,500,"bu","14:14:57",306900
24600,0,2000,"bu","14:14:55",306400
24600,0,100,"bu","14:14:54",304400
24600,0,100,"bu","14:14:54",304300
24600,0,800,"bu","14:14:54",304200
24600,0,1300,"bu","14:14:49",303400
24600,0,300,"bu","14:14:48",302100
24600,0,1000,"bu","14:14:36",301800
24600,0,100,"bu","14:14:34",300800
24600,0,1000,"bu","14:14:30",300700
24600,0,500,"bu","14:14:26",299700
24600,0,500,"bu","14:14:21",299200
24500,-100,1500,"bu","14:13:47",298700
24500,-100,5000,"bu","14:13:47",297200
24450,-150,400,"bu","14:13:32",292200
24450,-150,200,"bu","14:13:32",291800
24450,-150,800,"bu","14:13:32",291600
24450,-150,200,"bu","14:12:04",290800
24450,-150,800,"bu","14:12:04",290600
24450,-150,1000,"bu","14:11:59",289800
24450,-150,400,"bu","14:11:23",288800
24450,-150,500,"bu","14:11:17",288400
24450,-150,300,"bu","14:10:37",287900
24450,-150,900,"bu","14:10:31",287600
24450,-150,300,"bu","14:10:31",286700
24450,-150,1200,"bu","14:10:03",286400
24400,-200,100,"sd","14:07:33",285200
24400,-200,100,"sd","14:07:33",285100
24400,-200,200,"sd","14:07:33",285000
24400,-200,100,"sd","14:06:29",284800
24400,-200,700,"sd","14:06:16",284700
24400,-200,100,"sd","14:06:16",284000
24400,-200,100,"sd","14:06:16",283900
24450,-150,1000,"bu","14:04:42",283800
24450,-150,100,"bu","14:03:57",282800
24450,-150,3300,"bu","14:03:57",282700
24450,-150,100,"bu","14:03:57",279400
24450,-150,100,"bu","14:03:57",279300
24500,-100,100,"sd","14:03:22",279200
24500,-100,900,"sd","14:01:25",279100
24500,-100,100,"sd","14:01:25",278200
24500,-100,1000,"sd","14:01:03",278100
24500,-100,600,"sd","13:59:54",277100
24500,-100,500,"unknown","13:57:51",276500
24500,-100,500,"bu","13:57:35",276000
24500,-100,2000,"bu","13:57:35",275500
24500,-100,500,"bu","13:57:35",273500
24450,-150,100,"bu","13:55:44",273000
24500,-100,500,"bu","13:55:31",272900
24450,-150,900,"bu","13:53:35",272400
24450,-150,100,"bu","13:53:08",271500
24400,-200,200,"bu","13:52:59",271400
24450,-150,200,"sd","13:50:40",271200
24450,-150,300,"sd","13:50:40",271000
24450,-150,500,"sd","13:50:03",270700
24450,-150,500,"sd","13:50:03",270200
24500,-100,200,"sd","13:48:22",269700
24500,-100,400,"sd","13:48:22",269500
24500,-100,900,"sd","13:48:22",269100
24500,-100,300,"sd","13:48:22",268200
24500,-100,1000,"sd","13:47:25",267900
24500,-100,1700,"sd","13:47:23",266900
24500,-100,300,"sd","13:47:23",265200
24600,0,500,"sd","13:46:59",264900
24600,0,100,"sd","13:46:44",264400
24600,0,100,"sd","13:46:26",264300
24600,0,900,"sd","13:46:05",264200
24600,0,1600,"sd","13:46:05",263300
24600,0,200,"sd","13:46:05",261700
24650,50,400,"sd","13:45:57",261500
24650,50,300,"sd","13:45:48",261100
24650,50,100,"sd","13:45:48",260800
24650,50,1000,"sd","13:45:45",260700
24650,50,200,"bu","13:45:12",259700
24600,0,1000,"sd","13:45:02",259500
24600,0,100,"sd","13:45:00",258500
24600,0,600,"sd","13:44:16",258400
24650,50,100,"sd","13:44:16",257800
24650,50,5000,"sd","13:43:35",257700
24700,100,2000,"bu","13:42:52",252700
24700,100,300,"sd","13:42:51",250700
24700,100,600,"sd","13:42:34",250400
24700,100,1100,"sd","13:42:27",249800
24700,100,200,"sd","13:42:27",248700
24700,100,200,"sd","13:42:27",248500
24700,100,100,"sd","13:42:11",248300
24700,100,100,"bu","13:42:00",248200
24700,100,100,"bu","13:42:00",248100
24700,100,5000,"bu","13:41:54",248000
24700,100,400,"bu","13:41:43",243000
24700,100,100,"bu","13:41:43",242600
24700,100,1000,"bu","13:41:10",242500
24700,100,500,"bu","13:40:50",241500
24600,0,1000,"sd","13:39:39",241000
24600,0,1000,"bu","13:38:53",240000
24600,0,100,"bu","13:38:53",239000
24600,0,500,"bu","13:38:53",238900
24600,0,100,"bu","13:38:53",238400
24600,0,1700,"bu","13:38:53",238300
24600,0,5000,"bu","13:38:35",236600
24600,0,2000,"bu","13:38:15",231600
24500,-100,100,"sd","13:38:11",229600
24500,-100,200,"sd","13:37:22",229500
24500,-100,1000,"sd","13:36:47",229300
24600,0,1300,"bu","13:35:53",228300
24600,0,3700,"bu","13:35:53",227000
24600,0,1300,"sd","13:35:07",223300
24600,0,600,"bu","13:34:47",222000
24600,0,100,"bu","13:34:47",221400
24600,0,100,"sd","13:34:29",221300
24600,0,700,"sd","13:34:04",221200
24600,0,100,"sd","13:34:02",220500
24600,0,100,"sd","13:33:38",220400
24600,0,1000,"sd","13:33:33",220300
24600,0,1000,"bu","13:32:57",219300
24600,0,7100,"bu","13:32:57",218300
24600,0,5000,"bu","13:32:57",211200
24600,0,100,"bu","13:32:57",206200
24600,0,200,"bu","13:32:57",206100
24600,0,1000,"bu","13:32:55",205900
24600,0,900,"bu","13:32:55",204900
24550,-50,100,"bu","13:32:55",204000
24600,0,100,"bu","13:31:56",203900
24500,-100,200,"sd","13:31:40",203800
24500,-100,3200,"bu","13:30:59",203600
24500,-100,1000,"bu","13:30:43",200400
24500,-100,300,"bu","13:30:43",199400
24550,-50,500,"bu","13:30:43",199100
24550,-50,1000,"bu","13:30:35",198600
24550,-50,300,"bu","13:30:13",197600
24500,-100,400,"bu","13:29:58",197300
24500,-100,5000,"bu","13:29:31",196900
24500,-100,100,"bu","13:29:29",191900
24450,-150,200,"bu","13:29:23",191800
24450,-150,2400,"bu","13:29:23",191600
24450,-150,5000,"bu","13:29:23",189200
24450,-150,200,"bu","13:29:19",184200
24400,-200,3000,"unknown","13:27:42",184000
24400,-200,5000,"unknown","13:27:42",181000
24400,-200,1000,"unknown","13:27:42",176000
24400,-200,1000,"unknown","13:27:42",175000
24350,-250,600,"unknown","13:27:42",174000
24350,-250,1300,"unknown","13:27:42",173400
24350,-250,100,"unknown","13:27:42",172100
24200,-400,100,"sd","13:26:39",172000
24350,-250,1000,"bu","13:25:36",171900
24300,-300,1000,"bu","13:25:36",170900
24150,-450,100,"sd","13:22:35",169900
24150,-450,1100,"sd","13:22:35",169800
24150,-450,200,"sd","13:22:35",168700
24200,-400,100,"sd","13:22:35",168500
24200,-400,200,"bu","13:21:59",168400
24200,-400,200,"bu","13:21:52",168200
24200,-400,100,"bu","13:21:40",168000
24200,-400,100,"bu","13:21:31",167900
24200,-400,200,"sd","13:20:59",167800
24200,-400,1000,"sd","13:20:59",167600
24200,-400,100,"sd","13:20:59",166600
24200,-400,100,"sd","13:20:59",166500
24200,-400,3000,"bu","13:17:56",166400
24200,-400,600,"bu","13:17:56",163400
24200,-400,1700,"sd","13:17:27",162800
24200,-400,200,"sd","13:17:27",161100
24200,-400,300,"sd","13:17:27",160900
24200,-400,100,"sd","13:17:27",160600
24200,-400,100,"sd","13:17:27",160500
24250,-350,1700,"sd","13:17:04",160400
24250,-350,2000,"sd","13:17:04",158700
24250,-350,400,"sd","13:17:04",156700
24250,-350,300,"sd","13:16:51",156300
24300,-300,300,"sd","13:16:51",156000
24300,-300,1900,"bu","13:16:44",155700
24300,-300,100,"bu","13:16:26",153800
24300,-300,1000,"bu","13:16:17",153700
24300,-300,100,"bu","13:16:09",152700
24300,-300,500,"bu","13:16:06",152600
24300,-300,100,"sd","13:15:29",152100
24300,-300,1400,"sd","13:15:29",152000
24350,-250,100,"bu","13:15:28",150600
24350,-250,200,"bu","13:14:55",150500
24350,-250,100,"bu","13:14:55",150300
24350,-250,2700,"bu","13:14:55",150200
24350,-250,100,"bu","13:14:49",147500
24350,-250,100,"bu","13:14:35",147400
24350,-250,2100,"sd","13:14:27",147300
24350,-250,100,"sd","13:14:17",145200
24350,-250,2500,"sd","13:13:40",145100
24350,-250,2000,"bu","13:13:30",142600
24350,-250,500,"bu","13:13:14",140600
24300,-300,100,"bu","13:12:49",140100
24300,-300,100,"bu","13:12:42",140000
24300,-300,900,"bu","13:12:42",139900
24300,-300,2000,"bu","13:12:38",139000
24300,-300,100,"bu","13:12:30",137000
24250,-350,200,"sd","13:12:25",136900
24250,-350,200,"sd","13:11:44",136700
24250,-350,2900,"bu","13:11:43",136500
24250,-350,1500,"bu","13:11:33",133600
24250,-350,100,"bu","13:10:48",132100
24250,-350,100,"bu","13:10:20",132000
24250,-350,1100,"bu","13:10:09",131900
24250,-350,1000,"bu","13:09:22",130800
24200,-400,2200,"bu","13:08:58",129800
24200,-400,1000,"bu","13:08:29",127600
24200,-400,1200,"bu","13:08:29",126600
24200,-400,2000,"bu","13:08:29",125400
24200,-400,200,"bu","13:08:26",123400
24200,-400,100,"sd","13:05:00",123200
24200,-400,500,"sd","13:05:00",123100
24200,-400,100,"sd","13:05:00",122600
24200,-400,200,"sd","13:05:00",122500
24200,-400,1200,"sd","13:05:00",122300
24200,-400,3800,"sd","13:04:52",121100
24200,-400,200,"sd","13:04:52",117300
24200,-400,800,"sd","13:04:26",117100
24200,-400,100,"sd","13:04:26",116300
24200,-400,500,"sd","13:04:26",116200
24200,-400,300,"sd","13:04:26",115700
24200,-400,100,"sd","13:04:26",115400
24200,-400,100,"sd","13:03:33",115300
24250,-350,1000,"sd","13:02:59",115200
24250,-350,100,"sd","13:02:59",114200
24250,-350,2200,"sd","13:02:59",114100
24250,-350,800,"sd","13:01:26",111900
24200,-400,800,"sd","13:00:06",111100
24200,-400,100,"sd","13:00:06",110300
24250,-350,1000,"sd","13:00:06",110200
24250,-350,200,"sd","13:00:06",109200
24250,-350,500,"sd","13:00:06",109000
24250,-350,300,"sd","13:00:06",108500
24300,-300,200,"sd","13:00:01",108200
24300,-300,100,"sd","13:00:01",108000
24300,-300,700,"sd","13:00:00",107900
24300,-300,300,"sd","11:29:14",107200
24300,-300,100,"sd","11:29:14",106900
24300,-300,200,"sd","11:27:53",106800
24350,-250,200,"bu","11:24:53",106600
24350,-250,300,"bu","11:24:53",106400
24300,-300,400,"bu","11:24:16",106100
24300,-300,500,"bu","11:21:19",105700
24300,-300,1000,"bu","11:20:12",105200
24300,-300,200,"sd","11:18:58",104200
24300,-300,500,"sd","11:18:58",104000
24300,-300,400,"sd","11:18:58",103500
24300,-300,300,"sd","11:17:44",103100
24300,-300,1400,"sd","11:15:23",102800
24300,-300,200,"bu","11:12:57",101400
24300,-300,200,"sd","11:12:43",101200
24300,-300,100,"sd","11:12:43",101000
24300,-300,200,"sd","11:11:03",100900
24300,-300,100,"sd","11:11:03",100700
24300,-300,200,"sd","11:11:03",100600
24300,-300,500,"sd","11:11:03",100400
24350,-250,300,"bu","11:10:57",99900
24300,-300,500,"sd","11:03:58",99600
24350,-250,2000,"sd","10:59:35",99100
24350,-250,200,"sd","10:59:35",97100
24350,-250,200,"sd","10:59:35",96900
24350,-250,2000,"sd","10:59:35",96700
24400,-200,1000,"sd","10:57:09",94700
24400,-200,300,"sd","10:57:09",93700
24400,-200,100,"sd","10:57:09",93400
24400,-200,300,"sd","10:57:09",93300
24400,-200,100,"sd","10:56:31",93000
24400,-200,100,"sd","10:55:54",92900
24450,-150,2400,"bu","10:54:32",92800
24450,-150,600,"bu","10:54:32",90400
24400,-200,500,"sd","10:53:27",89800
24350,-250,2000,"bu","10:44:05",89300
24350,-250,1000,"bu","10:44:05",87300
24200,-400,100,"sd","10:41:00",86300
24200,-400,100,"sd","10:41:00",86200
24250,-350,300,"sd","10:41:00",86100
24300,-300,200,"sd","10:41:00",85800
24250,-350,1700,"bu","10:35:59",85600
24250,-350,1000,"bu","10:30:19",83900
24250,-350,100,"bu","10:30:19",82900
24250,-350,100,"bu","10:30:19",82800
24250,-350,700,"bu","10:30:19",82700
24250,-350,200,"bu","10:29:13",82000
24250,-350,100,"bu","10:29:07",81800
24250,-350,400,"bu","10:29:07",81700
24250,-350,1000,"bu","10:28:33",81300
24200,-400,100,"sd","10:28:04",80300
24200,-400,300,"sd","10:26:47",80200
24250,-350,200,"bu","10:20:39",79900
24250,-350,100,"sd","10:20:30",79700
24250,-350,200,"sd","10:20:30",79600
24250,-350,100,"sd","10:20:30",79400
24250,-350,1500,"sd","10:18:32",79300
24250,-350,2000,"sd","10:18:20",77800
24250,-350,4400,"sd","10:18:12",75800
24250,-350,200,"sd","10:18:12",71400
24250,-350,400,"sd","10:18:12",71200
24250,-350,500,"sd","10:17:20",70800
24350,-250,1300,"bu","10:17:18",70300
24350,-250,100,"bu","10:17:18",69000
24350,-250,600,"bu","10:17:18",68900
24250,-350,2000,"sd","10:17:01",68300
24250,-350,1100,"sd","10:16:31",66300
24250,-350,2000,"sd","10:15:43",65200
24250,-350,100,"sd","10:15:28",63200
24250,-350,10400,"sd","10:14:16",63100
24250,-350,3500,"sd","10:14:08",52700
24250,-350,4900,"sd","10:14:08",49200
24300,-300,100,"sd","10:14:08",44300
24300,-300,800,"sd","10:14:08",44200
24300,-300,300,"sd","10:14:08",43400
24300,-300,200,"sd","10:13:42",43100
24350,-250,400,"bu","10:11:52",42900
24350,-250,600,"bu","10:11:52",42500
24350,-250,800,"bu","10:10:11",41900
24350,-250,1500,"bu","10:03:04",41100
24350,-250,600,"bu","09:58:54",39600
24350,-250,300,"bu","09:58:28",39000
24300,-300,200,"sd","09:58:24",38700
24300,-300,1000,"sd","09:51:09",38500
24350,-250,200,"bu","09:49:59",37500
24350,-250,100,"sd","09:48:18",37300
24350,-250,900,"sd","09:48:18",37200
24350,-250,100,"sd","09:47:57",36300
24350,-250,300,"sd","09:47:30",36200
24450,-150,200,"bu","09:47:09",35900
24350,-250,400,"sd","09:46:39",35700
24400,-200,100,"sd","09:46:39",35300
24350,-250,1300,"sd","09:45:48",35200
24350,-250,700,"sd","09:45:48",33900
24450,-150,100,"bu","09:43:31",33200
24450,-150,300,"bu","09:43:19",33100
24350,-250,300,"bu","09:43:03",32800
24350,-250,100,"bu","09:42:51",32500
24350,-250,100,"sd","09:41:14",32400
24300,-300,500,"sd","09:39:50",32300
24300,-300,600,"sd","09:39:50",31800
24500,-100,1400,"bu","09:39:21",31200
24500,-100,600,"bu","09:39:21",29800
24500,-100,100,"bu","09:39:01",29200
24300,-300,400,"bu","09:38:23",29100
24300,-300,200,"bu","09:38:16",28700
24300,-300,500,"bu","09:38:04",28500
24300,-300,300,"bu","09:37:47",28000
24250,-350,1000,"sd","09:37:16",27700
24300,-300,500,"bu","09:36:28",26700
24300,-300,100,"bu","09:36:04",26200
24300,-300,400,"bu","09:36:04",26100
24300,-300,100,"sd","09:35:30",25700
24250,-350,2600,"sd","09:34:21",25600
24250,-350,1500,"sd","09:33:59",23000
24250,-350,700,"sd","09:33:59",21500
24300,-300,500,"sd","09:33:49",20800
24300,-300,100,"bu","09:33:03",20300
24250,-350,100,"sd","09:31:16",20200
24250,-350,200,"bu","09:30:56",20100
24250,-350,100,"sd","09:29:09",19900
24250,-350,100,"sd","09:29:09",19800
24250,-350,100,"bu","09:23:05",19700
23900,-700,100,"sd","09:18:13",19600
23900,-700,100,"sd","09:17:55",19500
24000,-600,2300,"bu","09:17:53",19400
24050,-550,3000,"sd","09:17:37",17100
24050,-550,500,"sd","09:17:37",14100
24000,-600,300,"sd","09:17:37",13600
24050,-550,1000,"sd","09:17:37",13300
24000,-600,3500,"sd","09:17:37",12300
24050,-550,100,"sd","09:17:37",8800
24000,-600,800,"sd","09:17:37",8700
24050,-550,300,"sd","09:17:37",7900
24000,-600,1000,"sd","09:17:37",7600
24000,-600,300,"sd","09:17:37",6600
24050,-550,100,"sd","09:17:37",6300
24550,-50,6200,"bu","09:15:02",6200
