"price","change","match_qtty","side","time","total_vol"
9500,-200,3900,"bu","14:09:25",55800
9500,-200,100,"bu","14:06:00",51900
9400,-300,200,"bu","14:00:33",51800
9400,-300,2000,"sd","13:59:45",51600
9400,-300,300,"sd","13:59:45",49600
9400,-300,2000,"sd","13:59:45",49300
9400,-300,1000,"sd","13:59:45",47300
9400,-300,4500,"sd","13:59:45",46300
9400,-300,500,"sd","13:54:00",41800
9400,-300,100,"sd","13:54:00",41300
9400,-300,500,"sd","13:54:00",41200
9420,-280,6000,"sd","13:54:00",40700
9420,-280,2000,"sd","13:54:00",34700
9430,-270,300,"sd","13:54:00",32700
9440,-260,600,"sd","13:54:00",32400
9500,-200,1000,"sd","13:53:32",31800
9600,-100,1800,"bu","13:51:30",30800
9690,-10,2000,"bu","13:42:48",29000
9690,-10,600,"unknown","13:38:07",27000
9690,-10,1000,"sd","13:37:24",26400
9690,-10,1700,"sd","13:35:40",25400
9690,-10,700,"sd","13:35:17",23700
9700,0,2400,"sd","13:34:56",23000
9700,0,1000,"sd","13:32:37",20600
9700,0,1000,"bu","13:31:11",19600
9700,0,100,"bu","13:31:11",18600
9700,0,500,"bu","13:31:11",18500
9690,-10,1000,"bu","13:31:03",18000
9400,-300,500,"sd","13:23:17",17000
9400,-300,200,"sd","13:23:17",16500
9450,-250,100,"sd","13:23:17",16300
9450,-250,1000,"sd","13:23:17",16200
9450,-250,100,"sd","13:23:17",15200
9460,-240,2000,"sd","13:23:17",15100
9460,-240,100,"sd","13:23:17",13100
9460,-240,200,"sd","13:20:04",13000
9460,-240,300,"bu","13:08:47",12800
9460,-240,100,"bu","13:07:56",12500
9460,-240,100,"sd","13:07:34",12400
9480,-220,100,"sd","10:58:57",12300
9490,-210,100,"sd","10:58:44",12200
9500,-200,800,"bu","10:58:10",12100
9500,-200,4200,"bu","10:58:10",11300
9500,-200,3000,"bu","10:55:53",7100
9500,-200,200,"bu","10:54:10",4100
9500,-200,300,"bu","10:53:40",3900
9500,-200,200,"bu","10:53:21",3600
9500,-200,100,"bu","10:52:22",3400
9500,-200,300,"bu","10:46:59",3300
9500,-200,100,"bu","10:43:26",3000
9500,-200,500,"bu","10:41:50",2900
9500,-200,200,"bu","10:41:47",2400
9500,-200,100,"bu","10:28:31",2200
9500,-200,100,"bu","10:28:20",2100
9500,-200,100,"bu","10:28:03",2000
9500,-200,500,"bu","10:21:28",1900
9500,-200,100,"sd","10:18:40",1400
9700,0,100,"bu","09:37:04",1300
9670,-30,100,"bu","09:37:04",1200
9600,-100,400,"bu","09:36:35",1100
9600,-100,100,"bu","09:21:42",700
9600,-100,500,"sd","09:19:16",600
9600,-100,100,"sd","09:15:02",100
