"price","change","match_qtty","side","time","total_vol"
27000,500,351500,"unknown","14:45:02",4150400
26750,250,100,"sd","14:29:59",3798900
26750,250,500,"bu","14:29:54",3798800
26750,250,100,"bu","14:29:54",3798300
26750,250,100,"bu","14:29:54",3798200
26750,250,200,"bu","14:29:54",3798100
26750,250,2800,"bu","14:29:51",3797900
26750,250,200,"bu","14:29:51",3795100
26750,250,100,"bu","14:29:50",3794900
26750,250,900,"bu","14:29:40",3794800
26750,250,1000,"bu","14:29:40",3793900
26750,250,2000,"bu","14:29:36",3792900
26750,250,5000,"bu","14:29:35",3790900
26750,250,300,"sd","14:29:22",3785900
26750,250,4100,"sd","14:29:22",3785600
26750,250,900,"sd","14:29:21",3781500
26750,250,1000,"sd","14:29:21",3780600
26750,250,5900,"sd","14:29:21",3779600
26750,250,500,"sd","14:29:21",3773700
26750,250,1000,"sd","14:29:21",3773200
26750,250,1000,"sd","14:29:21",3772200
26750,250,3000,"sd","14:29:21",3771200
26750,250,2000,"sd","14:29:21",3768200
26750,250,500,"sd","14:29:21",3766200
26750,250,1200,"sd","14:29:21",3765700
26750,250,5000,"sd","14:29:21",3764500
26750,250,3000,"sd","14:29:21",3759500
26750,250,2000,"sd","14:29:16",3756500
26800,300,400,"bu","14:29:11",3754500
26800,300,3600,"bu","14:29:11",3754100
26800,300,1400,"bu","14:29:10",3750500
26800,300,700,"bu","14:29:04",3749100
26800,300,3000,"bu","14:28:54",3748400
26800,300,1200,"bu","14:28:49",3745400
26800,300,100,"bu","14:28:20",3744200
26800,300,5000,"bu","14:28:06",3744100
26850,350,4200,"bu","14:27:39",3739100
26800,300,800,"bu","14:27:39",3734900
26800,300,200,"sd","14:27:39",3734100
26800,300,800,"sd","14:27:21",3733900
26800,300,200,"sd","14:27:21",3733100
26800,300,4000,"sd","14:27:21",3732900
26800,300,1000,"sd","14:27:17",3728900
26800,300,800,"sd","14:27:10",3727900
26800,300,200,"sd","14:27:10",3727100
26800,300,800,"sd","14:27:01",3726900
26800,300,500,"sd","14:27:01",3726100
26800,300,700,"sd","14:27:01",3725600
26800,300,300,"sd","14:26:56",3724900
26800,300,1300,"sd","14:26:42",3724600
26800,300,200,"sd","14:26:42",3723300
26800,300,5000,"sd","14:26:42",3723100
26800,300,3000,"sd","14:26:42",3718100
26800,300,1000,"sd","14:26:42",3715100
26800,300,800,"sd","14:26:42",3714100
26800,300,500,"sd","14:26:42",3713300
26800,300,1000,"sd","14:26:42",3712800
26800,300,200,"sd","14:26:42",3711800
26850,350,200,"bu","14:26:05",3711600
26850,350,100,"bu","14:26:00",3711400
26850,350,2000,"bu","14:25:51",3711300
26850,350,100,"sd","14:25:29",3709300
26850,350,1100,"sd","14:25:29",3709200
26850,350,3000,"sd","14:25:29",3708100
26850,350,2000,"sd","14:25:29",3705100
26850,350,1900,"sd","14:25:03",3703100
26900,400,200,"bu","14:25:00",3701200
26850,350,100,"sd","14:24:52",3701000
26850,350,900,"sd","14:24:52",3700900
26850,350,1300,"sd","14:24:50",3700000
26900,400,1000,"bu","14:24:41",3698700
26850,350,200,"sd","14:24:34",3697700
26900,400,100,"bu","14:24:31",3697500
26900,400,500,"bu","14:24:22",3697400
26900,400,200,"bu","14:24:22",3696900
26900,400,100,"bu","14:24:22",3696700
26900,400,500,"bu","14:24:22",3696600
26900,400,100,"bu","14:24:22",3696100
26900,400,200,"bu","14:24:22",3696000
26900,400,400,"bu","14:24:22",3695800
26850,350,1000,"bu","14:24:14",3695400
26800,300,1300,"bu","14:24:14",3694400
26800,300,600,"bu","14:24:14",3693100
26800,300,300,"bu","14:24:14",3692500
26800,300,10000,"bu","14:24:14",3692200
26850,350,100,"bu","14:24:14",3682200
26850,350,25000,"bu","14:24:14",3682100
26850,350,1300,"bu","14:24:14",3657100
26850,350,500,"bu","14:24:14",3655800
26800,300,500,"bu","14:24:14",3655300
26850,350,500,"bu","14:24:14",3654800
26800,300,25200,"bu","14:24:14",3654300
26800,300,300,"bu","14:24:14",3629100
26850,350,100,"bu","14:24:14",3628800
26850,350,200,"bu","14:24:14",3628700
26850,350,100,"bu","14:24:14",3628500
26850,350,1000,"bu","14:24:14",3628400
26850,350,500,"bu","14:24:14",3627400
26850,350,800,"bu","14:24:14",3626900
26850,350,3600,"bu","14:24:14",3626100
26850,350,100,"bu","14:24:14",3622500
26800,300,3000,"bu","14:24:14",3622400
26850,350,1000,"bu","14:24:14",3619400
26800,300,1000,"bu","14:24:14",3618400
26850,350,100,"bu","14:24:14",3617400
26800,300,10000,"bu","14:24:14",3617300
26850,350,100,"bu","14:24:14",3607300
26800,300,700,"bu","14:24:14",3607200
26850,350,1000,"bu","14:24:14",3606500
26800,300,200,"bu","14:24:14",3605500
26850,350,7400,"bu","14:24:14",3605300
26850,350,100,"bu","14:24:14",3597900
26850,350,1600,"bu","14:24:14",3597800
26800,300,200,"bu","14:24:14",3596200
26800,300,200,"bu","14:24:14",3596000
26800,300,1000,"bu","14:24:14",3595800
26800,300,5000,"bu","14:24:14",3594800
26800,300,100,"bu","14:24:14",3589800
26800,300,2000,"bu","14:24:14",3589700
26800,300,200,"bu","14:24:14",3587700
26800,300,200,"bu","14:24:14",3587500
26800,300,300,"bu","14:24:14",3587300
26800,300,3200,"bu","14:24:14",3587000
26800,300,500,"bu","14:24:14",3583800
26800,300,3000,"bu","14:24:14",3583300
26800,300,500,"bu","14:24:14",3580300
26800,300,1000,"bu","14:24:14",3579800
26800,300,1000,"bu","14:24:14",3578800
26800,300,400,"bu","14:24:11",3577800
26800,300,20000,"bu","14:23:59",3577400
26750,250,100,"sd","14:23:56",3557400
26800,300,3500,"bu","14:23:55",3557300
26800,300,100,"bu","14:23:37",3553800
26800,300,200,"bu","14:23:37",3553700
26800,300,1000,"bu","14:23:32",3553500
26800,300,1600,"bu","14:22:58",3552500
26800,300,500,"bu","14:22:58",3550900
26800,300,900,"bu","14:22:58",3550400
26750,250,1700,"bu","14:22:47",3549500
26750,250,500,"bu","14:22:46",3547800
26750,250,100,"bu","14:22:38",3547300
26750,250,100,"sd","14:22:35",3547200
26750,250,600,"sd","14:22:35",3547100
26750,250,2000,"sd","14:22:35",3546500
26750,250,1600,"bu","14:22:21",3544500
26750,250,400,"bu","14:22:20",3542900
26750,250,1000,"bu","14:22:20",3542500
26750,250,2000,"bu","14:22:20",3541500
26750,250,500,"bu","14:22:20",3539500
26750,250,100,"bu","14:22:20",3539000
26750,250,1100,"bu","14:22:20",3538900
26750,250,6000,"bu","14:22:20",3537800
26750,250,1000,"bu","14:22:18",3531800
26750,250,200,"bu","14:22:16",3530800
26750,250,100,"bu","14:22:15",3530600
26750,250,5000,"bu","14:22:13",3530500
26750,250,7400,"bu","14:22:12",3525500
26750,250,500,"bu","14:22:10",3518100
26750,250,4800,"bu","14:22:10",3517600
26750,250,11800,"bu","14:22:02",3512800
26750,250,1000,"bu","14:22:01",3501000
26750,250,11100,"bu","14:22:01",3500000
26750,250,900,"bu","14:22:01",3488900
26750,250,100,"bu","14:21:58",3488000
26750,250,1000,"bu","14:21:58",3487900
26750,250,1000,"bu","14:21:58",3486900
26750,250,1000,"bu","14:21:58",3485900
26750,250,1500,"bu","14:21:58",3484900
26750,250,100,"bu","14:21:58",3483400
26750,250,1000,"bu","14:21:58",3483300
26750,250,1000,"bu","14:21:58",3482300
26750,250,100,"bu","14:21:58",3481300
26750,250,3000,"bu","14:21:58",3481200
26750,250,100,"bu","14:21:58",3478200
26750,250,100,"bu","14:21:58",3478100
26700,200,100,"bu","14:21:45",3478000
26700,200,400,"bu","14:21:45",3477900
26700,200,10000,"bu","14:21:45",3477500
26700,200,2000,"bu","14:21:45",3467500
26700,200,2300,"bu","14:21:45",3465500
26700,200,2900,"bu","14:21:43",3463200
26700,200,1000,"bu","14:21:43",3460300
26700,200,1000,"bu","14:21:43",3459300
26700,200,100,"bu","14:21:43",3458300
26700,200,100,"bu","14:21:43",3458200
26700,200,1900,"bu","14:21:43",3458100
26700,200,1000,"bu","14:21:43",3456200
26700,200,500,"bu","14:21:43",3455200
26700,200,500,"bu","14:21:43",3454700
26700,200,700,"bu","14:21:43",3454200
26700,200,500,"bu","14:21:43",3453500
26700,200,100,"bu","14:21:43",3453000
26700,200,100,"bu","14:21:43",3452900
26700,200,200,"bu","14:21:43",3452800
26700,200,4400,"bu","14:21:43",3452600
26700,200,10000,"bu","14:21:43",3448200
26700,200,5500,"bu","14:21:42",3438200
26700,200,10000,"bu","14:21:42",3432700
26700,200,18100,"bu","14:21:39",3422700
26700,200,500,"bu","14:21:39",3404600
26700,200,10000,"bu","14:21:39",3404100
26700,200,10000,"bu","14:21:39",3394100
26700,200,1400,"bu","14:21:39",3384100
26700,200,300,"bu","14:21:27",3382700
26700,200,200,"bu","14:21:21",3382400
26700,200,4100,"bu","14:21:18",3382200
26700,200,900,"bu","14:21:18",3378100
26650,150,500,"sd","14:20:55",3377200
26650,150,200,"sd","14:20:46",3376700
26650,150,100,"sd","14:20:46",3376500
26650,150,1000,"sd","14:20:46",3376400
26650,150,500,"sd","14:20:46",3375400
26650,150,8200,"sd","14:20:46",3374900
26650,150,200,"sd","14:20:42",3366700
26650,150,500,"sd","14:20:26",3366500
26650,150,500,"bu","14:20:15",3366000
26650,150,600,"bu","14:20:15",3365500
26650,150,400,"bu","14:19:53",3364900
26650,150,200,"bu","14:19:53",3364500
26650,150,2400,"bu","14:19:53",3364300
26650,150,600,"bu","14:19:45",3361900
26650,150,400,"bu","14:19:45",3361300
26650,150,100,"bu","14:19:06",3360900
26650,150,200,"bu","14:19:02",3360800
26650,150,100,"bu","14:18:51",3360600
26650,150,100,"sd","14:18:41",3360500
26650,150,100,"sd","14:18:41",3360400
26650,150,500,"bu","14:18:16",3360300
26650,150,2000,"bu","14:18:00",3359800
26650,150,1000,"bu","14:17:50",3357800
26650,150,10000,"bu","14:17:50",3356800
26650,150,2000,"bu","14:17:50",3346800
26650,150,1000,"bu","14:17:50",3344800
26650,150,100,"bu","14:17:50",3343800
26650,150,100,"bu","14:17:50",3343700
26650,150,2300,"bu","14:17:50",3343600
26650,150,700,"bu","14:17:48",3341300
26650,150,7000,"bu","14:17:48",3340600
26650,150,200,"bu","14:17:48",3333600
26650,150,1000,"bu","14:17:48",3333400
26650,150,1000,"bu","14:17:48",3332400
26650,150,1000,"bu","14:17:48",3331400
26650,150,500,"bu","14:17:48",3330400
26650,150,100,"bu","14:17:48",3329900
26650,150,100,"bu","14:17:48",3329800
26650,150,200,"bu","14:17:48",3329700
26650,150,1000,"bu","14:17:48",3329500
26650,150,100,"bu","14:17:48",3328500
26650,150,5000,"bu","14:17:48",3328400
26650,150,1000,"bu","14:17:48",3323400
26650,150,1100,"bu","14:17:48",3322400
26600,100,1100,"sd","14:17:00",3321300
26600,100,2400,"sd","14:17:00",3320200
26600,100,200,"sd","14:16:55",3317800
26600,100,400,"sd","14:16:25",3317600
26600,100,2000,"sd","14:16:25",3317200
26600,100,500,"sd","14:16:25",3315200
26600,100,2000,"sd","14:16:25",3314700
26600,100,100,"sd","14:16:25",3312700
26600,100,100,"bu","14:15:51",3312600
26600,100,900,"bu","14:15:51",3312500
26600,100,3100,"bu","14:15:47",3311600
26600,100,5000,"bu","14:15:47",3308500
26600,100,1000,"bu","14:15:37",3303500
26550,50,300,"sd","14:15:25",3302500
26550,50,1800,"sd","14:15:25",3302200
26600,100,100,"bu","14:15:17",3300400
26600,100,300,"sd","14:15:10",3300300
26600,100,200,"sd","14:15:10",3300000
26600,100,2000,"sd","14:15:10",3299800
26600,100,100,"sd","14:15:10",3297800
26600,100,1300,"sd","14:15:10",3297700
26600,100,3000,"sd","14:15:08",3296400
26600,100,700,"sd","14:15:05",3293400
26600,100,4300,"sd","14:15:05",3292700
26600,100,5000,"sd","14:14:52",3288400
26600,100,700,"sd","14:14:46",3283400
26600,100,200,"sd","14:14:46",3282700
26600,100,500,"sd","14:14:17",3282500
26550,50,300,"sd","14:13:55",3282000
26600,100,100,"sd","14:13:55",3281700
26600,100,100,"sd","14:13:55",3281600
26600,100,100,"bu","14:13:31",3281500
26550,50,500,"sd","14:13:29",3281400
26550,50,3900,"sd","14:13:29",3280900
26550,50,600,"sd","14:13:29",3277000
26600,100,900,"sd","14:13:19",3276400
26600,100,100,"bu","14:12:54",3275500
26600,100,200,"bu","14:12:54",3275400
26600,100,500,"bu","14:12:54",3275200
26600,100,300,"bu","14:12:54",3274700
26600,100,500,"bu","14:12:19",3274400
26600,100,100,"bu","14:11:42",3273900
26600,100,600,"bu","14:11:27",3273800
26600,100,400,"bu","14:11:27",3273200
26550,50,400,"sd","14:11:09",3272800
26550,50,500,"sd","14:11:09",3272400
26550,50,1000,"sd","14:11:09",3271900
26550,50,200,"sd","14:11:09",3270900
26550,50,2000,"sd","14:11:09",3270700
26550,50,1000,"sd","14:11:09",3268700
26550,50,6900,"sd","14:11:09",3267700
26600,100,3000,"bu","14:10:54",3260800
26600,100,600,"sd","14:10:42",3257800
26600,100,1000,"bu","14:10:34",3257200
26600,100,7700,"bu","14:10:33",3256200
26600,100,1100,"bu","14:10:33",3248500
26600,100,2600,"bu","14:10:33",3247400
26600,100,15000,"bu","14:10:33",3244800
26600,100,200,"bu","14:10:33",3229800
26600,100,3500,"bu","14:10:33",3229600
26600,100,3000,"bu","14:10:33",3226100
26600,100,500,"bu","14:10:33",3223100
26600,100,300,"bu","14:10:33",3222600
26600,100,10000,"bu","14:10:33",3222300
26600,100,4500,"bu","14:10:33",3212300
26550,50,100,"sd","14:10:15",3207800
26550,50,500,"sd","14:10:15",3207700
26550,50,900,"sd","14:10:15",3207200
26550,50,500,"bu","14:09:57",3206300
26550,50,600,"bu","14:09:57",3205800
26550,50,300,"bu","14:09:50",3205200
26550,50,500,"bu","14:09:49",3204900
26550,50,2000,"bu","14:09:42",3204400
26550,50,200,"bu","14:09:32",3202400
26550,50,1000,"sd","14:09:18",3202200
26550,50,400,"sd","14:09:18",3201200
26550,50,4600,"sd","14:09:15",3200800
26550,50,5000,"sd","14:09:15",3196200
26550,50,400,"sd","14:09:15",3191200
26550,50,400,"bu","14:08:54",3190800
26550,50,200,"bu","14:08:54",3190400
26550,50,800,"bu","14:08:47",3190200
26550,50,1000,"bu","14:08:47",3189400
26550,50,3300,"bu","14:08:47",3188400
26550,50,500,"bu","14:08:40",3185100
26550,50,1000,"bu","14:08:35",3184600
26550,50,300,"bu","14:08:31",3183600
26550,50,200,"bu","14:07:58",3183300
26500,0,100,"sd","14:07:53",3183100
26550,50,1000,"bu","14:07:50",3183000
26550,50,1800,"bu","14:07:46",3182000
26550,50,1000,"bu","14:07:46",3180200
26550,50,200,"bu","14:07:46",3179200
26550,50,3000,"bu","14:07:45",3179000
26550,50,100,"bu","14:07:41",3176000
26550,50,1000,"bu","14:07:40",3175900
26550,50,100,"sd","14:07:27",3174900
26550,50,600,"sd","14:07:27",3174800
26550,50,500,"sd","14:07:24",3174200
26550,50,900,"bu","14:06:57",3173700
26550,50,100,"sd","14:06:48",3172800
26550,50,1000,"sd","14:06:48",3172700
26550,50,100,"sd","14:06:48",3171700
26550,50,400,"sd","14:06:48",3171600
26550,50,200,"sd","14:06:48",3171200
26550,50,500,"sd","14:06:48",3171000
26550,50,100,"sd","14:06:48",3170500
26550,50,500,"sd","14:06:48",3170400
26550,50,5000,"sd","14:06:48",3169900
26550,50,1200,"sd","14:06:48",3164900
26550,50,800,"sd","14:06:46",3163700
26550,50,5600,"sd","14:06:46",3162900
26550,50,2000,"sd","14:06:30",3157300
26550,50,1900,"sd","14:06:10",3155300
26550,50,600,"sd","14:06:10",3153400
26550,50,1400,"sd","14:06:08",3152800
26550,50,100,"sd","14:06:08",3151400
26550,50,100,"sd","14:06:08",3151300
26550,50,2000,"sd","14:06:08",3151200
26550,50,500,"sd","14:06:08",3149200
26550,50,900,"sd","14:06:08",3148700
26550,50,4100,"sd","14:06:08",3147800
26550,50,900,"sd","14:06:08",3143700
26550,50,300,"sd","14:06:08",3142800
26550,50,1000,"sd","14:06:08",3142500
26550,50,400,"sd","14:06:08",3141500
26550,50,500,"sd","14:06:08",3141100
26550,50,600,"sd","14:06:08",3140600
26550,50,500,"sd","14:06:08",3140000
26550,50,500,"sd","14:06:08",3139500
26550,50,4100,"sd","14:06:08",3139000
26550,50,900,"sd","14:05:52",3134900
26550,50,2100,"sd","14:05:52",3134000
26550,50,1400,"sd","14:05:43",3131900
26550,50,6500,"sd","14:05:34",3130500
26550,50,100,"sd","14:05:34",3124000
26550,50,3400,"sd","14:05:34",3123900
26600,100,100,"bu","14:05:07",3120500
26600,100,400,"bu","14:04:36",3120400
26600,100,1600,"bu","14:04:36",3120000
26600,100,100,"bu","14:04:33",3118400
26600,100,300,"bu","14:04:23",3118300
26600,100,1000,"bu","14:04:23",3118000
26600,100,2200,"bu","14:04:23",3117000
26600,100,300,"bu","14:04:15",3114800
26600,100,500,"bu","14:04:09",3114500
26600,100,200,"bu","14:03:53",3114000
26550,50,500,"sd","14:03:34",3113800
26550,50,6100,"sd","14:02:43",3113300
26550,50,800,"sd","14:02:43",3107200
26550,50,100,"sd","14:02:43",3106400
26550,50,100,"sd","14:02:28",3106300
26550,50,800,"sd","14:02:20",3106200
26550,50,100,"sd","14:02:20",3105400
26550,50,2100,"sd","14:02:20",3105300
26550,50,900,"sd","14:01:39",3103200
26550,50,1100,"sd","14:01:39",3102300
26550,50,200,"sd","14:01:19",3101200
26550,50,300,"sd","14:01:19",3101000
26600,100,300,"bu","14:01:19",3100700
26550,50,2000,"sd","14:00:53",3100400
26550,50,1000,"sd","14:00:48",3098400
26550,50,200,"sd","14:00:21",3097400
26550,50,1000,"sd","14:00:05",3097200
26600,100,1000,"bu","13:59:47",3096200
26600,100,1100,"bu","13:59:35",3095200
26550,50,500,"sd","13:59:25",3094100
26550,50,4900,"sd","13:59:25",3093600
26550,50,2000,"sd","13:58:47",3088700
26550,50,100,"sd","13:58:45",3086700
26600,100,2000,"bu","13:58:43",3086600
26600,100,300,"sd","13:58:24",3084600
26600,100,100,"sd","13:58:24",3084300
26600,100,2000,"sd","13:58:24",3084200
26600,100,3000,"sd","13:58:17",3082200
26600,100,1000,"sd","13:58:17",3079200
26600,100,1000,"sd","13:58:17",3078200
26600,100,700,"sd","13:57:59",3077200
26600,100,300,"bu","13:57:40",3076500
26600,100,5000,"sd","13:57:40",3076200
26600,100,1100,"sd","13:57:40",3071200
26600,100,1900,"sd","13:57:40",3070100
26600,100,500,"sd","13:57:40",3068200
26600,100,600,"sd","13:57:40",3067700
26600,100,200,"sd","13:57:40",3067100
26600,100,400,"sd","13:57:40",3066900
26600,100,2000,"sd","13:57:40",3066500
26600,100,8000,"sd","13:57:40",3064500
26650,150,500,"bu","13:57:37",3056500
26650,150,100,"bu","13:57:34",3056000
26650,150,100,"bu","13:57:25",3055900
26600,100,2000,"sd","13:56:50",3055800
26600,100,3000,"sd","13:56:50",3053800
26650,150,200,"bu","13:56:43",3050800
26650,150,300,"bu","13:56:27",3050600
26650,150,700,"bu","13:56:25",3050300
26650,150,300,"bu","13:56:25",3049600
26600,100,500,"sd","13:56:19",3049300
26600,100,1500,"sd","13:55:57",3048800
26600,100,200,"sd","13:55:49",3047300
26600,100,2000,"sd","13:55:44",3047100
26600,100,5000,"bu","13:55:39",3045100
26600,100,1000,"bu","13:55:39",3040100
26600,100,500,"bu","13:55:39",3039100
26600,100,1800,"bu","13:55:39",3038600
26600,100,1000,"bu","13:55:39",3036800
26600,100,1200,"bu","13:55:39",3035800
26600,100,500,"bu","13:55:39",3034600
26600,100,400,"bu","13:55:39",3034100
26600,100,1400,"bu","13:55:39",3033700
26600,100,1000,"bu","13:55:35",3032300
26600,100,500,"bu","13:55:35",3031300
26600,100,500,"bu","13:55:35",3030800
26600,100,200,"bu","13:55:35",3030300
26600,100,1600,"bu","13:55:35",3030100
26600,100,300,"bu","13:55:35",3028500
26550,50,3000,"sd","13:55:28",3028200
26600,100,100,"bu","13:55:23",3025200
26600,100,500,"bu","13:55:09",3025100
26600,100,700,"bu","13:55:08",3024600
26600,100,200,"bu","13:55:08",3023900
26600,100,1500,"bu","13:55:08",3023700
26600,100,600,"bu","13:55:08",3022200
26600,100,200,"bu","13:55:06",3021600
26600,100,200,"bu","13:55:04",3021400
26600,100,900,"bu","13:55:04",3021200
26600,100,100,"bu","13:55:04",3020300
26600,100,13000,"bu","13:55:04",3020200
26600,100,2000,"bu","13:54:59",3007200
26550,50,300,"sd","13:54:56",3005200
26600,100,10600,"bu","13:54:55",3004900
26550,50,5000,"sd","13:54:11",2994300
26550,50,4700,"sd","13:54:08",2989300
26550,50,300,"sd","13:54:08",2984600
26600,100,100,"bu","13:53:44",2984300
26550,50,3700,"sd","13:53:38",2984200
26550,50,1700,"sd","13:53:38",2980500
26550,50,2000,"sd","13:53:27",2978800
26550,50,1300,"bu","13:53:26",2976800
26550,50,500,"bu","13:53:11",2975500
26550,50,100,"bu","13:53:07",2975000
26550,50,100,"sd","13:53:07",2974900
26550,50,500,"sd","13:53:07",2974800
26550,50,300,"sd","13:53:07",2974300
26550,50,100,"sd","13:52:55",2974000
26550,50,9600,"sd","13:52:47",2973900
26550,50,400,"sd","13:52:47",2964300
26550,50,1600,"sd","13:52:39",2963900
26550,50,1000,"sd","13:52:39",2962300
26550,50,500,"sd","13:52:39",2961300
26550,50,400,"sd","13:52:39",2960800
26550,50,1000,"sd","13:52:23",2960400
26550,50,2800,"bu","13:51:36",2959400
26550,50,800,"bu","13:51:36",2956600
26550,50,1000,"bu","13:51:07",2955800
26550,50,100,"sd","13:51:06",2954800
26550,50,100,"sd","13:51:06",2954700
26550,50,100,"bu","13:50:55",2954600
26550,50,100,"bu","13:50:49",2954500
26550,50,1000,"sd","13:50:20",2954400
26600,100,100,"bu","13:50:16",2953400
26500,0,8300,"sd","13:49:43",2953300
26550,50,300,"sd","13:49:28",2945000
26550,50,600,"bu","13:49:24",2944700
26550,50,500,"sd","13:49:21",2944100
26500,0,300,"sd","13:49:11",2943600
26500,0,1000,"sd","13:49:11",2943300
26500,0,1000,"sd","13:49:11",2942300
26500,0,2200,"sd","13:49:11",2941300
26550,50,500,"sd","13:49:11",2939100
26550,50,1500,"sd","13:49:09",2938600
26550,50,3500,"sd","13:49:09",2937100
26550,50,1000,"bu","13:49:03",2933600
26550,50,200,"bu","13:49:03",2932600
26550,50,300,"bu","13:49:03",2932400
26550,50,1700,"bu","13:48:57",2932100
26550,50,1500,"bu","13:48:57",2930400
26550,50,800,"bu","13:48:57",2928900
26550,50,9200,"bu","13:48:52",2928100
26550,50,200,"bu","13:48:52",2918900
26550,50,600,"bu","13:48:52",2918700
26550,50,4400,"bu","13:48:50",2918100
26550,50,100,"bu","13:48:50",2913700
26550,50,500,"bu","13:48:50",2913600
26550,50,1000,"bu","13:48:50",2913100
26550,50,1000,"bu","13:48:50",2912100
26550,50,500,"bu","13:48:50",2911100
26500,0,500,"sd","13:48:43",2910600
26550,50,500,"bu","13:48:36",2910100
26550,50,900,"bu","13:48:36",2909600
26550,50,500,"bu","13:48:31",2908700
26550,50,100,"bu","13:48:31",2908200
26550,50,1500,"bu","13:48:25",2908100
26550,50,100,"bu","13:48:25",2906600
26550,50,1000,"bu","13:48:25",2906500
26550,50,1000,"bu","13:48:25",2905500
26550,50,500,"bu","13:48:25",2904500
26550,50,1000,"bu","13:48:25",2904000
26550,50,1000,"bu","13:48:25",2903000
26550,50,1000,"bu","13:48:25",2902000
26550,50,1000,"bu","13:48:25",2901000
26550,50,1000,"bu","13:48:25",2900000
26550,50,900,"bu","13:48:25",2899000
26550,50,100,"bu","13:48:23",2898100
26550,50,800,"bu","13:47:53",2898000
26550,50,3000,"bu","13:47:27",2897200
26500,0,2300,"sd","13:47:07",2894200
26500,0,300,"sd","13:47:07",2891900
26500,0,200,"sd","13:47:07",2891600
26500,0,100,"sd","13:47:07",2891400
26500,0,500,"sd","13:47:07",2891300
26500,0,600,"sd","13:47:07",2890800
26500,0,3000,"sd","13:46:42",2890200
26500,0,400,"bu","13:46:17",2887200
26500,0,5000,"bu","13:46:17",2886800
26500,0,1000,"bu","13:46:17",2881800
26500,0,2000,"sd","13:46:08",2880800
26500,0,1000,"sd","13:46:02",2878800
26500,0,1000,"sd","13:46:02",2877800
26500,0,1600,"sd","13:46:02",2876800
26500,0,400,"sd","13:45:53",2875200
26500,0,5000,"sd","13:45:53",2874800
26500,0,800,"sd","13:45:53",2869800
26500,0,3800,"sd","13:45:53",2869000
26500,0,500,"sd","13:45:52",2865200
26500,0,700,"sd","13:45:50",2864700
26500,0,100,"sd","13:45:50",2864000
26500,0,100,"sd","13:45:50",2863900
26500,0,100,"sd","13:45:50",2863800
26500,0,3900,"sd","13:45:50",2863700
26500,0,500,"sd","13:45:47",2859800
26500,0,600,"sd","13:45:46",2859300
26500,0,500,"sd","13:45:46",2858700
26500,0,100,"sd","13:45:46",2858200
26500,0,400,"sd","13:45:46",2858100
26500,0,2000,"sd","13:45:44",2857700
26500,0,100,"sd","13:45:44",2855700
26500,0,3800,"sd","13:45:44",2855600
26500,0,4600,"sd","13:45:44",2851800
26500,0,1200,"sd","13:45:42",2847200
26500,0,100,"sd","13:45:42",2846000
26500,0,5000,"sd","13:45:42",2845900
26500,0,1000,"sd","13:45:42",2840900
26500,0,100,"sd","13:45:42",2839900
26500,0,400,"sd","13:45:42",2839800
26500,0,2000,"sd","13:45:42",2839400
26500,0,5000,"sd","13:45:42",2837400
26500,0,2000,"sd","13:45:42",2832400
26500,0,2000,"sd","13:45:42",2830400
26500,0,200,"sd","13:45:42",2828400
26500,0,500,"sd","13:45:42",2828200
26500,0,500,"sd","13:45:42",2827700
26500,0,500,"sd","13:45:40",2827200
26500,0,500,"sd","13:45:32",2826700
26500,0,2000,"sd","13:45:30",2826200
26500,0,500,"sd","13:45:29",2824200
26500,0,500,"sd","13:45:29",2823700
26500,0,200,"sd","13:45:29",2823200
26500,0,1000,"sd","13:45:29",2823000
26500,0,100,"sd","13:45:29",2822000
26500,0,1500,"sd","13:45:29",2821900
26500,0,500,"sd","13:45:29",2820400
26500,0,1600,"sd","13:45:29",2819900
26500,0,100,"sd","13:45:29",2818300
26500,0,1000,"sd","13:45:29",2818200
26500,0,1000,"sd","13:45:29",2817200
26500,0,5000,"sd","13:45:29",2816200
26500,0,200,"sd","13:45:28",2811200
26500,0,300,"sd","13:45:27",2811000
26500,0,100,"sd","13:45:27",2810700
26500,0,1000,"sd","13:45:27",2810600
26500,0,1400,"sd","13:45:27",2809600
26500,0,1000,"sd","13:45:20",2808200
26500,0,1100,"sd","13:44:57",2807200
26500,0,3000,"sd","13:44:57",2806100
26500,0,100,"sd","13:44:57",2803100
26500,0,200,"sd","13:44:57",2803000
26500,0,600,"sd","13:44:57",2802800
26500,0,400,"sd","13:44:54",2802200
26500,0,500,"sd","13:44:53",2801800
26500,0,5000,"sd","13:44:52",2801300
26500,0,200,"sd","13:44:48",2796300
26500,0,1000,"sd","13:44:33",2796100
26500,0,100,"sd","13:44:24",2795100
26500,0,500,"sd","13:43:13",2795000
26550,50,100,"bu","13:43:07",2794500
26500,0,200,"sd","13:43:01",2794400
26500,0,500,"sd","13:42:32",2794200
26500,0,3000,"sd","13:42:25",2793700
26500,0,400,"sd","13:42:20",2790700
26500,0,100,"sd","13:41:51",2790300
26550,50,100,"bu","13:40:50",2790200
26550,50,5000,"bu","13:40:34",2790100
26550,50,200,"bu","13:40:34",2785100
26500,0,100,"sd","13:40:04",2784900
26550,50,500,"bu","13:39:53",2784800
26500,0,700,"sd","13:39:18",2784300
26500,0,300,"sd","13:39:11",2783600
26500,0,100,"sd","13:39:04",2783300
26500,0,1000,"sd","13:38:30",2783200
26500,0,300,"sd","13:38:22",2782200
26550,50,100,"bu","13:38:04",2781900
26550,50,500,"bu","13:38:01",2781800
26500,0,2000,"sd","13:37:53",2781300
26550,50,700,"sd","13:37:52",2779300
26550,50,1000,"sd","13:37:51",2778600
26550,50,400,"sd","13:37:44",2777600
26550,50,200,"bu","13:37:43",2777200
26550,50,3000,"bu","13:37:43",2777000
26550,50,3000,"bu","13:37:43",2774000
26550,50,600,"bu","13:37:43",2771000
26550,50,3000,"bu","13:37:43",2770400
26550,50,1000,"bu","13:37:43",2767400
26550,50,2000,"bu","13:37:43",2766400
26550,50,200,"bu","13:37:43",2764400
26550,50,500,"bu","13:37:43",2764200
26550,50,4400,"bu","13:37:43",2763700
26500,0,3000,"sd","13:37:43",2759300
26500,0,5000,"sd","13:37:29",2756300
26500,0,5000,"sd","13:37:05",2751300
26500,0,500,"sd","13:37:05",2746300
26500,0,1000,"sd","13:37:04",2745800
26500,0,300,"sd","13:37:04",2744800
26500,0,1000,"sd","13:37:04",2744500
26500,0,100,"sd","13:37:04",2743500
26500,0,900,"sd","13:37:04",2743400
26500,0,1000,"sd","13:37:04",2742500
26500,0,500,"sd","13:37:04",2741500
26500,0,3900,"sd","13:37:04",2741000
26500,0,100,"sd","13:37:04",2737100
26500,0,100,"sd","13:37:04",2737000
26500,0,2000,"sd","13:37:04",2736900
26500,0,500,"sd","13:37:04",2734900
26500,0,100,"sd","13:37:04",2734400
26500,0,500,"sd","13:37:04",2734300
26500,0,500,"sd","13:37:04",2733800
26500,0,300,"sd","13:37:04",2733300
26500,0,200,"sd","13:37:04",2733000
26500,0,500,"sd","13:37:04",2732800
26500,0,1000,"sd","13:37:04",2732300
26550,50,600,"bu","13:36:44",2731300
26550,50,300,"bu","13:36:44",2730700
26550,50,200,"bu","13:36:22",2730400
26550,50,1000,"bu","13:36:22",2730200
26550,50,500,"bu","13:36:22",2729200
26550,50,100,"bu","13:35:58",2728700
26550,50,400,"bu","13:35:56",2728600
26550,50,100,"bu","13:35:56",2728200
26500,0,2000,"sd","13:35:49",2728100
26550,50,400,"bu","13:35:44",2726100
26500,0,1000,"sd","13:35:25",2725700
26500,0,5000,"sd","13:34:42",2724700
26550,50,300,"sd","13:34:34",2719700
26550,50,100,"sd","13:34:34",2719400
26550,50,600,"sd","13:34:34",2719300
26550,50,500,"sd","13:34:34",2718700
26550,50,2400,"sd","13:34:30",2718200
26550,50,2600,"sd","13:34:30",2715800
26550,50,7400,"sd","13:34:19",2713200
26550,50,200,"sd","13:34:19",2705800
26550,50,100,"sd","13:34:19",2705600
26550,50,300,"sd","13:34:19",2705500
26550,50,1000,"sd","13:34:10",2705200
26550,50,300,"sd","13:33:53",2704200
26550,50,1600,"sd","13:33:53",2703900
26550,50,100,"sd","13:33:53",2702300
26550,50,1000,"sd","13:31:59",2702200
26550,50,3900,"sd","13:31:54",2701200
26550,50,1000,"sd","13:31:54",2697300
26550,50,100,"sd","13:31:54",2696300
26550,50,900,"sd","13:31:54",2696200
26550,50,500,"sd","13:31:54",2695300
26550,50,600,"sd","13:31:54",2694800
26550,50,1000,"sd","13:31:49",2694200
26550,50,300,"sd","13:30:55",2693200
26550,50,100,"bu","13:30:45",2692900
26550,50,100,"sd","13:30:30",2692800
26550,50,800,"sd","13:30:30",2692700
26550,50,100,"sd","13:30:10",2691900
26550,50,100,"bu","13:30:03",2691800
26500,0,100,"sd","13:30:03",2691700
26550,50,1000,"bu","13:29:51",2691600
26500,0,5000,"sd","13:29:50",2690600
26550,50,1000,"bu","13:29:39",2685600
26550,50,300,"bu","13:29:36",2684600
26550,50,2000,"bu","13:29:23",2684300
26550,50,100,"bu","13:29:07",2682300
26550,50,100,"bu","13:29:05",2682200
26550,50,100,"sd","13:28:51",2682100
26550,50,300,"sd","13:28:51",2682000
26550,50,700,"sd","13:28:51",2681700
26550,50,1000,"sd","13:28:51",2681000
26550,50,3900,"sd","13:28:51",2680000
26600,100,100,"bu","13:28:49",2676100
26550,50,1000,"sd","13:28:36",2676000
26550,50,10000,"sd","13:28:20",2675000
26550,50,100,"bu","13:28:15",2665000
26550,50,2000,"unknown","13:28:04",2664900
26550,50,100,"unknown","13:28:04",2662900
26550,50,1000,"sd","13:28:04",2662800
26550,50,4700,"sd","13:28:04",2661800
26550,50,100,"sd","13:28:04",2657100
26550,50,100,"bu","13:27:38",2657000
26550,50,900,"bu","13:27:33",2656900
26550,50,500,"bu","13:27:33",2656000
26550,50,2400,"bu","13:27:33",2655500
26550,50,4200,"bu","13:27:33",2653100
26550,50,1000,"bu","13:27:24",2648900
26550,50,1000,"bu","13:27:22",2647900
26550,50,200,"bu","13:27:09",2646900
26550,50,100,"bu","13:27:08",2646700
26550,50,100,"bu","13:27:08",2646600
26550,50,100,"sd","13:26:59",2646500
26550,50,200,"sd","13:26:59",2646400
26550,50,3400,"sd","13:26:59",2646200
26550,50,500,"sd","13:26:59",2642800
26550,50,4200,"sd","13:26:59",2642300
26550,50,12000,"sd","13:26:55",2638100
26550,50,1000,"sd","13:26:55",2626100
26550,50,5000,"sd","13:26:55",2625100
26600,100,2000,"bu","13:26:54",2620100
26550,50,5000,"sd","13:26:40",2618100
26550,50,1000,"sd","13:26:02",2613100
26550,50,100,"sd","13:26:02",2612100
26550,50,100,"sd","13:26:02",2612000
26550,50,1000,"sd","13:26:02",2611900
26550,50,300,"sd","13:26:02",2610900
26550,50,2500,"sd","13:26:02",2610600
26550,50,5000,"sd","13:25:57",2608100
26600,100,100,"bu","13:24:47",2603100
26600,100,2400,"bu","13:24:41",2603000
26600,100,100,"bu","13:24:26",2600600
26600,100,400,"bu","13:24:09",2600500
26600,100,100,"bu","13:23:07",2600100
26550,50,3000,"sd","13:22:35",2600000
26600,100,100,"bu","13:22:16",2597000
26550,50,400,"sd","13:22:16",2596900
26550,50,1000,"bu","13:21:57",2596500
26550,50,100,"bu","13:21:57",2595500
26550,50,800,"bu","13:21:49",2595400
26550,50,1000,"bu","13:21:43",2594600
26550,50,100,"bu","13:21:40",2593600
26500,0,300,"sd","13:21:35",2593500
26550,50,100,"bu","13:21:34",2593200
26550,50,900,"bu","13:21:30",2593100
26550,50,2000,"bu","13:21:29",2592200
26550,50,5000,"bu","13:21:29",2590200
26550,50,1000,"bu","13:21:29",2585200
26550,50,1000,"bu","13:21:29",2584200
26550,50,100,"bu","13:21:29",2583200
26550,50,1900,"bu","13:21:00",2583100
26550,50,1100,"bu","13:21:00",2581200
26500,0,2800,"sd","13:20:57",2580100
26500,0,200,"sd","13:20:38",2577300
26500,0,1500,"sd","13:20:33",2577100
26500,0,500,"bu","13:19:57",2575600
26500,0,600,"bu","13:19:57",2575100
26500,0,1500,"bu","13:19:53",2574500
26500,0,1900,"bu","13:19:51",2573000
26500,0,1100,"bu","13:19:51",2571100
26500,0,900,"bu","13:19:49",2570000
26500,0,200,"bu","13:19:48",2569100
26500,0,1000,"bu","13:19:47",2568900
26500,0,4800,"bu","13:19:45",2567900
26500,0,2000,"bu","13:19:44",2563100
26500,0,10000,"bu","13:19:44",2561100
26500,0,2000,"bu","13:19:44",2551100
26500,0,300,"bu","13:19:44",2549100
26500,0,5000,"bu","13:19:44",2548800
26500,0,700,"bu","13:19:44",2543800
26500,0,500,"bu","13:19:42",2543100
26500,0,1000,"bu","13:19:32",2542600
26500,0,1500,"bu","13:19:30",2541600
26500,0,100,"bu","13:19:29",2540100
26500,0,300,"bu","13:19:28",2540000
26500,0,900,"bu","13:19:27",2539700
26500,0,400,"bu","13:19:27",2538800
26500,0,1000,"bu","13:19:25",2538400
26500,0,100,"bu","13:19:24",2537400
26500,0,4500,"bu","13:19:17",2537300
26500,0,500,"bu","13:19:09",2532800
26450,-50,5600,"sd","13:19:00",2532300
26450,-50,400,"sd","13:19:00",2526700
26450,-50,100,"sd","13:18:58",2526300
26450,-50,500,"sd","13:18:58",2526200
26450,-50,500,"sd","13:18:58",2525700
26450,-50,100,"sd","13:18:58",2525200
26450,-50,100,"sd","13:18:58",2525100
26450,-50,100,"sd","13:18:58",2525000
26450,-50,100,"sd","13:18:58",2524900
26500,0,3000,"bu","13:18:49",2524800
26500,0,100,"sd","13:18:48",2521800
26500,0,400,"sd","13:18:48",2521700
26550,50,500,"bu","13:18:44",2521300
26500,0,2400,"sd","13:18:44",2520800
26500,0,300,"sd","13:18:44",2518400
26500,0,4500,"sd","13:18:44",2518100
26500,0,500,"sd","13:18:44",2513600
26500,0,2300,"sd","13:18:44",2513100
26500,0,600,"sd","13:18:32",2510800
26500,0,100,"sd","13:18:32",2510200
26500,0,1000,"sd","13:18:32",2510100
26500,0,200,"sd","13:18:32",2509100
26500,0,1700,"sd","13:18:32",2508900
26500,0,1300,"sd","13:18:32",2507200
26500,0,100,"sd","13:18:32",2505900
26500,0,1500,"sd","13:18:32",2505800
26500,0,300,"sd","13:18:32",2504300
26500,0,700,"sd","13:18:32",2504000
26500,0,200,"sd","13:18:32",2503300
26500,0,400,"sd","13:18:32",2503100
26500,0,100,"sd","13:18:32",2502700
26500,0,200,"sd","13:18:32",2502600
26500,0,500,"sd","13:18:32",2502400
26500,0,100,"sd","13:18:32",2501900
26500,0,1000,"sd","13:18:32",2501800
26500,0,300,"sd","13:18:32",2500800
26500,0,1000,"sd","13:18:32",2500500
26500,0,1000,"sd","13:18:32",2499500
26500,0,3700,"sd","13:18:32",2498500
26500,0,1000,"sd","13:18:32",2494800
26500,0,5000,"sd","13:18:32",2493800
26500,0,1000,"sd","13:18:32",2488800
26500,0,200,"sd","13:18:32",2487800
26500,0,1000,"sd","13:18:32",2487600
26500,0,800,"sd","13:18:32",2486600
26500,0,200,"sd","13:18:26",2485800
26500,0,100,"sd","13:18:26",2485600
26500,0,400,"sd","13:18:26",2485500
26500,0,1000,"sd","13:18:26",2485100
26500,0,2000,"sd","13:18:26",2484100
26500,0,500,"sd","13:18:26",2482100
26500,0,100,"sd","13:18:26",2481600
26500,0,100,"sd","13:18:26",2481500
26500,0,600,"sd","13:18:26",2481400
26500,0,3000,"sd","13:18:26",2480800
26500,0,1400,"sd","13:18:24",2477800
26500,0,1600,"sd","13:18:24",2476400
26500,0,5000,"sd","13:18:22",2474800
26500,0,3400,"sd","13:18:21",2469800
26500,0,5000,"sd","13:18:21",2466400
26500,0,200,"sd","13:18:21",2461400
26500,0,2000,"sd","13:18:21",2461200
26500,0,5000,"sd","13:18:21",2459200
26500,0,100,"sd","13:18:21",2454200
26500,0,100,"sd","13:18:21",2454100
26500,0,200,"sd","13:18:21",2454000
26500,0,500,"sd","13:18:21",2453800
26500,0,1000,"sd","13:18:21",2453300
26500,0,400,"sd","13:18:21",2452300
26500,0,300,"sd","13:18:21",2451900
26500,0,100,"sd","13:18:21",2451600
26500,0,600,"sd","13:18:21",2451500
26500,0,1000,"sd","13:18:21",2450900
26500,0,2000,"sd","13:18:16",2449900
26500,0,900,"sd","13:18:15",2447900
26500,0,100,"sd","13:18:15",2447000
26500,0,9900,"sd","13:18:10",2446900
26500,0,100,"sd","13:18:10",2437000
26500,0,900,"sd","13:18:07",2436900
26500,0,1500,"sd","13:18:07",2436000
26500,0,900,"sd","13:18:07",2434500
26500,0,1100,"sd","13:18:05",2433600
26500,0,100,"sd","13:18:05",2432500
26500,0,800,"sd","13:18:05",2432400
26500,0,1500,"sd","13:18:02",2431600
26500,0,100,"sd","13:18:01",2430100
26500,0,400,"sd","13:17:59",2430000
26500,0,600,"sd","13:17:59",2429600
26500,0,400,"sd","13:17:59",2429000
26500,0,200,"sd","13:17:59",2428600
26500,0,100,"sd","13:17:59",2428400
26500,0,600,"sd","13:17:59",2428300
26500,0,600,"sd","13:17:59",2427700
26500,0,100,"sd","13:17:56",2427100
26500,0,300,"sd","13:17:55",2427000
26500,0,1200,"sd","13:17:55",2426700
26500,0,1800,"sd","13:17:55",2425500
26500,0,400,"sd","13:17:55",2423700
26500,0,100,"sd","13:17:49",2423300
26550,50,100,"bu","13:17:37",2423200
26550,50,100,"bu","13:17:37",2423100
26550,50,200,"bu","13:17:31",2423000
26550,50,300,"bu","13:17:31",2422800
26550,50,3000,"bu","13:17:21",2422500
26550,50,100,"bu","13:17:09",2419500
26500,0,1000,"sd","13:17:09",2419400
26500,0,100,"sd","13:17:09",2418400
26500,0,400,"sd","13:17:09",2418300
26500,0,10000,"sd","13:17:09",2417900
26500,0,300,"sd","13:17:09",2407900
26500,0,200,"sd","13:17:09",2407600
26500,0,2000,"sd","13:17:09",2407400
26500,0,2000,"sd","13:17:09",2405400
26500,0,200,"sd","13:17:09",2403400
26500,0,100,"sd","13:17:09",2403200
26500,0,200,"sd","13:17:09",2403100
26500,0,2000,"sd","13:17:09",2402900
26500,0,1000,"sd","13:17:09",2400900
26500,0,400,"sd","13:17:09",2399900
26500,0,100,"sd","13:17:09",2399500
26500,0,900,"sd","13:17:05",2399400
26500,0,1000,"sd","13:17:05",2398500
26500,0,100,"sd","13:17:05",2397500
26500,0,100,"sd","13:17:05",2397400
26500,0,100,"sd","13:17:05",2397300
26500,0,100,"sd","13:17:05",2397200
26500,0,300,"sd","13:17:05",2397100
26500,0,100,"sd","13:17:05",2396800
26500,0,5000,"sd","13:17:05",2396700
26500,0,100,"sd","13:17:05",2391700
26500,0,1000,"sd","13:17:05",2391600
26500,0,300,"sd","13:17:05",2390600
26500,0,200,"sd","13:17:05",2390300
26500,0,100,"sd","13:17:05",2390100
26500,0,2000,"sd","13:17:05",2390000
26500,0,1000,"sd","13:17:05",2388000
26500,0,100,"sd","13:17:05",2387000
26500,0,200,"sd","13:17:05",2386900
26500,0,1000,"sd","13:17:05",2386700
26500,0,200,"sd","13:17:05",2385700
26500,0,1000,"sd","13:17:05",2385500
26500,0,100,"sd","13:17:05",2384500
26500,0,500,"sd","13:16:50",2384400
26550,50,1600,"bu","13:16:49",2383900
26550,50,2000,"bu","13:16:49",2382300
26550,50,900,"bu","13:16:49",2380300
26550,50,2400,"bu","13:16:49",2379400
26500,0,400,"sd","13:16:42",2377000
26500,0,600,"sd","13:16:42",2376600
26500,0,1200,"sd","13:16:32",2376000
26500,0,500,"sd","13:16:32",2374800
26500,0,100,"sd","13:16:32",2374300
26500,0,100,"sd","13:16:32",2374200
26500,0,400,"sd","13:16:32",2374100
26500,0,900,"sd","13:16:32",2373700
26500,0,100,"sd","13:16:23",2372800
26500,0,100,"sd","13:16:23",2372700
26500,0,1200,"sd","13:16:09",2372600
26500,0,1000,"sd","13:16:06",2371400
26500,0,700,"sd","13:15:43",2370400
26500,0,300,"sd","13:15:43",2369700
26550,50,200,"bu","13:15:43",2369400
26500,0,1700,"sd","13:15:24",2369200
26500,0,300,"sd","13:15:24",2367500
26500,0,700,"sd","13:15:06",2367200
26500,0,5000,"sd","13:15:06",2366500
26500,0,200,"sd","13:15:06",2361500
26500,0,3000,"sd","13:15:06",2361300
26500,0,1000,"sd","13:15:06",2358300
26500,0,100,"sd","13:15:06",2357300
26500,0,200,"sd","13:15:06",2357200
26500,0,500,"sd","13:15:06",2357000
26500,0,100,"sd","13:15:06",2356500
26500,0,3700,"sd","13:15:06",2356400
26500,0,200,"sd","13:15:06",2352700
26500,0,300,"sd","13:15:06",2352500
26500,0,500,"sd","13:15:06",2352200
26500,0,100,"sd","13:15:06",2351700
26500,0,2000,"sd","13:15:06",2351600
26500,0,500,"sd","13:15:06",2349600
26500,0,10500,"sd","13:15:06",2349100
26500,0,100,"sd","13:15:06",2338600
26500,0,1000,"sd","13:15:06",2338500
26500,0,200,"sd","13:15:06",2337500
26500,0,1000,"sd","13:15:06",2337300
26500,0,200,"sd","13:15:06",2336300
26500,0,1000,"sd","13:15:06",2336100
26500,0,7700,"sd","13:15:06",2335100
26500,0,600,"sd","13:15:05",2327400
26500,0,5000,"sd","13:14:59",2326800
26550,50,1500,"bu","13:14:46",2321800
26550,50,200,"bu","13:14:39",2320300
26550,50,100,"bu","13:14:31",2320100
26550,50,2000,"sd","13:14:18",2320000
26550,50,2000,"sd","13:14:18",2318000
26550,50,300,"sd","13:14:18",2316000
26550,50,1300,"sd","13:14:18",2315700
26550,50,200,"sd","13:14:12",2314400
26550,50,500,"sd","13:14:11",2314200
26550,50,1800,"sd","13:14:06",2313700
26550,50,1000,"sd","13:14:06",2311900
26550,50,100,"bu","13:13:53",2310900
26550,50,800,"bu","13:13:53",2310800
26550,50,100,"bu","13:13:53",2310000
26550,50,10000,"bu","13:13:46",2309900
26550,50,100,"bu","13:13:37",2299900
26550,50,300,"bu","13:13:36",2299800
26550,50,1000,"sd","13:13:20",2299500
26550,50,2800,"sd","13:13:20",2298500
26550,50,5800,"sd","13:13:20",2295700
26550,50,1000,"sd","13:13:04",2289900
26550,50,1000,"sd","13:13:00",2288900
26550,50,2000,"sd","13:12:53",2287900
26550,50,200,"sd","13:12:47",2285900
26550,50,800,"sd","13:12:47",2285700
26550,50,5000,"sd","13:12:45",2284900
26550,50,3200,"sd","13:12:36",2279900
26550,50,200,"sd","13:12:36",2276700
26550,50,200,"sd","13:12:36",2276500
26550,50,500,"sd","13:12:36",2276300
26550,50,4900,"sd","13:12:36",2275800
26550,50,1500,"sd","13:12:33",2270900
26550,50,2000,"sd","13:12:32",2269400
26550,50,1000,"sd","13:12:24",2267400
26550,50,200,"sd","13:12:24",2266400
26550,50,1100,"sd","13:12:16",2266200
26550,50,1000,"sd","13:12:16",2265100
26550,50,5000,"sd","13:12:16",2264100
26550,50,1300,"sd","13:12:16",2259100
26550,50,400,"sd","13:12:16",2257800
26550,50,800,"sd","13:11:53",2257400
26550,50,1000,"sd","13:11:51",2256600
26550,50,1000,"sd","13:11:45",2255600
26550,50,500,"sd","13:11:44",2254600
26550,50,200,"sd","13:11:44",2254100
26550,50,100,"sd","13:11:44",2253900
26550,50,200,"sd","13:11:44",2253800
26550,50,100,"sd","13:11:39",2253600
26550,50,100,"sd","13:11:39",2253500
26550,50,100,"sd","13:11:29",2253400
26550,50,100,"sd","13:11:29",2253300
26550,50,200,"sd","13:11:18",2253200
26550,50,700,"sd","13:11:05",2253000
26550,50,100,"sd","13:11:05",2252300
26550,50,100,"sd","13:11:05",2252200
26550,50,100,"sd","13:11:05",2252100
26550,50,800,"sd","13:10:49",2252000
26550,50,200,"sd","13:10:49",2251200
26550,50,2900,"bu","13:10:29",2251000
26550,50,100,"sd","13:10:23",2248100
26550,50,400,"sd","13:10:22",2248000
26550,50,100,"sd","13:10:15",2247600
26550,50,100,"sd","13:10:15",2247500
26550,50,800,"sd","13:10:15",2247400
26550,50,200,"sd","13:10:09",2246600
26550,50,800,"sd","13:10:09",2246400
26550,50,200,"sd","13:10:04",2245600
26550,50,200,"sd","13:10:04",2245400
26550,50,600,"sd","13:10:04",2245200
26550,50,400,"sd","13:10:02",2244600
26550,50,1000,"sd","13:10:02",2244200
26550,50,100,"sd","13:09:59",2243200
26550,50,300,"sd","13:09:59",2243100
26550,50,600,"sd","13:09:59",2242800
26550,50,400,"sd","13:09:53",2242200
26550,50,200,"sd","13:09:53",2241800
26550,50,100,"sd","13:09:53",2241600
26550,50,100,"sd","13:09:53",2241500
26550,50,200,"sd","13:09:53",2241400
26550,50,500,"sd","13:09:33",2241200
26550,50,500,"sd","13:09:33",2240700
26550,50,500,"sd","13:09:11",2240200
26600,100,5000,"bu","13:09:09",2239700
26600,100,200,"bu","13:09:07",2234700
26550,50,200,"sd","13:08:24",2234500
26550,50,200,"sd","13:08:19",2234300
26550,50,1000,"sd","13:07:58",2234100
26600,100,100,"bu","13:07:22",2233100
26550,50,1000,"sd","13:07:13",2233000
26550,50,100,"sd","13:07:10",2232000
26550,50,600,"sd","13:07:02",2231900
26550,50,500,"sd","13:07:02",2231300
26550,50,1000,"sd","13:07:02",2230800
26550,50,100,"sd","13:07:02",2229800
26550,50,800,"sd","13:07:02",2229700
26550,50,100,"sd","13:06:32",2228900
26550,50,100,"sd","13:06:22",2228800
26550,50,400,"sd","13:06:22",2228700
26550,50,800,"bu","13:06:16",2228300
26550,50,100,"bu","13:06:16",2227500
26550,50,100,"bu","13:06:08",2227400
26550,50,7900,"bu","13:06:08",2227300
26550,50,1600,"bu","13:05:56",2219400
26550,50,9000,"bu","13:05:49",2217800
26550,50,10000,"bu","13:05:41",2208800
26550,50,500,"bu","13:05:40",2198800
26550,50,500,"sd","13:05:21",2198300
26550,50,200,"sd","13:05:21",2197800
26550,50,800,"bu","13:05:18",2197600
26550,50,500,"bu","13:05:17",2196800
26550,50,400,"bu","13:05:13",2196300
26550,50,300,"bu","13:05:11",2195900
26550,50,800,"bu","13:05:11",2195600
26550,50,200,"sd","13:05:05",2194800
26550,50,1500,"bu","13:04:55",2194600
26550,50,1300,"bu","13:04:55",2193100
26550,50,1000,"bu","13:04:55",2191800
26550,50,1100,"bu","13:04:52",2190800
26550,50,500,"bu","13:04:49",2189700
26550,50,100,"sd","13:04:42",2189200
26550,50,400,"sd","13:04:42",2189100
26550,50,500,"sd","13:04:42",2188700
26550,50,500,"sd","13:04:42",2188200
26550,50,4900,"sd","13:04:42",2187700
26550,50,1500,"sd","13:04:37",2182800
26550,50,1600,"sd","13:04:25",2181300
26550,50,200,"bu","13:04:22",2179700
26550,50,700,"bu","13:04:22",2179500
26550,50,100,"bu","13:04:22",2178800
26550,50,100,"bu","13:04:16",2178700
26550,50,500,"bu","13:04:12",2178600
26550,50,1500,"bu","13:04:08",2178100
26550,50,1000,"bu","13:04:08",2176600
26550,50,1500,"bu","13:04:08",2175600
26550,50,1000,"bu","13:04:08",2174100
26550,50,500,"bu","13:04:07",2173100
26550,50,1000,"bu","13:03:58",2172600
26550,50,1500,"bu","13:03:53",2171600
26550,50,500,"bu","13:03:53",2170100
26550,50,100,"bu","13:03:53",2169600
26550,50,900,"bu","13:03:53",2169500
26550,50,500,"bu","13:03:43",2168600
26550,50,500,"bu","13:03:43",2168100
26500,0,100,"sd","13:03:36",2167600
26500,0,1000,"sd","13:03:31",2167500
26500,0,10600,"sd","13:02:55",2166500
26500,0,1000,"sd","13:02:55",2155900
26500,0,200,"sd","13:02:55",2154900
26500,0,1000,"sd","13:02:55",2154700
26500,0,7200,"sd","13:02:55",2153700
26500,0,600,"sd","13:02:17",2146500
26500,0,1200,"sd","13:02:15",2145900
26500,0,500,"sd","13:02:09",2144700
26500,0,100,"sd","13:01:37",2144200
26500,0,400,"sd","13:01:31",2144100
26500,0,100,"sd","13:01:31",2143700
26500,0,100,"sd","13:01:31",2143600
26550,50,100,"bu","13:01:24",2143500
26550,50,1000,"bu","13:01:10",2143400
26550,50,100,"bu","13:00:39",2142400
26550,50,700,"bu","13:00:33",2142300
26550,50,100,"bu","13:00:24",2141600
26550,50,1400,"bu","13:00:24",2141500
26500,0,100,"sd","13:00:19",2140100
26500,0,300,"sd","13:00:16",2140000
26550,50,200,"bu","13:00:15",2139700
26550,50,100,"sd","13:00:13",2139500
26550,50,300,"sd","13:00:13",2139400
26550,50,300,"sd","13:00:13",2139100
26550,50,500,"sd","13:00:13",2138800
26550,50,300,"sd","13:00:13",2138300
26550,50,100,"sd","13:00:08",2138000
26550,50,500,"sd","13:00:06",2137900
26550,50,500,"sd","13:00:05",2137400
26550,50,1500,"sd","13:00:05",2136900
26550,50,500,"sd","13:00:05",2135400
26550,50,5600,"sd","13:00:04",2134900
26550,50,4000,"bu","13:00:04",2129300
26550,50,1600,"bu","13:00:03",2125300
26550,50,500,"bu","13:00:03",2123700
26550,50,500,"bu","13:00:03",2123200
26550,50,800,"bu","13:00:03",2122700
26550,50,2100,"bu","13:00:03",2121900
26550,50,600,"bu","13:00:02",2119800
26550,50,200,"bu","13:00:01",2119200
26550,50,2000,"sd","11:29:43",2119000
26550,50,4400,"sd","11:29:43",2117000
26600,100,13000,"bu","11:29:17",2112600
26550,50,300,"bu","11:29:00",2099600
26550,50,300,"bu","11:29:00",2099300
26550,50,1000,"bu","11:28:53",2099000
26550,50,1000,"bu","11:28:52",2098000
26500,0,1000,"sd","11:28:48",2097000
26550,50,1000,"sd","11:28:33",2096000
26550,50,1000,"sd","11:28:33",2095000
26550,50,700,"sd","11:28:33",2094000
26550,50,1300,"sd","11:28:33",2093300
26550,50,100,"sd","11:28:33",2092000
26550,50,8600,"sd","11:28:33",2091900
26550,50,11400,"sd","11:28:24",2083300
26550,50,100,"sd","11:28:24",2071900
26550,50,100,"sd","11:28:24",2071800
26550,50,10100,"sd","11:28:24",2071700
26550,50,500,"sd","11:27:43",2061600
26550,50,1000,"sd","11:27:19",2061100
26550,50,8000,"sd","11:27:17",2060100
26550,50,600,"sd","11:26:54",2052100
26550,50,9800,"sd","11:26:30",2051500
26550,50,100,"sd","11:26:30",2041700
26550,50,100,"sd","11:26:30",2041600
26550,50,1900,"sd","11:26:05",2041500
26550,50,6100,"sd","11:25:28",2039600
26550,50,100,"sd","11:25:28",2033500
26550,50,200,"sd","11:25:28",2033400
26550,50,1000,"sd","11:25:28",2033200
26550,50,3000,"sd","11:25:28",2032200
26550,50,4500,"sd","11:25:28",2029200
26550,50,100,"sd","11:25:28",2024700
26550,50,100,"sd","11:24:49",2024600
26550,50,1000,"sd","11:24:06",2024500
26550,50,300,"sd","11:24:05",2023500
26550,50,6400,"sd","11:24:03",2023200
26550,50,1000,"sd","11:24:03",2016800
26550,50,500,"sd","11:24:03",2015800
26550,50,5000,"sd","11:24:03",2015300
26550,50,1000,"sd","11:24:03",2010300
26550,50,1800,"sd","11:24:03",2009300
26550,50,2700,"sd","11:23:40",2007500
26550,50,300,"sd","11:23:40",2004800
26550,50,100,"sd","11:23:40",2004500
26550,50,100,"sd","11:23:40",2004400
26550,50,1000,"sd","11:23:40",2004300
26550,50,200,"sd","11:23:40",2003300
26550,50,100,"sd","11:23:40",2003100
26550,50,400,"sd","11:23:40",2003000
26550,50,500,"sd","11:23:40",2002600
26550,50,2000,"sd","11:23:40",2002100
26550,50,1000,"sd","11:23:40",2000100
26550,50,1000,"sd","11:23:40",1999100
26550,50,200,"sd","11:23:40",1998100
26550,50,1000,"sd","11:23:40",1997900
26550,50,500,"sd","11:23:40",1996900
26550,50,200,"sd","11:23:40",1996400
26550,50,1000,"sd","11:23:40",1996200
26550,50,3200,"sd","11:23:40",1995200
26550,50,4000,"sd","11:23:40",1992000
26550,50,1000,"sd","11:23:40",1988000
26550,50,100,"sd","11:23:40",1987000
26550,50,100,"sd","11:23:40",1986900
26550,50,4000,"sd","11:23:40",1986800
26550,50,200,"sd","11:23:40",1982800
26550,50,100,"sd","11:23:40",1982600
26550,50,200,"sd","11:23:40",1982500
26550,50,100,"sd","11:23:15",1982300
26550,50,300,"sd","11:23:15",1982200
26550,50,400,"sd","11:23:07",1981900
26550,50,100,"sd","11:23:07",1981500
26550,50,100,"sd","11:23:07",1981400
26550,50,100,"sd","11:23:07",1981300
26550,50,1200,"sd","11:23:07",1981200
26600,100,100,"bu","11:23:05",1980000
26550,50,1200,"sd","11:22:44",1979900
26550,50,3000,"sd","11:22:24",1978700
26550,50,100,"sd","11:22:19",1975700
26550,50,5000,"sd","11:22:11",1975600
26550,50,5000,"sd","11:21:55",1970600
26550,50,500,"sd","11:21:32",1965600
26550,50,1000,"sd","11:21:19",1965100
26550,50,8000,"sd","11:21:16",1964100
26550,50,3000,"sd","11:21:16",1956100
26550,50,300,"sd","11:21:16",1953100
26550,50,100,"sd","11:21:16",1952800
26550,50,200,"sd","11:21:16",1952700
26550,50,500,"sd","11:21:16",1952500
26550,50,200,"sd","11:21:16",1952000
26550,50,200,"sd","11:21:16",1951800
26550,50,100,"sd","11:21:16",1951600
26550,50,100,"sd","11:21:16",1951500
26550,50,100,"sd","11:21:16",1951400
26550,50,500,"sd","11:21:16",1951300
26550,50,200,"sd","11:21:16",1950800
26550,50,100,"sd","11:21:16",1950600
26550,50,1400,"sd","11:21:16",1950500
26550,50,300,"sd","11:21:15",1949100
26550,50,500,"sd","11:21:15",1948800
26550,50,2800,"sd","11:20:51",1948300
26550,50,2000,"sd","11:20:51",1945500
26550,50,100,"sd","11:20:51",1943500
26550,50,100,"sd","11:20:51",1943400
26550,50,1900,"sd","11:20:44",1943300
26550,50,100,"sd","11:20:44",1941400
26550,50,200,"sd","11:20:18",1941300
26550,50,1100,"sd","11:20:05",1941100
26550,50,200,"sd","11:20:05",1940000
26550,50,3700,"sd","11:20:05",1939800
26550,50,10000,"sd","11:19:58",1936100
26550,50,2000,"sd","11:19:39",1926100
26600,100,200,"bu","11:19:06",1924100
26600,100,200,"bu","11:18:24",1923900
26600,100,2300,"bu","11:18:23",1923700
26600,100,1500,"bu","11:17:51",1921400
26550,50,2000,"sd","11:17:05",1919900
26600,100,600,"bu","11:16:42",1917900
26600,100,4000,"bu","11:16:27",1917300
26600,100,100,"bu","11:15:56",1913300
26550,50,5000,"sd","11:15:47",1913200
26600,100,100,"bu","11:15:35",1908200
26600,100,100,"sd","11:15:33",1908100
26600,100,700,"sd","11:15:33",1908000
26600,100,5000,"sd","11:15:33",1907300
26600,100,2000,"sd","11:15:33",1902300
26600,100,2000,"sd","11:15:32",1900300
26600,100,100,"sd","11:15:32",1898300
26600,100,2000,"sd","11:15:32",1898200
26600,100,1000,"sd","11:15:32",1896200
26600,100,4000,"sd","11:15:32",1895200
26600,100,300,"sd","11:15:32",1891200
26600,100,200,"sd","11:15:32",1890900
26600,100,200,"sd","11:15:32",1890700
26600,100,8700,"sd","11:15:32",1890500
26600,100,1000,"sd","11:15:32",1881800
26600,100,1000,"sd","11:15:32",1880800
26600,100,400,"sd","11:15:32",1879800
26600,100,100,"sd","11:15:32",1879400
26600,100,100,"sd","11:15:32",1879300
26600,100,2700,"sd","11:15:32",1879200
26600,100,1000,"sd","11:15:32",1876500
26600,100,100,"sd","11:15:32",1875500
26600,100,8800,"sd","11:15:32",1875400
26600,100,700,"sd","11:14:58",1866600
26600,100,100,"sd","11:14:53",1865900
26650,150,100,"bu","11:14:11",1865800
26600,100,300,"sd","11:14:08",1865700
26600,100,10100,"sd","11:12:54",1865400
26600,100,900,"sd","11:12:54",1855300
26600,100,200,"sd","11:12:35",1854400
26600,100,3900,"sd","11:11:59",1854200
26600,100,1500,"sd","11:11:59",1850300
26600,100,700,"sd","11:11:59",1848800
26650,150,4600,"sd","11:10:55",1848100
26650,150,900,"sd","11:10:55",1843500
26650,150,2000,"sd","11:10:43",1842600
26650,150,3000,"sd","11:10:10",1840600
26650,150,500,"sd","11:10:09",1837600
26650,150,1000,"sd","11:10:04",1837100
26650,150,500,"sd","11:09:58",1836100
26650,150,100,"bu","11:09:25",1835600
26650,150,1000,"bu","11:09:25",1835500
26650,150,1000,"bu","11:09:25",1834500
26650,150,600,"bu","11:09:25",1833500
26650,150,400,"bu","11:09:25",1832900
26650,150,3000,"bu","11:09:25",1832500
26650,150,1000,"bu","11:09:25",1829500
26650,150,3100,"bu","11:09:25",1828500
26650,150,100,"bu","11:08:47",1825400
26650,150,200,"sd","11:07:42",1825300
26650,150,5000,"sd","11:07:42",1825100
26650,150,1000,"sd","11:07:42",1820100
26650,150,600,"sd","11:07:42",1819100
26650,150,3000,"sd","11:07:40",1818500
26650,150,300,"sd","11:07:39",1815500
26650,150,10000,"sd","11:07:25",1815200
26650,150,300,"sd","11:07:24",1805200
26650,150,3800,"sd","11:07:20",1804900
26650,150,500,"sd","11:07:20",1801100
26650,150,1000,"sd","11:07:20",1800600
26650,150,4700,"sd","11:07:20",1799600
26650,150,3000,"sd","11:07:20",1794900
26650,150,1200,"sd","11:07:16",1791900
26650,150,200,"sd","11:07:11",1790700
26650,150,500,"sd","11:06:52",1790500
26650,150,100,"sd","11:06:52",1790000
26650,150,700,"sd","11:06:33",1789900
26650,150,5000,"sd","11:06:26",1789200
26650,150,2100,"sd","11:05:47",1784200
26650,150,600,"sd","11:05:40",1782100
26650,150,100,"sd","11:05:05",1781500
26700,200,1000,"bu","11:05:05",1781400
26650,150,1800,"bu","11:04:47",1780400
26650,150,1200,"sd","11:04:36",1778600
26650,150,5000,"bu","11:04:26",1777400
26650,150,100,"bu","11:04:26",1772400
26650,150,400,"bu","11:04:26",1772300
26650,150,2300,"bu","11:04:26",1771900
26650,150,300,"bu","11:04:09",1769600
26650,150,200,"bu","11:04:09",1769300
26600,100,300,"sd","11:03:19",1769100
26600,100,4700,"sd","11:03:19",1768800
26650,150,1000,"sd","11:03:19",1764100
26650,150,4000,"sd","11:03:19",1763100
26650,150,900,"sd","11:02:38",1759100
26650,150,1000,"bu","11:02:33",1758200
26650,150,1000,"bu","11:02:33",1757200
26650,150,2300,"bu","11:02:33",1756200
26650,150,1900,"bu","11:02:33",1753900
26650,150,500,"bu","11:02:33",1752000
26650,150,100,"bu","11:02:33",1751500
26650,150,1000,"bu","11:02:33",1751400
26650,150,500,"bu","11:02:33",1750400
26650,150,1000,"bu","11:02:33",1749900
26650,150,500,"bu","11:02:33",1748900
26650,150,3300,"bu","11:02:33",1748400
26600,100,1000,"sd","11:01:45",1745100
26600,100,2000,"sd","11:01:32",1744100
26600,100,100,"bu","11:01:23",1742100
26600,100,4200,"bu","11:01:23",1742000
26600,100,5300,"sd","11:00:53",1737800
26600,100,1000,"sd","11:00:53",1732500
26600,100,1000,"sd","11:00:53",1731500
26600,100,1500,"sd","11:00:53",1730500
26600,100,1000,"bu","10:59:48",1729000
26600,100,500,"bu","10:59:48",1728000
26600,100,9500,"bu","10:59:40",1727500
26600,100,100,"sd","10:59:40",1718000
26600,100,1000,"sd","10:59:40",1717900
26600,100,100,"sd","10:59:40",1716900
26600,100,1000,"sd","10:59:40",1716800
26600,100,200,"sd","10:59:40",1715800
26600,100,600,"sd","10:59:40",1715600
26600,100,500,"sd","10:59:40",1715000
26600,100,400,"sd","10:59:01",1714500
26600,100,200,"sd","10:59:01",1714100
26600,100,400,"sd","10:59:01",1713900
26600,100,1000,"sd","10:58:19",1713500
26600,100,1000,"sd","10:58:14",1712500
26600,100,1000,"sd","10:58:12",1711500
26600,100,100,"sd","10:58:07",1710500
26600,100,2000,"sd","10:58:04",1710400
26600,100,1500,"sd","10:58:01",1708400
26600,100,500,"sd","10:58:01",1706900
26600,100,700,"sd","10:58:01",1706400
26600,100,500,"sd","10:58:01",1705700
26600,100,500,"sd","10:58:01",1705200
26600,100,100,"sd","10:58:01",1704700
26600,100,3900,"sd","10:58:01",1704600
26600,100,200,"sd","10:58:01",1700700
26600,100,100,"sd","10:58:01",1700500
26600,100,2000,"sd","10:58:01",1700400
26600,100,1000,"sd","10:58:01",1698400
26600,100,100,"sd","10:57:27",1697400
26600,100,100,"sd","10:57:27",1697300
26600,100,1800,"sd","10:57:27",1697200
26600,100,1500,"sd","10:56:50",1695400
26600,100,300,"sd","10:56:38",1693900
26600,100,1400,"sd","10:56:19",1693600
26600,100,100,"sd","10:56:19",1692200
26600,100,500,"sd","10:56:19",1692100
26600,100,200,"sd","10:56:19",1691600
26600,100,100,"sd","10:56:19",1691400
26600,100,100,"sd","10:56:19",1691300
26600,100,900,"sd","10:56:19",1691200
26600,100,1000,"sd","10:56:19",1690300
26600,100,400,"sd","10:56:19",1689300
26600,100,100,"sd","10:56:19",1688900
26600,100,100,"sd","10:56:19",1688800
26600,100,100,"sd","10:56:19",1688700
26650,150,200,"bu","10:55:50",1688600
26650,150,500,"bu","10:55:20",1688400
26650,150,100,"bu","10:55:18",1687900
26650,150,400,"sd","10:55:11",1687800
26650,150,500,"sd","10:55:11",1687400
26650,150,1000,"sd","10:54:46",1686900
26650,150,800,"sd","10:54:46",1685900
26650,150,1700,"bu","10:54:46",1685100
26650,150,1000,"bu","10:54:46",1683400
26600,100,100,"sd","10:54:46",1682400
26600,100,100,"sd","10:54:46",1682300
26600,100,300,"sd","10:54:46",1682200
26600,100,100,"sd","10:54:46",1681900
26600,100,1000,"sd","10:54:46",1681800
26600,100,500,"sd","10:54:46",1680800
26600,100,10000,"sd","10:54:46",1680300
26600,100,800,"sd","10:54:46",1670300
26600,100,7100,"sd","10:54:46",1669500
26600,100,3000,"sd","10:53:59",1662400
26600,100,26900,"sd","10:52:58",1659400
26600,100,100,"sd","10:52:58",1632500
26600,100,100,"sd","10:52:58",1632400
26650,150,100,"sd","10:52:58",1632300
26650,150,5000,"sd","10:52:58",1632200
26650,150,1000,"sd","10:52:58",1627200
26650,150,200,"sd","10:52:58",1626200
26650,150,100,"sd","10:52:58",1626000
26650,150,5000,"sd","10:52:58",1625900
26650,150,100,"sd","10:52:58",1620900
26650,150,5000,"sd","10:52:58",1620800
26650,150,1000,"sd","10:52:58",1615800
26650,150,400,"sd","10:52:58",1614800
26700,200,100,"bu","10:52:33",1614400
26700,200,500,"bu","10:52:33",1614300
26700,200,1400,"bu","10:52:33",1613800
26700,200,3200,"bu","10:52:29",1612400
26700,200,100,"bu","10:52:24",1609200
26700,200,600,"bu","10:52:15",1609100
26700,200,1600,"bu","10:51:44",1608500
26700,200,5800,"bu","10:50:53",1606900
26700,200,100,"bu","10:50:30",1601100
26700,200,2000,"bu","10:50:21",1601000
26700,200,2500,"sd","10:50:19",1599000
26700,200,100,"sd","10:50:19",1596500
26700,200,2400,"sd","10:50:19",1596400
26700,200,600,"sd","10:50:16",1594000
26700,200,200,"bu","10:50:09",1593400
26700,200,800,"bu","10:50:09",1593200
26700,200,200,"bu","10:49:59",1592400
26700,200,1000,"bu","10:49:59",1592200
26700,200,200,"bu","10:49:59",1591200
26700,200,100,"bu","10:49:59",1591000
26700,200,4900,"bu","10:49:57",1590900
26700,200,2000,"bu","10:49:57",1586000
26700,200,1000,"bu","10:49:57",1584000
26700,200,700,"bu","10:49:57",1583000
26700,200,1000,"bu","10:49:57",1582300
26700,200,400,"bu","10:49:57",1581300
26700,200,100,"bu","10:49:54",1580900
26700,200,100,"bu","10:49:46",1580800
26650,150,100,"sd","10:49:30",1580700
26650,150,2000,"sd","10:49:30",1580600
26650,150,200,"sd","10:49:30",1578600
26650,150,100,"sd","10:49:30",1578400
26650,150,100,"sd","10:49:30",1578300
26650,150,500,"sd","10:49:30",1578200
26650,150,2000,"sd","10:49:30",1577700
26650,150,1000,"sd","10:49:30",1575700
26650,150,400,"sd","10:49:30",1574700
26650,150,600,"sd","10:49:30",1574300
26700,200,100,"bu","10:49:02",1573700
26650,150,300,"sd","10:48:58",1573600
26650,150,4500,"sd","10:48:42",1573300
26650,150,200,"sd","10:48:37",1568800
26700,200,100,"bu","10:48:19",1568600
26700,200,100,"bu","10:48:15",1568500
26650,150,1900,"sd","10:48:08",1568400
26700,200,600,"sd","10:47:36",1566500
26700,200,1100,"bu","10:47:11",1565900
26700,200,200,"bu","10:47:11",1564800
26700,200,1000,"bu","10:47:11",1564600
26700,200,2000,"bu","10:47:11",1563600
26700,200,100,"bu","10:47:11",1561600
26700,200,700,"bu","10:47:06",1561500
26700,200,300,"bu","10:47:06",1560800
26700,200,1000,"bu","10:47:03",1560500
26700,200,700,"bu","10:46:47",1559500
26700,200,1000,"bu","10:46:47",1558800
26700,200,1000,"bu","10:46:47",1557800
26700,200,2300,"bu","10:46:47",1556800
26700,200,7700,"bu","10:46:28",1554500
26700,200,100,"bu","10:46:28",1546800
26700,200,100,"bu","10:46:28",1546700
26700,200,2000,"bu","10:46:28",1546600
26700,200,100,"bu","10:46:28",1544600
26700,200,3000,"bu","10:46:06",1544500
26700,200,5000,"bu","10:45:54",1541500
26650,150,500,"sd","10:45:36",1536500
26650,150,1000,"sd","10:45:23",1536000
26650,150,2500,"sd","10:44:56",1535000
26650,150,2100,"sd","10:44:03",1532500
26650,150,2900,"sd","10:44:03",1530400
26650,150,2000,"sd","10:43:59",1527500
26700,200,300,"bu","10:43:17",1525500
26700,200,5000,"bu","10:43:10",1525200
26700,200,300,"bu","10:43:08",1520200
26650,150,2000,"bu","10:42:32",1519900
26650,150,2000,"bu","10:42:32",1517900
26650,150,300,"bu","10:42:32",1515900
26650,150,100,"bu","10:42:15",1515600
26600,100,200,"sd","10:42:13",1515500
26600,100,100,"sd","10:42:13",1515300
26600,100,300,"sd","10:42:13",1515200
26600,100,100,"sd","10:42:13",1514900
26600,100,200,"sd","10:42:13",1514800
26600,100,4100,"sd","10:42:13",1514600
26650,150,100,"bu","10:41:59",1510500
26600,100,100,"sd","10:41:41",1510400
26650,150,500,"bu","10:41:37",1510300
26650,150,300,"bu","10:41:21",1509800
26650,150,300,"bu","10:40:57",1509500
26650,150,300,"bu","10:40:27",1509200
26650,150,100,"sd","10:40:16",1508900
26650,150,2000,"sd","10:40:16",1508800
26650,150,200,"bu","10:39:45",1506800
26650,150,200,"bu","10:39:34",1506600
26650,150,1200,"bu","10:39:25",1506400
26650,150,800,"bu","10:39:25",1505200
26650,150,100,"bu","10:39:23",1504400
26650,150,100,"bu","10:39:17",1504300
26650,150,100,"bu","10:39:17",1504200
26650,150,800,"bu","10:39:09",1504100
26650,150,100,"bu","10:39:09",1503300
26650,150,300,"bu","10:39:03",1503200
26650,150,500,"bu","10:38:58",1502900
26650,150,200,"bu","10:38:11",1502400
26650,150,300,"bu","10:37:36",1502200
26600,100,800,"sd","10:37:33",1501900
26600,100,200,"sd","10:37:33",1501100
26650,150,100,"bu","10:37:29",1500900
26650,150,500,"bu","10:37:10",1500800
26650,150,1000,"bu","10:37:10",1500300
26650,150,3000,"bu","10:37:10",1499300
26650,150,5000,"bu","10:37:10",1496300
26650,150,400,"bu","10:37:10",1491300
26650,150,100,"bu","10:37:04",1490900
26650,150,1000,"bu","10:36:52",1490800
26650,150,1000,"bu","10:36:52",1489800
26650,150,200,"bu","10:36:52",1488800
26650,150,1000,"bu","10:36:52",1488600
26650,150,600,"bu","10:36:52",1487600
26600,100,800,"sd","10:36:51",1487000
26600,100,200,"sd","10:36:51",1486200
26650,150,200,"bu","10:36:40",1486000
26650,150,300,"bu","10:36:40",1485800
26600,100,500,"sd","10:36:07",1485500
26650,150,200,"bu","10:36:01",1485000
26650,150,800,"bu","10:36:01",1484800
26600,100,1000,"sd","10:35:36",1484000
26600,100,500,"sd","10:35:33",1483000
26600,100,100,"sd","10:35:33",1482500
26600,100,100,"sd","10:35:33",1482400
26600,100,300,"sd","10:35:33",1482300
26650,150,100,"bu","10:35:30",1482000
26600,100,2000,"sd","10:35:29",1481900
26650,150,100,"bu","10:34:39",1479900
26650,150,200,"bu","10:34:39",1479800
26600,100,1000,"sd","10:34:37",1479600
26600,100,600,"sd","10:34:02",1478600
26600,100,1000,"sd","10:33:40",1478000
26600,100,100,"sd","10:33:05",1477000
26600,100,400,"sd","10:33:05",1476900
26600,100,600,"bu","10:31:29",1476500
26600,100,100,"bu","10:31:21",1475900
26600,100,300,"bu","10:31:21",1475800
26600,100,100,"bu","10:31:21",1475500
26550,50,100,"sd","10:31:00",1475400
26550,50,2200,"sd","10:30:42",1475300
26550,50,2200,"sd","10:30:42",1473100
26550,50,2000,"sd","10:30:35",1470900
26550,50,800,"sd","10:30:33",1468900
26550,50,100,"sd","10:30:33",1468100
26600,100,900,"bu","10:30:23",1468000
26600,100,1100,"bu","10:30:23",1467100
26600,100,100,"bu","10:30:19",1466000
26600,100,100,"bu","10:30:18",1465900
26600,100,3300,"bu","10:30:10",1465800
26600,100,200,"bu","10:29:43",1462500
26600,100,3800,"sd","10:29:17",1462300
26600,100,100,"sd","10:29:17",1458500
26600,100,500,"sd","10:29:17",1458400
26600,100,100,"sd","10:29:17",1457900
26600,100,700,"sd","10:29:17",1457800
26600,100,300,"sd","10:29:07",1457100
26600,100,200,"sd","10:29:07",1456800
26600,100,500,"sd","10:28:52",1456600
26600,100,500,"sd","10:28:52",1456100
26600,100,100,"sd","10:28:23",1455600
26600,100,500,"sd","10:28:23",1455500
26600,100,100,"sd","10:28:23",1455000
26600,100,300,"sd","10:28:23",1454900
26600,100,300,"sd","10:28:23",1454600
26600,100,200,"sd","10:28:23",1454300
26600,100,1500,"sd","10:28:23",1454100
26600,100,1000,"sd","10:28:23",1452600
26600,100,1800,"sd","10:28:23",1451600
26600,100,500,"sd","10:28:04",1449800
26600,100,200,"sd","10:28:00",1449300
26600,100,500,"sd","10:27:52",1449100
26650,150,1000,"bu","10:27:52",1448600
26650,150,100,"sd","10:26:36",1447600
26650,150,1000,"sd","10:26:36",1447500
26650,150,300,"sd","10:26:36",1446500
26650,150,5000,"sd","10:26:36",1446200
26650,150,5000,"sd","10:26:36",1441200
26650,150,1000,"sd","10:26:36",1436200
26650,150,1500,"sd","10:26:36",1435200
26650,150,5000,"sd","10:26:36",1433700
26650,150,1000,"sd","10:26:36",1428700
26650,150,2000,"sd","10:26:36",1427700
26650,150,100,"sd","10:26:36",1425700
26650,150,1200,"sd","10:26:36",1425600
26650,150,300,"sd","10:26:16",1424400
26700,200,100,"bu","10:25:33",1424100
26700,200,300,"sd","10:25:22",1424000
26700,200,900,"sd","10:25:22",1423700
26700,200,500,"sd","10:24:24",1422800
26700,200,500,"sd","10:24:11",1422300
26700,200,500,"sd","10:24:04",1421800
26700,200,400,"bu","10:23:41",1421300
26700,200,5900,"bu","10:23:41",1420900
26700,200,200,"bu","10:23:31",1415000
26700,200,500,"bu","10:23:25",1414800
26700,200,2000,"bu","10:22:27",1414300
26700,200,1400,"bu","10:22:09",1412300
26700,200,1000,"bu","10:22:09",1410900
26700,200,1000,"bu","10:22:09",1409900
26700,200,1600,"bu","10:22:09",1408900
26700,200,2400,"bu","10:21:34",1407300
26700,200,200,"bu","10:20:44",1404900
26700,200,1800,"sd","10:20:33",1404700
26700,200,4000,"sd","10:20:33",1402900
26700,200,2400,"sd","10:20:32",1398900
26750,250,100,"bu","10:20:30",1396500
26700,200,1000,"sd","10:20:27",1396400
26700,200,2500,"sd","10:20:24",1395400
26700,200,200,"sd","10:20:22",1392900
26700,200,16000,"sd","10:20:19",1392700
26700,200,1000,"sd","10:20:19",1376700
26700,200,5000,"sd","10:20:01",1375700
26700,200,1000,"sd","10:19:49",1370700
26700,200,10000,"sd","10:19:40",1369700
26700,200,12800,"sd","10:19:13",1359700
26700,200,1000,"sd","10:19:08",1346900
26700,200,3600,"sd","10:19:04",1345900
26700,200,200,"bu","10:18:55",1342300
26700,200,14200,"bu","10:18:55",1342100
26700,200,5000,"bu","10:18:34",1327900
26700,200,1000,"sd","10:18:23",1322900
26700,200,400,"sd","10:18:23",1321900
26700,200,2000,"sd","10:18:23",1321500
26700,200,400,"sd","10:18:23",1319500
26700,200,100,"sd","10:18:23",1319100
26700,200,500,"sd","10:18:23",1319000
26700,200,900,"sd","10:18:22",1318500
26700,200,300,"sd","10:18:22",1317600
26700,200,500,"sd","10:18:22",1317300
26700,200,5000,"sd","10:18:22",1316800
26700,200,2000,"sd","10:18:22",1311800
26700,200,4800,"sd","10:18:22",1309800
26700,200,500,"sd","10:18:22",1305000
26700,200,300,"sd","10:18:22",1304500
26700,200,1000,"sd","10:18:22",1304200
26700,200,3900,"sd","10:18:22",1303200
26700,200,39000,"sd","10:18:22",1299300
26700,200,100,"sd","10:18:22",1260300
26700,200,1800,"sd","10:18:22",1260200
26700,200,8000,"sd","10:18:22",1258400
26700,200,12300,"sd","10:18:22",1250400
26700,200,1000,"sd","10:18:22",1238100
26700,200,100,"sd","10:18:14",1237100
26700,200,5700,"sd","10:17:12",1237000
26700,200,4500,"sd","10:17:12",1231300
26700,200,3600,"sd","10:17:12",1226800
26700,200,5000,"sd","10:17:12",1223200
26700,200,500,"sd","10:17:12",1218200
26700,200,11200,"sd","10:17:12",1217700
26700,200,8000,"sd","10:17:12",1206500
26700,200,800,"sd","10:17:12",1198500
26700,200,700,"sd","10:17:12",1197700
26750,250,200,"bu","10:16:58",1197000
26750,250,1500,"bu","10:16:58",1196800
26750,250,300,"bu","10:16:58",1195300
26750,250,100,"bu","10:16:23",1195000
26750,250,1000,"bu","10:16:04",1194900
26750,250,600,"bu","10:15:46",1193900
26750,250,500,"bu","10:15:46",1193300
26750,250,900,"bu","10:15:46",1192800
26750,250,500,"bu","10:15:43",1191900
26750,250,600,"bu","10:15:39",1191400
26750,250,400,"bu","10:15:39",1190800
26750,250,600,"bu","10:15:26",1190400
26750,250,400,"bu","10:15:26",1189800
26750,250,1000,"bu","10:15:17",1189400
26750,250,1000,"bu","10:15:06",1188400
26750,250,300,"sd","10:15:01",1187400
26750,250,300,"sd","10:15:01",1187100
26750,250,1000,"sd","10:15:01",1186800
26750,250,100,"sd","10:15:01",1185800
26750,250,5900,"sd","10:15:01",1185700
26750,250,20000,"sd","10:14:18",1179800
26750,250,100,"sd","10:14:13",1159800
26750,250,15000,"sd","10:14:13",1159700
26750,250,4900,"sd","10:14:13",1144700
26750,250,300,"sd","10:13:53",1139800
26750,250,5000,"sd","10:13:29",1139500
26750,250,800,"sd","10:13:17",1134500
26750,250,1200,"sd","10:13:17",1133700
26800,300,300,"bu","10:13:07",1132500
26800,300,3000,"bu","10:12:57",1132200
26750,250,500,"sd","10:12:54",1129200
26800,300,800,"bu","10:12:28",1128700
26800,300,1200,"bu","10:12:28",1127900
26750,250,300,"sd","10:12:07",1126700
26750,250,100,"sd","10:12:07",1126400
26750,250,2500,"bu","10:11:39",1126300
26750,250,500,"bu","10:11:39",1123800
26750,250,4200,"bu","10:11:36",1123300
26750,250,100,"bu","10:11:36",1119100
26750,250,5400,"bu","10:11:36",1119000
26750,250,1300,"bu","10:11:34",1113600
26750,250,800,"bu","10:11:29",1112300
26750,250,1000,"bu","10:11:29",1111500
26750,250,1000,"bu","10:11:29",1110500
26750,250,500,"bu","10:11:29",1109500
26750,250,4000,"bu","10:11:29",1109000
26750,250,100,"bu","10:11:29",1105000
26750,250,1500,"bu","10:11:29",1104900
26750,250,5000,"bu","10:11:29",1103400
26750,250,4000,"bu","10:11:29",1098400
26750,250,5000,"bu","10:11:29",1094400
26750,250,1000,"bu","10:11:29",1089400
26750,250,1000,"bu","10:11:29",1088400
26750,250,1000,"bu","10:11:29",1087400
26750,250,400,"bu","10:11:29",1086400
26750,250,1000,"bu","10:11:29",1086000
26750,250,5000,"bu","10:11:29",1085000
26750,250,100,"bu","10:11:29",1080000
26750,250,500,"bu","10:11:29",1079900
26750,250,400,"bu","10:11:29",1079400
26750,250,100,"bu","10:11:29",1079000
26750,250,600,"bu","10:11:29",1078900
26750,250,1000,"bu","10:11:24",1078300
26750,250,8400,"bu","10:11:13",1077300
26750,250,1600,"bu","10:11:13",1068900
26750,250,1000,"bu","10:11:10",1067300
26750,250,1400,"bu","10:10:26",1066300
26700,200,100,"sd","10:10:13",1064900
26700,200,1000,"sd","10:09:38",1064800
26700,200,10000,"sd","10:09:31",1063800
26700,200,100,"sd","10:09:24",1053800
26700,200,100,"sd","10:08:57",1053700
26750,250,1000,"bu","10:08:47",1053600
26700,200,1500,"sd","10:08:31",1052600
26700,200,300,"sd","10:08:31",1051100
26700,200,300,"sd","10:08:31",1050800
26700,200,400,"sd","10:08:31",1050500
26700,200,10000,"sd","10:08:28",1050100
26700,200,800,"sd","10:08:20",1040100
26700,200,5000,"sd","10:08:12",1039300
26700,200,3800,"sd","10:08:01",1034300
26700,200,1800,"sd","10:08:01",1030500
26700,200,3900,"sd","10:08:01",1028700
26700,200,500,"sd","10:08:01",1024800
26700,200,1000,"sd","10:07:46",1024300
26700,200,400,"sd","10:07:43",1023300
26700,200,500,"sd","10:07:19",1022900
26700,200,1300,"sd","10:06:53",1022400
26700,200,500,"sd","10:06:41",1021100
26700,200,300,"sd","10:06:41",1020600
26700,200,200,"sd","10:06:30",1020300
26700,200,800,"sd","10:06:30",1020100
26700,200,1500,"sd","10:06:26",1019300
26700,200,1300,"sd","10:06:13",1017800
26700,200,700,"sd","10:06:13",1016500
26700,200,500,"sd","10:06:10",1015800
26700,200,2000,"sd","10:06:00",1015300
26700,200,400,"sd","10:05:57",1013300
26700,200,800,"sd","10:05:35",1012900
26700,200,4900,"sd","10:05:26",1012100
26700,200,1100,"sd","10:05:26",1007200
26700,200,2000,"sd","10:05:12",1006100
26700,200,200,"sd","10:05:08",1004100
26700,200,1000,"sd","10:05:07",1003900
26700,200,3000,"sd","10:05:06",1002900
26700,200,200,"sd","10:04:54",999900
26700,200,300,"sd","10:04:54",999700
26700,200,700,"bu","10:04:31",999400
26700,200,4300,"bu","10:04:24",998700
26700,200,200,"bu","10:04:24",994400
26700,200,100,"bu","10:04:21",994200
26700,200,800,"bu","10:04:21",994100
26700,200,200,"bu","10:04:19",993300
26700,200,2800,"bu","10:04:19",993100
26700,200,200,"bu","10:04:02",990300
26700,200,2000,"sd","10:03:57",990100
26700,200,5000,"bu","10:03:54",988100
26700,200,1000,"bu","10:03:54",983100
26700,200,100,"sd","10:03:47",982100
26700,200,3900,"sd","10:03:47",982000
26700,200,100,"sd","10:03:45",978100
26700,200,1000,"sd","10:03:31",978000
26700,200,100,"sd","10:03:25",977000
26700,200,4900,"sd","10:03:25",976900
26700,200,200,"sd","10:03:22",972000
26700,200,400,"sd","10:03:20",971800
26700,200,800,"sd","10:03:13",971400
26700,200,400,"sd","10:03:07",970600
26700,200,2000,"bu","10:03:05",970200
26700,200,200,"bu","10:03:05",968200
26700,200,200,"bu","10:03:05",968000
26700,200,400,"bu","10:03:05",967800
26700,200,500,"bu","10:03:05",967400
26700,200,4500,"bu","10:02:57",966900
26700,200,500,"bu","10:02:57",962400
26700,200,500,"bu","10:02:57",961900
26700,200,400,"bu","10:02:42",961400
26700,200,3600,"bu","10:02:37",961000
26700,200,600,"bu","10:02:37",957400
26700,200,200,"bu","10:02:37",956800
26700,200,100,"bu","10:02:37",956600
26700,200,500,"bu","10:02:37",956500
26700,200,500,"bu","10:02:32",956000
26700,200,500,"bu","10:02:32",955500
26650,150,5000,"sd","10:02:31",955000
26650,150,200,"sd","10:02:24",950000
26650,150,1200,"sd","10:02:23",949800
26650,150,500,"sd","10:02:22",948600
26650,150,100,"sd","10:02:17",948100
26650,150,1000,"sd","10:02:13",948000
26650,150,5400,"sd","10:01:59",947000
26700,200,400,"sd","10:01:59",941600
26700,200,2000,"sd","10:01:59",941200
26700,200,100,"sd","10:01:59",939200
26700,200,500,"sd","10:01:59",939100
26700,200,1000,"sd","10:01:59",938600
26700,200,200,"sd","10:01:59",937600
26700,200,100,"sd","10:01:59",937400
26700,200,300,"sd","10:01:59",937300
26750,250,100,"bu","10:01:58",937000
26700,200,700,"sd","10:01:41",936900
26700,200,1700,"sd","10:01:41",936200
26700,200,100,"sd","10:01:41",934500
26700,200,2000,"sd","10:01:41",934400
26700,200,5000,"sd","10:01:41",932400
26700,200,500,"sd","10:01:41",927400
26750,250,4900,"bu","10:01:32",926900
26750,250,100,"bu","10:01:32",922000
26750,250,900,"bu","10:01:22",921900
26750,250,4200,"bu","10:01:22",921000
26750,250,100,"bu","10:01:22",916800
26750,250,100,"sd","10:01:00",916700
26750,250,300,"sd","10:01:00",916600
26750,250,500,"sd","10:00:48",916300
26750,250,200,"sd","10:00:46",915800
26750,250,1400,"sd","10:00:46",915600
26750,250,3500,"sd","10:00:46",914200
26750,250,1000,"sd","10:00:46",910700
26750,250,2400,"sd","10:00:46",909700
26750,250,100,"sd","10:00:28",907300
26750,250,400,"sd","10:00:28",907200
26750,250,2000,"sd","10:00:18",906800
26750,250,3000,"sd","10:00:13",904800
26750,250,2000,"sd","10:00:13",901800
26800,300,1000,"bu","10:00:05",899800
26750,250,7600,"sd","09:59:58",898800
26750,250,1000,"sd","09:59:58",891200
26750,250,1000,"sd","09:59:58",890200
26750,250,400,"sd","09:59:58",889200
26750,250,2000,"sd","09:58:37",888800
26800,300,2800,"bu","09:58:21",886800
26800,300,1000,"bu","09:58:21",884000
26800,300,4200,"bu","09:58:21",883000
26800,300,400,"bu","09:57:20",878800
26800,300,100,"bu","09:57:11",878400
26800,300,300,"bu","09:57:05",878300
26800,300,900,"bu","09:57:05",878000
26800,300,1800,"bu","09:57:05",877100
26800,300,300,"bu","09:57:05",875300
26800,300,300,"bu","09:57:00",875000
26800,300,400,"bu","09:56:46",874700
26800,300,200,"bu","09:56:25",874300
26800,300,3000,"sd","09:56:21",874100
26800,300,500,"sd","09:56:21",871100
26800,300,200,"sd","09:56:21",870600
26800,300,1300,"sd","09:56:21",870400
26800,300,3500,"sd","09:56:10",869100
26800,300,200,"sd","09:56:07",865600
26800,300,100,"bu","09:55:53",865400
26800,300,500,"bu","09:55:53",865300
26800,300,3000,"bu","09:55:53",864800
26800,300,10000,"bu","09:55:53",861800
26800,300,1000,"bu","09:55:53",851800
26800,300,400,"bu","09:55:53",850800
26800,300,600,"bu","09:55:32",850400
26800,300,1000,"bu","09:55:32",849800
26800,300,200,"bu","09:55:32",848800
26800,300,500,"bu","09:55:32",848600
26800,300,700,"bu","09:55:32",848100
26750,250,100,"sd","09:55:32",847400
26750,250,1000,"sd","09:54:15",847300
26800,300,300,"bu","09:54:00",846300
26800,300,500,"bu","09:53:43",846000
26800,300,4500,"bu","09:53:43",845500
26800,300,5000,"sd","09:53:05",841000
26800,300,500,"sd","09:53:05",836000
26850,350,400,"bu","09:52:50",835500
26850,350,2000,"bu","09:52:50",835100
26850,350,100,"bu","09:52:50",833100
26800,300,1000,"bu","09:52:50",833000
26800,300,1000,"bu","09:52:50",832000
26800,300,1500,"sd","09:52:43",831000
26800,300,200,"sd","09:52:35",829500
26800,300,1300,"sd","09:52:32",829300
26800,300,700,"sd","09:52:32",828000
26800,300,1000,"sd","09:52:32",827300
26800,300,2000,"bu","09:52:16",826300
26800,300,300,"bu","09:52:16",824300
26800,300,200,"bu","09:52:16",824000
26800,300,500,"bu","09:52:16",823800
26800,300,200,"bu","09:52:16",823300
26800,300,300,"bu","09:52:16",823100
26800,300,3000,"bu","09:52:16",822800
26800,300,500,"bu","09:52:16",819800
26800,300,500,"bu","09:52:16",819300
26800,300,100,"bu","09:52:16",818800
26800,300,300,"bu","09:52:16",818700
26800,300,400,"bu","09:52:16",818400
26800,300,1000,"bu","09:52:07",818000
26800,300,1600,"bu","09:51:53",817000
26800,300,1000,"bu","09:51:53",815400
26800,300,200,"bu","09:51:53",814400
26800,300,500,"bu","09:51:53",814200
26800,300,1700,"bu","09:51:53",813700
26800,300,200,"bu","09:51:51",812000
26750,250,1500,"bu","09:51:33",811800
26750,250,3500,"bu","09:51:33",810300
26750,250,3000,"bu","09:51:33",806800
26700,200,3500,"bu","09:51:06",803800
26700,200,100,"bu","09:51:03",800300
26700,200,1000,"sd","09:50:54",800200
26700,200,3000,"sd","09:50:54",799200
26700,200,100,"sd","09:50:54",796200
26700,200,10000,"sd","09:50:54",796100
26700,200,900,"sd","09:50:54",786100
26750,250,1400,"sd","09:50:54",785200
26800,300,100,"bu","09:50:36",783800
26750,250,5000,"bu","09:50:27",783700
26750,250,800,"bu","09:50:27",778700
26750,250,400,"bu","09:50:27",777900
26750,250,17700,"bu","09:50:27",777500
26750,250,1000,"bu","09:50:27",759800
26750,250,200,"bu","09:50:27",758800
26750,250,3000,"bu","09:50:27",758600
26750,250,500,"bu","09:50:27",755600
26750,250,100,"bu","09:50:22",755100
26750,250,500,"bu","09:50:19",755000
26750,250,100,"bu","09:50:16",754500
26700,200,3900,"sd","09:50:12",754400
26700,200,1100,"sd","09:50:12",750500
26750,250,2000,"bu","09:49:55",749400
26700,200,3000,"sd","09:49:53",747400
26700,200,5000,"bu","09:49:46",744400
26700,200,900,"bu","09:49:46",739400
26700,200,5400,"bu","09:49:40",738500
26700,200,100,"bu","09:49:28",733100
26700,200,3000,"bu","09:49:27",733000
26700,200,1000,"bu","09:49:16",730000
26700,200,300,"bu","09:49:12",729000
26700,200,7300,"sd","09:49:03",728700
26700,200,200,"bu","09:48:52",721400
26700,200,100,"bu","09:48:52",721200
26700,200,100,"bu","09:48:52",721100
26700,200,100,"bu","09:48:52",721000
26700,200,10000,"bu","09:48:52",720900
26700,200,2200,"bu","09:48:52",710900
26650,150,1500,"sd","09:48:49",708700
26700,200,800,"bu","09:48:44",707200
26700,200,100,"bu","09:48:44",706400
26700,200,500,"bu","09:48:44",706300
26700,200,1500,"bu","09:48:44",705800
26700,200,500,"bu","09:48:44",704300
26700,200,300,"bu","09:48:44",703800
26700,200,100,"bu","09:48:44",703500
26700,200,100,"bu","09:48:44",703400
26700,200,1000,"bu","09:48:44",703300
26700,200,100,"bu","09:48:44",702300
26650,150,100,"sd","09:48:41",702200
26650,150,5000,"bu","09:48:26",702100
26650,150,3000,"bu","09:48:26",697100
26650,150,2000,"bu","09:48:26",694100
26650,150,1300,"bu","09:48:26",692100
26650,150,3700,"bu","09:48:09",690800
26650,150,300,"bu","09:48:09",687100
26650,150,500,"bu","09:48:09",686800
26650,150,500,"bu","09:48:09",686300
26650,150,2800,"bu","09:48:09",685800
26650,150,300,"bu","09:48:09",683000
26650,150,100,"bu","09:48:09",682700
26650,150,1500,"bu","09:48:09",682600
26650,150,400,"bu","09:48:09",681100
26650,150,200,"bu","09:48:09",680700
26650,150,5700,"bu","09:48:09",680500
26600,100,100,"sd","09:48:09",674800
26600,100,100,"sd","09:48:05",674700
26600,100,300,"bu","09:47:50",674600
26600,100,200,"sd","09:47:29",674300
26600,100,1000,"sd","09:47:29",674100
26600,100,1000,"sd","09:47:29",673100
26600,100,1400,"sd","09:47:29",672100
26600,100,500,"sd","09:47:29",670700
26600,100,600,"sd","09:47:29",670200
26600,100,4400,"sd","09:47:21",669600
26600,100,600,"sd","09:47:21",665200
26650,150,100,"bu","09:47:19",664600
26650,150,500,"bu","09:47:16",664500
26650,150,2000,"bu","09:47:15",664000
26650,150,1700,"bu","09:47:08",662000
26650,150,300,"bu","09:47:08",660300
26650,150,200,"bu","09:46:56",660000
26650,150,500,"bu","09:46:51",659800
26650,150,100,"bu","09:46:51",659300
26600,100,5000,"bu","09:46:41",659200
26600,100,300,"bu","09:46:41",654200
26600,100,2000,"bu","09:46:41",653900
26600,100,2100,"bu","09:46:41",651900
26600,100,300,"bu","09:46:36",649800
26600,100,100,"bu","09:46:36",649500
26600,100,700,"bu","09:46:36",649400
26600,100,100,"bu","09:46:29",648700
26600,100,200,"bu","09:46:24",648600
26600,100,800,"bu","09:46:24",648400
26600,100,2200,"bu","09:46:24",647600
26600,100,2500,"bu","09:46:24",645400
26600,100,300,"bu","09:46:24",642900
26600,100,4000,"bu","09:45:34",642600
26550,50,4600,"bu","09:45:11",638600
26550,50,400,"sd","09:45:10",634000
26550,50,500,"sd","09:45:08",633600
26600,100,700,"bu","09:45:04",633100
26550,50,100,"bu","09:44:50",632400
26550,50,800,"bu","09:44:45",632300
26550,50,1000,"bu","09:44:45",631500
26550,50,3000,"bu","09:44:45",630500
26550,50,100,"bu","09:44:45",627500
26550,50,100,"bu","09:44:45",627400
26550,50,5000,"bu","09:44:45",627300
26550,50,100,"bu","09:44:45",622300
26550,50,500,"bu","09:44:45",622200
26550,50,100,"bu","09:44:45",621700
26550,50,2000,"bu","09:44:45",621600
26550,50,2200,"bu","09:44:45",619600
26550,50,300,"bu","09:44:45",617400
26550,50,20800,"bu","09:44:45",617100
26550,50,8100,"bu","09:44:22",596300
26500,0,2000,"bu","09:44:22",588200
26500,0,5000,"bu","09:44:22",586200
26500,0,2500,"bu","09:44:22",581200
26500,0,500,"bu","09:44:21",578700
26500,0,100,"bu","09:44:21",578200
26500,0,4900,"bu","09:44:18",578100
26500,0,5100,"bu","09:44:18",573200
26500,0,300,"bu","09:44:17",568100
26500,0,100,"bu","09:44:11",567800
26500,0,200,"bu","09:44:08",567700
26500,0,100,"bu","09:43:57",567500
26500,0,100,"bu","09:43:55",567400
26500,0,2000,"bu","09:43:54",567300
26500,0,100,"bu","09:43:52",565300
26500,0,100,"bu","09:43:50",565200
26500,0,300,"bu","09:43:49",565100
26500,0,300,"bu","09:43:36",564800
26500,0,100,"bu","09:43:35",564500
26500,0,1700,"bu","09:43:31",564400
26500,0,1500,"bu","09:43:31",562700
26500,0,2800,"bu","09:43:31",561200
26500,0,1000,"bu","09:43:22",558400
26500,0,300,"bu","09:43:20",557400
26500,0,1000,"bu","09:43:19",557100
26500,0,100,"bu","09:42:52",556100
26500,0,100,"bu","09:42:22",556000
26500,0,2200,"bu","09:42:15",555900
26500,0,100,"bu","09:42:12",553700
26500,0,1000,"bu","09:42:04",553600
26500,0,200,"bu","09:42:00",552600
26500,0,1200,"sd","09:41:53",552400
26500,0,1000,"sd","09:41:53",551200
26500,0,5000,"sd","09:41:53",550200
26500,0,100,"sd","09:41:53",545200
26500,0,1000,"sd","09:41:53",545100
26500,0,200,"sd","09:41:53",544100
26500,0,5000,"sd","09:41:53",543900
26500,0,400,"sd","09:41:53",538900
26500,0,4800,"sd","09:41:53",538500
26500,0,100,"sd","09:41:53",533700
26500,0,5000,"sd","09:41:53",533600
26500,0,1500,"sd","09:41:53",528600
26500,0,2000,"sd","09:41:53",527100
26500,0,13900,"sd","09:41:53",525100
26500,0,10000,"sd","09:40:11",511200
26500,0,100,"sd","09:39:57",501200
26500,0,2000,"sd","09:39:37",501100
26500,0,1500,"sd","09:39:12",499100
26550,50,300,"bu","09:39:12",497600
26500,0,10000,"bu","09:39:05",497300
26500,0,10000,"bu","09:39:05",487300
26500,0,1000,"bu","09:39:05",477300
26500,0,1500,"bu","09:39:05",476300
26500,0,3000,"bu","09:38:57",474800
26500,0,200,"sd","09:38:50",471800
26500,0,400,"sd","09:38:50",471600
26500,0,1000,"sd","09:38:50",471200
26500,0,100,"sd","09:38:49",470200
26500,0,1700,"sd","09:38:49",470100
26500,0,200,"sd","09:38:49",468400
26500,0,500,"sd","09:38:49",468200
26500,0,100,"sd","09:38:49",467700
26500,0,200,"sd","09:38:49",467600
26500,0,500,"sd","09:38:49",467400
26500,0,600,"sd","09:38:49",466900
26500,0,1400,"sd","09:38:46",466300
26500,0,100,"sd","09:38:46",464900
26500,0,100,"sd","09:38:46",464800
26500,0,2500,"sd","09:38:46",464700
26500,0,400,"sd","09:38:46",462200
26500,0,2000,"sd","09:38:46",461800
26500,0,1900,"sd","09:38:46",459800
26500,0,1700,"sd","09:38:44",457900
26500,0,100,"sd","09:38:44",456200
26500,0,1000,"sd","09:38:40",456100
26500,0,5000,"sd","09:38:34",455100
26500,0,300,"sd","09:38:31",450100
26500,0,100,"sd","09:38:30",449800
26500,0,300,"sd","09:38:30",449700
26500,0,500,"sd","09:38:30",449400
26500,0,100,"sd","09:38:25",448900
26500,0,500,"sd","09:38:25",448800
26500,0,500,"sd","09:38:25",448300
26500,0,1000,"sd","09:38:21",447800
26500,0,500,"sd","09:38:16",446800
26500,0,200,"sd","09:38:16",446300
26500,0,2800,"sd","09:38:16",446100
26500,0,700,"sd","09:38:11",443300
26500,0,6500,"sd","09:37:43",442600
26500,0,200,"sd","09:37:43",436100
26500,0,500,"sd","09:37:43",435900
26500,0,300,"sd","09:37:43",435400
26500,0,2500,"sd","09:37:43",435100
26500,0,2000,"sd","09:37:37",432600
26500,0,500,"sd","09:37:37",430600
26500,0,100,"sd","09:37:37",430100
26500,0,1400,"sd","09:37:37",430000
26500,0,3600,"sd","09:37:28",428600
26500,0,1000,"sd","09:37:28",425000
26500,0,300,"sd","09:37:28",424000
26500,0,500,"sd","09:37:28",423700
26500,0,1000,"sd","09:37:28",423200
26500,0,300,"sd","09:37:28",422200
26500,0,300,"sd","09:37:28",421900
26500,0,1000,"sd","09:37:28",421600
26500,0,500,"sd","09:37:28",420600
26500,0,1500,"sd","09:37:28",420100
26550,50,100,"bu","09:37:21",418600
26550,50,400,"bu","09:36:47",418500
26550,50,100,"bu","09:36:32",418100
26550,50,200,"bu","09:36:05",418000
26550,50,100,"bu","09:36:01",417800
26550,50,100,"bu","09:36:01",417700
26550,50,600,"bu","09:35:25",417600
26550,50,1400,"bu","09:35:25",417000
26550,50,2000,"bu","09:35:23",415600
26500,0,500,"sd","09:35:22",413600
26500,0,500,"sd","09:35:22",413100
26550,50,100,"bu","09:34:57",412600
26500,0,1000,"sd","09:34:53",412500
26550,50,100,"bu","09:34:49",411500
26500,0,2500,"sd","09:34:29",411400
26500,0,2500,"sd","09:34:29",408900
26550,50,400,"bu","09:34:25",406400
26500,0,2500,"sd","09:33:57",406000
26500,0,200,"sd","09:33:57",403500
26500,0,1500,"sd","09:33:57",403300
26500,0,3000,"sd","09:33:57",401800
26500,0,3200,"sd","09:33:57",398800
26500,0,100,"sd","09:33:57",395600
26500,0,500,"sd","09:33:57",395500
26500,0,5000,"sd","09:33:57",395000
26500,0,100,"sd","09:33:57",390000
26500,0,1000,"sd","09:33:57",389900
26500,0,4000,"sd","09:33:57",388900
26500,0,3000,"sd","09:33:57",384900
26500,0,5000,"sd","09:33:57",381900
26500,0,100,"sd","09:33:57",376900
26500,0,100,"sd","09:33:57",376800
26550,50,1000,"bu","09:33:40",376700
26550,50,100,"sd","09:33:32",375700
26550,50,700,"sd","09:33:32",375600
26550,50,200,"sd","09:33:31",374900
26550,50,3000,"sd","09:33:27",374700
26550,50,1000,"sd","09:33:26",371700
26550,50,1000,"sd","09:33:26",370700
26550,50,6000,"sd","09:33:26",369700
26550,50,3000,"sd","09:33:26",363700
26550,50,100,"sd","09:33:26",360700
26550,50,300,"sd","09:33:26",360600
26550,50,3000,"sd","09:33:26",360300
26550,50,100,"sd","09:33:26",357300
26550,50,2600,"sd","09:33:26",357200
26550,50,2900,"sd","09:33:26",354600
26550,50,100,"sd","09:33:17",351700
26550,50,200,"sd","09:33:05",351600
26550,50,100,"sd","09:33:03",351400
26550,50,400,"sd","09:32:55",351300
26550,50,4000,"sd","09:32:44",350900
26550,50,2000,"sd","09:32:42",346900
26550,50,800,"sd","09:32:38",344900
26550,50,1000,"sd","09:32:38",344100
26550,50,2000,"sd","09:32:37",343100
26550,50,4000,"sd","09:32:31",341100
26550,50,2500,"sd","09:32:17",337100
26550,50,100,"sd","09:32:17",334600
26550,50,1000,"sd","09:32:02",334500
26550,50,100,"sd","09:32:00",333500
26600,100,300,"bu","09:31:56",333400
26550,50,100,"sd","09:31:43",333100
26550,50,100,"sd","09:30:56",333000
26600,100,200,"bu","09:30:54",332900
26550,50,1000,"sd","09:30:37",332700
26550,50,1000,"sd","09:30:29",331700
26600,100,100,"bu","09:30:20",330700
26550,50,100,"sd","09:30:17",330600
26550,50,1500,"sd","09:30:12",330500
26550,50,400,"sd","09:30:10",329000
26550,50,200,"sd","09:30:10",328600
26550,50,4400,"sd","09:30:10",328400
26550,50,600,"sd","09:30:01",324000
26550,50,5000,"sd","09:30:01",323400
26550,50,100,"sd","09:30:01",318400
26550,50,200,"sd","09:30:01",318300
26550,50,100,"sd","09:30:01",318100
26550,50,200,"sd","09:30:01",318000
26550,50,100,"sd","09:30:01",317800
26550,50,1000,"sd","09:30:01",317700
26550,50,2700,"sd","09:30:01",316700
26550,50,1500,"sd","09:29:56",314000
26550,50,800,"sd","09:29:53",312500
26550,50,200,"sd","09:29:53",311700
26550,50,900,"sd","09:29:51",311500
26550,50,100,"sd","09:29:51",310600
26550,50,1500,"sd","09:29:50",310500
26550,50,2000,"sd","09:29:45",309000
26600,100,400,"bu","09:29:45",307000
26550,50,500,"sd","09:29:44",306600
26550,50,2600,"sd","09:29:44",306100
26550,50,3000,"sd","09:29:36",303500
26550,50,500,"sd","09:29:32",300500
26550,50,600,"sd","09:29:28",300000
26550,50,2000,"sd","09:29:27",299400
26550,50,100,"sd","09:29:24",297400
26550,50,500,"sd","09:29:20",297300
26550,50,1000,"sd","09:29:01",296800
26550,50,600,"bu","09:28:52",295800
26500,0,2000,"sd","09:28:51",295200
26550,50,1400,"bu","09:28:50",293200
26550,50,600,"bu","09:28:50",291800
26550,50,1000,"sd","09:28:45",291200
26550,50,400,"sd","09:28:45",290200
26550,50,9600,"sd","09:28:40",289800
26550,50,400,"sd","09:28:40",280200
26550,50,2000,"sd","09:28:39",279800
26550,50,5000,"sd","09:28:35",277800
26550,50,500,"sd","09:28:30",272800
26550,50,2400,"sd","09:28:30",272300
26550,50,1000,"sd","09:28:30",269900
26550,50,100,"sd","09:28:30",268900
26550,50,1000,"sd","09:28:30",268800
26550,50,3500,"sd","09:28:20",267800
26550,50,1500,"sd","09:28:20",264300
26550,50,500,"sd","09:27:50",262800
26550,50,500,"sd","09:27:50",262300
26550,50,500,"sd","09:27:50",261800
26550,50,1500,"sd","09:27:50",261300
26600,100,200,"bu","09:27:46",259800
26600,100,1000,"bu","09:27:46",259600
26600,100,1000,"bu","09:27:46",258600
26600,100,800,"bu","09:27:46",257600
26600,100,200,"bu","09:27:36",256800
26600,100,300,"bu","09:27:36",256600
26600,100,2500,"bu","09:27:36",256300
26600,100,2500,"bu","09:27:11",253800
26600,100,500,"bu","09:27:11",251300
26600,100,2000,"bu","09:27:04",250800
26600,100,500,"bu","09:27:03",248800
26600,100,2500,"bu","09:27:03",248300
26600,100,3000,"bu","09:26:53",245800
26600,100,700,"sd","09:26:51",242800
26600,100,200,"sd","09:26:51",242100
26600,100,500,"sd","09:26:51",241900
26600,100,2000,"sd","09:26:51",241400
26600,100,1100,"sd","09:26:51",239400
26600,100,900,"sd","09:26:50",238300
26600,100,600,"sd","09:26:50",237400
26600,100,4400,"sd","09:26:45",236800
26600,100,3300,"sd","09:26:45",232400
26600,100,200,"sd","09:26:45",229100
26600,100,2100,"sd","09:26:45",228900
26600,100,1900,"sd","09:26:31",226800
26600,100,100,"sd","09:26:31",224900
26600,100,1000,"sd","09:26:31",224800
26600,100,7000,"sd","09:26:31",223800
26600,100,2000,"sd","09:26:26",216800
26600,100,1000,"sd","09:26:17",214800
26600,100,100,"sd","09:26:17",213800
26600,100,5000,"sd","09:26:17",213700
26600,100,900,"sd","09:26:17",208700
26600,100,200,"sd","09:26:17",207800
26600,100,100,"sd","09:26:17",207600
26600,100,500,"sd","09:26:17",207500
26600,100,1000,"sd","09:26:17",207000
26600,100,1000,"sd","09:26:17",206000
26600,100,100,"sd","09:26:17",205000
26600,100,100,"sd","09:26:17",204900
26600,100,5500,"sd","09:26:00",204800
26600,100,300,"sd","09:26:00",199300
26600,100,100,"sd","09:26:00",199000
26600,100,300,"sd","09:26:00",198900
26600,100,1800,"sd","09:26:00",198600
26600,100,5000,"sd","09:25:35",196800
26600,100,1000,"sd","09:25:31",191800
26600,100,2200,"sd","09:25:21",190800
26600,100,500,"sd","09:25:21",188600
26600,100,300,"sd","09:25:21",188100
26600,100,1700,"sd","09:25:21",187800
26600,100,600,"sd","09:25:21",186100
26600,100,700,"sd","09:25:21",185500
26600,100,8000,"sd","09:25:14",184800
26600,100,1000,"sd","09:24:36",176800
26650,150,1000,"bu","09:24:28",175800
26650,150,800,"bu","09:24:23",174800
26650,150,2000,"bu","09:24:21",174000
26650,150,200,"bu","09:24:16",172000
26750,250,300,"bu","09:23:53",171800
26750,250,1500,"bu","09:23:53",171500
26700,200,1500,"bu","09:23:53",170000
26700,200,100,"bu","09:23:53",168500
26700,200,6600,"bu","09:23:53",168400
26600,100,5100,"sd","09:23:40",161800
26650,150,1000,"sd","09:23:40",156700
26650,150,100,"sd","09:23:40",155700
26650,150,600,"sd","09:23:40",155600
26650,150,600,"sd","09:23:40",155000
26650,150,2000,"sd","09:23:40",154400
26650,150,600,"sd","09:23:40",152400
26700,200,400,"bu","09:23:38",151800
26700,200,300,"bu","09:23:38",151400
26700,200,4700,"bu","09:23:37",151100
26700,200,500,"bu","09:23:37",146400
26700,200,1000,"bu","09:23:37",145900
26700,200,3800,"bu","09:23:37",144900
26700,200,2000,"bu","09:23:24",141100
26650,150,4400,"sd","09:23:17",139100
26650,150,300,"sd","09:23:17",134700
26650,150,300,"sd","09:23:17",134400
26650,150,500,"sd","09:23:10",134100
26650,150,3000,"sd","09:22:59",133600
26650,150,200,"sd","09:22:39",130600
26650,150,700,"sd","09:22:28",130400
26650,150,100,"sd","09:22:28",129700
26650,150,200,"sd","09:22:28",129600
26700,200,200,"bu","09:22:23",129400
26650,150,5000,"bu","09:22:16",129200
26650,150,800,"bu","09:22:13",124200
26650,150,2000,"bu","09:22:02",123400
26650,150,100,"bu","09:22:02",121400
26650,150,100,"bu","09:21:51",121300
26650,150,1000,"sd","09:21:45",121200
26650,150,900,"sd","09:21:45",120200
26650,150,100,"sd","09:21:45",119300
26700,200,1000,"bu","09:21:38",119200
26650,150,4900,"bu","09:21:22",118200
26650,150,100,"bu","09:21:13",113300
26600,100,2000,"bu","09:20:54",113200
26600,100,100,"bu","09:20:54",111200
26600,100,3100,"bu","09:20:54",111100
26600,100,200,"bu","09:20:44",108000
26600,100,200,"bu","09:20:37",107800
26600,100,500,"bu","09:20:34",107600
26600,100,5000,"bu","09:20:24",107100
26600,100,100,"bu","09:20:17",102100
26600,100,100,"bu","09:20:14",102000
26600,100,100,"sd","09:20:09",101900
26600,100,800,"bu","09:20:02",101800
26600,100,2000,"bu","09:20:01",101000
26600,100,700,"bu","09:19:50",99000
26600,100,200,"bu","09:19:50",98300
26600,100,200,"bu","09:19:50",98100
26600,100,300,"bu","09:19:50",97900
26600,100,1300,"bu","09:19:50",97600
26600,100,1000,"bu","09:19:45",96300
26600,100,100,"bu","09:19:44",95300
26600,100,100,"bu","09:19:22",95200
26600,100,1000,"bu","09:19:21",95100
26600,100,1500,"bu","09:19:01",94100
26600,100,3000,"bu","09:19:01",92600
26600,100,2000,"bu","09:19:01",89600
26600,100,3000,"bu","09:19:01",87600
26550,50,3500,"bu","09:18:46",84600
26550,50,6500,"bu","09:18:41",81100
26550,50,500,"bu","09:18:41",74600
26550,50,200,"bu","09:18:41",74100
26550,50,1000,"bu","09:18:41",73900
26550,50,1200,"bu","09:18:41",72900
26550,50,100,"bu","09:18:39",71700
26500,0,500,"sd","09:18:30",71600
26500,0,500,"sd","09:18:21",71100
26500,0,3400,"bu","09:18:16",70600
26500,0,300,"bu","09:18:15",67200
26500,0,100,"bu","09:18:14",66900
26500,0,100,"bu","09:18:10",66800
26500,0,1000,"sd","09:18:00",66700
26500,0,100,"sd","09:18:00",65700
26500,0,900,"sd","09:17:52",65600
26500,0,4100,"sd","09:17:52",64700
26500,0,900,"sd","09:17:18",60600
26500,0,2000,"sd","09:17:18",59700
26500,0,5000,"sd","09:17:18",57700
26500,0,3000,"sd","09:17:18",52700
26500,0,100,"sd","09:17:18",49700
26500,0,500,"sd","09:17:18",49600
26500,0,2000,"sd","09:17:18",49100
26500,0,500,"sd","09:17:18",47100
26500,0,100,"sd","09:17:18",46600
26500,0,200,"sd","09:17:18",46500
26500,0,100,"sd","09:17:18",46300
26500,0,200,"sd","09:17:18",46200
26500,0,1000,"sd","09:17:18",46000
26500,0,100,"sd","09:17:18",45000
26500,0,100,"sd","09:17:18",44900
26500,0,500,"sd","09:17:18",44800
26500,0,100,"sd","09:17:18",44300
26500,0,300,"sd","09:17:18",44200
26500,0,500,"sd","09:17:18",43900
26500,0,100,"sd","09:17:18",43400
26500,0,100,"sd","09:17:18",43300
26500,0,2600,"sd","09:17:18",43200
26550,50,100,"bu","09:17:14",40600
26550,50,500,"sd","09:17:14",40500
26550,50,100,"sd","09:17:14",40000
26550,50,400,"bu","09:16:53",39900
26550,50,100,"bu","09:16:50",39500
26550,50,300,"sd","09:16:41",39400
26500,0,400,"sd","09:16:34",39100
26500,0,300,"sd","09:16:34",38700
26500,0,100,"sd","09:16:34",38400
26500,0,1000,"sd","09:16:34",38300
26500,0,2000,"sd","09:16:34",37300
26500,0,500,"sd","09:16:34",35300
26500,0,2500,"sd","09:16:34",34800
26550,50,10000,"sd","09:16:34",32300
26550,50,200,"sd","09:16:34",22300
26550,50,1100,"sd","09:16:34",22100
26550,50,100,"bu","09:16:24",21000
26550,50,700,"bu","09:16:12",20900
26550,50,200,"sd","09:16:03",20200
26550,50,1000,"sd","09:16:03",20000
26550,50,2000,"sd","09:16:03",19000
26550,50,2000,"sd","09:16:03",17000
26550,50,500,"bu","09:15:26",15000
26550,50,200,"bu","09:15:11",14500
26500,0,14300,"sd","09:15:01",14300
