"price","change","match_qtty","side","time","total_vol"
23850,50,2200,"sd","14:44:59",176800
23900,100,100,"bu","14:29:18",174600
23850,50,300,"sd","14:28:52",174500
23850,50,300,"sd","14:28:52",174200
23850,50,100,"sd","14:28:35",173900
23850,50,100,"sd","14:28:35",173800
23850,50,100,"sd","14:26:32",173700
23850,50,500,"sd","14:26:32",173600
23850,50,2200,"sd","14:26:32",173100
23850,50,100,"sd","14:26:32",170900
23850,50,1600,"sd","14:26:32",170800
23900,100,300,"bu","14:23:19",169200
23850,50,200,"sd","14:15:18",168900
23900,100,200,"bu","14:13:06",168700
23900,100,100,"bu","14:12:06",168500
23900,100,500,"bu","14:11:03",168400
23850,50,200,"sd","14:10:19",167900
23850,50,200,"sd","14:08:38",167700
23850,50,1000,"sd","14:07:00",167500
24000,200,100,"bu","14:05:19",166500
23850,50,1800,"sd","14:04:46",166400
23900,100,600,"sd","14:04:12",164600
23900,100,100,"sd","14:03:42",164000
23900,100,1000,"sd","14:03:33",163900
23900,100,800,"sd","14:02:22",162900
23900,100,900,"sd","14:02:22",162100
24000,200,1300,"sd","13:56:14",161200
24000,200,200,"sd","13:56:09",159900
24000,200,500,"sd","13:54:50",159700
24000,200,1000,"sd","13:51:38",159200
24050,250,200,"sd","13:47:32",158200
24050,250,500,"sd","13:46:48",158000
24050,250,2300,"sd","13:45:54",157500
24050,250,2000,"bu","13:44:44",155200
24000,200,400,"bu","13:44:42",153200
24000,200,1000,"bu","13:44:42",152800
24000,200,600,"bu","13:44:42",151800
23900,100,100,"bu","13:44:27",151200
23900,100,1500,"bu","13:44:27",151100
23800,0,100,"sd","13:43:09",149600
23800,0,1600,"sd","13:41:01",149500
23800,0,1000,"sd","13:27:40",147900
23800,0,1000,"sd","13:24:26",146900
23900,100,300,"sd","13:19:02",145900
23900,100,300,"sd","13:19:02",145600
23900,100,300,"sd","13:19:02",145300
23900,100,1100,"sd","13:19:02",145000
23900,100,1100,"sd","13:18:40",143900
23900,100,2800,"sd","13:17:48",142800
23950,150,5000,"sd","13:17:48",140000
23950,150,200,"sd","13:17:48",135000
24000,200,400,"sd","13:12:20",134800
24000,200,4600,"sd","13:11:54",134400
24100,300,4000,"sd","13:07:32",129800
24100,300,1000,"sd","13:06:05",125800
24150,350,400,"bu","13:01:55",124800
24000,200,100,"sd","13:00:59",124400
24000,200,100,"sd","13:00:59",124300
24000,200,100,"sd","13:00:59",124200
24000,200,2000,"sd","13:00:59",124100
24000,200,2700,"sd","13:00:59",122100
24000,200,1300,"sd","13:00:01",119400
24000,200,200,"sd","13:00:00",118100
24000,200,100,"sd","13:00:00",117900
24000,200,300,"sd","13:00:00",117800
24100,300,100,"unknown","13:00:00",117500
24200,400,200,"bu","11:28:19",117400
24150,350,100,"sd","11:24:24",117200
24150,350,4000,"sd","11:23:07",117100
24150,350,700,"sd","11:22:08",113100
24150,350,500,"sd","11:21:37",112400
24150,350,200,"sd","11:21:34",111900
24150,350,1000,"sd","11:21:34",111700
24150,350,1800,"sd","11:21:34",110700
24150,350,400,"sd","11:19:41",108900
24150,350,800,"sd","11:17:49",108500
24200,400,100,"sd","11:13:43",107700
24200,400,1500,"sd","11:13:33",107600
24200,400,300,"sd","11:13:33",106100
24200,400,1000,"sd","11:13:33",105800
24200,400,200,"sd","11:13:33",104800
24200,400,100,"sd","11:13:13",104600
24250,450,500,"bu","10:52:43",104500
24250,450,500,"bu","10:52:43",104000
24250,450,100,"bu","10:51:42",103500
24250,450,700,"bu","10:48:42",103400
24250,450,300,"bu","10:48:42",102700
24250,450,1000,"sd","10:39:24",102400
24250,450,100,"sd","10:39:24",101400
24250,450,100,"sd","10:37:08",101300
24250,450,400,"sd","10:37:08",101200
24250,450,1000,"sd","10:31:02",100800
24250,450,100,"sd","10:29:29",99800
24250,450,200,"sd","10:25:29",99700
24250,450,500,"sd","10:23:26",99500
24250,450,1000,"sd","10:20:10",99000
24250,450,100,"sd","10:19:17",98000
24250,450,300,"sd","10:17:53",97900
24250,450,700,"sd","10:16:06",97600
24250,450,100,"sd","10:15:21",96900
24250,450,600,"sd","10:15:21",96800
24250,450,500,"sd","10:14:10",96200
24250,450,1000,"sd","10:12:21",95700
24300,500,1500,"bu","10:11:47",94700
24300,500,300,"sd","10:11:17",93200
24300,500,1200,"sd","10:11:17",92900
24300,500,100,"sd","10:10:57",91700
24300,500,1000,"sd","10:10:56",91600
24300,500,200,"bu","10:09:34",90600
24300,500,300,"bu","10:09:34",90400
24300,500,7200,"bu","10:09:34",90100
24300,500,2300,"bu","10:09:04",82900
24300,500,400,"bu","10:07:11",80600
24300,500,100,"sd","10:07:01",80200
24300,500,100,"sd","10:06:36",80100
24300,500,900,"bu","10:06:20",80000
24300,500,100,"bu","10:06:20",79100
24300,500,100,"bu","10:06:20",79000
24300,500,100,"bu","10:06:20",78900
24300,500,200,"bu","10:05:08",78800
24300,500,100,"bu","10:05:08",78600
24300,500,100,"bu","10:05:08",78500
24300,500,100,"bu","10:05:08",78400
24300,500,100,"bu","10:05:08",78300
24300,500,2000,"bu","10:05:08",78200
24300,500,1000,"bu","10:05:08",76200
24300,500,300,"bu","10:05:08",75200
24300,500,300,"bu","10:05:08",74900
24300,500,100,"bu","10:05:08",74600
24300,500,100,"bu","10:05:08",74500
24300,500,500,"bu","10:05:06",74400
24300,500,500,"bu","10:05:06",73900
24300,500,1300,"bu","10:04:12",73400
24300,500,200,"bu","10:04:12",72100
24300,500,200,"bu","10:04:12",71900
24300,500,200,"bu","10:04:12",71700
24250,450,100,"bu","10:04:12",71500
24250,450,100,"bu","10:02:50",71400
24250,450,100,"bu","10:02:50",71300
24250,450,100,"bu","10:02:50",71200
24250,450,900,"bu","10:02:50",71100
24250,450,100,"bu","10:00:23",70200
24250,450,1000,"bu","10:00:23",70100
24250,450,200,"bu","10:00:23",69100
24250,450,200,"bu","10:00:23",68900
24250,450,1000,"bu","10:00:23",68700
24250,450,100,"bu","10:00:23",67700
24250,450,100,"bu","10:00:23",67600
24250,450,1300,"bu","10:00:23",67500
24250,450,1000,"bu","10:00:23",66200
24200,400,100,"sd","10:00:21",65200
24200,400,100,"sd","10:00:21",65100
24200,400,1000,"sd","10:00:21",65000
24200,400,100,"sd","10:00:21",64000
24200,400,1000,"bu","10:00:21",63900
24200,400,300,"bu","10:00:21",62900
24200,400,1000,"bu","10:00:21",62600
24200,400,1000,"bu","10:00:21",61600
24200,400,100,"bu","10:00:21",60600
24150,350,100,"sd","10:00:10",60500
24150,350,100,"sd","09:54:35",60400
24200,400,100,"bu","09:54:19",60300
24200,400,100,"bu","09:54:19",60200
24200,400,1000,"bu","09:54:19",60100
24200,400,300,"bu","09:54:19",59100
24200,400,200,"bu","09:49:56",58800
24200,400,100,"bu","09:49:56",58600
24200,400,100,"bu","09:49:29",58500
24150,350,100,"sd","09:49:25",58400
24200,400,100,"bu","09:49:04",58300
24200,400,1700,"bu","09:48:42",58200
24200,400,2000,"bu","09:48:42",56500
24200,400,500,"bu","09:48:42",54500
24200,400,100,"bu","09:48:42",54000
24200,400,1000,"bu","09:48:42",53900
24200,400,200,"bu","09:48:42",52900
24200,400,500,"bu","09:48:42",52700
24200,400,100,"bu","09:43:28",52200
24200,400,200,"bu","09:42:27",52100
24200,400,5000,"sd","09:41:42",51900
24200,400,500,"sd","09:41:42",46900
24200,400,100,"sd","09:41:39",46400
24200,400,100,"sd","09:40:59",46300
24200,400,400,"sd","09:40:35",46200
24200,400,300,"sd","09:40:18",45800
24200,400,100,"sd","09:39:23",45500
24200,400,100,"bu","09:38:35",45400
24200,400,300,"bu","09:38:35",45300
24200,400,1600,"bu","09:38:35",45000
24200,400,300,"bu","09:38:35",43400
24200,400,100,"bu","09:38:35",43100
24200,400,200,"bu","09:38:35",43000
24200,400,100,"bu","09:38:35",42800
24200,400,200,"bu","09:38:35",42700
24200,400,100,"bu","09:38:35",42500
24200,400,500,"bu","09:38:35",42400
24200,400,500,"bu","09:38:07",41900
24200,400,1500,"bu","09:38:07",41400
24200,400,5000,"bu","09:37:53",39900
24150,350,1700,"bu","09:37:50",34900
24150,350,300,"sd","09:37:50",33200
24150,350,300,"sd","09:36:05",32900
24200,400,1000,"bu","09:36:05",32600
24150,350,1700,"sd","09:36:05",31600
24200,400,100,"bu","09:35:21",29900
24150,350,200,"sd","09:34:57",29800
24150,350,600,"sd","09:34:33",29600
24150,350,1000,"sd","09:34:22",29000
24200,400,600,"bu","09:34:14",28000
24150,350,1400,"sd","09:33:24",27400
24200,400,4300,"bu","09:31:07",26000
24200,400,200,"bu","09:31:07",21700
24200,400,500,"bu","09:31:07",21500
24150,350,500,"sd","09:31:05",21000
24150,350,1000,"sd","09:31:05",20500
24100,300,100,"sd","09:30:46",19500
24100,300,100,"sd","09:29:16",19400
24100,300,100,"sd","09:29:09",19300
24100,300,500,"sd","09:29:02",19200
24100,300,100,"bu","09:28:16",18700
24000,200,1600,"sd","09:27:43",18600
24000,200,300,"sd","09:27:43",17000
24000,200,300,"sd","09:27:43",16700
24000,200,1800,"sd","09:27:43",16400
24100,300,100,"sd","09:27:34",14600
24100,300,1500,"bu","09:26:39",14500
24100,300,2000,"bu","09:26:39",13000
24100,300,1000,"bu","09:26:39",11000
24100,300,200,"bu","09:26:39",10000
24100,300,200,"bu","09:26:39",9800
24000,200,500,"sd","09:25:35",9600
24000,200,1000,"sd","09:25:09",9100
24000,200,500,"sd","09:24:02",8100
24000,200,1000,"bu","09:21:04",7600
24000,200,200,"bu","09:21:04",6600
23800,0,6400,"sd","09:14:59",6400
