"price","change","match_qtty","side","time","total_vol"
14900,-500,15000,"sd","14:45:00",300400
14950,-450,1000,"sd","14:29:45",285400
14950,-450,100,"sd","14:29:45",284400
14950,-450,500,"sd","14:29:45",284300
14950,-450,500,"sd","14:28:18",283800
14950,-450,400,"sd","14:28:18",283300
14950,-450,100,"sd","14:28:18",282900
15000,-400,100,"bu","14:27:33",282800
15000,-400,100,"sd","14:27:30",282700
15000,-400,100,"sd","14:27:30",282600
15000,-400,100,"sd","14:27:30",282500
15000,-400,900,"sd","14:27:30",282400
15000,-400,1000,"sd","14:27:30",281500
15000,-400,1000,"sd","14:27:30",280500
15000,-400,400,"sd","14:27:30",279500
15000,-400,100,"sd","14:25:37",279100
15100,-300,300,"bu","14:25:24",279000
15000,-400,100,"bu","14:23:51",278700
15000,-400,500,"bu","14:23:51",278600
15000,-400,100,"bu","14:23:51",278100
15000,-400,100,"bu","14:23:38",278000
15000,-400,500,"bu","14:23:13",277900
15000,-400,100,"bu","14:22:56",277400
15000,-400,100,"bu","14:22:46",277300
15000,-400,1600,"bu","14:22:31",277200
15000,-400,1000,"bu","14:22:30",275600
15000,-400,4300,"sd","14:22:28",274600
15000,-400,5700,"bu","14:22:18",270300
15000,-400,100,"bu","14:21:43",264600
15000,-400,1000,"bu","14:21:20",264500
15000,-400,800,"sd","14:20:48",263500
15000,-400,2000,"sd","14:20:48",262700
15000,-400,2000,"sd","14:20:48",260700
15000,-400,5000,"sd","14:20:48",258700
15000,-400,200,"sd","14:20:48",253700
15000,-400,100,"sd","14:20:48",253500
15000,-400,100,"sd","14:20:48",253400
15000,-400,100,"sd","14:20:48",253300
15000,-400,100,"sd","14:20:48",253200
15000,-400,200,"sd","14:20:48",253100
15050,-350,100,"sd","14:20:48",252900
15050,-350,100,"sd","14:20:48",252800
15050,-350,200,"sd","14:20:48",252700
15050,-350,100,"sd","14:20:48",252500
15050,-350,1000,"sd","14:20:48",252400
15050,-350,100,"sd","14:20:48",251400
15050,-350,1000,"sd","14:20:48",251300
15050,-350,1700,"bu","14:17:49",250300
15050,-350,200,"bu","14:17:44",248600
15000,-400,300,"sd","14:17:43",248400
15000,-400,100,"sd","14:17:43",248100
15000,-400,500,"sd","14:17:42",248000
15000,-400,1000,"sd","14:17:42",247500
15000,-400,1000,"sd","14:17:42",246500
15000,-400,100,"sd","14:17:42",245500
15000,-400,500,"sd","14:17:42",245400
15000,-400,2000,"sd","14:17:42",244900
15000,-400,100,"sd","14:17:42",242900
15000,-400,100,"sd","14:17:42",242800
15000,-400,300,"sd","14:17:42",242700
15000,-400,1000,"sd","14:17:42",242400
15000,-400,500,"sd","14:17:42",241400
15000,-400,100,"sd","14:17:42",240900
15000,-400,500,"sd","14:17:42",240800
15000,-400,100,"sd","14:17:42",240300
15000,-400,100,"sd","14:17:42",240200
15000,-400,200,"sd","14:17:42",240100
15000,-400,200,"sd","14:17:42",239900
15000,-400,100,"sd","14:17:42",239700
15000,-400,19000,"sd","14:17:42",239600
15000,-400,100,"sd","14:17:42",220500
15000,-400,100,"sd","14:17:42",220600
15050,-350,200,"sd","14:17:34",220400
15050,-350,100,"sd","14:16:30",220200
15050,-350,100,"sd","14:16:30",220100
15050,-350,500,"sd","14:16:30",220000
15050,-350,200,"sd","14:16:30",219500
15050,-350,500,"sd","14:16:30",219300
15050,-350,4000,"sd","14:16:30",218800
15050,-350,1000,"sd","14:16:30",214800
15050,-350,100,"sd","14:16:30",213800
15050,-350,100,"sd","14:16:30",213700
15050,-350,100,"sd","14:16:30",213600
15050,-350,1100,"sd","14:16:30",213500
15050,-350,200,"sd","14:16:30",212400
15050,-350,2000,"sd","14:16:30",212200
15100,-300,1300,"sd","14:15:32",210200
15100,-300,700,"bu","14:15:17",208900
15100,-300,300,"bu","14:15:03",208200
15100,-300,100,"bu","14:15:03",207900
15100,-300,500,"bu","14:14:01",207800
15100,-300,400,"bu","14:13:25",207300
15100,-300,1000,"bu","14:13:13",206900
15100,-300,3000,"bu","14:12:40",205900
15100,-300,1000,"bu","14:12:40",202900
15100,-300,200,"sd","14:10:09",201900
15100,-300,1200,"sd","14:10:09",201700
15100,-300,400,"sd","14:10:09",200500
15100,-300,200,"sd","14:10:09",200100
15100,-300,300,"sd","14:10:09",199900
15100,-300,2700,"sd","14:10:04",199600
15100,-300,400,"sd","14:10:04",196900
15100,-300,100,"sd","14:10:04",196500
15100,-300,2000,"sd","14:10:04",196400
15100,-300,200,"sd","14:10:04",194400
15100,-300,1000,"sd","14:10:04",194200
15100,-300,3600,"sd","14:10:04",193200
15100,-300,1300,"sd","14:06:21",189600
15100,-300,100,"sd","14:05:07",188300
15100,-300,100,"sd","14:05:07",188200
15100,-300,100,"sd","14:05:07",188100
15100,-300,500,"sd","14:05:07",188000
15100,-300,1000,"sd","14:05:07",187500
15100,-300,200,"sd","14:05:07",186500
15100,-300,300,"sd","14:04:31",186300
15100,-300,200,"sd","14:04:31",186000
15100,-300,300,"sd","14:04:31",185800
15100,-300,300,"sd","14:04:31",185500
15100,-300,400,"sd","14:04:31",185200
15100,-300,200,"sd","14:03:46",184800
15100,-300,200,"sd","14:01:42",184600
15100,-300,100,"sd","14:01:42",184400
15100,-300,700,"sd","14:01:42",184300
15150,-250,300,"sd","14:00:37",183600
15150,-250,100,"sd","13:59:31",183300
15150,-250,100,"sd","13:59:30",183200
15150,-250,100,"sd","13:59:30",183100
15150,-250,100,"sd","13:59:30",183000
15150,-250,600,"sd","13:59:30",182900
15150,-250,300,"sd","13:58:33",182300
15150,-250,9100,"sd","13:57:57",182000
15150,-250,200,"sd","13:57:57",172900
15150,-250,200,"sd","13:57:57",172700
15150,-250,200,"sd","13:57:57",172500
15150,-250,200,"sd","13:57:57",172300
15150,-250,100,"sd","13:57:57",172100
15150,-250,300,"sd","13:54:51",172000
15150,-250,1000,"sd","13:54:51",171700
15150,-250,100,"sd","13:54:51",170700
15150,-250,1000,"sd","13:54:51",170600
15150,-250,200,"sd","13:54:51",169600
15150,-250,300,"sd","13:54:51",169400
15150,-250,100,"sd","13:54:51",169100
15150,-250,200,"sd","13:49:33",169000
15150,-250,700,"sd","13:40:26",168800
15150,-250,1000,"sd","13:40:26",168100
15250,-150,100,"bu","13:37:22",167100
15200,-200,100,"sd","13:37:22",167000
15200,-200,100,"sd","13:37:22",166900
15200,-200,4800,"bu","13:31:08",166800
15200,-200,200,"bu","13:30:56",162000
15150,-250,400,"sd","13:18:51",161800
15150,-250,6600,"sd","13:12:07",161400
15150,-250,400,"sd","13:12:07",154800
15150,-250,600,"sd","13:10:29",154400
15150,-250,400,"sd","13:10:29",153800
15150,-250,600,"sd","13:09:45",153400
15150,-250,100,"sd","13:09:45",152800
15150,-250,100,"sd","13:08:41",152700
15150,-250,1800,"bu","13:07:10",152600
15100,-300,100,"sd","13:06:56",150800
15150,-250,100,"sd","13:06:51",150700
15150,-250,100,"sd","13:06:51",150600
15150,-250,200,"bu","13:03:12",150500
15150,-250,14600,"bu","13:03:12",150300
15150,-250,100,"bu","13:00:07",135700
15150,-250,100,"bu","13:00:02",135600
15150,-250,2000,"bu","12:59:59",135500
15150,-250,1300,"bu","11:29:25",133500
15150,-250,1400,"sd","11:28:50",132200
15150,-250,600,"sd","11:28:46",130800
15150,-250,200,"bu","11:26:11",130200
15150,-250,200,"sd","11:25:59",130000
15150,-250,300,"bu","11:25:55",129800
15150,-250,200,"bu","11:25:50",129500
15150,-250,300,"bu","11:25:38",129300
15150,-250,200,"sd","11:25:17",129000
15150,-250,500,"sd","11:24:43",128800
15150,-250,500,"sd","11:24:08",128300
15150,-250,500,"bu","11:23:34",127800
15150,-250,3000,"unknown","11:23:07",127300
15150,-250,2000,"bu","11:23:07",124300
15150,-250,100,"bu","11:23:07",122300
15150,-250,100,"bu","11:23:07",122200
15100,-300,200,"sd","11:23:06",122100
15100,-300,100,"sd","11:23:06",121900
15100,-300,100,"sd","11:23:06",121800
15100,-300,100,"sd","11:23:06",121700
15100,-300,1000,"sd","11:19:40",121600
15100,-300,200,"sd","11:19:40",120600
15100,-300,100,"sd","11:19:40",120400
15100,-300,100,"sd","11:19:39",120300
15100,-300,100,"sd","11:19:39",120200
15100,-300,100,"sd","11:19:39",120100
15100,-300,100,"sd","11:19:39",120000
15100,-300,1000,"sd","11:19:39",119900
15150,-250,100,"bu","11:15:33",118900
15150,-250,200,"bu","11:13:54",118800
15150,-250,100,"sd","11:12:58",118600
15150,-250,400,"sd","11:12:58",118500
15150,-250,100,"sd","11:12:58",118100
15150,-250,100,"sd","11:12:58",118000
15150,-250,200,"sd","11:12:58",117900
15150,-250,100,"sd","11:12:58",117700
15150,-250,100,"sd","11:12:58",117600
15150,-250,200,"sd","11:12:52",117500
15150,-250,100,"sd","11:12:52",117300
15150,-250,300,"sd","11:12:52",117200
15150,-250,400,"sd","11:12:52",116900
15150,-250,4000,"sd","11:12:52",116500
15150,-250,6000,"sd","11:09:20",112500
15200,-200,500,"bu","11:08:25",106500
15200,-200,100,"bu","11:08:25",106000
15200,-200,500,"bu","11:08:25",105900
15200,-200,100,"bu","11:08:25",105400
15200,-200,800,"sd","11:07:35",105300
15200,-200,100,"unknown","11:06:17",104500
15200,-200,700,"sd","11:06:16",104400
15200,-200,200,"sd","11:06:16",103700
15200,-200,1800,"sd","11:04:21",103500
15200,-200,200,"sd","11:04:21",101700
15200,-200,600,"sd","11:01:43",101500
15200,-200,200,"sd","11:01:43",100900
15200,-200,800,"bu","10:59:20",100700
15200,-200,100,"bu","10:59:02",99900
15200,-200,100,"bu","10:58:35",99800
15200,-200,200,"sd","10:57:03",99700
15200,-200,700,"sd","10:57:03",99500
15200,-200,500,"sd","10:57:03",98800
15200,-200,300,"sd","10:57:03",98300
15200,-200,300,"sd","10:57:03",98000
15200,-200,1000,"sd","10:57:03",97700
15200,-200,9000,"sd","10:55:33",96700
15200,-200,100,"sd","10:55:33",87700
15200,-200,100,"sd","10:55:33",87600
15200,-200,500,"sd","10:55:33",87500
15200,-200,100,"sd","10:55:33",87000
15200,-200,100,"sd","10:55:33",86900
15200,-200,1000,"sd","10:55:33",86800
15200,-200,200,"sd","10:55:33",85800
15200,-200,200,"sd","10:46:23",85600
15250,-150,300,"bu","10:45:30",85400
15250,-150,100,"bu","10:45:30",85100
15250,-150,100,"bu","10:45:30",85000
15200,-200,100,"sd","10:44:32",84900
15200,-200,100,"sd","10:44:11",84800
15250,-150,100,"bu","10:43:51",84700
15250,-150,200,"bu","10:41:00",84600
15250,-150,100,"bu","10:40:58",84400
15250,-150,100,"bu","10:36:02",84300
15200,-200,800,"sd","10:29:36",84200
15200,-200,200,"sd","10:29:36",83400
15200,-200,200,"sd","10:29:08",83200
15200,-200,500,"sd","10:29:08",83000
15200,-200,200,"sd","10:28:13",82500
15200,-200,500,"sd","10:28:13",82300
15200,-200,400,"sd","10:28:04",81800
15200,-200,100,"sd","10:28:04",81400
15200,-200,100,"sd","10:28:04",81300
15250,-150,4000,"sd","10:28:04",81200
15250,-150,100,"sd","10:28:04",77200
15250,-150,100,"sd","10:28:04",77100
15250,-150,500,"sd","10:28:04",77000
15250,-150,100,"sd","10:28:03",76500
15200,-200,500,"sd","10:28:03",76400
15250,-150,100,"sd","10:28:03",75900
15200,-200,1000,"sd","10:28:03",75800
15250,-150,700,"sd","10:28:03",74800
15200,-200,10000,"sd","10:28:03",74100
15250,-150,200,"sd","10:28:03",64100
15200,-200,2000,"sd","10:28:03",63900
15250,-150,1000,"sd","10:28:03",61900
15200,-200,300,"sd","10:28:03",60900
15250,-150,100,"sd","10:28:03",60600
15200,-200,100,"sd","10:28:03",60500
15250,-150,100,"sd","10:28:03",60400
15200,-200,1000,"sd","10:28:03",60300
15200,-200,100,"sd","10:28:03",59300
15200,-200,1000,"sd","10:28:03",59200
15250,-150,800,"sd","10:24:33",58200
15250,-150,500,"sd","10:24:33",57400
15250,-150,300,"sd","10:24:33",56900
15250,-150,500,"sd","10:24:33",56600
15250,-150,100,"sd","10:23:38",56100
15250,-150,100,"sd","10:23:38",56000
15250,-150,1800,"sd","10:23:38",55900
15250,-150,300,"sd","10:20:56",54100
15250,-150,1000,"sd","10:20:20",53800
15250,-150,100,"sd","10:20:16",52800
15250,-150,1000,"sd","10:16:51",52700
15250,-150,800,"sd","10:16:32",51700
15250,-150,300,"sd","10:16:32",50900
15250,-150,900,"sd","10:16:32",50600
15250,-150,100,"sd","10:16:22",49700
15250,-150,600,"sd","10:16:22",49600
15250,-150,200,"sd","10:16:10",49000
15250,-150,1000,"sd","10:14:59",48800
15250,-150,3200,"sd","10:12:56",47800
15250,-150,100,"sd","10:12:56",44600
15250,-150,100,"sd","10:12:56",44500
15250,-150,400,"sd","10:12:56",44400
15250,-150,500,"sd","10:12:56",44000
15250,-150,100,"sd","10:12:56",43500
15300,-100,500,"sd","10:12:56",43400
15300,-100,1000,"sd","10:12:56",42900
15300,-100,1400,"sd","10:12:56",41900
15300,-100,100,"sd","10:12:56",40500
15300,-100,1000,"sd","10:12:56",40400
15300,-100,100,"sd","10:12:56",39400
15300,-100,1500,"sd","10:12:56",39300
15300,-100,500,"sd","10:12:56",37800
15300,-100,700,"sd","10:09:02",37300
15300,-100,100,"sd","10:05:06",36600
15300,-100,600,"sd","10:04:45",36500
15300,-100,100,"sd","10:02:40",35900
15300,-100,500,"bu","09:57:47",35800
15300,-100,100,"bu","09:57:09",35300
15300,-100,800,"bu","09:56:51",35200
15300,-100,200,"bu","09:56:51",34400
15300,-100,300,"sd","09:56:31",34200
15300,-100,100,"bu","09:56:19",33900
15300,-100,100,"bu","09:56:19",33800
15300,-100,300,"bu","09:56:04",33700
15300,-100,300,"sd","09:55:28",33400
15300,-100,700,"bu","09:55:15",33100
15300,-100,300,"sd","09:54:43",32400
15300,-100,700,"bu","09:54:37",32100
15300,-100,300,"sd","09:53:59",31400
15300,-100,5000,"sd","09:53:59",31100
15300,-100,500,"sd","09:53:59",26100
15300,-100,100,"sd","09:53:59",25600
15300,-100,100,"sd","09:53:59",25500
15300,-100,1000,"sd","09:53:19",25400
15300,-100,1000,"sd","09:53:19",24400
15350,-50,100,"bu","09:52:28",23400
15350,-50,1000,"bu","09:50:03",23300
15350,-50,100,"bu","09:49:32",22300
15350,-50,300,"bu","09:47:31",22200
15350,-50,200,"sd","09:46:59",21900
15350,-50,200,"sd","09:46:59",21700
15350,-50,100,"sd","09:46:04",21500
15350,-50,100,"bu","09:45:40",21400
15350,-50,600,"bu","09:45:18",21300
15350,-50,100,"bu","09:45:10",20700
15350,-50,100,"bu","09:44:56",20600
15350,-50,400,"bu","09:44:01",20500
15350,-50,100,"sd","09:43:35",20100
15350,-50,900,"sd","09:43:19",20000
15350,-50,600,"sd","09:43:19",19100
15350,-50,4400,"sd","09:41:18",18500
15350,-50,600,"sd","09:41:18",14100
15350,-50,3000,"sd","09:41:18",13500
15400,0,200,"bu","09:40:30",10500
15400,0,100,"bu","09:34:45",10300
15400,0,100,"bu","09:33:55",10200
15400,0,100,"bu","09:32:29",10100
15400,0,1000,"sd","09:24:17",10000
15400,0,3800,"sd","09:24:17",9000
15400,0,1000,"sd","09:22:17",5200
15400,0,200,"bu","09:19:18",4200
15400,0,1000,"sd","09:17:31",4000
15400,0,1000,"sd","09:17:31",3000
15400,0,200,"sd","09:17:31",2000
15400,0,600,"sd","09:17:31",1800
15400,0,700,"sd","09:17:24",1200
15400,0,500,"sd","09:14:59",500
