"price","change","match_qtty","side","time","total_vol"
32900,-300,245600,"sd","14:45:00",3550700
33050,-150,500,"bu","14:29:55",3305100
33000,-200,500,"sd","14:29:53",3304600
33050,-150,100,"bu","14:29:49",3304100
33000,-200,200,"sd","14:29:45",3304000
33000,-200,1500,"sd","14:29:42",3303800
33050,-150,100,"bu","14:29:41",3302300
33050,-150,900,"bu","14:29:41",3302200
33050,-150,100,"bu","14:29:40",3301300
33000,-200,200,"sd","14:29:39",3301200
33000,-200,4100,"sd","14:29:35",3301000
33000,-200,500,"sd","14:29:34",3296900
33000,-200,3100,"sd","14:29:32",3296400
33000,-200,100,"sd","14:29:32",3293300
33000,-200,400,"sd","14:29:32",3293200
33000,-200,200,"sd","14:29:32",3292800
33000,-200,100,"sd","14:29:32",3292600
33000,-200,2000,"sd","14:29:32",3292500
33050,-150,500,"unknown","14:29:32",3290500
33050,-150,1800,"bu","14:29:32",3290000
33050,-150,700,"bu","14:29:32",3288200
33050,-150,100,"bu","14:29:27",3287500
33000,-200,500,"sd","14:29:24",3287400
33050,-150,200,"bu","14:29:23",3286900
33050,-150,400,"bu","14:29:23",3286700
33050,-150,900,"bu","14:29:22",3286300
33050,-150,100,"bu","14:29:22",3285400
33050,-150,15000,"bu","14:29:22",3285300
33050,-150,4000,"bu","14:29:22",3270300
33000,-200,500,"sd","14:29:22",3266300
33000,-200,1000,"sd","14:29:22",3265800
33000,-200,3200,"sd","14:29:22",3264800
33000,-200,2800,"sd","14:29:21",3261600
33000,-200,1000,"sd","14:29:21",3258800
33000,-200,1800,"sd","14:29:21",3257800
33000,-200,100,"sd","14:29:18",3256000
33000,-200,5700,"sd","14:29:18",3255900
33000,-200,100,"sd","14:29:15",3250200
33000,-200,3000,"sd","14:29:15",3250100
33000,-200,100,"sd","14:29:15",3247100
33000,-200,100,"sd","14:29:15",3247000
33000,-200,2400,"sd","14:29:15",3246900
33000,-200,200,"sd","14:29:07",3244500
33050,-150,100,"bu","14:29:05",3244300
33000,-200,200,"sd","14:29:02",3244200
33000,-200,1100,"sd","14:29:02",3244000
33000,-200,200,"sd","14:29:02",3242900
33050,-150,400,"bu","14:29:01",3242700
33000,-200,800,"sd","14:29:00",3242300
33000,-200,200,"sd","14:29:00",3241500
33050,-150,2500,"bu","14:28:54",3241300
33000,-200,100,"sd","14:28:51",3238800
33000,-200,1400,"sd","14:28:51",3238700
33000,-200,100,"sd","14:28:51",3237300
33000,-200,100,"sd","14:28:51",3237200
33000,-200,1000,"sd","14:28:51",3237100
33000,-200,400,"sd","14:28:51",3236100
33050,-150,500,"bu","14:28:51",3235700
33050,-150,1000,"bu","14:28:49",3235200
33000,-200,100,"sd","14:28:47",3234200
33000,-200,100,"sd","14:28:47",3234100
33000,-200,500,"sd","14:28:46",3234000
33000,-200,1000,"sd","14:28:46",3233500
33000,-200,300,"sd","14:28:46",3232500
33000,-200,100,"sd","14:28:46",3232200
33000,-200,600,"sd","14:28:46",3232100
33000,-200,900,"sd","14:28:46",3231500
33000,-200,100,"sd","14:28:46",3230600
33000,-200,1000,"sd","14:28:46",3230500
33000,-200,100,"sd","14:28:46",3229500
33000,-200,100,"sd","14:28:46",3229400
33000,-200,100,"sd","14:28:46",3229300
33000,-200,200,"sd","14:28:46",3229200
33000,-200,400,"sd","14:28:46",3229000
33000,-200,100,"sd","14:28:46",3228600
33050,-150,500,"bu","14:28:42",3228500
33000,-200,100,"sd","14:28:37",3228000
33050,-150,1000,"bu","14:28:33",3227900
33050,-150,200,"bu","14:28:31",3226900
33000,-200,400,"sd","14:28:30",3226700
33000,-200,1000,"sd","14:28:30",3226300
33000,-200,300,"sd","14:28:30",3225300
33000,-200,100,"sd","14:28:30",3225000
33000,-200,500,"sd","14:28:30",3224900
33000,-200,200,"sd","14:28:30",3224400
33000,-200,100,"sd","14:28:30",3224200
33000,-200,500,"sd","14:28:30",3224100
33000,-200,1000,"sd","14:28:30",3223600
33000,-200,2000,"sd","14:28:30",3222600
33000,-200,100,"sd","14:28:30",3220600
33000,-200,500,"sd","14:28:30",3220500
33000,-200,1100,"sd","14:28:30",3220000
33050,-150,500,"bu","14:28:26",3218900
33000,-200,900,"sd","14:28:25",3218400
33050,-150,2000,"bu","14:28:25",3217500
33000,-200,100,"sd","14:28:23",3215500
33000,-200,1400,"sd","14:28:23",3215400
33000,-200,500,"sd","14:28:23",3214000
33000,-200,1000,"sd","14:28:23",3213500
33050,-150,100,"bu","14:28:20",3212500
33050,-150,2000,"bu","14:28:12",3212400
33050,-150,800,"bu","14:28:09",3210400
33050,-150,200,"bu","14:28:09",3209600
33050,-150,100,"bu","14:27:56",3209400
33050,-150,500,"bu","14:27:55",3209300
33050,-150,400,"bu","14:27:55",3208800
33050,-150,300,"bu","14:27:55",3208400
33050,-150,100,"bu","14:27:55",3208100
33050,-150,100,"bu","14:27:53",3208000
33050,-150,100,"bu","14:27:53",3207900
33050,-150,100,"bu","14:27:50",3207800
33050,-150,400,"bu","14:27:45",3207700
33000,-200,600,"sd","14:27:43",3207300
33000,-200,200,"sd","14:27:43",3206700
33000,-200,1000,"sd","14:27:43",3206500
33000,-200,100,"sd","14:27:43",3205500
33000,-200,100,"sd","14:27:43",3205400
33050,-150,300,"bu","14:27:43",3205300
33050,-150,900,"bu","14:27:40",3205000
33050,-150,100,"bu","14:27:40",3204100
33050,-150,1000,"sd","14:27:26",3204000
33050,-150,1000,"sd","14:27:26",3203000
33050,-150,500,"sd","14:27:26",3202000
33050,-150,100,"sd","14:27:26",3201500
33050,-150,200,"sd","14:27:26",3201400
33050,-150,100,"sd","14:27:26",3201200
33050,-150,400,"sd","14:27:26",3201100
33050,-150,3000,"sd","14:27:26",3200700
33050,-150,500,"sd","14:27:26",3197700
33050,-150,100,"sd","14:27:26",3197200
33050,-150,1300,"sd","14:27:26",3197100
33050,-150,1000,"sd","14:27:26",3195800
33050,-150,100,"sd","14:27:26",3194800
33050,-150,1000,"sd","14:27:26",3194700
33050,-150,1100,"sd","14:27:26",3193700
33050,-150,1000,"sd","14:27:26",3192600
33050,-150,400,"sd","14:27:26",3191600
33050,-150,1000,"sd","14:27:26",3191200
33050,-150,1000,"sd","14:27:26",3190200
33050,-150,10000,"sd","14:27:26",3189200
33050,-150,500,"sd","14:27:26",3179200
33050,-150,1200,"sd","14:27:26",3178700
33050,-150,1000,"sd","14:27:26",3177500
33050,-150,100,"sd","14:27:26",3176500
33050,-150,500,"sd","14:27:26",3176400
33050,-150,100,"sd","14:27:26",3175900
33050,-150,100,"sd","14:27:26",3175800
33050,-150,100,"sd","14:27:26",3175700
33050,-150,1000,"sd","14:27:26",3175600
33050,-150,500,"sd","14:27:26",3174600
33100,-100,1000,"bu","14:27:23",3174100
33050,-150,2200,"sd","14:27:23",3173100
33100,-100,1000,"bu","14:27:15",3170900
33100,-100,500,"bu","14:27:12",3169900
33100,-100,200,"bu","14:27:08",3169400
33100,-100,100,"bu","14:27:04",3169200
33100,-100,500,"bu","14:26:54",3169100
33100,-100,700,"bu","14:26:50",3168600
33100,-100,2200,"bu","14:26:44",3167900
33100,-100,100,"bu","14:26:41",3165700
33100,-100,1000,"sd","14:26:36",3165600
33100,-100,100,"sd","14:26:36",3164600
33100,-100,5000,"sd","14:26:36",3164500
33100,-100,2000,"sd","14:26:36",3159500
33100,-100,100,"sd","14:26:36",3157500
33100,-100,900,"sd","14:26:36",3157400
33100,-100,2000,"sd","14:26:36",3156500
33100,-100,100,"sd","14:26:36",3154500
33100,-100,200,"sd","14:26:36",3154400
33100,-100,4900,"sd","14:26:36",3154200
33150,-50,5000,"bu","14:26:36",3149300
33100,-100,1100,"sd","14:26:32",3144300
33100,-100,200,"sd","14:26:32",3143200
33100,-100,100,"sd","14:26:32",3143000
33100,-100,2200,"sd","14:26:32",3142900
33100,-100,100,"sd","14:26:32",3140700
33100,-100,200,"sd","14:26:32",3140600
33100,-100,100,"sd","14:26:20",3140400
33100,-100,400,"sd","14:26:20",3140300
33100,-100,100,"sd","14:26:16",3139900
33100,-100,100,"sd","14:26:16",3139800
33100,-100,100,"sd","14:26:01",3139700
33100,-100,300,"sd","14:25:58",3139600
33150,-50,200,"bu","14:25:51",3139300
33100,-100,500,"sd","14:25:42",3139100
33100,-100,1000,"sd","14:25:19",3138600
33100,-100,800,"sd","14:25:19",3137600
33100,-100,2200,"sd","14:25:19",3136800
33150,-50,100,"bu","14:25:19",3134600
33150,-50,100,"bu","14:25:15",3134500
33150,-50,2500,"bu","14:25:11",3134400
33100,-100,2800,"sd","14:24:54",3131900
33100,-100,200,"sd","14:24:54",3129100
33100,-100,300,"sd","14:24:48",3128900
33100,-100,1200,"sd","14:24:48",3128600
33100,-100,1700,"sd","14:24:46",3127400
33150,-50,100,"bu","14:24:46",3125700
33100,-100,500,"sd","14:24:43",3125600
33100,-100,100,"sd","14:24:43",3125100
33100,-100,400,"sd","14:24:43",3125000
33100,-100,1500,"sd","14:24:31",3124600
33100,-100,500,"sd","14:24:24",3123100
33100,-100,300,"sd","14:24:13",3122600
33100,-100,300,"sd","14:24:11",3122300
33100,-100,900,"sd","14:24:11",3122000
33100,-100,100,"sd","14:24:02",3121100
33100,-100,500,"sd","14:24:02",3121000
33100,-100,2000,"sd","14:24:02",3120500
33100,-100,500,"sd","14:24:02",3118500
33100,-100,100,"sd","14:23:57",3118000
33100,-100,200,"sd","14:23:54",3117900
33100,-100,500,"sd","14:23:54",3117700
33100,-100,100,"sd","14:23:54",3117200
33100,-100,800,"sd","14:23:48",3117100
33100,-100,100,"sd","14:23:48",3116300
33100,-100,300,"sd","14:23:48",3116200
33100,-100,700,"sd","14:23:48",3115900
33150,-50,200,"bu","14:23:44",3115200
33100,-100,800,"sd","14:23:43",3115000
33100,-100,500,"sd","14:23:43",3114200
33100,-100,700,"sd","14:23:43",3113700
33100,-100,500,"sd","14:23:43",3113000
33100,-100,4600,"sd","14:23:34",3112500
33150,-50,600,"bu","14:23:33",3107900
33100,-100,4200,"sd","14:23:33",3107300
33100,-100,500,"sd","14:23:33",3103100
33100,-100,200,"sd","14:23:33",3102600
33100,-100,100,"sd","14:23:33",3102400
33100,-100,500,"sd","14:23:26",3102300
33150,-50,300,"bu","14:23:10",3101800
33150,-50,800,"bu","14:23:08",3101500
33150,-50,900,"bu","14:22:51",3100700
33150,-50,100,"bu","14:22:43",3099800
33150,-50,100,"bu","14:22:42",3099700
33150,-50,1000,"bu","14:22:41",3099600
33150,-50,900,"bu","14:22:26",3098600
33150,-50,5000,"bu","14:22:21",3097700
33100,-100,2400,"sd","14:22:21",3092700
33100,-100,100,"sd","14:22:21",3090300
33100,-100,500,"sd","14:22:21",3090200
33100,-100,1000,"sd","14:22:21",3089700
33100,-100,2000,"sd","14:22:21",3088700
33150,-50,100,"bu","14:22:10",3086700
33150,-50,500,"bu","14:22:03",3086600
33100,-100,500,"sd","14:21:53",3086100
33100,-100,100,"sd","14:21:53",3085600
33100,-100,2900,"sd","14:21:53",3085500
33100,-100,400,"sd","14:21:53",3082600
33100,-100,1100,"sd","14:21:53",3082200
33100,-100,1000,"sd","14:21:41",3081100
33150,-50,200,"bu","14:21:40",3080100
33100,-100,100,"sd","14:21:31",3079900
33100,-100,200,"sd","14:21:31",3079800
33150,-50,3100,"bu","14:21:27",3079600
33150,-50,900,"bu","14:21:27",3076500
33100,-100,100,"sd","14:21:12",3075600
33100,-100,900,"sd","14:21:12",3075500
33100,-100,400,"sd","14:21:04",3074600
33100,-100,1000,"sd","14:21:04",3074200
33100,-100,100,"sd","14:21:04",3073200
33100,-100,200,"sd","14:21:04",3073100
33100,-100,200,"sd","14:21:04",3072900
33100,-100,100,"sd","14:21:04",3072700
33150,-50,100,"bu","14:21:01",3072600
33150,-50,200,"bu","14:20:58",3072500
33150,-50,400,"bu","14:20:44",3072300
33150,-50,100,"bu","14:20:36",3071900
33150,-50,100,"bu","14:20:33",3071800
33150,-50,200,"sd","14:20:27",3071700
33150,-50,1600,"sd","14:20:23",3071500
33150,-50,100,"sd","14:20:23",3069900
33150,-50,300,"sd","14:20:23",3069800
33150,-50,1700,"sd","14:20:23",3069500
33150,-50,200,"sd","14:20:23",3067800
33150,-50,100,"sd","14:20:23",3067600
33150,-50,100,"bu","14:19:55",3067500
33100,-100,200,"sd","14:19:51",3067400
33150,-50,200,"sd","14:19:51",3067200
33150,-50,2000,"sd","14:19:51",3067000
33150,-50,100,"sd","14:19:51",3065000
33200,0,100,"bu","14:19:51",3064900
33200,0,200,"bu","14:19:32",3064800
33200,0,200,"bu","14:19:27",3064600
33200,0,1000,"bu","14:19:14",3064400
33200,0,200,"bu","14:19:12",3063400
33200,0,500,"bu","14:19:01",3063200
33150,-50,500,"bu","14:19:01",3062700
33150,-50,900,"sd","14:18:54",3062200
33150,-50,100,"sd","14:18:54",3061300
33150,-50,100,"sd","14:18:54",3061200
33150,-50,1000,"sd","14:18:54",3061100
33150,-50,500,"sd","14:18:54",3060100
33150,-50,200,"sd","14:18:54",3059600
33150,-50,500,"sd","14:18:54",3059400
33150,-50,1000,"sd","14:18:54",3058900
33150,-50,200,"sd","14:18:54",3057900
33200,0,100,"bu","14:18:46",3057700
33200,0,400,"bu","14:18:46",3057600
33200,0,500,"bu","14:18:40",3057200
33200,0,100,"bu","14:18:28",3056700
33150,-50,500,"sd","14:18:23",3056600
33150,-50,500,"sd","14:18:23",3056100
33150,-50,1000,"sd","14:18:11",3055600
33150,-50,1000,"sd","14:18:06",3054600
33150,-50,400,"sd","14:18:01",3053600
33150,-50,400,"sd","14:17:42",3053200
33150,-50,1000,"sd","14:17:42",3052800
33150,-50,600,"sd","14:17:42",3051800
33150,-50,600,"sd","14:17:42",3051200
33150,-50,1000,"bu","14:17:42",3050600
33150,-50,100,"bu","14:17:23",3049600
33100,-100,500,"bu","14:17:12",3049500
33100,-100,200,"bu","14:17:12",3049000
33100,-100,1000,"bu","14:17:12",3048800
33100,-100,100,"bu","14:17:10",3047800
33100,-100,2000,"bu","14:17:07",3047700
33050,-150,10000,"sd","14:17:04",3045700
33100,-100,4700,"bu","14:17:00",3035700
33100,-100,500,"bu","14:17:00",3031000
33100,-100,1300,"bu","14:17:00",3030500
33100,-100,3700,"bu","14:16:50",3029200
33100,-100,200,"bu","14:16:50",3025500
33100,-100,1100,"bu","14:16:50",3025300
33100,-100,200,"bu","14:16:48",3024200
33100,-100,100,"bu","14:16:48",3024000
33100,-100,300,"bu","14:16:46",3023900
33050,-150,1000,"sd","14:16:43",3023600
33100,-100,300,"bu","14:16:41",3022600
33100,-100,700,"bu","14:16:41",3022300
33100,-100,4000,"bu","14:16:34",3021600
33100,-100,300,"bu","14:16:25",3017600
33100,-100,200,"bu","14:16:24",3017300
33050,-150,1500,"sd","14:16:21",3017100
33050,-150,100,"sd","14:16:19",3015600
33050,-150,100,"sd","14:16:19",3015500
33100,-100,5600,"bu","14:16:18",3015400
33100,-100,2400,"bu","14:16:18",3009800
33100,-100,2000,"bu","14:16:18",3007400
33050,-150,3900,"sd","14:16:18",3005400
33100,-100,9500,"bu","14:16:18",3001500
33100,-100,200,"bu","14:16:18",2992000
33100,-100,1000,"bu","14:16:13",2991800
33050,-150,500,"bu","14:16:07",2990800
33050,-150,500,"bu","14:16:07",2990300
33050,-150,1000,"bu","14:16:07",2989800
33050,-150,100,"bu","14:16:07",2988800
33050,-150,200,"bu","14:16:07",2988700
33050,-150,3900,"bu","14:16:07",2988500
33050,-150,1000,"bu","14:16:06",2984600
33050,-150,1000,"bu","14:16:04",2983600
33050,-150,10000,"bu","14:16:03",2982600
33050,-150,600,"bu","14:16:00",2972600
33050,-150,1900,"bu","14:16:00",2972000
33050,-150,600,"bu","14:15:55",2970100
33000,-200,1900,"sd","14:15:45",2969500
33000,-200,100,"sd","14:15:45",2967600
33050,-150,400,"bu","14:15:44",2967500
33000,-200,100,"sd","14:15:43",2967100
33000,-200,500,"sd","14:15:43",2967000
33000,-200,100,"sd","14:15:43",2966500
33000,-200,500,"sd","14:15:43",2966400
33000,-200,200,"sd","14:15:43",2965900
33000,-200,2100,"sd","14:15:43",2965700
33050,-150,100,"bu","14:15:41",2963600
33050,-150,1000,"bu","14:15:39",2963500
33050,-150,300,"bu","14:15:38",2962500
33000,-200,2300,"sd","14:15:34",2962200
33050,-150,2000,"bu","14:15:34",2959900
33000,-200,500,"sd","14:15:32",2957900
33050,-150,100,"bu","14:15:28",2957400
33000,-200,500,"sd","14:15:27",2957300
33050,-150,300,"bu","14:15:22",2956800
33050,-150,2300,"bu","14:15:18",2956500
33050,-150,2700,"bu","14:15:18",2954200
33050,-150,300,"bu","14:15:16",2951500
33000,-200,100,"sd","14:15:14",2951200
33050,-150,200,"bu","14:15:13",2951100
33050,-150,100,"bu","14:15:08",2950900
33000,-200,400,"sd","14:15:07",2950800
33000,-200,300,"sd","14:15:01",2950400
33000,-200,3000,"sd","14:14:40",2950100
33050,-150,400,"bu","14:14:37",2947100
33000,-200,500,"sd","14:14:37",2946700
33050,-150,300,"sd","14:14:25",2946200
33100,-100,100,"bu","14:14:24",2945900
33050,-150,4900,"bu","14:14:22",2945800
33050,-150,800,"bu","14:14:22",2940900
33050,-150,500,"bu","14:14:22",2940100
33050,-150,200,"bu","14:14:22",2939600
33050,-150,3300,"bu","14:14:22",2939400
33000,-200,2300,"sd","14:14:13",2936100
33000,-200,300,"sd","14:14:13",2933800
33000,-200,100,"sd","14:14:13",2933500
33000,-200,2300,"sd","14:14:13",2933400
33050,-150,200,"bu","14:14:11",2931100
33050,-150,100,"bu","14:14:10",2930900
33050,-150,100,"bu","14:14:10",2930800
33050,-150,400,"bu","14:14:10",2930700
33000,-200,400,"sd","14:14:06",2930300
33000,-200,300,"sd","14:14:03",2929900
33000,-200,200,"sd","14:14:03",2929600
33000,-200,200,"sd","14:14:03",2929400
33000,-200,300,"sd","14:14:03",2929200
33000,-200,100,"sd","14:13:59",2928900
33050,-150,100,"bu","14:13:58",2928800
33000,-200,100,"sd","14:13:57",2928700
33000,-200,200,"sd","14:13:57",2928600
33000,-200,900,"sd","14:13:57",2928400
33050,-150,2000,"bu","14:13:56",2927500
33000,-200,100,"sd","14:13:55",2925500
33000,-200,500,"sd","14:13:55",2925400
33000,-200,300,"sd","14:13:55",2924900
33000,-200,10000,"sd","14:13:55",2924600
33000,-200,200,"sd","14:13:55",2914600
33000,-200,300,"sd","14:13:55",2914400
33000,-200,200,"sd","14:13:55",2914100
33000,-200,1000,"sd","14:13:55",2913900
33000,-200,100,"sd","14:13:55",2912900
33000,-200,500,"sd","14:13:55",2912800
33000,-200,500,"sd","14:13:55",2912300
33000,-200,500,"sd","14:13:55",2911800
33000,-200,200,"sd","14:13:55",2911300
33000,-200,2000,"sd","14:13:55",2911100
33000,-200,500,"sd","14:13:55",2909100
33000,-200,2100,"sd","14:13:55",2908600
33000,-200,3000,"sd","14:13:55",2906500
33000,-200,1500,"sd","14:13:55",2903500
33000,-200,100,"sd","14:13:55",2902000
33000,-200,500,"sd","14:13:55",2901900
33000,-200,4000,"sd","14:13:55",2901400
33000,-200,200,"sd","14:13:55",2897400
33000,-200,500,"sd","14:13:55",2897200
33000,-200,1000,"sd","14:13:55",2896700
33000,-200,100,"sd","14:13:55",2895700
33000,-200,10000,"sd","14:13:55",2895600
33000,-200,500,"sd","14:13:55",2885600
33000,-200,1000,"sd","14:13:55",2885100
33000,-200,4700,"sd","14:13:55",2884100
33000,-200,900,"sd","14:13:55",2879400
33000,-200,100,"sd","14:13:55",2878500
33000,-200,100,"sd","14:13:55",2878400
33000,-200,100,"sd","14:13:55",2878300
33000,-200,1000,"sd","14:13:55",2878200
33000,-200,500,"sd","14:13:55",2877200
33050,-150,1200,"bu","14:13:54",2876700
33050,-150,1800,"bu","14:13:54",2875500
33050,-150,200,"bu","14:13:53",2873700
33000,-200,500,"sd","14:13:52",2873500
33000,-200,1000,"sd","14:13:52",2873000
33000,-200,1200,"sd","14:13:52",2872000
33050,-150,500,"bu","14:13:51",2870800
33050,-150,100,"bu","14:13:50",2870300
33050,-150,400,"bu","14:13:50",2870200
33000,-200,200,"sd","14:13:49",2869800
33000,-200,10000,"sd","14:13:48",2869600
33050,-150,100,"bu","14:13:42",2859600
33000,-200,100,"sd","14:13:37",2859500
33050,-150,2000,"bu","14:13:37",2859400
33000,-200,500,"sd","14:13:37",2857400
33000,-200,500,"sd","14:13:34",2856900
33050,-150,100,"bu","14:13:33",2856400
33050,-150,5000,"bu","14:13:31",2856300
33050,-150,500,"bu","14:13:30",2851300
33050,-150,200,"sd","14:13:27",2850800
33000,-200,100,"sd","14:13:27",2850600
33050,-150,1000,"sd","14:13:27",2850500
33050,-150,2500,"sd","14:13:27",2849500
33000,-200,5000,"sd","14:13:27",2847000
33050,-150,2500,"sd","14:13:27",2842000
33050,-150,3000,"sd","14:13:27",2839500
33050,-150,100,"sd","14:13:21",2836500
33050,-150,3000,"sd","14:13:21",2836400
33050,-150,100,"sd","14:13:21",2833400
33050,-150,2000,"sd","14:13:21",2833300
33050,-150,500,"sd","14:13:21",2831300
33050,-150,1000,"sd","14:13:21",2830800
33050,-150,100,"sd","14:13:21",2829800
33050,-150,100,"sd","14:13:21",2829700
33050,-150,600,"sd","14:13:21",2829600
33050,-150,100,"sd","14:13:21",2829000
33050,-150,400,"sd","14:13:21",2828900
33050,-150,2000,"sd","14:13:21",2828500
33100,-100,100,"bu","14:13:09",2826500
33050,-150,500,"sd","14:13:08",2826400
33050,-150,100,"sd","14:13:07",2825900
33100,-100,5100,"bu","14:13:05",2825800
33100,-100,100,"sd","14:13:01",2820700
33100,-100,100,"sd","14:13:01",2820600
33100,-100,3000,"sd","14:13:01",2820500
33100,-100,100,"sd","14:13:01",2817500
33100,-100,100,"sd","14:13:01",2817400
33100,-100,100,"sd","14:13:01",2817300
33100,-100,100,"sd","14:13:01",2817200
33100,-100,500,"sd","14:13:01",2817100
33100,-100,1000,"sd","14:13:01",2816600
33100,-100,500,"sd","14:13:01",2815600
33100,-100,1000,"sd","14:13:01",2815100
33100,-100,500,"sd","14:13:01",2814100
33100,-100,100,"sd","14:13:01",2813600
33100,-100,200,"sd","14:13:01",2813500
33100,-100,300,"sd","14:13:01",2813300
33100,-100,100,"sd","14:13:01",2813000
33100,-100,600,"sd","14:13:01",2812900
33150,-50,100,"sd","14:13:00",2812300
33150,-50,700,"sd","14:13:00",2812200
33150,-50,300,"sd","14:12:53",2811500
33150,-50,1000,"bu","14:12:45",2811200
33150,-50,400,"bu","14:12:42",2810200
33100,-100,1800,"sd","14:12:40",2809800
33150,-50,600,"bu","14:12:37",2808000
33150,-50,400,"bu","14:12:37",2807400
33100,-100,3200,"sd","14:12:33",2807000
33100,-100,1000,"sd","14:12:32",2803800
33100,-100,3000,"sd","14:12:26",2802800
33100,-100,400,"sd","14:12:18",2799800
33100,-100,500,"sd","14:12:18",2799400
33100,-100,100,"sd","14:12:18",2798900
33150,-50,300,"bu","14:12:18",2798800
33150,-50,700,"bu","14:12:18",2798500
33150,-50,200,"bu","14:12:15",2797800
33100,-100,900,"sd","14:12:12",2797600
33100,-100,100,"sd","14:12:12",2796700
33150,-50,100,"bu","14:12:04",2796600
33150,-50,100,"bu","14:12:04",2796500
33100,-100,100,"sd","14:11:59",2796400
33100,-100,100,"sd","14:11:59",2796200
33150,-50,100,"sd","14:11:59",2796300
33150,-50,1200,"sd","14:11:59",2796100
33150,-50,300,"sd","14:11:55",2794900
33150,-50,100,"sd","14:11:55",2794600
33150,-50,100,"sd","14:11:55",2794500
33150,-50,500,"sd","14:11:55",2794400
33150,-50,100,"sd","14:11:55",2793900
33150,-50,100,"sd","14:11:55",2793800
33150,-50,400,"sd","14:11:46",2793700
33150,-50,800,"sd","14:11:45",2793300
33150,-50,200,"sd","14:11:43",2792500
33150,-50,300,"sd","14:11:38",2792300
33150,-50,100,"sd","14:11:38",2792000
33150,-50,100,"sd","14:11:38",2791900
33150,-50,200,"sd","14:11:38",2791800
33150,-50,100,"sd","14:11:38",2791600
33200,0,2000,"sd","14:11:27",2791500
33200,0,1000,"sd","14:11:27",2789500
33200,0,500,"sd","14:11:23",2788500
33200,0,300,"sd","14:11:23",2788000
33200,0,100,"sd","14:11:23",2787700
33200,0,100,"sd","14:11:23",2787600
33200,0,500,"sd","14:11:23",2787500
33200,0,200,"sd","14:11:23",2787000
33200,0,300,"sd","14:11:23",2786800
33200,0,3000,"sd","14:11:23",2786500
33250,50,100,"bu","14:11:22",2783500
33200,0,300,"sd","14:11:16",2783400
33200,0,1000,"sd","14:11:16",2783100
33200,0,200,"sd","14:11:15",2782100
33200,0,600,"sd","14:11:14",2781900
33200,0,4900,"sd","14:11:07",2781300
33200,0,200,"sd","14:11:07",2776400
33200,0,100,"sd","14:11:07",2776200
33200,0,200,"sd","14:11:07",2776100
33200,0,100,"sd","14:11:07",2775900
33200,0,100,"sd","14:11:07",2775800
33200,0,500,"sd","14:11:07",2775700
33200,0,300,"sd","14:11:07",2775200
33200,0,2600,"sd","14:11:07",2774900
33300,100,500,"bu","14:11:06",2772300
33250,50,2000,"bu","14:11:06",2771800
33200,0,500,"sd","14:11:06",2769800
33200,0,1200,"sd","14:11:02",2769300
33300,100,100,"bu","14:11:02",2768100
33200,0,5700,"sd","14:11:01",2768000
33200,0,1000,"sd","14:11:01",2762300
33200,0,500,"sd","14:11:01",2761300
33200,0,2000,"sd","14:11:01",2760800
33200,0,100,"sd","14:11:01",2758800
33200,0,100,"sd","14:11:01",2758700
33200,0,200,"sd","14:11:01",2758600
33200,0,1000,"sd","14:11:01",2758400
33200,0,5000,"sd","14:11:01",2757400
33200,0,500,"sd","14:11:01",2752400
33250,50,13900,"sd","14:11:01",2751900
33250,50,500,"sd","14:10:57",2738000
33250,50,2000,"bu","14:10:56",2737500
33250,50,100,"bu","14:10:56",2735500
33250,50,3500,"bu","14:10:56",2735400
33200,0,4500,"sd","14:10:50",2731900
33200,0,300,"sd","14:10:50",2727400
33200,0,300,"sd","14:10:50",2727100
33200,0,500,"sd","14:10:50",2726800
33200,0,1600,"sd","14:10:50",2726300
33200,0,1000,"sd","14:10:50",2724700
33200,0,500,"sd","14:10:50",2723700
33200,0,1000,"sd","14:10:50",2723200
33200,0,100,"sd","14:10:50",2722200
33200,0,10000,"sd","14:10:50",2722100
33200,0,200,"sd","14:10:50",2712100
33200,0,1800,"sd","14:10:43",2711900
33200,0,100,"sd","14:10:43",2710100
33200,0,100,"sd","14:10:43",2710000
33250,50,400,"bu","14:10:43",2709900
33200,0,900,"sd","14:10:42",2709500
33200,0,500,"sd","14:10:42",2708600
33200,0,300,"sd","14:10:42",2708100
33200,0,100,"sd","14:10:42",2707800
33200,0,100,"sd","14:10:42",2707700
33200,0,100,"sd","14:10:42",2707600
33200,0,1900,"sd","14:10:41",2707500
33200,0,100,"sd","14:10:41",2705600
33200,0,100,"sd","14:10:38",2705500
33200,0,100,"sd","14:10:38",2705400
33200,0,200,"sd","14:10:38",2705300
33200,0,400,"sd","14:10:38",2705100
33200,0,400,"sd","14:10:38",2704700
33200,0,5000,"sd","14:10:38",2704300
33200,0,500,"sd","14:10:38",2699300
33200,0,5000,"sd","14:10:38",2698800
33200,0,5000,"sd","14:10:38",2693800
33200,0,100,"sd","14:10:38",2688800
33200,0,100,"sd","14:10:38",2688700
33200,0,1500,"sd","14:10:38",2688600
33200,0,1000,"sd","14:10:38",2687100
33200,0,300,"sd","14:10:38",2686100
33200,0,100,"sd","14:10:38",2685800
33200,0,400,"sd","14:10:38",2685700
33250,50,500,"sd","14:10:30",2685300
33250,50,200,"sd","14:10:30",2684800
33250,50,400,"sd","14:10:30",2684600
33250,50,1000,"sd","14:10:30",2684200
33250,50,100,"sd","14:10:30",2683200
33250,50,600,"sd","14:10:30",2683100
33250,50,200,"sd","14:10:30",2682500
33250,50,100,"sd","14:10:30",2682300
33250,50,100,"sd","14:10:30",2682200
33250,50,500,"sd","14:10:30",2682100
33250,50,300,"sd","14:10:30",2681600
33300,100,100,"sd","14:10:20",2681300
33300,100,500,"sd","14:10:20",2681200
33300,100,1500,"sd","14:10:17",2680700
33300,100,200,"sd","14:10:17",2679200
33300,100,1000,"sd","14:10:17",2679000
33300,100,500,"sd","14:10:17",2678000
33300,100,1000,"sd","14:10:16",2677500
33300,100,4800,"sd","14:10:16",2676500
33300,100,2000,"sd","14:10:16",2671700
33300,100,2200,"sd","14:10:16",2669700
33300,100,1000,"sd","14:10:15",2667500
33300,100,1000,"sd","14:10:03",2666500
33300,100,700,"sd","14:10:02",2665500
33350,150,200,"bu","14:10:00",2664800
33300,100,4000,"sd","14:10:00",2664600
33300,100,1100,"sd","14:09:59",2660600
33300,100,100,"sd","14:09:59",2659500
33300,100,100,"sd","14:09:59",2659400
33300,100,100,"sd","14:09:59",2659300
33300,100,100,"sd","14:09:59",2659200
33300,100,100,"sd","14:09:59",2659100
33300,100,1000,"sd","14:09:59",2659000
33300,100,500,"sd","14:09:59",2658000
33300,100,300,"sd","14:09:59",2657500
33300,100,300,"sd","14:09:59",2657200
33300,100,100,"sd","14:09:59",2656900
33300,100,400,"sd","14:09:59",2656800
33300,100,2000,"sd","14:09:59",2656400
33300,100,100,"sd","14:09:59",2654400
33300,100,1000,"sd","14:09:59",2654300
33300,100,7700,"sd","14:09:59",2653300
33300,100,200,"sd","14:09:59",2645600
33300,100,2100,"sd","14:09:57",2645400
33300,100,100,"sd","14:09:57",2643300
33300,100,100,"sd","14:09:57",2643200
33300,100,300,"sd","14:09:57",2643100
33300,100,400,"sd","14:09:57",2642800
33300,100,1000,"sd","14:09:57",2642400
33300,100,300,"sd","14:09:57",2641400
33300,100,600,"sd","14:09:57",2641100
33300,100,100,"sd","14:09:57",2640500
33300,100,100,"sd","14:09:56",2640400
33300,100,4800,"sd","14:09:54",2640300
33300,100,200,"sd","14:09:54",2635500
33300,100,200,"sd","14:09:54",2635300
33300,100,300,"sd","14:09:54",2635100
33300,100,900,"sd","14:09:54",2634800
33300,100,1100,"sd","14:09:54",2633900
33300,100,100,"sd","14:09:54",2632800
33300,100,200,"sd","14:09:54",2632700
33300,100,200,"sd","14:09:51",2632500
33300,100,1200,"sd","14:09:40",2632300
33300,100,100,"sd","14:09:40",2631100
33350,150,300,"sd","14:09:36",2631000
33350,150,100,"sd","14:09:36",2630700
33350,150,100,"sd","14:09:36",2630600
33350,150,100,"sd","14:09:36",2630500
33350,150,300,"sd","14:09:36",2630400
33350,150,100,"sd","14:09:36",2630100
33350,150,100,"sd","14:09:36",2630000
33350,150,600,"sd","14:09:36",2629900
33350,150,200,"sd","14:09:36",2629300
33350,150,200,"sd","14:09:36",2629100
33350,150,2000,"sd","14:09:36",2628900
33350,150,300,"sd","14:09:36",2626900
33350,150,300,"sd","14:09:35",2626600
33400,200,200,"sd","14:09:21",2626300
33400,200,300,"sd","14:09:15",2626100
33400,200,100,"sd","14:09:15",2625800
33400,200,300,"sd","14:09:15",2625700
33400,200,100,"sd","14:09:15",2625400
33400,200,1000,"sd","14:09:15",2625300
33400,200,1000,"sd","14:09:15",2624300
33400,200,12200,"sd","14:09:15",2623300
33400,200,10000,"sd","14:09:06",2611100
33450,250,100,"bu","14:08:58",2601100
33400,200,7800,"sd","14:08:54",2601000
33400,200,900,"sd","14:08:54",2593200
33400,200,100,"sd","14:08:54",2592300
33400,200,200,"sd","14:08:54",2592200
33400,200,5000,"sd","14:08:54",2592000
33400,200,100,"sd","14:08:54",2587000
33400,200,200,"sd","14:08:54",2586900
33400,200,500,"sd","14:08:54",2586700
33400,200,5000,"sd","14:08:54",2586200
33400,200,2200,"sd","14:08:54",2581200
33400,200,100,"sd","14:08:54",2579000
33400,200,500,"sd","14:08:54",2578900
33400,200,100,"sd","14:08:54",2578400
33400,200,4300,"sd","14:08:54",2578300
33450,250,100,"bu","14:08:22",2574000
33450,250,12000,"bu","14:08:02",2573900
33450,250,500,"sd","14:08:02",2561900
33500,300,200,"bu","14:07:53",2561400
33450,250,1500,"bu","14:07:51",2561200
33450,250,5000,"bu","14:07:51",2559700
33450,250,1000,"bu","14:07:51",2554700
33450,250,100,"bu","14:07:45",2553700
33400,200,700,"sd","14:07:34",2553600
33400,200,1000,"sd","14:07:34",2552900
33400,200,3300,"sd","14:07:34",2551900
33450,250,2000,"bu","14:07:33",2548600
33450,250,200,"bu","14:07:30",2546600
33450,250,400,"bu","14:07:20",2546400
33450,250,400,"bu","14:07:20",2546000
33450,250,100,"bu","14:06:52",2545600
33450,250,200,"bu","14:06:49",2545500
33450,250,300,"bu","14:06:49",2545300
33450,250,300,"sd","14:06:27",2545000
33450,250,2400,"sd","14:06:27",2544700
33450,250,1000,"sd","14:06:25",2542300
33450,250,3000,"sd","14:06:04",2541300
33500,300,100,"bu","14:05:51",2538300
33500,300,100,"bu","14:05:39",2538200
33450,250,4000,"sd","14:05:33",2538100
33450,250,4000,"sd","14:05:31",2534100
33450,250,400,"sd","14:05:14",2530100
33450,250,5000,"sd","14:05:06",2529700
33450,250,200,"bu","14:04:48",2524700
33450,250,200,"bu","14:04:48",2524500
33450,250,600,"sd","14:04:26",2524300
33450,250,400,"sd","14:04:24",2523700
33450,250,400,"sd","14:04:24",2523300
33450,250,200,"sd","14:04:24",2522900
33450,250,200,"sd","14:04:19",2522700
33450,250,7000,"sd","14:04:16",2522500
33450,250,200,"sd","14:04:02",2515500
33500,300,100,"bu","14:03:46",2515300
33500,300,1500,"bu","14:03:34",2515200
33500,300,100,"bu","14:03:34",2513700
33500,300,200,"bu","14:03:34",2513600
33500,300,700,"bu","14:03:34",2513400
33450,250,200,"sd","14:03:23",2512700
33450,250,800,"sd","14:03:06",2512500
33450,250,500,"sd","14:03:00",2511700
33450,250,300,"sd","14:02:59",2511200
33450,250,300,"sd","14:02:52",2510900
33450,250,2000,"sd","14:02:50",2510600
33450,250,2000,"sd","14:02:45",2508600
33500,300,200,"bu","14:02:43",2506600
33450,250,1600,"sd","14:02:41",2506400
33450,250,2400,"sd","14:02:37",2504800
33450,250,2500,"sd","14:02:07",2502400
33450,250,2500,"sd","14:02:07",2499900
33450,250,100,"sd","14:01:48",2497400
33500,300,100,"bu","14:01:40",2497300
33500,300,100,"bu","14:01:40",2497200
33500,300,700,"bu","14:01:03",2497100
33500,300,200,"bu","14:01:03",2496400
33500,300,100,"bu","14:00:39",2496200
33450,250,500,"sd","14:00:34",2496100
33450,250,500,"sd","14:00:11",2495600
33450,250,1000,"sd","13:59:39",2495100
33500,300,200,"bu","13:59:35",2494100
33450,250,7000,"sd","13:59:29",2493900
33450,250,5000,"sd","13:59:23",2486900
33500,300,200,"bu","13:59:18",2481900
33450,250,500,"sd","13:59:14",2481700
33500,300,200,"bu","13:58:56",2481200
33450,250,1500,"sd","13:58:35",2481000
33500,300,100,"bu","13:58:34",2479500
33500,300,900,"bu","13:58:31",2479400
33500,300,700,"bu","13:57:47",2478500
33500,300,100,"bu","13:57:33",2477800
33450,250,200,"sd","13:57:18",2477700
33450,250,1200,"sd","13:57:17",2477500
33450,250,800,"sd","13:57:10",2476300
33450,250,200,"bu","13:57:09",2475500
33450,250,100,"sd","13:56:53",2475300
33450,250,5000,"sd","13:56:44",2475200
33500,300,200,"bu","13:56:29",2470200
33450,250,100,"sd","13:56:10",2470000
33500,300,300,"bu","13:55:58",2469900
33500,300,200,"bu","13:55:58",2469600
33450,250,400,"bu","13:55:42",2469400
33450,250,100,"bu","13:55:42",2469000
33450,250,200,"bu","13:55:42",2468900
33450,250,1000,"bu","13:55:42",2468700
33450,250,1100,"bu","13:55:42",2467700
33450,250,100,"bu","13:55:37",2466600
33450,250,100,"bu","13:55:34",2466500
33450,250,900,"bu","13:55:34",2466400
33450,250,5000,"bu","13:55:29",2465500
33450,250,100,"bu","13:55:27",2460500
33450,250,5000,"bu","13:55:25",2460400
33450,250,14000,"bu","13:54:57",2455400
33500,300,500,"bu","13:54:46",2441400
33500,300,900,"bu","13:54:38",2440900
33500,300,200,"bu","13:54:23",2440000
33500,300,1000,"bu","13:54:16",2439800
33500,300,900,"bu","13:53:47",2438800
33400,200,200,"sd","13:53:40",2437900
33400,200,200,"sd","13:53:40",2437700
33400,200,700,"sd","13:53:40",2437500
33400,200,1900,"sd","13:53:40",2436800
33500,300,200,"bu","13:53:20",2434900
33500,300,600,"bu","13:53:04",2434700
33500,300,100,"bu","13:53:04",2434100
33500,300,100,"bu","13:53:04",2434000
33500,300,200,"bu","13:53:04",2433900
33450,250,100,"bu","13:52:45",2433700
33450,250,200,"bu","13:52:16",2433600
33450,250,200,"bu","13:52:03",2433400
33450,250,500,"sd","13:51:55",2433200
33450,250,4000,"sd","13:51:55",2432700
33500,300,100,"bu","13:51:51",2428700
33500,300,300,"bu","13:51:39",2428600
33500,300,500,"bu","13:51:16",2428300
33500,300,100,"bu","13:51:16",2427800
33500,300,800,"bu","13:51:05",2427700
33500,300,1000,"bu","13:51:00",2426900
33500,300,100,"bu","13:50:55",2425900
33500,300,1300,"bu","13:50:38",2425800
33450,250,100,"bu","13:50:38",2424500
33450,250,800,"bu","13:50:38",2424400
33450,250,300,"bu","13:50:38",2423600
33450,250,100,"bu","13:50:14",2423300
33400,200,18300,"bu","13:49:31",2423200
33400,200,100,"sd","13:49:18",2404900
33400,200,100,"sd","13:49:18",2404800
33400,200,1000,"sd","13:49:18",2404700
33400,200,500,"sd","13:49:18",2403700
33450,250,100,"bu","13:49:08",2403200
33450,250,100,"bu","13:49:08",2403100
33400,200,700,"bu","13:48:46",2403000
33400,200,300,"sd","13:48:45",2402300
33400,200,1000,"sd","13:48:45",2402000
33400,200,100,"sd","13:48:45",2401000
33400,200,1400,"sd","13:48:45",2400900
33400,200,2500,"sd","13:48:08",2399500
33450,250,100,"bu","13:48:05",2397000
33450,250,100,"bu","13:48:05",2396900
33400,200,100,"sd","13:48:02",2396800
33400,200,2000,"sd","13:47:48",2396700
33400,200,2000,"sd","13:47:45",2394700
33400,200,100,"sd","13:47:13",2392700
33400,200,500,"bu","13:47:09",2392600
33400,200,1400,"bu","13:47:09",2392100
33400,200,200,"bu","13:47:02",2390700
33400,200,500,"bu","13:46:50",2390500
33350,150,100,"sd","13:46:40",2390000
33400,200,1000,"bu","13:46:34",2389900
33400,200,100,"bu","13:46:02",2388900
33400,200,500,"bu","13:45:55",2388800
33400,200,200,"sd","13:45:48",2388300
33400,200,1000,"sd","13:45:48",2388100
33400,200,100,"sd","13:45:48",2387100
33400,200,100,"sd","13:45:45",2387000
33400,200,100,"sd","13:45:45",2386900
33400,200,100,"sd","13:45:36",2386800
33450,250,100,"bu","13:45:04",2386700
33400,200,100,"sd","13:45:03",2386600
33450,250,100,"bu","13:45:01",2386500
33350,150,1100,"sd","13:44:48",2386400
33350,150,1000,"sd","13:44:48",2385300
33350,150,100,"sd","13:44:48",2384300
33350,150,1000,"sd","13:44:48",2384200
33350,150,200,"sd","13:44:48",2383200
33400,200,2000,"sd","13:44:48",2383000
33400,200,10000,"sd","13:44:48",2381000
33400,200,1000,"sd","13:44:48",2371000
33400,200,2000,"sd","13:44:48",2370000
33400,200,100,"sd","13:44:48",2368000
33400,200,200,"sd","13:44:48",2367900
33400,200,200,"sd","13:44:48",2367700
33400,200,300,"sd","13:44:48",2367500
33400,200,100,"sd","13:44:48",2367200
33400,200,400,"sd","13:44:48",2367100
33400,200,400,"sd","13:44:48",2366700
33400,200,800,"sd","13:44:33",2366300
33400,200,500,"sd","13:44:33",2365500
33450,250,5700,"sd","13:44:33",2365000
33450,250,6000,"sd","13:44:32",2359300
33450,250,5000,"sd","13:44:27",2353300
33450,250,3300,"sd","13:44:03",2348300
33450,250,500,"sd","13:44:03",2345000
33450,250,500,"sd","13:44:03",2344500
33450,250,100,"sd","13:44:03",2344000
33450,250,2000,"sd","13:44:03",2343900
33450,250,100,"sd","13:44:03",2341900
33450,250,500,"sd","13:44:03",2341800
33500,300,100,"bu","13:44:00",2341300
33500,300,200,"bu","13:43:37",2341200
33500,300,1900,"bu","13:43:00",2341000
33500,300,100,"bu","13:42:58",2339100
33500,300,1000,"sd","13:42:55",2339000
33500,300,4300,"sd","13:42:55",2338000
33500,300,300,"sd","13:42:55",2333700
33500,300,1400,"sd","13:42:45",2333400
33500,300,5000,"sd","13:42:43",2332000
33500,300,400,"sd","13:42:43",2327000
33500,300,8600,"sd","13:42:41",2326600
33500,300,500,"sd","13:42:41",2318000
33500,300,1500,"sd","13:42:41",2317500
33500,300,20000,"sd","13:42:41",2316000
33500,300,1000,"sd","13:42:41",2296000
33500,300,38400,"sd","13:42:41",2295000
33550,350,500,"bu","13:42:36",2256600
33550,350,500,"bu","13:42:36",2256100
33550,350,3000,"bu","13:42:36",2255600
33550,350,1300,"bu","13:42:36",2252600
33550,350,400,"bu","13:42:36",2251300
33550,350,500,"bu","13:42:36",2250900
33550,350,1500,"bu","13:42:13",2250400
33550,350,100,"bu","13:41:55",2248900
33500,300,100,"sd","13:41:54",2248800
33500,300,100,"sd","13:41:39",2248700
33550,350,3000,"bu","13:41:30",2248600
33550,350,300,"bu","13:41:30",2245600
33550,350,500,"bu","13:41:30",2245300
33600,400,100,"bu","13:41:04",2244800
33600,400,200,"bu","13:40:49",2244700
33500,300,100,"sd","13:40:26",2244500
33600,400,100,"bu","13:39:46",2244400
33600,400,300,"bu","13:39:20",2244300
33500,300,100,"sd","13:39:16",2244000
33600,400,100,"bu","13:38:58",2243900
33500,300,1000,"sd","13:38:50",2243800
33500,300,6400,"sd","13:38:46",2242800
33500,300,1000,"sd","13:38:46",2236400
33500,300,500,"sd","13:38:46",2235400
33500,300,100,"sd","13:38:46",2234900
33500,300,100,"sd","13:38:46",2234800
33500,300,1000,"sd","13:38:46",2234700
33500,300,800,"sd","13:38:46",2233700
33500,300,100,"sd","13:38:46",2232900
33600,400,200,"bu","13:38:41",2232800
33500,300,200,"sd","13:38:35",2232600
33500,300,300,"sd","13:38:04",2232400
33500,300,1500,"sd","13:37:38",2232100
33550,350,500,"sd","13:37:38",2230600
33550,350,500,"sd","13:37:38",2230100
33550,350,2000,"sd","13:37:38",2229600
33550,350,500,"sd","13:37:38",2227600
33600,400,200,"bu","13:37:36",2227100
33550,350,100,"sd","13:37:15",2226900
33550,350,200,"sd","13:37:13",2226800
33550,350,4200,"sd","13:37:02",2226600
33550,350,500,"sd","13:37:02",2222400
33550,350,300,"sd","13:37:02",2221900
33550,350,300,"sd","13:36:56",2221600
33550,350,100,"sd","13:36:35",2221300
33600,400,2500,"bu","13:36:34",2221200
33600,400,200,"bu","13:36:32",2218700
33550,350,100,"sd","13:36:11",2218500
33550,350,100,"sd","13:36:11",2218400
33550,350,200,"sd","13:36:11",2218300
33550,350,100,"sd","13:36:11",2218100
33550,350,300,"bu","13:35:49",2218000
33550,350,1000,"bu","13:35:48",2217700
33550,350,100,"bu","13:35:48",2216700
33550,350,100,"bu","13:35:48",2216600
33550,350,200,"bu","13:35:48",2216500
33550,350,1300,"bu","13:35:48",2216300
33550,350,200,"bu","13:35:48",2215000
33550,350,100,"bu","13:35:48",2214800
33550,350,900,"bu","13:35:42",2214700
33550,350,100,"bu","13:35:42",2213800
33550,350,300,"bu","13:35:34",2213700
33550,350,200,"bu","13:35:34",2213400
33550,350,100,"bu","13:35:32",2213200
33500,300,100,"bu","13:35:13",2213100
33500,300,500,"bu","13:35:13",2213000
33500,300,100,"bu","13:35:13",2212500
33500,300,400,"bu","13:35:13",2212400
33500,300,100,"bu","13:35:13",2212000
33500,300,100,"bu","13:35:13",2211900
33500,300,100,"bu","13:35:13",2211800
33500,300,2000,"bu","13:35:13",2211700
33500,300,500,"bu","13:35:04",2209700
33500,300,100,"bu","13:35:03",2209200
33500,300,500,"bu","13:34:56",2209100
33500,300,100,"bu","13:34:53",2208600
33500,300,300,"bu","13:34:53",2208500
33500,300,1400,"bu","13:34:53",2208200
33500,300,2000,"bu","13:34:51",2206800
33500,300,600,"bu","13:34:49",2204800
33500,300,100,"bu","13:34:32",2204200
33500,300,500,"bu","13:34:30",2204100
33500,300,200,"bu","13:34:28",2203600
33500,300,9200,"bu","13:34:27",2203400
33500,300,500,"bu","13:34:27",2194200
33500,300,100,"bu","13:34:27",2193700
33500,300,200,"bu","13:34:27",2193600
33500,300,300,"bu","13:34:08",2193400
33500,300,100,"bu","13:34:08",2193100
33500,300,4000,"bu","13:34:08",2193000
33500,300,5100,"bu","13:34:08",2189000
33500,300,100,"bu","13:34:08",2183900
33500,300,100,"bu","13:34:08",2183800
33500,300,100,"bu","13:34:08",2183700
33500,300,500,"bu","13:34:08",2183600
33500,300,500,"bu","13:34:08",2183100
33500,300,4000,"bu","13:34:08",2182600
33500,300,100,"bu","13:34:08",2178600
33500,300,100,"bu","13:34:08",2178500
33500,300,500,"bu","13:34:08",2178400
33500,300,800,"bu","13:34:08",2177900
33500,300,5000,"bu","13:34:08",2177100
33500,300,100,"bu","13:34:08",2172100
33500,300,3000,"bu","13:34:08",2172000
33500,300,100,"bu","13:34:08",2169000
33500,300,1000,"bu","13:34:03",2168900
33450,250,100,"sd","13:33:53",2167900
33500,300,100,"bu","13:33:26",2167800
33450,250,400,"sd","13:33:21",2167700
33450,250,100,"bu","13:33:10",2167300
33450,250,1000,"bu","13:33:10",2167200
33450,250,2200,"bu","13:33:10",2166200
33450,250,400,"bu","13:33:08",2164000
33450,250,500,"bu","13:32:49",2163600
33450,250,200,"bu","13:32:47",2163100
33450,250,1700,"bu","13:32:47",2162900
33450,250,3300,"bu","13:32:38",2161200
33450,250,500,"bu","13:32:32",2157900
33450,250,100,"bu","13:32:25",2157400
33450,250,1100,"bu","13:32:23",2157300
33450,250,100,"bu","13:32:23",2156200
33450,250,1800,"bu","13:32:23",2156100
33450,250,800,"bu","13:32:22",2154300
33450,250,500,"bu","13:32:22",2153500
33450,250,500,"bu","13:32:22",2153000
33450,250,200,"bu","13:32:22",2152500
33450,250,200,"bu","13:32:20",2152300
33400,200,300,"bu","13:32:09",2152100
33400,200,500,"bu","13:32:09",2151800
33400,200,100,"bu","13:32:09",2151300
33350,150,800,"sd","13:31:54",2151200
33350,150,500,"sd","13:31:54",2150400
33350,150,1000,"sd","13:31:54",2149900
33350,150,100,"sd","13:31:54",2148900
33350,150,2600,"sd","13:31:54",2148800
33400,200,300,"bu","13:31:54",2146200
33400,200,100,"bu","13:31:54",2145900
33400,200,100,"bu","13:31:54",2145800
33400,200,5100,"bu","13:31:41",2145700
33400,200,100,"bu","13:31:41",2140600
33400,200,1000,"bu","13:31:41",2140500
33400,200,200,"bu","13:31:41",2139500
33400,200,100,"bu","13:31:41",2139300
33400,200,500,"bu","13:31:41",2139200
33400,200,500,"bu","13:31:41",2138700
33400,200,100,"bu","13:31:41",2138200
33400,200,1000,"bu","13:31:41",2138100
33400,200,700,"bu","13:31:41",2137100
33400,200,1000,"bu","13:31:33",2136400
33400,200,500,"bu","13:31:32",2135400
33400,200,100,"bu","13:31:32",2134900
33350,150,1000,"sd","13:31:28",2134800
33400,200,100,"bu","13:31:19",2133800
33350,150,100,"sd","13:30:55",2133700
33350,150,700,"bu","13:30:54",2133600
33350,150,5600,"bu","13:30:54",2132900
33350,150,5000,"bu","13:30:41",2127300
33350,150,1000,"bu","13:30:25",2122300
33350,150,100,"bu","13:30:19",2121300
33300,100,300,"sd","13:30:14",2121200
33350,150,3000,"bu","13:30:06",2120900
33350,150,300,"bu","13:30:00",2117900
33350,150,100,"bu","13:30:00",2117600
33350,150,100,"bu","13:29:53",2117500
33350,150,200,"bu","13:29:30",2117400
33350,150,500,"bu","13:29:28",2117200
33350,150,100,"bu","13:29:16",2116700
33350,150,100,"bu","13:29:10",2116600
33350,150,200,"bu","13:29:02",2116500
33350,150,200,"bu","13:29:00",2116300
33400,200,600,"bu","13:28:56",2116100
33350,150,300,"unknown","13:28:56",2115500
33400,200,1600,"bu","13:28:56",2115200
33350,150,1000,"bu","13:28:42",2113600
33350,150,200,"bu","13:28:42",2112600
33350,150,400,"bu","13:28:39",2112400
33350,150,100,"bu","13:28:39",2112000
33350,150,500,"bu","13:28:39",2111900
33350,150,1000,"bu","13:28:37",2111400
33350,150,300,"bu","13:28:35",2110400
33350,150,1000,"bu","13:28:33",2110100
33350,150,1000,"bu","13:28:29",2109100
33350,150,500,"bu","13:28:23",2108100
33350,150,500,"bu","13:28:19",2107600
33350,150,200,"bu","13:28:13",2107100
33350,150,300,"bu","13:28:06",2106900
33300,100,200,"sd","13:28:04",2106600
33350,150,500,"bu","13:27:31",2106400
33350,150,300,"bu","13:27:31",2105900
33350,150,200,"bu","13:27:31",2105600
33350,150,200,"bu","13:27:12",2105400
33350,150,200,"bu","13:27:09",2105200
33300,100,200,"sd","13:27:08",2105000
33350,150,300,"bu","13:27:00",2104800
33300,100,100,"sd","13:26:57",2104500
33350,150,100,"bu","13:26:52",2104400
33350,150,1900,"bu","13:26:52",2104300
33300,100,100,"sd","13:26:17",2102400
33300,100,1200,"sd","13:26:16",2102300
33300,100,5000,"sd","13:26:16",2101100
33300,100,1000,"sd","13:26:16",2096100
33300,100,100,"sd","13:26:16",2095100
33300,100,400,"sd","13:26:16",2095000
33300,100,100,"sd","13:26:16",2094600
33300,100,400,"sd","13:26:16",2094500
33300,100,2000,"sd","13:26:16",2094100
33300,100,100,"sd","13:26:16",2092100
33300,100,200,"sd","13:26:16",2092000
33300,100,100,"sd","13:26:16",2091800
33300,100,200,"sd","13:26:16",2091700
33300,100,100,"sd","13:26:16",2091500
33300,100,200,"sd","13:26:16",2091400
33300,100,900,"sd","13:26:16",2091200
33350,150,100,"bu","13:26:06",2090300
33350,150,300,"bu","13:26:06",2090200
33300,100,100,"sd","13:26:05",2089900
33350,150,100,"bu","13:25:55",2089800
33350,150,1000,"bu","13:25:50",2089700
33350,150,1600,"bu","13:25:47",2088700
33350,150,300,"bu","13:25:47",2087100
33350,150,1000,"bu","13:25:42",2086800
33300,100,1000,"sd","13:25:37",2085800
33350,150,9800,"bu","13:25:23",2084800
33350,150,800,"sd","13:25:22",2075000
33350,150,1000,"sd","13:25:22",2074200
33350,150,500,"sd","13:25:22",2073200
33350,150,2400,"sd","13:25:22",2072700
33350,150,100,"sd","13:25:22",2070300
33350,150,1000,"sd","13:25:22",2070200
33350,150,1500,"sd","13:25:22",2069200
33350,150,200,"sd","13:25:22",2067700
33350,150,100,"sd","13:25:22",2067500
33350,150,100,"sd","13:25:22",2067400
33350,150,1000,"sd","13:25:22",2067300
33350,150,500,"sd","13:25:22",2066300
33350,150,2300,"sd","13:25:22",2065800
33400,200,100,"bu","13:25:14",2063500
33400,200,200,"bu","13:25:01",2063400
33400,200,500,"bu","13:24:31",2063200
33350,150,1000,"sd","13:24:29",2062700
33350,150,1700,"sd","13:24:27",2061700
33350,150,100,"sd","13:24:27",2060000
33400,200,200,"bu","13:23:58",2059900
33350,150,200,"sd","13:23:49",2059700
33400,200,300,"bu","13:23:14",2059500
33350,150,900,"sd","13:23:12",2059200
33350,150,300,"sd","13:23:12",2058300
33350,150,100,"sd","13:23:12",2058000
33350,150,700,"sd","13:23:12",2057900
33350,150,300,"sd","13:23:10",2057200
33350,150,1000,"sd","13:23:10",2056900
33350,150,300,"sd","13:23:10",2055900
33350,150,400,"sd","13:23:10",2055600
33400,200,100,"bu","13:22:55",2055200
33400,200,100,"bu","13:22:55",2055100
33400,200,900,"sd","13:22:34",2055000
33400,200,600,"sd","13:22:32",2054100
33400,200,100,"sd","13:22:29",2053500
33400,200,400,"sd","13:22:15",2053400
33400,200,2600,"bu","13:22:02",2053000
33400,200,400,"bu","13:22:02",2050400
33400,200,100,"bu","13:21:53",2050000
33400,200,100,"sd","13:21:40",2049900
33400,200,100,"sd","13:21:30",2049800
33450,250,100,"bu","13:21:02",2049700
33450,250,200,"bu","13:20:50",2049600
33400,200,300,"bu","13:20:02",2049400
33400,200,100,"bu","13:20:02",2049100
33400,200,11600,"bu","13:20:02",2049000
33350,150,100,"sd","13:20:01",2037400
33400,200,200,"bu","13:19:47",2037300
33350,150,500,"sd","13:19:22",2037100
33350,150,200,"sd","13:19:16",2036600
33350,150,1000,"sd","13:19:16",2036400
33350,150,300,"sd","13:19:16",2035400
33350,150,100,"sd","13:19:16",2035100
33350,150,100,"sd","13:19:16",2035000
33350,150,200,"sd","13:19:16",2034900
33350,150,1000,"sd","13:19:16",2034700
33350,150,100,"sd","13:19:16",2033700
33350,150,300,"sd","13:19:16",2033600
33350,150,100,"sd","13:19:16",2033300
33350,150,600,"sd","13:19:16",2033200
33350,150,100,"sd","13:19:16",2032600
33350,150,1900,"sd","13:19:16",2032500
33350,150,100,"sd","13:19:06",2030600
33350,150,600,"sd","13:19:06",2030500
33350,150,300,"sd","13:19:06",2029900
33350,150,700,"sd","13:18:51",2029600
33350,150,400,"sd","13:18:51",2028900
33350,150,500,"sd","13:18:51",2028500
33350,150,1200,"sd","13:18:51",2028000
33350,150,600,"sd","13:18:51",2026800
33350,150,700,"sd","13:18:51",2026200
33350,150,4300,"sd","13:18:51",2025500
33400,200,100,"bu","13:18:47",2021200
33350,150,700,"sd","13:18:32",2021100
33350,150,800,"sd","13:18:32",2020400
33350,150,300,"sd","13:18:32",2019600
33350,150,1000,"sd","13:18:32",2019300
33400,200,2000,"bu","13:18:21",2018300
33400,200,100,"sd","13:18:19",2016300
33400,200,500,"sd","13:18:19",2016200
33400,200,500,"sd","13:18:19",2015700
33400,200,500,"sd","13:18:16",2015200
33400,200,300,"sd","13:18:16",2014700
33400,200,3100,"sd","13:18:16",2014400
33400,200,100,"sd","13:18:16",2011300
33400,200,500,"sd","13:18:16",2011200
33400,200,1000,"sd","13:18:16",2010700
33400,200,200,"sd","13:18:16",2009700
33400,200,500,"sd","13:18:16",2009500
33400,200,100,"sd","13:18:16",2009000
33400,200,200,"sd","13:18:16",2008900
33400,200,1300,"sd","13:18:16",2008700
33400,200,1000,"sd","13:18:11",2007400
33400,200,1500,"sd","13:18:11",2006400
33400,200,200,"sd","13:18:11",2004900
33400,200,500,"sd","13:18:11",2004700
33400,200,600,"sd","13:18:11",2004200
33400,200,3700,"sd","13:18:11",2003600
33400,200,100,"sd","13:18:11",1999900
33400,200,100,"sd","13:18:11",1999800
33400,200,100,"sd","13:18:11",1999700
33400,200,5000,"sd","13:18:11",1999600
33400,200,5000,"sd","13:18:11",1994600
33400,200,100,"sd","13:18:11",1989600
33400,200,1000,"sd","13:18:11",1989500
33400,200,2000,"sd","13:18:11",1988500
33400,200,400,"sd","13:18:11",1986500
33400,200,500,"sd","13:18:11",1986100
33400,200,600,"sd","13:18:11",1985600
33400,200,200,"sd","13:18:11",1985000
33400,200,3500,"sd","13:18:11",1984800
33400,200,500,"sd","13:18:11",1981300
33400,200,500,"sd","13:18:11",1980800
33400,200,1700,"sd","13:18:11",1980300
33400,200,500,"sd","13:18:11",1978600
33450,250,1700,"bu","13:18:11",1978100
33400,200,1000,"sd","13:18:11",1976400
33450,250,300,"bu","13:18:11",1975400
33400,200,300,"sd","13:18:11",1975100
33450,250,500,"bu","13:18:11",1974800
33400,200,5000,"sd","13:18:11",1974300
33450,250,3000,"bu","13:18:11",1969300
33400,200,500,"sd","13:18:11",1966300
33450,250,200,"bu","13:18:11",1965800
33400,200,1600,"sd","13:18:11",1965600
33450,250,700,"bu","13:18:11",1964000
33400,200,500,"sd","13:18:11",1963300
33450,250,100,"bu","13:18:11",1962800
33400,200,1000,"sd","13:18:11",1962700
33450,250,300,"bu","13:18:11",1961700
33400,200,800,"sd","13:18:11",1961400
33450,250,900,"bu","13:18:11",1960600
33450,250,100,"bu","13:18:10",1959700
33450,250,1900,"bu","13:18:10",1959600
33450,250,400,"bu","13:18:10",1957700
33450,250,200,"bu","13:18:10",1957300
33450,250,900,"bu","13:18:10",1957100
33450,250,3800,"bu","13:18:10",1956200
33400,200,1000,"sd","13:18:06",1952400
33400,200,600,"sd","13:17:55",1951400
33450,250,100,"bu","13:17:46",1950800
33400,200,300,"sd","13:17:44",1950700
33400,200,200,"sd","13:17:44",1950400
33400,200,100,"sd","13:17:40",1950200
33400,200,100,"sd","13:17:40",1950100
33400,200,1000,"sd","13:17:38",1950000
33400,200,200,"sd","13:17:34",1949000
33400,200,500,"sd","13:17:12",1948800
33400,200,300,"sd","13:16:59",1948300
33400,200,200,"sd","13:16:59",1948000
33450,250,500,"bu","13:16:48",1947800
33450,250,100,"bu","13:16:44",1947300
33450,250,100,"bu","13:16:34",1947200
33450,250,1000,"bu","13:16:31",1947100
33450,250,500,"bu","13:16:09",1946100
33450,250,200,"bu","13:15:50",1945600
33450,250,200,"bu","13:15:40",1945400
33450,250,1000,"bu","13:15:39",1945200
33450,250,1000,"bu","13:15:26",1944200
33450,250,1000,"sd","13:15:08",1943200
33450,250,100,"sd","13:15:08",1942200
33450,250,2400,"sd","13:15:08",1942100
33450,250,600,"sd","13:14:51",1939700
33450,250,100,"sd","13:14:46",1939100
33450,250,1000,"sd","13:14:37",1939000
33450,250,200,"sd","13:14:35",1938000
33500,300,200,"bu","13:14:34",1937800
33450,250,700,"bu","13:14:30",1937600
33450,250,2300,"bu","13:14:29",1936900
33450,250,400,"bu","13:14:29",1934600
33450,250,300,"bu","13:14:29",1934200
33450,250,100,"bu","13:14:22",1933900
33450,250,400,"bu","13:14:22",1933800
33400,200,100,"sd","13:14:21",1933400
33400,200,100,"sd","13:14:21",1933300
33450,250,1000,"sd","13:13:52",1933200
33400,200,100,"sd","13:13:43",1932200
33500,300,700,"bu","13:13:36",1932100
33500,300,100,"bu","13:13:36",1931400
33500,300,500,"bu","13:13:36",1931300
33500,300,200,"bu","13:13:36",1930800
33500,300,800,"bu","13:13:36",1930600
33450,250,200,"bu","13:13:36",1929800
33450,250,300,"bu","13:13:32",1929600
33450,250,200,"bu","13:13:32",1929300
33450,250,100,"bu","13:13:32",1929100
33400,200,100,"sd","13:13:30",1929000
33400,200,400,"sd","13:13:30",1928900
33450,250,200,"sd","13:13:17",1928500
33450,250,2400,"sd","13:13:17",1928300
33450,250,200,"sd","13:13:15",1925900
33450,250,500,"sd","13:13:14",1925700
33500,300,200,"bu","13:12:28",1925200
33450,250,200,"bu","13:12:17",1925000
33450,250,200,"bu","13:11:54",1924800
33450,250,200,"sd","13:11:48",1924600
33450,250,300,"sd","13:11:48",1924400
33450,250,700,"sd","13:11:43",1924100
33450,250,300,"sd","13:11:43",1923400
33450,250,700,"bu","13:11:34",1923100
33450,250,100,"bu","13:11:29",1922400
33450,250,200,"bu","13:11:24",1922300
33400,200,100,"sd","13:11:12",1922100
33400,200,100,"sd","13:11:12",1922000
33400,200,600,"sd","13:11:05",1921900
33400,200,700,"sd","13:11:05",1921300
33450,250,200,"sd","13:11:05",1920600
33450,250,100,"sd","13:10:48",1920400
33450,250,300,"bu","13:10:31",1920300
33450,250,100,"bu","13:10:23",1920000
33450,250,200,"bu","13:10:23",1919900
33450,250,200,"sd","13:10:22",1919700
33450,250,2200,"sd","13:10:22",1919500
33450,250,200,"sd","13:10:19",1917300
33450,250,500,"sd","13:10:16",1917100
33450,250,500,"sd","13:10:06",1916600
33450,250,500,"sd","13:09:53",1916100
33450,250,100,"sd","13:09:44",1915600
33450,250,100,"sd","13:09:42",1915500
33450,250,100,"sd","13:09:36",1915400
33450,250,800,"sd","13:09:28",1915300
33500,300,100,"bu","13:09:23",1914500
33450,250,2800,"bu","13:09:13",1914400
33450,250,1000,"bu","13:09:13",1911600
33400,200,1000,"sd","13:08:51",1910600
33450,250,100,"sd","13:08:51",1909600
33450,250,100,"sd","13:08:51",1909500
33450,250,1000,"sd","13:08:51",1909400
33450,250,800,"sd","13:08:51",1908400
33450,250,100,"sd","13:08:23",1907600
33500,300,200,"bu","13:08:18",1907500
33450,250,200,"sd","13:08:10",1907300
33450,250,500,"bu","13:08:00",1907100
33450,250,200,"bu","13:08:00",1906600
33450,250,100,"bu","13:07:57",1906400
33400,200,300,"sd","13:07:35",1906300
33400,200,200,"sd","13:07:35",1906000
33400,200,200,"sd","13:07:35",1905800
33450,250,100,"sd","13:07:35",1905600
33450,250,100,"sd","13:07:35",1905500
33450,250,100,"sd","13:07:35",1905400
33450,250,500,"sd","13:07:35",1905300
33450,250,500,"sd","13:07:32",1904800
33450,250,1000,"sd","13:07:31",1904300
33450,250,500,"sd","13:07:31",1903300
33450,250,500,"sd","13:07:31",1902800
33450,250,500,"sd","13:07:26",1902300
33450,250,400,"sd","13:07:23",1901800
33450,250,9600,"sd","13:07:23",1901400
33500,300,200,"bu","13:07:16",1891800
33450,250,300,"sd","13:07:09",1891600
33450,250,100,"sd","13:07:03",1891300
33450,250,200,"sd","13:07:03",1891200
33450,250,100,"sd","13:07:00",1891000
33450,250,1200,"sd","13:06:58",1890900
33450,250,1000,"sd","13:06:40",1889700
33450,250,100,"sd","13:06:35",1888700
33450,250,100,"sd","13:06:28",1888600
33500,300,200,"bu","13:06:13",1888500
33450,250,200,"sd","13:06:02",1888300
33450,250,500,"sd","13:05:57",1888100
33450,250,6600,"sd","13:05:54",1887600
33450,250,200,"sd","13:05:54",1881000
33450,250,300,"sd","13:05:54",1880800
33450,250,100,"sd","13:05:54",1880500
33450,250,1000,"sd","13:05:54",1880400
33450,250,100,"sd","13:05:53",1879400
33450,250,100,"sd","13:05:53",1879300
33450,250,100,"sd","13:05:53",1879200
33450,250,300,"sd","13:05:53",1879100
33450,250,1200,"sd","13:05:53",1878800
33450,250,200,"sd","13:05:45",1877600
33500,300,200,"bu","13:05:25",1877400
33500,300,100,"bu","13:05:19",1877200
33500,300,400,"bu","13:05:19",1877100
33500,300,300,"bu","13:05:15",1876700
33450,250,1000,"sd","13:05:13",1876400
33500,300,200,"bu","13:05:09",1875400
33450,250,3600,"sd","13:05:06",1875200
33450,250,1300,"sd","13:05:06",1871600
33450,250,3000,"sd","13:04:59",1870300
33500,300,200,"bu","13:04:05",1867300
33500,300,300,"sd","13:03:53",1867100
33500,300,100,"sd","13:03:53",1866800
33500,300,400,"sd","13:03:53",1866700
33500,300,100,"sd","13:03:51",1866300
33500,300,1000,"sd","13:03:51",1866200
33500,300,200,"sd","13:03:51",1865200
33500,300,1000,"sd","13:03:51",1865000
33500,300,5000,"sd","13:03:51",1864000
33500,300,1200,"sd","13:03:51",1859000
33500,300,1000,"sd","13:03:51",1857800
33500,300,100,"sd","13:03:51",1856800
33500,300,400,"sd","13:03:51",1856700
33500,300,1600,"sd","13:03:46",1856300
33500,300,100,"sd","13:03:46",1854700
33500,300,100,"sd","13:03:46",1854600
33500,300,100,"sd","13:03:46",1854500
33500,300,100,"sd","13:03:46",1854400
33500,300,200,"sd","13:03:41",1854300
33500,300,100,"sd","13:03:41",1854100
33500,300,100,"sd","13:03:41",1854000
33500,300,600,"sd","13:03:41",1853900
33500,300,100,"sd","13:03:41",1853300
33500,300,300,"sd","13:03:39",1853200
33500,300,1000,"sd","13:03:32",1852900
33500,300,8000,"sd","13:03:28",1851900
33500,300,1500,"sd","13:03:28",1843900
33500,300,300,"sd","13:03:28",1842400
33500,300,200,"sd","13:03:26",1842100
33500,300,100,"sd","13:03:26",1841900
33500,300,100,"sd","13:03:23",1841800
33500,300,200,"sd","13:03:09",1841700
33500,300,100,"sd","13:03:06",1841500
33500,300,100,"sd","13:03:06",1841400
33550,350,200,"bu","13:03:04",1841300
33500,300,300,"sd","13:02:55",1841100
33500,300,1200,"sd","13:02:55",1840800
33500,300,100,"sd","13:02:55",1839600
33500,300,100,"sd","13:02:42",1839500
33500,300,100,"sd","13:02:42",1839400
33500,300,200,"sd","13:02:42",1839300
33500,300,3700,"sd","13:02:42",1839100
33500,300,600,"sd","13:02:42",1835400
33500,300,500,"sd","13:02:42",1834800
33500,300,200,"sd","13:02:42",1834300
33500,300,2000,"sd","13:02:42",1834100
33500,300,100,"sd","13:02:42",1832100
33500,300,200,"sd","13:02:42",1832000
33500,300,100,"sd","13:02:42",1831800
33500,300,300,"sd","13:02:42",1831700
33500,300,200,"sd","13:02:42",1831400
33500,300,1000,"sd","13:02:42",1831200
33500,300,200,"sd","13:02:42",1830200
33500,300,500,"sd","13:02:42",1830000
33500,300,900,"sd","13:02:10",1829500
33500,300,100,"sd","13:02:10",1828600
33500,300,500,"sd","13:02:10",1828500
33500,300,500,"sd","13:02:10",1828000
33550,350,100,"bu","13:02:04",1827500
33500,300,100,"sd","13:01:55",1827400
33500,300,100,"sd","13:01:50",1827300
33550,350,200,"bu","13:01:04",1827200
33500,300,400,"sd","13:00:50",1827000
33500,300,100,"sd","13:00:50",1826600
33500,300,100,"sd","13:00:50",1826500
33550,350,200,"bu","13:00:10",1826400
33550,350,1800,"bu","13:00:10",1826200
33550,350,500,"bu","13:00:10",1824400
33550,350,500,"bu","13:00:05",1823900
33600,400,400,"bu","13:00:03",1823400
33600,400,3000,"bu","13:00:03",1823000
33550,350,100,"sd","13:00:03",1820000
33550,350,900,"sd","13:00:03",1819900
33600,400,400,"bu","13:00:03",1819000
33600,400,300,"bu","13:00:02",1818600
33550,350,100,"sd","13:00:01",1818300
33550,350,200,"sd","13:00:01",1818200
33550,350,700,"sd","13:00:01",1818000
33550,350,100,"sd","13:00:00",1817300
33550,350,200,"sd","13:00:00",1817200
33550,350,14000,"sd","13:00:00",1817000
33550,350,900,"sd","13:00:00",1803000
33550,350,5000,"sd","13:00:00",1802100
33550,350,10000,"sd","13:00:00",1797100
33550,350,2000,"sd","13:00:00",1787100
33550,350,10000,"sd","13:00:00",1785100
33600,400,1400,"bu","13:00:00",1775100
33550,350,300,"sd","13:00:00",1773700
33550,350,300,"sd","13:00:00",1773400
33550,350,700,"sd","13:00:00",1773100
33550,350,400,"sd","11:29:23",1772400
33600,400,300,"sd","11:28:55",1772000
33600,400,2000,"sd","11:28:35",1771700
33600,400,7700,"sd","11:28:28",1769700
33600,400,200,"sd","11:28:28",1762000
33600,400,2100,"sd","11:28:28",1761800
33650,450,100,"bu","11:28:08",1759700
33600,400,1000,"sd","11:27:23",1759600
33600,400,1000,"sd","11:27:09",1758600
33600,400,100,"sd","11:27:09",1757600
33600,400,1000,"bu","11:27:09",1757500
33600,400,3000,"bu","11:27:09",1756500
33600,400,6000,"bu","11:27:09",1753500
33600,400,2000,"bu","11:27:09",1747500
33600,400,300,"bu","11:27:09",1745500
33600,400,200,"bu","11:27:04",1745200
33550,350,500,"sd","11:26:54",1745000
33550,350,500,"sd","11:26:54",1744500
33550,350,900,"sd","11:26:21",1744000
33550,350,100,"sd","11:26:21",1743100
33600,400,200,"bu","11:26:01",1743000
33550,350,100,"sd","11:25:58",1742800
33550,350,100,"sd","11:25:58",1742700
33550,350,4400,"sd","11:25:49",1742600
33550,350,600,"sd","11:25:49",1738200
33600,400,2500,"bu","11:25:20",1737600
33600,400,1800,"bu","11:24:58",1735100
33600,400,200,"bu","11:24:56",1733300
33600,400,200,"bu","11:24:55",1733100
33600,400,600,"bu","11:23:59",1732900
33600,400,300,"bu","11:23:59",1732300
33600,400,200,"bu","11:23:53",1732000
33600,400,200,"bu","11:23:12",1731800
33600,400,600,"bu","11:23:04",1731600
33600,400,200,"bu","11:22:52",1731000
33600,400,100,"bu","11:22:52",1730800
33600,400,200,"bu","11:22:52",1730700
33600,400,5800,"bu","11:22:52",1730500
33600,400,2000,"bu","11:22:52",1724700
33600,400,2200,"bu","11:22:52",1722700
33600,400,8700,"bu","11:22:15",1720500
33600,400,600,"bu","11:22:15",1711800
33600,400,10000,"bu","11:22:15",1711200
33600,400,700,"bu","11:22:15",1701200
33550,350,500,"sd","11:22:08",1700500
33550,350,1400,"sd","11:22:08",1700000
33550,350,100,"sd","11:22:08",1698600
33550,350,200,"sd","11:22:08",1698500
33550,350,3000,"sd","11:22:08",1698300
33600,400,200,"bu","11:21:50",1695300
33600,400,4100,"bu","11:21:27",1695100
33600,400,500,"bu","11:21:27",1691000
33600,400,1500,"bu","11:21:27",1690500
33600,400,500,"bu","11:21:27",1689000
33600,400,2000,"bu","11:21:27",1688500
33600,400,1400,"bu","11:21:27",1686500
33550,350,4500,"sd","11:21:01",1685100
33550,350,9000,"sd","11:21:01",1680600
33550,350,300,"sd","11:21:01",1671600
33550,350,500,"sd","11:21:01",1671300
33550,350,400,"sd","11:21:01",1670800
33550,350,100,"sd","11:21:01",1670400
33550,350,100,"sd","11:21:01",1670300
33550,350,900,"sd","11:21:01",1670200
33550,350,800,"sd","11:21:01",1669300
33550,350,2000,"sd","11:21:01",1668500
33550,350,200,"sd","11:21:01",1666500
33550,350,500,"sd","11:21:01",1666300
33550,350,5700,"sd","11:21:01",1665800
33600,400,200,"bu","11:20:46",1660100
33550,350,300,"sd","11:20:45",1659900
33550,350,1000,"sd","11:20:45",1659600
33550,350,700,"sd","11:20:45",1658600
33550,350,1000,"sd","11:20:45",1657900
33550,350,200,"sd","11:20:45",1656900
33550,350,13000,"sd","11:20:45",1656700
33550,350,4100,"sd","11:20:44",1643700
33600,400,200,"bu","11:19:44",1639600
33600,400,200,"sd","11:19:32",1639400
33600,400,100,"sd","11:19:31",1639200
33600,400,7900,"sd","11:19:31",1639100
33600,400,1500,"sd","11:19:21",1631200
33600,400,2000,"sd","11:19:20",1629700
33600,400,500,"sd","11:19:03",1627700
33600,400,8100,"sd","11:18:57",1627200
33600,400,100,"sd","11:18:57",1619100
33600,400,500,"sd","11:18:57",1619000
33600,400,2000,"sd","11:18:57",1618500
33600,400,1000,"sd","11:18:57",1616500
33600,400,8300,"sd","11:18:57",1615500
33600,400,1700,"sd","11:18:54",1607200
33600,400,5600,"sd","11:18:54",1605500
33600,400,4400,"sd","11:18:49",1599900
33600,400,100,"sd","11:18:49",1595500
33600,400,3500,"sd","11:18:49",1595400
33600,400,100,"sd","11:18:49",1591900
33600,400,3000,"sd","11:18:49",1591800
33600,400,300,"sd","11:18:49",1588800
33600,400,300,"sd","11:18:49",1588500
33600,400,3000,"sd","11:18:49",1588200
33600,400,500,"sd","11:18:49",1585200
33600,400,100,"sd","11:18:49",1584700
33600,400,200,"sd","11:18:49",1584600
33600,400,4500,"sd","11:18:49",1584400
33650,450,500,"bu","11:18:45",1579900
33650,450,200,"bu","11:18:43",1579400
33650,450,100,"bu","11:17:43",1579200
33650,450,100,"bu","11:17:43",1579100
33650,450,700,"bu","11:16:48",1579000
33650,450,1000,"bu","11:16:48",1578300
33650,450,100,"bu","11:16:48",1577300
33650,450,100,"bu","11:16:48",1577200
33650,450,100,"bu","11:16:48",1577100
33650,450,500,"bu","11:16:48",1577000
33600,400,500,"sd","11:16:48",1576500
33650,450,100,"bu","11:16:42",1576000
33650,450,200,"bu","11:16:40",1575900
33650,450,200,"bu","11:16:34",1575700
33650,450,100,"bu","11:16:34",1575500
33650,450,200,"bu","11:16:34",1575400
33650,450,1000,"bu","11:16:34",1575200
33650,450,500,"bu","11:16:34",1574200
33650,450,100,"bu","11:15:44",1573700
33650,450,200,"bu","11:15:38",1573600
33650,450,200,"bu","11:14:34",1573400
33650,450,1000,"bu","11:14:19",1573200
33650,450,1500,"bu","11:14:14",1572200
33650,450,100,"bu","11:14:14",1570700
33650,450,200,"bu","11:14:14",1570600
33650,450,200,"bu","11:14:14",1570400
33650,450,500,"bu","11:14:14",1570200
33650,450,100,"bu","11:14:14",1569700
33650,450,1000,"bu","11:14:14",1569600
33650,450,2000,"bu","11:14:14",1568600
33650,450,100,"bu","11:14:14",1566600
33650,450,3000,"bu","11:14:14",1566500
33650,450,1000,"bu","11:14:14",1563500
33650,450,200,"bu","11:14:14",1562500
33650,450,300,"bu","11:14:14",1562300
33650,450,400,"bu","11:14:14",1562000
33650,450,400,"bu","11:14:14",1561600
33650,450,200,"bu","11:14:14",1561200
33650,450,100,"bu","11:14:14",1561000
33650,450,5500,"bu","11:14:14",1560900
33650,450,200,"bu","11:14:14",1555400
33650,450,1000,"bu","11:14:14",1555200
33650,450,200,"bu","11:14:14",1554200
33650,450,1800,"bu","11:14:14",1554000
33600,400,1000,"sd","11:14:06",1552200
33650,450,1100,"bu","11:13:49",1551200
33650,450,200,"bu","11:13:33",1550100
33650,450,100,"bu","11:13:12",1549900
33650,450,300,"bu","11:13:12",1549800
33650,450,100,"bu","11:13:12",1549500
33650,450,100,"bu","11:13:04",1549400
33600,400,200,"sd","11:12:34",1549300
33600,400,100,"sd","11:12:32",1549100
33650,450,200,"bu","11:12:30",1549000
33600,400,100,"sd","11:12:10",1548800
33650,450,100,"bu","11:11:38",1548700
33650,450,100,"bu","11:11:31",1548600
33650,450,200,"bu","11:11:28",1548500
33600,400,500,"sd","11:11:18",1548300
33600,400,500,"sd","11:11:06",1547800
33650,450,2000,"bu","11:11:02",1547300
33650,450,500,"bu","11:10:48",1545300
33650,450,200,"bu","11:10:24",1544800
33650,450,100,"bu","11:10:07",1544600
33650,450,100,"bu","11:09:45",1544500
33650,450,500,"bu","11:09:26",1544400
33650,450,200,"bu","11:09:23",1543900
33600,400,100,"sd","11:09:20",1543700
33600,400,10000,"sd","11:09:09",1543600
33600,400,1000,"sd","11:08:47",1533600
33650,450,200,"bu","11:08:21",1532600
33600,400,7200,"sd","11:08:00",1532400
33600,400,1000,"sd","11:07:26",1525200
33650,450,200,"bu","11:07:20",1524200
33650,450,3800,"bu","11:07:05",1524000
33600,400,200,"sd","11:06:52",1520200
33650,450,100,"bu","11:06:47",1520000
33650,450,1400,"bu","11:06:47",1519900
33650,450,1000,"bu","11:06:47",1518500
33600,400,20000,"bu","11:06:41",1517500
33600,400,200,"bu","11:06:41",1497500
33600,400,200,"bu","11:06:41",1497300
33600,400,2700,"bu","11:06:41",1497100
33550,350,100,"sd","11:06:32",1494400
33550,350,100,"sd","11:06:19",1494300
33600,400,200,"bu","11:06:17",1494200
33600,400,100,"bu","11:06:15",1494000
33600,400,500,"bu","11:05:59",1493900
33600,400,100,"bu","11:05:41",1493400
33600,400,700,"bu","11:05:24",1493300
33600,400,200,"bu","11:05:16",1492600
33600,400,200,"bu","11:04:12",1492400
33600,400,8800,"bu","11:04:00",1492200
33600,400,3800,"bu","11:04:00",1483400
33600,400,100,"bu","11:04:00",1479600
33600,400,600,"bu","11:04:00",1479500
33600,400,300,"bu","11:04:00",1478900
33600,400,6400,"bu","11:04:00",1478600
33550,350,300,"sd","11:03:38",1472200
33550,350,5400,"sd","11:03:26",1471900
33550,350,200,"sd","11:03:26",1466500
33550,350,1000,"sd","11:03:26",1466300
33550,350,1000,"sd","11:03:26",1465300
33550,350,2400,"sd","11:03:26",1464300
33600,400,200,"bu","11:03:11",1461900
33550,350,300,"sd","11:03:07",1461700
33550,350,200,"sd","11:02:47",1461400
33600,400,200,"bu","11:02:37",1461200
33600,400,200,"bu","11:02:26",1461000
33600,400,2000,"bu","11:02:08",1460800
33600,400,200,"bu","11:02:08",1458800
33600,400,200,"bu","11:01:10",1458600
33600,400,200,"bu","11:01:05",1458400
33600,400,500,"sd","11:00:32",1458200
33600,400,1600,"sd","11:00:32",1457700
33600,400,100,"sd","11:00:32",1456100
33650,450,100,"bu","11:00:24",1456000
33650,450,200,"bu","11:00:03",1455900
33600,400,400,"sd","11:00:03",1455700
33600,400,100,"sd","11:00:03",1455300
33600,400,300,"sd","11:00:02",1455200
33600,400,300,"sd","11:00:02",1454900
33600,400,400,"sd","11:00:02",1454600
33600,400,3500,"sd","11:00:02",1454200
33600,400,6500,"sd","10:59:55",1450700
33600,400,500,"sd","10:59:55",1444200
33600,400,500,"sd","10:59:38",1443700
33650,450,100,"bu","10:59:10",1443200
33650,450,200,"bu","10:58:59",1443100
33600,400,26800,"sd","10:58:50",1442900
33650,450,1000,"bu","10:58:07",1416100
33650,450,200,"bu","10:57:57",1415100
33600,400,2700,"sd","10:57:54",1414900
33600,400,200,"sd","10:57:54",1412200
33600,400,100,"sd","10:57:54",1412000
33600,400,1000,"sd","10:57:54",1411900
33600,400,2000,"sd","10:57:54",1410900
33600,400,1600,"sd","10:57:54",1408900
33600,400,200,"sd","10:57:54",1407300
33600,400,100,"sd","10:57:54",1407100
33600,400,2100,"sd","10:57:54",1407000
33650,450,2000,"bu","10:57:40",1404900
33650,450,500,"bu","10:57:17",1402900
33650,450,100,"bu","10:57:17",1402400
33650,450,4200,"bu","10:57:17",1402300
33700,500,600,"bu","10:57:02",1398100
33700,500,1000,"bu","10:57:02",1397500
33700,500,600,"bu","10:57:02",1396500
33700,500,300,"bu","10:57:02",1395900
33700,500,200,"bu","10:56:52",1395600
33650,450,1000,"sd","10:56:14",1395400
33650,450,4800,"sd","10:56:08",1394400
33650,450,200,"bu","10:55:47",1389600
33650,450,1500,"bu","10:55:39",1389400
33650,450,900,"bu","10:55:39",1387900
33650,450,500,"bu","10:55:39",1387000
33650,450,100,"bu","10:55:39",1386500
33650,450,200,"bu","10:55:39",1386400
33650,450,400,"bu","10:55:39",1386200
33650,450,200,"bu","10:55:39",1385800
33650,450,200,"bu","10:55:39",1385600
33650,450,200,"bu","10:55:39",1385400
33650,450,300,"bu","10:55:39",1385200
33650,450,100,"bu","10:55:39",1384900
33650,450,100,"bu","10:55:39",1384800
33650,450,1900,"bu","10:55:39",1384700
33650,450,100,"bu","10:55:36",1382800
33650,450,300,"bu","10:55:36",1382700
33650,450,200,"bu","10:55:36",1382400
33650,450,200,"bu","10:55:36",1382200
33650,450,100,"bu","10:55:36",1382000
33650,450,300,"bu","10:55:36",1381900
33650,450,3600,"bu","10:55:36",1381600
33650,450,300,"bu","10:55:36",1378000
33650,450,2000,"bu","10:55:36",1377700
33650,450,1000,"bu","10:55:36",1375700
33650,450,200,"bu","10:55:36",1374700
33650,450,1900,"bu","10:55:36",1374500
33650,450,500,"bu","10:55:36",1372600
33650,450,1000,"bu","10:55:36",1372100
33650,450,1000,"bu","10:55:36",1371100
33650,450,7300,"bu","10:55:36",1370100
33650,450,200,"bu","10:54:42",1362800
33650,450,300,"bu","10:54:15",1362600
33650,450,200,"bu","10:53:42",1362300
33600,400,500,"sd","10:53:20",1362100
33600,400,100,"sd","10:53:13",1361600
33600,400,1000,"sd","10:53:02",1361500
33650,450,200,"bu","10:52:39",1360500
33600,400,1300,"sd","10:52:20",1360300
33600,400,8700,"sd","10:52:20",1359000
33600,400,200,"sd","10:52:00",1350300
33650,450,200,"bu","10:51:57",1350100
33650,450,200,"bu","10:51:37",1349900
33600,400,300,"sd","10:51:35",1349700
33600,400,500,"bu","10:51:26",1349400
33600,400,5500,"bu","10:51:26",1348900
33600,400,300,"bu","10:51:26",1343400
33600,400,1000,"bu","10:51:26",1343100
33600,400,3500,"bu","10:51:26",1342100
33600,400,100,"bu","10:51:12",1338600
33600,400,1000,"bu","10:51:10",1338500
33600,400,200,"bu","10:50:35",1337500
33600,400,100,"bu","10:50:24",1337300
33550,350,100,"sd","10:50:07",1337200
33600,400,1500,"sd","10:49:43",1337100
33600,400,500,"sd","10:49:43",1335600
33600,400,100,"sd","10:49:43",1335100
33650,450,200,"bu","10:49:32",1335000
33600,400,400,"sd","10:49:09",1334800
33600,400,100,"sd","10:49:09",1334400
33600,400,500,"sd","10:49:03",1334300
33600,400,500,"sd","10:48:40",1333800
33650,450,200,"bu","10:48:29",1333300
33600,400,500,"bu","10:48:26",1333100
33600,400,300,"bu","10:48:26",1332600
33600,400,100,"bu","10:48:26",1332300
33550,350,800,"sd","10:48:15",1332200
33600,400,200,"bu","10:47:39",1331400
33600,400,200,"bu","10:47:33",1331200
33600,400,200,"bu","10:47:27",1331000
33600,400,100,"bu","10:47:18",1330800
33600,400,1000,"bu","10:46:59",1330700
33600,400,8300,"sd","10:46:51",1329700
33650,450,1000,"bu","10:46:49",1321400
33650,450,1500,"bu","10:46:49",1320400
33600,400,500,"sd","10:46:48",1318900
33650,450,200,"bu","10:46:26",1318400
33600,400,200,"sd","10:46:25",1318200
33600,400,1000,"sd","10:46:15",1318000
33600,400,500,"sd","10:45:54",1317000
33600,400,1600,"sd","10:45:47",1316500
33600,400,2000,"sd","10:45:47",1314900
33600,400,1400,"sd","10:45:47",1312900
33600,400,600,"sd","10:45:43",1311500
33600,400,1400,"sd","10:45:43",1310900
33600,400,100,"sd","10:45:29",1309500
33650,450,200,"bu","10:45:21",1309400
33600,400,100,"sd","10:45:11",1309200
33600,400,200,"sd","10:44:46",1309100
33650,450,200,"bu","10:44:28",1308900
33650,450,500,"bu","10:44:20",1308700
33650,450,200,"bu","10:44:15",1308200
33650,450,200,"bu","10:43:11",1308000
33650,450,300,"bu","10:42:47",1307800
33600,400,700,"bu","10:42:47",1307500
33600,400,100,"bu","10:42:24",1306800
33600,400,200,"bu","10:42:07",1306700
33600,400,1300,"bu","10:42:00",1306500
33600,400,400,"sd","10:41:47",1305200
33600,400,4400,"sd","10:41:47",1304800
33600,400,1000,"sd","10:41:47",1300400
33600,400,1000,"sd","10:41:47",1299400
33600,400,100,"sd","10:41:47",1298400
33600,400,500,"sd","10:41:47",1298300
33600,400,200,"sd","10:41:47",1297800
33600,400,100,"sd","10:41:47",1297600
33600,400,1000,"sd","10:41:47",1297500
33650,450,200,"bu","10:41:06",1296500
33600,400,1000,"sd","10:40:49",1296300
33600,400,200,"sd","10:40:34",1295300
33600,400,1000,"sd","10:40:13",1295100
33650,450,200,"bu","10:40:01",1294100
33600,400,100,"sd","10:39:52",1293900
33650,450,300,"bu","10:39:51",1293800
33650,450,100,"bu","10:39:51",1293500
33650,450,600,"bu","10:39:51",1293400
33600,400,200,"sd","10:39:42",1292800
33600,400,100,"sd","10:39:26",1292600
33600,400,1000,"sd","10:39:21",1292500
33600,400,600,"sd","10:39:07",1291500
33650,450,400,"bu","10:39:06",1290900
33650,450,600,"bu","10:39:06",1290500
33650,450,200,"bu","10:38:58",1289900
33600,400,100,"sd","10:38:41",1289700
33600,400,900,"sd","10:38:11",1289600
33600,400,300,"sd","10:38:11",1288700
33600,400,1000,"sd","10:38:11",1288400
33600,400,800,"sd","10:38:11",1287400
33600,400,2000,"sd","10:38:11",1286600
33600,400,300,"sd","10:38:02",1284600
33650,450,200,"bu","10:38:00",1284300
33650,450,100,"bu","10:38:00",1284100
33650,450,200,"bu","10:37:52",1284000
33600,400,2000,"sd","10:37:23",1283800
33650,450,500,"bu","10:37:06",1281800
33650,450,2000,"bu","10:37:06",1281300
33650,450,200,"bu","10:36:51",1279300
33600,400,700,"sd","10:36:45",1279100
33600,400,1800,"sd","10:36:45",1278400
33600,400,500,"sd","10:36:25",1276600
33600,400,200,"sd","10:36:25",1276100
33600,400,200,"sd","10:36:25",1275900
33600,400,300,"sd","10:35:56",1275700
33600,400,300,"sd","10:35:49",1275400
33600,400,100,"sd","10:35:49",1275100
33650,450,200,"bu","10:35:46",1275000
33600,400,400,"sd","10:34:45",1274800
33600,400,300,"sd","10:34:45",1274400
33600,400,300,"sd","10:34:45",1274100
33650,450,200,"bu","10:34:42",1273800
33600,400,200,"sd","10:34:19",1273600
33600,400,500,"sd","10:34:14",1273400
33600,400,100,"sd","10:34:13",1272900
33600,400,100,"sd","10:33:42",1272800
33600,400,100,"sd","10:33:30",1272700
33600,400,800,"sd","10:33:30",1272600
33600,400,900,"sd","10:33:30",1271800
33600,400,300,"sd","10:33:30",1270900
33600,400,1900,"sd","10:33:30",1270600
33600,400,800,"sd","10:33:30",1268700
33600,400,200,"sd","10:33:11",1267900
33600,400,100,"sd","10:33:11",1267700
33600,400,300,"sd","10:32:49",1267600
33650,450,2000,"bu","10:32:49",1267300
33650,450,400,"bu","10:32:42",1265300
33650,450,100,"bu","10:32:42",1264900
33650,450,200,"bu","10:32:42",1264800
33650,450,100,"bu","10:32:42",1264600
33650,450,1200,"bu","10:32:42",1264500
33650,450,200,"bu","10:32:36",1263300
33650,450,600,"bu","10:32:23",1263100
33650,450,200,"bu","10:32:23",1262500
33650,450,500,"bu","10:32:23",1262300
33650,450,200,"bu","10:32:23",1261800
33650,450,900,"bu","10:32:01",1261600
33650,450,300,"bu","10:32:01",1260700
33600,400,100,"sd","10:32:00",1260400
33600,400,200,"sd","10:32:00",1260300
33600,400,1000,"sd","10:32:00",1260100
33600,400,200,"sd","10:32:00",1259100
33650,450,100,"bu","10:31:31",1258900
33650,450,100,"bu","10:31:30",1258800
33650,450,100,"bu","10:31:30",1258700
33600,400,100,"sd","10:31:24",1258600
33600,400,700,"sd","10:31:14",1258500
33600,400,200,"sd","10:31:05",1257800
33600,400,900,"bu","10:30:33",1257600
33600,400,2000,"bu","10:30:33",1256700
33600,400,200,"bu","10:30:33",1254700
33600,400,5000,"bu","10:30:33",1254500
33600,400,700,"bu","10:30:33",1249500
33600,400,200,"bu","10:30:28",1248800
33600,400,200,"bu","10:29:30",1248600
33600,400,200,"bu","10:29:28",1248400
33600,400,300,"bu","10:29:24",1248200
33600,400,500,"bu","10:29:02",1247900
33600,400,100,"bu","10:28:58",1247400
33600,400,3000,"bu","10:28:55",1247300
33600,400,700,"unknown","10:28:43",1244300
33600,400,1000,"sd","10:28:42",1243600
33600,400,1000,"sd","10:28:42",1242600
33650,450,200,"bu","10:28:42",1241600
33650,450,200,"bu","10:28:25",1241400
33600,400,2000,"sd","10:28:15",1241200
33600,400,1000,"bu","10:28:13",1239200
33600,400,300,"bu","10:28:13",1238200
33600,400,2700,"bu","10:28:13",1237900
33600,400,300,"bu","10:28:08",1235200
33600,400,200,"bu","10:28:08",1234900
33600,400,4000,"bu","10:28:08",1234700
33600,400,500,"bu","10:28:08",1230700
33600,400,1000,"bu","10:28:00",1230200
33550,350,1100,"sd","10:27:57",1229200
33600,400,100,"bu","10:27:50",1228100
33600,400,200,"bu","10:27:46",1228000
33600,400,3000,"bu","10:27:42",1227800
33600,400,800,"bu","10:27:40",1224800
33600,400,1000,"bu","10:27:40",1224000
33600,400,1900,"bu","10:27:40",1223000
33600,400,100,"bu","10:27:40",1221100
33600,400,300,"bu","10:27:34",1221000
33600,400,400,"bu","10:27:34",1220700
33600,400,1000,"bu","10:27:34",1220300
33600,400,900,"bu","10:27:34",1219300
33600,400,2400,"bu","10:27:34",1218400
33600,400,100,"bu","10:27:34",1216000
33600,400,300,"bu","10:27:34",1215900
33600,400,200,"bu","10:27:34",1215600
33600,400,1000,"bu","10:27:34",1215400
33600,400,500,"bu","10:27:25",1214400
33600,400,500,"bu","10:27:25",1213900
33600,400,100,"bu","10:27:25",1213400
33600,400,1000,"bu","10:27:25",1213300
33600,400,200,"bu","10:27:25",1212300
33600,400,1000,"bu","10:27:25",1212100
33600,400,5900,"bu","10:27:25",1211100
33600,400,100,"bu","10:27:25",1205200
33600,400,300,"bu","10:27:25",1205100
33600,400,200,"bu","10:27:25",1204800
33600,400,100,"bu","10:27:25",1204600
33600,400,100,"bu","10:27:25",1204500
33600,400,200,"bu","10:27:24",1204400
33600,400,3000,"bu","10:27:23",1204200
33600,400,200,"bu","10:27:20",1201200
33600,400,2000,"bu","10:27:15",1201000
33600,400,2000,"bu","10:27:13",1199000
33600,400,6000,"bu","10:27:12",1197000
33600,400,100,"bu","10:27:10",1191000
33600,400,600,"bu","10:27:07",1190900
33600,400,500,"bu","10:27:07",1190300
33600,400,400,"bu","10:27:07",1189800
33600,400,1000,"bu","10:27:06",1189400
33600,400,300,"bu","10:27:05",1188400
33600,400,200,"bu","10:27:02",1188100
33600,400,15000,"bu","10:27:02",1187900
33600,400,300,"bu","10:27:00",1172900
33600,400,5000,"bu","10:26:59",1172600
33600,400,2000,"bu","10:26:55",1167600
33600,400,20000,"bu","10:26:53",1165600
33550,350,100,"sd","10:26:52",1145600
33600,400,100000,"bu","10:26:45",1145500
33600,400,200,"bu","10:26:15",1045500
33600,400,2000,"bu","10:26:11",1045300
33550,350,3000,"bu","10:26:04",1043300
33600,400,19700,"bu","10:25:53",1040300
33600,400,600,"bu","10:25:53",1020600
33600,400,200,"bu","10:25:53",1020000
33600,400,500,"bu","10:25:53",1019800
33600,400,1000,"bu","10:25:53",1019300
33600,400,100,"bu","10:25:53",1018300
33550,350,200,"bu","10:25:53",1018200
33550,350,400,"bu","10:25:53",1018000
33550,350,1900,"bu","10:25:53",1017600
33550,350,5400,"bu","10:25:53",1015700
33550,350,1900,"bu","10:25:35",1010300
33550,350,600,"bu","10:25:35",1008400
33550,350,300,"bu","10:25:27",1007800
33550,350,2000,"bu","10:25:26",1007500
33550,350,100,"bu","10:25:12",1005500
33550,350,100,"bu","10:25:12",1005400
33500,300,700,"sd","10:24:49",1005300
33500,300,200,"sd","10:24:42",1004600
33500,300,100,"sd","10:24:34",1004400
33500,300,400,"sd","10:24:34",1004300
33500,300,300,"sd","10:24:34",1003900
33500,300,1000,"sd","10:24:34",1003600
33500,300,200,"sd","10:24:34",1002600
33550,350,100,"bu","10:24:24",1002400
33550,350,1000,"bu","10:24:09",1002300
33550,350,200,"bu","10:24:06",1001300
33550,350,300,"bu","10:23:28",1001100
33550,350,300,"bu","10:23:13",1000800
33550,350,300,"sd","10:23:13",1000500
33550,350,200,"sd","10:23:13",1000200
33550,350,100,"sd","10:23:13",1000000
33550,350,300,"sd","10:23:13",999900
33550,350,2400,"sd","10:23:13",999600
33550,350,3500,"sd","10:23:13",997200
33550,350,100,"sd","10:23:13",993700
33550,350,4100,"sd","10:23:13",993600
33600,400,200,"bu","10:23:02",989500
33600,400,200,"bu","10:22:01",989300
33550,350,5000,"sd","10:21:53",989100
33600,400,100,"bu","10:21:22",984100
33600,400,1000,"bu","10:21:02",984000
33600,400,200,"bu","10:20:55",983000
33550,350,2200,"sd","10:20:28",982800
33550,350,1000,"sd","10:20:28",980600
33550,350,100,"sd","10:19:57",979600
33600,400,200,"bu","10:19:53",979500
33550,350,1000,"sd","10:19:51",979300
33550,350,100,"sd","10:19:43",978300
33550,350,5000,"sd","10:19:31",978200
33550,350,100,"sd","10:19:22",973200
33550,350,1000,"bu","10:19:09",973100
33550,350,100,"bu","10:19:09",972100
33550,350,5000,"bu","10:19:09",972000
33550,350,1000,"bu","10:19:09",967000
33550,350,700,"bu","10:19:09",966000
33550,350,700,"bu","10:19:09",965300
33550,350,300,"bu","10:19:09",964600
33550,350,1000,"bu","10:19:09",964300
33550,350,200,"bu","10:19:09",963300
33550,350,100,"bu","10:19:09",963100
33550,350,1000,"bu","10:19:09",963000
33550,350,600,"bu","10:19:09",962000
33550,350,500,"bu","10:19:09",961400
33550,350,500,"bu","10:19:09",960900
33500,300,100,"sd","10:19:02",960400
33500,300,500,"sd","10:18:53",960300
33550,350,200,"bu","10:18:48",959800
33550,350,100,"bu","10:18:33",959600
33550,350,100,"bu","10:18:33",959500
33550,350,100,"bu","10:18:28",959400
33550,350,200,"bu","10:17:46",959300
33550,350,300,"bu","10:17:45",959100
33550,350,100,"bu","10:17:28",958800
33550,350,100,"bu","10:17:17",958700
33500,300,500,"sd","10:17:15",958600
33500,300,100,"sd","10:16:54",958100
33500,300,100,"sd","10:16:45",958000
33550,350,200,"bu","10:16:44",957900
33550,350,1200,"bu","10:16:26",957700
33550,350,1300,"bu","10:16:26",956500
33500,300,100,"sd","10:16:08",955200
33550,350,1500,"bu","10:16:04",955100
33500,300,200,"sd","10:15:54",953600
33550,350,100,"bu","10:15:50",953400
33500,300,600,"sd","10:15:40",953300
33550,350,200,"bu","10:15:40",952700
33500,300,100,"sd","10:15:35",952500
33500,300,400,"sd","10:15:35",952400
33500,300,5000,"bu","10:15:28",952000
33500,300,100,"bu","10:15:28",947000
33500,300,1000,"sd","10:15:23",946900
33500,300,400,"bu","10:15:16",945900
33500,300,1000,"bu","10:15:16",945500
33500,300,2700,"bu","10:15:16",944500
33500,300,500,"bu","10:15:16",941800
33500,300,500,"bu","10:15:16",941300
33500,300,7900,"bu","10:15:16",940800
33500,300,2000,"bu","10:15:08",932900
33500,300,700,"bu","10:15:01",930900
33500,300,3000,"bu","10:14:59",930200
33500,300,200,"bu","10:14:37",927200
33450,250,500,"sd","10:14:33",927000
33450,250,100,"sd","10:14:06",926500
33500,300,300,"bu","10:13:56",926400
33450,250,500,"sd","10:13:37",926100
33500,300,200,"bu","10:13:36",925600
33450,250,600,"sd","10:13:14",925400
33500,300,200,"bu","10:13:12",924800
33500,300,1000,"bu","10:13:08",924600
33500,300,500,"bu","10:13:05",923600
33500,300,200,"bu","10:12:34",923100
33500,300,100,"bu","10:12:17",922900
33500,300,2500,"bu","10:12:01",922800
33400,200,300,"sd","10:11:57",920300
33400,200,5000,"sd","10:11:57",920000
33400,200,500,"sd","10:11:57",915000
33400,200,700,"sd","10:11:57",914500
33400,200,400,"sd","10:11:57",913800
33450,250,300,"sd","10:11:57",913400
33400,200,100,"sd","10:11:57",913100
33450,250,300,"sd","10:11:57",913000
33400,200,200,"sd","10:11:57",912700
33450,250,5100,"sd","10:11:57",912500
33450,250,1400,"sd","10:11:57",907400
33400,200,5100,"sd","10:11:57",906000
33450,250,1000,"sd","10:11:57",900900
33450,250,200,"sd","10:11:57",899900
33450,250,5000,"sd","10:11:57",899700
33450,250,500,"sd","10:11:57",894700
33450,250,1900,"sd","10:11:57",894200
33500,300,100,"bu","10:11:42",892300
33500,300,100,"bu","10:11:42",892200
33500,300,200,"bu","10:11:32",892100
33450,250,500,"bu","10:10:53",891900
33450,250,8600,"bu","10:10:53",891400
33450,250,1000,"bu","10:10:53",882800
33450,250,100,"bu","10:10:53",881800
33450,250,100,"bu","10:10:53",881700
33450,250,700,"bu","10:10:53",881600
33450,250,5500,"bu","10:10:53",880900
33450,250,1000,"bu","10:10:46",875400
33450,250,500,"bu","10:10:42",874400
33450,250,200,"bu","10:10:26",873900
33450,250,300,"bu","10:10:25",873700
33450,250,100,"bu","10:10:23",873400
33450,250,300,"bu","10:10:06",873300
33450,250,200,"bu","10:09:58",873000
33450,250,200,"bu","10:09:51",872800
33450,250,500,"bu","10:09:47",872600
33450,250,100,"bu","10:09:38",872100
33450,250,100,"bu","10:09:33",872000
33450,250,3000,"bu","10:09:25",871900
33450,250,200,"bu","10:09:24",868900
33450,250,1200,"bu","10:09:01",868700
33450,250,2000,"bu","10:09:01",867500
33450,250,100,"bu","10:09:01",865500
33450,250,500,"bu","10:09:01",865400
33450,250,100,"bu","10:09:01",864900
33450,250,500,"unknown","10:09:01",864800
33450,250,100,"sd","10:09:01",864300
33450,250,600,"sd","10:09:01",864200
33450,250,100,"sd","10:09:01",863600
33450,250,100,"sd","10:09:01",863500
33450,250,100,"sd","10:09:01",863400
33450,250,1000,"sd","10:09:01",863300
33500,300,100,"sd","10:09:01",862300
33500,300,100,"sd","10:09:01",862200
33500,300,1000,"sd","10:09:01",862100
33500,300,200,"sd","10:09:01",861100
33500,300,100,"sd","10:08:55",860900
33500,300,1700,"sd","10:08:46",860800
33500,300,500,"sd","10:08:46",859100
33500,300,2800,"sd","10:08:46",858600
33500,300,800,"sd","10:08:43",855800
33500,300,400,"sd","10:08:40",855000
33500,300,3000,"sd","10:08:38",854600
33500,300,500,"sd","10:08:38",851600
33500,300,400,"sd","10:08:38",851100
33500,300,300,"sd","10:08:38",850700
33500,300,3000,"sd","10:08:38",850400
33500,300,100,"sd","10:08:38",847400
33500,300,1000,"sd","10:08:38",847300
33500,300,100,"sd","10:08:38",846300
33500,300,200,"sd","10:08:38",846200
33500,300,300,"sd","10:08:38",846000
33500,300,2000,"sd","10:08:38",845700
33500,300,1000,"sd","10:08:38",843700
33500,300,10000,"sd","10:08:38",842700
33500,300,500,"sd","10:08:38",832700
33500,300,500,"sd","10:08:38",832200
33500,300,1400,"sd","10:08:38",831700
33500,300,100,"sd","10:08:38",830300
33500,300,1000,"sd","10:08:38",830200
33500,300,300,"sd","10:08:38",829200
33500,300,1000,"sd","10:08:38",828900
33500,300,2000,"sd","10:08:38",827900
33500,300,1000,"sd","10:08:38",825900
33500,300,10000,"sd","10:08:38",824900
33550,350,100,"bu","10:08:28",814900
33550,350,200,"bu","10:08:19",814800
33550,350,600,"bu","10:07:46",814600
33550,350,300,"bu","10:07:28",814000
33500,300,700,"sd","10:07:22",813700
33500,300,300,"sd","10:07:22",813000
33500,300,100,"sd","10:07:17",812700
33550,350,200,"bu","10:07:14",812600
33550,350,200,"bu","10:06:51",812400
33550,350,600,"bu","10:06:46",812200
33550,350,100,"bu","10:06:45",811600
33550,350,800,"bu","10:06:21",811500
33550,350,200,"bu","10:06:14",810700
33550,350,300,"bu","10:06:09",810500
33550,350,300,"bu","10:06:09",810200
33550,350,2700,"sd","10:05:41",809900
33550,350,2300,"sd","10:05:41",807200
33550,350,1000,"sd","10:05:36",804900
33550,350,2000,"sd","10:05:09",803900
33600,400,200,"bu","10:05:08",801900
33550,350,100,"sd","10:05:00",801700
33550,350,100,"sd","10:04:51",801600
33550,350,100,"sd","10:04:49",801500
33550,350,4400,"sd","10:04:36",801400
33550,350,500,"sd","10:04:36",797000
33550,350,100,"sd","10:04:36",796500
33600,400,100,"bu","10:04:31",796400
33600,400,100,"bu","10:04:26",796300
33550,350,100,"sd","10:04:23",796200
33600,400,100,"bu","10:04:14",796100
33600,400,1000,"bu","10:04:14",796000
33550,350,100,"sd","10:04:14",795000
33550,350,500,"sd","10:04:12",794900
33600,400,200,"bu","10:04:05",794400
33550,350,500,"sd","10:04:03",794200
33550,350,200,"sd","10:04:03",793700
33550,350,500,"sd","10:04:00",793500
33550,350,1000,"sd","10:04:00",793000
33550,350,2000,"sd","10:03:47",792000
33550,350,1000,"sd","10:03:20",790000
33550,350,1000,"sd","10:03:20",789000
33550,350,900,"sd","10:03:20",788000
33550,350,800,"sd","10:03:20",787100
33600,400,400,"bu","10:03:09",786300
33600,400,100,"bu","10:03:09",785900
33600,400,500,"bu","10:03:09",785800
33550,350,1400,"sd","10:03:05",785300
33550,350,500,"sd","10:03:05",783900
33550,350,100,"sd","10:03:05",783400
33600,400,1000,"bu","10:03:04",783300
33600,400,200,"bu","10:03:02",782300
33600,400,2300,"sd","10:02:44",782100
33600,400,400,"sd","10:02:44",779800
33600,400,500,"sd","10:02:44",779400
33600,400,1500,"sd","10:02:44",778900
33600,400,300,"sd","10:02:44",777400
33600,400,200,"sd","10:02:44",777100
33600,400,500,"sd","10:02:44",776900
33600,400,1000,"sd","10:02:44",776400
33600,400,500,"sd","10:02:44",775400
33600,400,900,"sd","10:02:44",774900
33600,400,800,"sd","10:02:44",774000
33600,400,1000,"sd","10:02:44",773200
33600,400,1400,"sd","10:02:44",772200
33600,400,600,"sd","10:02:40",770800
33600,400,200,"sd","10:02:40",770200
33600,400,4200,"sd","10:02:40",770000
33600,400,500,"sd","10:02:35",765800
33600,400,5000,"sd","10:02:23",765300
33650,450,1400,"bu","10:02:21",760300
33650,450,3300,"bu","10:02:21",758900
33650,450,100,"bu","10:02:21",755600
33650,450,200,"bu","10:02:21",755500
33650,450,200,"bu","10:02:00",755300
33600,400,300,"sd","10:01:56",755100
33650,450,600,"bu","10:01:46",754800
33650,450,100,"bu","10:01:46",754200
33650,450,1000,"bu","10:01:46",754100
33650,450,1000,"bu","10:01:46",753100
33650,450,1000,"bu","10:01:46",752100
33650,450,1000,"bu","10:01:46",751100
33650,450,10000,"bu","10:01:46",750100
33650,450,100,"bu","10:01:46",740100
33650,450,5200,"bu","10:01:46",740000
33600,400,500,"sd","10:01:33",734800
33600,400,1000,"sd","10:01:32",734300
33600,400,100,"sd","10:01:16",733300
33650,450,200,"bu","10:00:59",733200
33600,400,3000,"sd","10:00:49",733000
33600,400,200,"sd","10:00:48",730000
33600,400,5000,"sd","10:00:26",729800
33600,400,600,"sd","10:00:12",724800
33600,400,9600,"sd","09:59:58",724200
33600,400,400,"sd","09:59:58",714600
33600,400,3000,"sd","09:59:57",714200
33650,450,200,"bu","09:59:53",711200
33600,400,400,"sd","09:59:51",711000
33600,400,300,"sd","09:59:40",710600
33600,400,1000,"sd","09:59:31",710300
33600,400,200,"sd","09:59:10",709300
33650,450,1000,"bu","09:59:06",709100
33600,400,3400,"sd","09:59:00",708100
33650,450,300,"bu","09:58:54",704700
33600,400,10000,"sd","09:58:50",704400
33600,400,500,"sd","09:58:48",694400
33650,450,200,"bu","09:58:47",693900
33600,400,200,"sd","09:58:46",693700
33600,400,100,"sd","09:58:35",693500
33600,400,1000,"sd","09:58:05",693400
33650,450,1000,"bu","09:57:50",692400
33650,450,200,"bu","09:57:41",691400
33600,400,100,"sd","09:57:40",691200
33600,400,2200,"sd","09:57:36",691100
33600,400,200,"sd","09:57:04",688900
33650,450,200,"bu","09:56:40",688700
33650,450,1100,"sd","09:56:16",688500
33650,450,200,"sd","09:56:16",687400
33650,450,1000,"sd","09:56:16",687200
33650,450,2000,"sd","09:56:16",686200
33650,450,100,"sd","09:56:16",684200
33650,450,500,"sd","09:56:16",684100
33650,450,100,"sd","09:56:16",683600
33650,450,2000,"sd","09:56:16",683500
33650,450,100,"sd","09:56:16",681500
33650,450,400,"sd","09:56:16",681400
33650,450,4000,"sd","09:56:16",681000
33650,450,1000,"sd","09:56:15",677000
33650,450,2000,"sd","09:56:15",676000
33650,450,1000,"sd","09:55:50",674000
33700,500,100,"bu","09:55:41",673000
33700,500,200,"bu","09:55:38",672900
33650,450,100,"sd","09:55:33",672700
33650,450,200,"sd","09:55:21",672600
33650,450,200,"sd","09:54:41",672400
33700,500,200,"bu","09:54:37",672200
33650,450,4600,"sd","09:54:35",672000
33650,450,300,"sd","09:54:35",667400
33650,450,300,"sd","09:54:35",667100
33650,450,800,"sd","09:54:35",666800
33650,450,500,"sd","09:54:01",666000
33700,500,1000,"bu","09:53:56",665500
33700,500,200,"bu","09:53:31",664500
33700,500,500,"bu","09:52:54",664300
33700,500,300,"bu","09:52:31",663800
33700,500,200,"bu","09:52:27",663500
33700,500,200,"bu","09:52:25",663300
33700,500,700,"bu","09:51:57",663100
33700,500,200,"bu","09:51:51",662400
33700,500,200,"bu","09:51:51",662200
33700,500,100,"bu","09:51:51",662000
33700,500,500,"bu","09:51:51",661900
33700,500,100,"bu","09:51:45",661400
33700,500,100,"bu","09:51:28",661300
33700,500,200,"bu","09:51:24",661200
33700,500,100,"bu","09:51:19",661000
33700,500,200,"bu","09:51:19",660900
33700,500,500,"bu","09:51:19",660700
33700,500,1400,"bu","09:51:19",660200
33700,500,1000,"bu","09:51:13",658800
33700,500,400,"bu","09:51:08",657800
33650,450,500,"sd","09:51:06",657400
33700,500,100,"bu","09:51:02",656900
33700,500,200,"bu","09:51:01",656800
33700,500,1000,"bu","09:51:01",656600
33700,500,300,"bu","09:51:01",655600
33700,500,3000,"bu","09:51:00",655300
33700,500,5400,"bu","09:50:43",652300
33700,500,100,"bu","09:50:34",646900
33700,500,300,"bu","09:50:21",646800
33700,500,200,"bu","09:50:21",646500
33700,500,500,"bu","09:50:17",646300
33700,500,100,"bu","09:50:17",645800
33700,500,14100,"sd","09:50:17",645700
33750,550,100,"bu","09:49:58",631600
33750,550,2000,"bu","09:49:31",631500
33750,550,1000,"bu","09:49:24",629500
33750,550,200,"bu","09:49:20",628500
33700,500,15900,"bu","09:49:15",628300
33700,500,5000,"bu","09:49:06",612400
33700,500,500,"sd","09:48:48",607400
33700,500,3600,"sd","09:48:48",606900
33700,500,100,"sd","09:48:33",603300
33750,550,100,"bu","09:48:25",603200
33750,550,200,"bu","09:48:16",603100
33700,500,1000,"sd","09:48:12",602900
33700,500,2000,"sd","09:48:12",601900
33700,500,500,"sd","09:48:12",599900
33700,500,3000,"sd","09:48:12",599400
33700,500,200,"sd","09:48:12",596400
33700,500,100,"sd","09:48:12",596200
33700,500,500,"sd","09:48:12",596100
33700,500,5000,"sd","09:48:12",595600
33700,500,900,"bu","09:48:12",590600
33700,500,500,"bu","09:48:12",589700
33700,500,100,"bu","09:48:12",589200
33700,500,1000,"bu","09:48:12",589100
33700,500,300,"bu","09:48:12",588100
33700,500,1000,"bu","09:48:12",587800
33700,500,500,"bu","09:48:12",586800
33700,500,100,"bu","09:48:12",586300
33700,500,100,"bu","09:48:12",586200
33700,500,100,"bu","09:48:12",586100
33700,500,300,"bu","09:48:12",586000
33700,500,1700,"bu","09:48:12",585700
33700,500,300,"bu","09:48:12",584000
33700,500,500,"bu","09:48:12",583700
33700,500,200,"bu","09:48:12",583200
33700,500,900,"bu","09:48:12",583000
33700,500,5500,"bu","09:48:12",582100
33700,500,1000,"bu","09:48:06",576600
33700,500,700,"bu","09:47:54",575600
33700,500,300,"bu","09:47:54",574900
33650,450,300,"bu","09:47:44",574600
33650,450,1000,"bu","09:47:44",574300
33650,450,300,"bu","09:47:44",573300
33650,450,1500,"bu","09:47:44",573000
33650,450,5000,"bu","09:47:44",571500
33650,450,100,"bu","09:47:44",566500
33650,450,500,"bu","09:47:43",566400
33600,400,400,"sd","09:47:43",565900
33600,400,100,"bu","09:47:31",565500
33600,400,200,"bu","09:47:31",565400
33600,400,500,"bu","09:47:31",565200
33600,400,100,"bu","09:47:31",564700
33600,400,2000,"bu","09:47:31",564600
33600,400,400,"bu","09:47:31",562600
33600,400,300,"bu","09:47:31",562200
33600,400,300,"bu","09:47:31",561900
33600,400,3000,"bu","09:47:31",561600
33600,400,2000,"bu","09:47:31",558600
33600,400,1700,"bu","09:47:31",556600
33550,350,100,"sd","09:47:30",554900
33600,400,700,"bu","09:47:21",554800
33600,400,1000,"bu","09:47:16",554100
33600,400,10600,"bu","09:47:16",553100
33600,400,2600,"bu","09:47:16",542500
33600,400,600,"bu","09:47:16",539900
33600,400,200,"bu","09:47:16",539300
33600,400,3400,"bu","09:47:14",539100
33600,400,200,"bu","09:47:12",535700
33550,350,100,"bu","09:46:34",535500
33550,350,500,"bu","09:46:34",535400
33550,350,2100,"bu","09:46:34",534900
33550,350,100,"bu","09:46:34",532800
33550,350,100,"bu","09:46:34",532700
33550,350,600,"bu","09:46:34",532600
33550,350,14800,"bu","09:46:34",532000
33550,350,200,"bu","09:46:27",517200
33550,350,100,"bu","09:46:27",517000
33550,350,200,"bu","09:46:27",516900
33550,350,1300,"bu","09:46:21",516700
33550,350,700,"bu","09:46:21",515400
33550,350,100,"bu","09:46:17",514700
33550,350,200,"bu","09:46:17",514600
33550,350,200,"bu","09:46:12",514400
33500,300,1000,"sd","09:45:47",514200
33500,300,600,"sd","09:45:28",513200
33500,300,400,"sd","09:45:28",512600
33500,300,600,"sd","09:45:19",512200
33500,300,100,"sd","09:45:19",511600
33500,300,100,"sd","09:45:19",511500
33550,350,100,"bu","09:45:12",511400
33550,350,100,"bu","09:45:12",511300
33550,350,800,"bu","09:45:12",511200
33550,350,200,"bu","09:45:11",510400
33550,350,100,"bu","09:44:56",510200
33550,350,200,"bu","09:44:08",510100
33500,300,1100,"bu","09:43:42",509900
33500,300,100,"bu","09:43:42",508800
33500,300,1700,"bu","09:43:42",508700
33500,300,100,"bu","09:43:40",507000
33500,300,200,"bu","09:43:39",506900
33500,300,400,"bu","09:43:39",506700
33500,300,100,"bu","09:43:35",506300
33500,300,100,"bu","09:43:25",506200
33500,300,6900,"bu","09:43:25",506100
33500,300,200,"bu","09:43:25",499200
33500,300,500,"bu","09:43:25",499000
33500,300,300,"bu","09:43:25",498500
33500,300,100,"bu","09:43:25",498200
33500,300,500,"bu","09:43:25",498100
33500,300,500,"bu","09:43:25",497600
33500,300,600,"bu","09:43:25",497100
33500,300,300,"bu","09:43:25",496500
33500,300,100,"bu","09:43:25",496200
33500,300,900,"bu","09:43:23",496100
33500,300,5000,"bu","09:43:15",495200
33500,300,500,"bu","09:43:10",490200
33500,300,200,"bu","09:43:08",489700
33500,300,300,"bu","09:42:16",489500
33500,300,300,"bu","09:42:16",489200
33500,300,400,"bu","09:42:16",488900
33450,250,100,"sd","09:42:15",488500
33450,250,200,"sd","09:42:15",488400
33450,250,300,"sd","09:42:08",488200
33500,300,200,"bu","09:42:06",487900
33450,250,100,"sd","09:42:06",487700
33450,250,200,"sd","09:42:06",487600
33450,250,1700,"sd","09:42:06",487400
33450,250,100,"sd","09:42:04",485700
33450,250,100,"sd","09:41:59",485600
33450,250,500,"sd","09:41:56",485500
33500,300,100,"bu","09:41:52",485000
33450,250,600,"sd","09:41:36",484900
33450,250,100,"sd","09:41:36",484300
33450,250,300,"sd","09:41:36",484200
33500,300,100,"bu","09:41:05",483900
33500,300,500,"bu","09:41:03",483800
33450,250,700,"sd","09:41:03",483300
33450,250,1000,"sd","09:41:03",482600
33450,250,200,"sd","09:41:03",481600
33450,250,100,"sd","09:41:03",481400
33500,300,200,"bu","09:41:02",481300
33500,300,1800,"bu","09:40:58",481100
33500,300,500,"bu","09:40:46",479300
33500,300,300,"sd","09:40:37",478800
33500,300,1000,"sd","09:40:37",478500
33500,300,200,"sd","09:40:37",477500
33500,300,1000,"sd","09:40:37",477300
33500,300,2000,"sd","09:40:36",476300
33500,300,200,"sd","09:40:36",474300
33500,300,200,"sd","09:40:36",474100
33500,300,1000,"sd","09:40:36",473900
33500,300,600,"sd","09:40:36",472900
33500,300,100,"sd","09:40:36",472300
33500,300,500,"sd","09:40:36",472200
33500,300,200,"sd","09:40:36",471700
33500,300,2000,"sd","09:40:36",471500
33500,300,300,"sd","09:40:36",469500
33500,300,200,"sd","09:40:36",469200
33500,300,100,"sd","09:40:36",469000
33500,300,200,"sd","09:40:36",468900
33500,300,300,"sd","09:40:36",468700
33500,300,200,"sd","09:40:36",468400
33500,300,200,"sd","09:40:36",468200
33500,300,100,"sd","09:40:36",468000
33500,300,200,"sd","09:40:36",467900
33500,300,100,"sd","09:40:36",467700
33500,300,100,"sd","09:40:36",467600
33500,300,1000,"sd","09:40:36",467500
33500,300,3900,"sd","09:40:36",466500
33500,300,300,"sd","09:40:28",462600
33500,300,100,"sd","09:40:25",462300
33500,300,200,"sd","09:40:24",462200
33550,350,200,"bu","09:40:01",462000
33550,350,100,"bu","09:39:44",461800
33550,350,2000,"bu","09:39:42",461700
33500,300,200,"sd","09:39:35",459700
33500,300,100,"sd","09:39:35",459500
33500,300,100,"sd","09:39:35",459400
33500,300,4500,"sd","09:39:35",459300
33500,300,500,"sd","09:39:35",454800
33550,350,200,"bu","09:38:55",454300
33550,350,200,"bu","09:38:39",454100
33550,350,900,"bu","09:38:36",453900
33550,350,100,"bu","09:38:09",453000
33550,350,200,"sd","09:38:07",452900
33550,350,3000,"sd","09:38:07",452700
33550,350,5000,"sd","09:38:07",449700
33550,350,100,"sd","09:38:07",444700
33550,350,400,"sd","09:38:07",444600
33550,350,100,"sd","09:38:07",444200
33550,350,100,"sd","09:38:07",444100
33550,350,3000,"sd","09:38:07",444000
33550,350,3100,"sd","09:38:07",441000
33600,400,200,"bu","09:37:55",437900
33550,350,100,"sd","09:37:38",437700
33550,350,2200,"sd","09:37:32",437600
33550,350,5500,"sd","09:37:01",435400
33550,350,500,"sd","09:37:01",429900
33600,400,100,"bu","09:36:58",429400
