"price","change","match_qtty","side","time","total_vol"
4710,-40,46100,"sd","14:45:00",916400
4740,-10,5000,"sd","14:29:05",870300
4740,-10,400,"sd","14:29:05",865300
4740,-10,200,"sd","14:28:32",864900
4740,-10,100,"sd","14:28:05",864700
4750,0,900,"bu","14:27:52",864600
4740,-10,300,"sd","14:27:28",863700
4750,0,9500,"sd","14:26:16",863400
4750,0,200,"bu","14:26:07",853900
4750,0,100,"bu","14:25:56",853700
4740,-10,400,"sd","14:24:50",853600
4740,-10,2500,"bu","14:24:14",853200
4720,-30,1000,"sd","14:24:10",850700
4720,-30,7600,"bu","14:23:05",849700
4710,-40,200,"sd","14:22:46",842100
4720,-30,1000,"bu","14:22:31",841900
4720,-30,1000,"bu","14:22:05",840900
4720,-30,2000,"bu","14:22:04",839900
4720,-30,2100,"bu","14:21:56",837900
4720,-30,500,"bu","14:21:33",835800
4710,-40,7700,"sd","14:21:01",835300
4720,-30,700,"bu","14:20:37",827600
4720,-30,700,"bu","14:20:37",826900
4720,-30,300,"bu","14:20:37",826200
4720,-30,100,"bu","14:20:33",825900
4720,-30,200,"bu","14:20:16",825800
4710,-40,200,"sd","14:20:05",825600
4720,-30,600,"bu","14:19:27",825400
4710,-40,500,"sd","14:17:22",824800
4720,-30,100,"bu","14:16:24",824300
4710,-40,100,"sd","14:16:23",824200
4710,-40,100,"sd","14:16:13",824100
4710,-40,2000,"sd","14:15:48",824000
4710,-40,3000,"sd","14:15:34",822000
4710,-40,200,"sd","14:14:54",819000
4710,-40,1700,"sd","14:14:50",818800
4710,-40,100,"sd","14:14:50",817100
4710,-40,700,"sd","14:14:50",817000
4710,-40,300,"sd","14:14:12",816300
4720,-30,300,"bu","14:14:09",816000
4710,-40,2000,"sd","14:14:08",815700
4710,-40,100,"sd","14:14:08",813700
4710,-40,500,"sd","14:14:08",813600
4710,-40,500,"sd","14:13:51",813100
4710,-40,200,"sd","14:13:51",812600
4710,-40,100,"sd","14:13:42",812400
4710,-40,2000,"sd","14:12:50",812300
4720,-30,400,"sd","14:12:02",810300
4720,-30,1000,"sd","14:11:48",809900
4720,-30,2000,"sd","14:11:12",808900
4720,-30,500,"sd","14:11:12",806900
4720,-30,5000,"sd","14:11:12",806400
4720,-30,2500,"sd","14:11:12",801400
4720,-30,1500,"sd","14:10:18",798900
4720,-30,1200,"sd","14:10:18",797400
4720,-30,2000,"sd","14:10:18",796200
4720,-30,500,"sd","14:10:18",794200
4730,-20,100,"bu","14:09:56",793700
4730,-20,100,"bu","14:09:56",793600
4730,-20,3900,"sd","14:09:21",793500
4730,-20,500,"sd","14:09:21",789600
4730,-20,100,"sd","14:09:21",789100
4730,-20,100,"sd","14:09:11",789000
4730,-20,900,"sd","14:09:11",788900
4730,-20,3400,"sd","14:08:05",788000
4730,-20,100,"sd","14:08:05",784600
4740,-10,2500,"sd","14:07:41",784500
4740,-10,3000,"sd","14:06:53",782000
4740,-10,1500,"bu","14:06:36",779000
4740,-10,2000,"bu","14:06:36",777500
4740,-10,25000,"bu","14:06:36",775500
4740,-10,500,"bu","14:06:36",750500
4730,-20,2000,"sd","14:04:33",750000
4740,-10,100,"bu","14:03:29",748000
4730,-20,800,"sd","14:03:25",747900
4740,-10,5000,"bu","14:02:59",747100
4740,-10,1000,"bu","14:02:48",742100
4740,-10,1700,"bu","14:01:10",741100
4740,-10,10000,"bu","14:01:00",739400
4740,-10,1500,"bu","14:00:41",729400
4740,-10,600,"bu","13:59:58",727900
4740,-10,100,"bu","13:58:01",727300
4730,-20,10000,"bu","13:57:30",727200
4730,-20,1600,"bu","13:57:30",717200
4730,-20,200,"bu","13:57:30",715600
4730,-20,2000,"bu","13:57:30",715400
4720,-30,1300,"sd","13:57:18",713400
4730,-20,600,"bu","13:56:30",712100
4720,-30,11800,"sd","13:53:28",711500
4720,-30,18300,"sd","13:52:27",699700
4720,-30,100,"sd","13:52:27",681400
4720,-30,100,"sd","13:52:27",681300
4720,-30,100,"sd","13:52:27",681200
4720,-30,3900,"sd","13:52:27",681100
4730,-20,5000,"bu","13:52:02",677200
4730,-20,2000,"bu","13:51:24",672200
4720,-30,5000,"sd","13:49:58",670200
4720,-30,1000,"sd","13:49:46",665200
4720,-30,100,"sd","13:49:40",664200
4720,-30,400,"sd","13:49:40",664100
4720,-30,100,"sd","13:49:40",663700
4720,-30,300,"sd","13:49:40",663600
4720,-30,300,"sd","13:49:40",663300
4720,-30,100,"sd","13:49:40",663000
4720,-30,1700,"sd","13:49:40",662900
4720,-30,1000,"sd","13:49:27",661200
4730,-20,100,"bu","13:49:10",660200
4730,-20,300,"bu","13:49:00",660100
4730,-20,1600,"bu","13:49:00",659800
4720,-30,2000,"sd","13:48:25",658200
4730,-20,100,"bu","13:47:46",656200
4720,-30,300,"sd","13:46:53",656100
4730,-20,100,"bu","13:46:18",655800
4730,-20,100,"bu","13:45:24",655700
4730,-20,1100,"sd","13:45:11",655600
4730,-20,1200,"sd","13:44:48",654500
4720,-30,6700,"sd","13:44:48",653300
4720,-30,400,"bu","13:44:25",646600
4720,-30,300,"bu","13:44:17",646200
4720,-30,1000,"bu","13:44:01",645900
4720,-30,100,"bu","13:44:00",644900
4720,-30,100,"sd","13:43:39",644800
4720,-30,6400,"sd","13:43:39",644700
4730,-20,1000,"bu","13:43:33",638300
4720,-30,10000,"sd","13:43:21",637300
4720,-30,100,"sd","13:43:21",627300
4720,-30,100,"sd","13:43:20",627200
4720,-30,800,"sd","13:43:20",627100
4720,-30,2200,"sd","13:42:19",626300
4720,-30,500,"sd","13:42:19",624100
4720,-30,19500,"sd","13:42:19",623600
4720,-30,10000,"sd","13:42:19",604100
4720,-30,1000,"sd","13:42:19",594100
4720,-30,5000,"sd","13:42:19",593100
4720,-30,20000,"sd","13:42:19",588100
4720,-30,100,"sd","13:42:19",568100
4730,-20,100,"bu","13:42:05",568000
4730,-20,5000,"bu","13:42:04",567900
4730,-20,1000,"bu","13:41:04",562900
4720,-30,500,"sd","13:38:58",561900
4710,-40,100,"sd","13:36:42",561400
4710,-40,3000,"sd","13:36:27",561300
4710,-40,1000,"sd","13:36:27",558300
4710,-40,100,"sd","13:36:27",557300
4710,-40,5000,"sd","13:36:27",557200
4710,-40,1000,"sd","13:36:27",552200
4710,-40,2000,"sd","13:36:27",551200
4710,-40,100,"sd","13:36:27",549200
4710,-40,300,"sd","13:36:27",549100
4720,-30,200,"sd","13:36:27",548800
4720,-30,1000,"sd","13:36:27",548600
4720,-30,100,"sd","13:36:27",547600
4720,-30,5000,"sd","13:36:27",547500
4720,-30,100,"sd","13:36:27",542500
4730,-20,100,"sd","13:36:27",542400
4730,-20,1000,"sd","13:36:27",542300
4750,0,3000,"bu","13:36:02",541300
4750,0,1000,"bu","13:35:46",538300
4720,-30,200,"sd","13:33:00",537300
4710,-40,1700,"sd","13:28:18",537100
4710,-40,200,"sd","13:28:18",535400
4710,-40,1000,"sd","13:28:18",535200
4710,-40,300,"sd","13:28:18",534200
4710,-40,100,"sd","13:28:18",533900
4720,-30,700,"sd","13:28:18",533800
4720,-30,200,"sd","13:28:18",533100
4720,-30,500,"sd","13:28:18",532900
4730,-20,100,"sd","13:28:18",532400
4730,-20,200,"sd","13:28:18",532300
4730,-20,100,"sd","13:27:50",532100
4730,-20,200,"sd","13:27:50",532000
4730,-20,1800,"sd","13:27:34",531800
4730,-20,5000,"sd","13:27:34",530000
4730,-20,2000,"sd","13:27:34",525000
4730,-20,1000,"sd","13:27:34",523000
4730,-20,200,"sd","13:27:34",522000
4740,-10,500,"bu","13:26:56",521800
4740,-10,200,"bu","13:26:56",521300
4740,-10,100,"sd","13:26:47",521100
4740,-10,100,"sd","13:26:47",521000
4740,-10,500,"sd","13:26:47",520900
4740,-10,3000,"sd","13:26:47",520400
4740,-10,300,"sd","13:26:47",517400
4740,-10,2000,"sd","13:26:30",517100
4750,0,1000,"bu","13:26:07",515100
4750,0,1500,"bu","13:25:25",514100
4750,0,3600,"bu","13:25:25",512600
4750,0,1400,"bu","13:25:03",509000
4750,0,100,"bu","13:24:43",507600
4740,-10,500,"sd","13:23:59",507500
4740,-10,5000,"sd","13:23:48",507000
4750,0,500,"sd","13:23:33",502000
4750,0,500,"sd","13:23:16",501500
4750,0,100,"sd","13:23:08",501000
4750,0,1900,"sd","13:23:08",500900
4750,0,100,"sd","13:22:49",499000
4750,0,600,"sd","13:22:49",498900
4750,0,4400,"sd","13:22:12",498300
4750,0,400,"sd","13:22:12",493900
4750,0,1000,"sd","13:22:12",493500
4750,0,1000,"sd","13:22:12",492500
4750,0,100,"sd","13:22:12",491500
4750,0,2000,"sd","13:22:12",491400
4750,0,2000,"sd","13:22:12",489400
4750,0,500,"sd","13:22:12",487400
4750,0,5000,"sd","13:22:12",486900
4750,0,1000,"sd","13:22:12",481900
4750,0,2000,"sd","13:22:12",480900
4750,0,300,"sd","13:22:12",478900
4750,0,300,"sd","13:22:11",478600
4750,0,500,"sd","13:22:01",478300
4750,0,200,"sd","13:19:13",477800
4750,0,1000,"sd","13:18:42",477600
4750,0,100,"sd","13:18:29",476600
4760,10,200,"sd","13:17:53",476500
4760,10,500,"sd","13:17:53",476300
4760,10,100,"sd","13:17:53",475800
4760,10,100,"sd","13:17:53",475700
4760,10,600,"sd","13:17:53",475600
4760,10,200,"sd","13:17:45",475000
4760,10,300,"sd","13:16:20",474800
4760,10,200,"sd","13:16:20",474500
4770,20,1200,"sd","13:15:50",474300
4770,20,100,"sd","13:15:50",473100
4770,20,1100,"sd","13:15:50",473000
4770,20,4300,"sd","13:15:38",471900
4770,20,700,"sd","13:15:38",467600
4780,30,200,"bu","13:14:24",466900
4780,30,200,"bu","13:13:17",466700
4780,30,100,"bu","13:09:46",466500
4770,20,4000,"sd","13:08:45",466400
4770,20,5000,"sd","13:08:38",462400
4770,20,300,"sd","13:08:11",457400
4770,20,4700,"sd","13:08:11",457100
4770,20,1700,"sd","13:06:38",452400
4770,20,2000,"sd","13:06:22",450700
4790,40,300,"bu","13:05:57",448700
4780,30,100,"unknown","13:04:34",448400
4780,30,1000,"unknown","13:04:34",448300
4770,20,900,"sd","13:04:34",447300
4790,40,1000,"bu","13:04:32",446400
4770,20,700,"sd","13:03:06",445400
4770,20,300,"sd","13:03:06",444700
4770,20,1200,"sd","13:02:47",444400
4770,20,200,"sd","13:02:47",443200
4770,20,400,"sd","13:02:40",443000
4770,20,1400,"sd","13:00:34",442600
4770,20,300,"sd","13:00:34",441200
4780,30,200,"sd","13:00:34",440900
4780,30,2000,"sd","13:00:34",440700
4780,30,100,"sd","13:00:34",438700
4780,30,100,"sd","13:00:09",438600
4780,30,200,"sd","13:00:09",438500
4790,40,100,"bu","13:00:01",438300
4790,40,500,"bu","11:29:40",438200
4790,40,900,"bu","11:27:22",437700
4790,40,400,"bu","11:24:22",436800
4780,30,100,"sd","11:23:35",436400
4780,30,100,"sd","11:23:35",436300
4780,30,100,"sd","11:23:35",436200
4780,30,200,"sd","11:23:35",436100
4780,30,200,"sd","11:23:02",435900
4790,40,100,"bu","11:21:51",435700
4790,40,1000,"sd","11:19:03",435600
4790,40,1000,"sd","11:18:02",434600
4800,50,400,"bu","11:18:00",433600
4800,50,1000,"bu","11:16:37",433200
4800,50,600,"bu","11:13:29",432200
4800,50,600,"bu","11:11:59",431600
4800,50,200,"bu","11:11:03",431000
4800,50,4500,"bu","11:09:31",430800
4800,50,1600,"bu","11:09:31",426300
4790,40,3900,"bu","11:09:31",424700
4790,40,3500,"bu","11:08:19",420800
4790,40,100,"bu","11:07:43",417300
4790,40,1300,"sd","11:07:21",417200
4790,40,300,"sd","11:07:21",415900
4790,40,900,"sd","11:07:21",415600
4790,40,100,"sd","11:06:15",414700
4800,50,1000,"bu","11:02:04",414600
4800,50,1400,"bu","11:01:54",413600
4800,50,500,"bu","10:58:10",412200
4800,50,1000,"bu","10:57:04",411700
4800,50,1000,"bu","10:56:15",410700
4790,40,3300,"unknown","10:55:38",409700
4800,50,3500,"bu","10:55:38",406400
4800,50,600,"bu","10:55:38",402900
4790,40,1100,"bu","10:55:08",402300
4790,40,2000,"bu","10:52:39",401200
4790,40,800,"bu","10:52:25",399200
4790,40,400,"bu","10:51:48",398400
4790,40,100,"bu","10:51:40",398000
4790,40,3000,"bu","10:51:33",397900
4790,40,8100,"bu","10:51:15",394900
4790,40,1000,"bu","10:51:13",386800
4790,40,200,"bu","10:50:47",385800
4790,40,100,"bu","10:50:47",385600
4760,10,800,"sd","10:47:12",385500
4760,10,100,"unknown","10:44:16",384700
4760,10,100,"unknown","10:44:16",384600
4760,10,100,"sd","10:44:16",384500
4780,30,100,"sd","10:44:16",384400
4780,30,3000,"sd","10:44:16",384300
4780,30,400,"sd","10:44:16",381300
4750,0,4000,"sd","10:44:16",380900
4750,0,100,"sd","10:44:16",376900
4750,0,100,"sd","10:44:16",376800
4750,0,100,"sd","10:44:16",376700
4750,0,200,"sd","10:44:16",376600
4750,0,100,"sd","10:44:16",376400
4750,0,400,"sd","10:44:16",376300
4750,0,1300,"sd","10:44:16",375900
4760,10,500,"sd","10:44:16",374600
4780,30,300,"sd","10:41:23",374100
4780,30,4000,"sd","10:41:23",373800
4780,30,5500,"sd","10:40:32",369800
4780,30,17900,"bu","10:39:52",364300
4770,20,5000,"bu","10:39:52",346400
4770,20,4500,"bu","10:39:52",341400
4770,20,500,"bu","10:39:52",336900
4770,20,4500,"bu","10:39:52",336400
4770,20,3200,"bu","10:39:52",331900
4760,10,2500,"bu","10:39:52",328700
4760,10,3000,"bu","10:39:34",326200
4750,0,200,"sd","10:39:19",323200
4750,0,3000,"sd","10:37:35",323000
4750,0,1000,"sd","10:37:35",320000
4750,0,200,"sd","10:37:35",319000
4750,0,100,"sd","10:37:35",318800
4750,0,100,"sd","10:37:35",318700
4750,0,1000,"sd","10:37:35",318600
4750,0,900,"sd","10:37:35",317600
4750,0,1000,"sd","10:37:35",316700
4750,0,1000,"sd","10:37:35",315700
4750,0,200,"sd","10:37:35",314700
4750,0,300,"sd","10:35:48",314500
4760,10,300,"sd","10:35:48",314200
4760,10,100,"sd","10:35:48",313900
4760,10,100,"sd","10:35:48",313800
4760,10,100,"sd","10:35:48",313700
4760,10,500,"sd","10:35:48",313600
4760,10,100,"sd","10:35:48",313100
4760,10,2000,"sd","10:35:48",313000
4760,10,500,"sd","10:35:48",311000
4760,10,200,"sd","10:32:51",310500
4760,10,4700,"sd","10:30:56",310300
4760,10,300,"sd","10:30:56",305600
4760,10,2000,"sd","10:30:56",305300
4760,10,1000,"sd","10:30:56",303300
4760,10,2000,"sd","10:30:56",302300
4770,20,100,"bu","10:29:16",300300
4770,20,1400,"sd","10:29:14",300200
4770,20,100,"sd","10:29:14",298800
4770,20,200,"sd","10:29:14",298700
4770,20,100,"sd","10:29:06",298500
4770,20,500,"sd","10:28:17",298400
4770,20,1500,"bu","10:28:13",297900
4770,20,4900,"bu","10:28:13",296400
4770,20,100,"bu","10:27:26",291500
4770,20,3600,"bu","10:27:20",291400
4770,20,1000,"sd","10:26:29",287800
4770,20,400,"sd","10:26:29",286800
4770,20,600,"bu","10:26:28",286400
4770,20,1000,"bu","10:25:21",285800
4770,20,9800,"sd","10:24:51",284800
4770,20,100,"sd","10:24:51",275000
4770,20,500,"sd","10:24:51",274900
4770,20,1000,"sd","10:24:51",274400
4770,20,5000,"sd","10:24:51",273400
4770,20,2000,"sd","10:24:51",268400
4780,30,800,"bu","10:24:17",266400
4780,30,1000,"sd","10:23:21",265600
4780,30,500,"sd","10:23:21",264600
4780,30,5000,"sd","10:23:21",264100
4780,30,1000,"sd","10:23:20",259100
4780,30,5000,"sd","10:23:20",258100
4780,30,200,"sd","10:23:20",253100
4780,30,1000,"sd","10:23:20",252900
4780,30,1000,"sd","10:23:20",251900
4780,30,1000,"sd","10:23:20",250900
4780,30,500,"sd","10:23:20",249900
4780,30,1000,"sd","10:23:20",249400
4780,30,900,"sd","10:23:20",248400
4790,40,700,"bu","10:21:43",247500
4790,40,100,"bu","10:21:43",246800
4790,40,4200,"bu","10:21:43",246700
4790,40,800,"bu","10:21:39",242500
4790,40,200,"bu","10:21:39",241700
4790,40,1000,"bu","10:20:36",241500
4790,40,200,"bu","10:20:02",240500
4790,40,200,"bu","10:19:37",240300
4780,30,100,"sd","10:19:22",240100
4790,40,1000,"sd","10:17:05",240000
4790,40,1000,"sd","10:17:05",239000
4790,40,300,"sd","10:17:05",238000
4790,40,1100,"sd","10:17:05",237700
4790,40,3900,"sd","10:16:54",236600
4790,40,100,"sd","10:16:54",232700
4790,40,1000,"sd","10:16:54",232600
4790,40,1000,"sd","10:13:20",231600
4800,50,100,"bu","10:10:31",230600
4800,50,300,"bu","10:08:30",230500
4790,40,2200,"sd","10:06:22",230200
4790,40,20000,"sd","10:06:06",228000
4790,40,2000,"sd","10:05:55",208000
4810,60,4300,"sd","10:05:20",206000
4810,60,1000,"bu","10:05:02",201700
4800,50,1000,"bu","10:05:02",200700
4790,40,200,"sd","10:04:57",199700
4790,40,3600,"sd","10:04:49",199500
4790,40,100,"sd","10:04:49",195900
4790,40,100,"sd","10:04:49",195800
4790,40,1800,"sd","10:04:49",195700
4790,40,1200,"sd","10:01:04",193900
4790,40,1000,"sd","10:00:42",192700
4800,50,1400,"sd","10:00:33",191700
4800,50,1000,"sd","10:00:33",190300
4800,50,500,"sd","10:00:33",189300
4800,50,1000,"sd","10:00:33",188800
4800,50,100,"sd","10:00:33",187800
4800,50,100,"sd","10:00:33",187700
4800,50,300,"sd","10:00:33",187600
4800,50,200,"sd","09:59:51",187300
4800,50,1200,"sd","09:59:51",187100
4800,50,3200,"sd","09:59:00",185900
4800,50,600,"sd","09:58:25",182700
4800,50,400,"sd","09:58:25",182100
4800,50,100,"sd","09:58:05",181700
4820,70,4300,"bu","09:57:57",181600
4820,70,500,"bu","09:57:57",177300
4820,70,900,"bu","09:57:57",176800
4820,70,3300,"bu","09:57:57",175900
4820,70,1000,"sd","09:53:32",172600
4820,70,400,"sd","09:53:32",171600
4820,70,300,"sd","09:53:32",171200
4820,70,700,"bu","09:52:29",170900
4820,70,2200,"sd","09:52:15",170200
4820,70,2800,"bu","09:51:45",168000
4820,70,1200,"bu","09:50:39",165200
4820,70,500,"bu","09:50:39",164000
4820,70,100,"bu","09:50:39",163500
4820,70,200,"bu","09:50:39",163400
4800,50,500,"sd","09:49:48",163200
4800,50,2000,"sd","09:48:25",162700
4800,50,500,"sd","09:48:25",160700
4800,50,100,"sd","09:48:25",160200
4800,50,400,"sd","09:48:25",160100
4800,50,100,"sd","09:47:46",159700
4800,50,200,"sd","09:47:46",159600
4800,50,600,"sd","09:47:46",159400
4810,60,200,"sd","09:47:46",158800
4810,60,900,"sd","09:47:46",158600
4810,60,100,"bu","09:47:07",157700
4810,60,200,"bu","09:47:07",157600
4810,60,100,"bu","09:46:58",157400
4810,60,200,"bu","09:46:37",157300
4800,50,200,"sd","09:46:31",157100
4800,50,200,"sd","09:46:31",156900
4810,60,500,"bu","09:46:07",156700
4810,60,4000,"sd","09:45:45",156200
4800,50,1000,"sd","09:45:20",152200
4800,50,1000,"sd","09:45:20",151200
4800,50,1000,"sd","09:41:36",150200
4800,50,600,"sd","09:41:17",149200
4800,50,100,"sd","09:41:17",148600
4800,50,14300,"sd","09:41:17",148500
4800,50,15000,"sd","09:41:10",134200
4800,50,200,"sd","09:41:07",119200
4800,50,9000,"sd","09:40:53",119000
4810,60,1000,"sd","09:40:53",110000
4800,50,2000,"sd","09:40:41",109000
4810,60,200,"bu","09:40:28",107000
4810,60,8200,"bu","09:40:07",106800
4820,70,400,"bu","09:40:07",98600
4820,70,1000,"bu","09:40:07",98200
4840,90,600,"bu","09:38:55",97200
4840,90,200,"bu","09:37:56",96600
4840,90,300,"bu","09:37:50",96400
4840,90,4400,"sd","09:37:48",96100
4840,90,2000,"sd","09:36:57",91700
4850,100,100,"bu","09:36:50",89700
4850,100,100,"bu","09:36:29",89600
4840,90,200,"sd","09:35:59",89500
4840,90,500,"bu","09:35:27",89300
4840,90,1100,"bu","09:35:27",88800
4840,90,800,"bu","09:35:27",87700
4800,50,1000,"sd","09:35:19",86900
4800,50,1000,"sd","09:35:08",85900
4800,50,5300,"bu","09:35:08",84900
4790,40,2200,"bu","09:35:08",79600
4790,40,2000,"sd","09:34:42",77400
4800,50,2000,"bu","09:34:25",75400
4800,50,500,"bu","09:33:49",73400
4800,50,500,"bu","09:33:41",72900
4800,50,300,"sd","09:33:37",72400
4800,50,1000,"sd","09:33:37",72100
4810,60,1000,"sd","09:33:37",71100
4820,70,400,"sd","09:33:37",70100
4840,90,200,"bu","09:33:14",69700
4840,90,100,"bu","09:33:14",69500
4840,90,700,"bu","09:33:14",69400
4840,90,300,"sd","09:31:52",68700
4840,90,700,"sd","09:31:34",68400
4840,90,100,"sd","09:31:34",67700
4860,110,500,"bu","09:31:10",67600
4860,110,1000,"bu","09:31:10",67100
4860,110,100,"bu","09:31:10",66100
4860,110,400,"bu","09:31:10",66000
4860,110,100,"bu","09:31:02",65600
4860,110,500,"bu","09:30:20",65500
4870,120,1000,"bu","09:29:37",65000
4870,120,800,"bu","09:29:21",64000
4870,120,500,"bu","09:29:21",63200
4850,100,2700,"unknown","09:29:21",62700
4840,90,200,"sd","09:29:13",60000
4850,100,300,"bu","09:29:08",59800
4850,100,4200,"bu","09:29:08",59500
4850,100,500,"bu","09:29:08",55300
4840,90,600,"sd","09:29:04",54800
4830,80,100,"sd","09:29:04",54200
4840,90,200,"bu","09:28:50",54100
4840,90,200,"bu","09:28:50",53900
4840,90,200,"bu","09:28:38",53700
4840,90,600,"bu","09:28:37",53500
4830,80,1000,"bu","09:28:29",52900
4810,60,1000,"bu","09:28:09",51900
4800,50,2800,"bu","09:27:49",50900
4800,50,1000,"bu","09:27:49",48100
4800,50,600,"bu","09:27:49",47100
4800,50,2400,"bu","09:27:43",46500
4800,50,900,"bu","09:27:43",44100
4800,50,500,"bu","09:27:43",43200
4800,50,200,"bu","09:27:43",42700
4800,50,1000,"bu","09:27:43",42500
4790,40,1000,"bu","09:27:31",41500
4790,40,200,"bu","09:27:22",40500
4790,40,100,"bu","09:27:22",40300
4780,30,100,"bu","09:27:14",40200
4780,30,200,"bu","09:27:14",40100
4780,30,2000,"bu","09:27:14",39900
4770,20,1000,"sd","09:27:09",37900
4770,20,500,"bu","09:26:49",36900
4760,10,5100,"bu","09:26:11",36400
4750,0,600,"bu","09:25:44",31300
4750,0,2100,"bu","09:25:42",30700
4750,0,200,"bu","09:25:37",28600
4750,0,2000,"bu","09:25:37",28400
4750,0,200,"bu","09:25:08",26400
4750,0,100,"bu","09:24:56",26200
4750,0,100,"bu","09:23:46",26100
4750,0,500,"bu","09:23:20",26000
4750,0,1600,"bu","09:23:15",25500
4750,0,1400,"bu","09:23:15",23900
4750,0,200,"bu","09:23:05",22500
4750,0,2400,"bu","09:21:41",22300
4750,0,1500,"sd","09:21:21",19900
4750,0,300,"sd","09:21:21",18400
4750,0,1000,"sd","09:21:21",18100
4750,0,200,"sd","09:21:21",17100
4750,0,100,"sd","09:20:01",16900
4750,0,10400,"sd","09:19:43",16800
4750,0,1000,"sd","09:19:43",6400
4760,10,400,"sd","09:19:02",5400
4770,20,100,"bu","09:18:53",5000
4770,20,200,"bu","09:18:34",4900
4770,20,1000,"bu","09:18:34",4700
4750,0,100,"sd","09:16:57",3700
4750,0,100,"sd","09:16:57",3600
4750,0,3500,"sd","09:14:59",3500
