"price","change","match_qtty","side","time","total_vol"
31400,-200,23400,"sd","14:45:01",525900
31500,-100,200,"bu","14:29:12",502500
31450,-150,1000,"bu","14:29:06",502300
31450,-150,3400,"bu","14:29:06",501300
31450,-150,5100,"bu","14:28:37",497900
31450,-150,1500,"bu","14:28:30",492800
31450,-150,300,"bu","14:28:30",491300
31450,-150,1300,"bu","14:28:11",491000
31450,-150,3700,"bu","14:28:11",489700
31450,-150,2300,"bu","14:28:01",486000
31400,-200,4400,"bu","14:27:43",483700
31400,-200,600,"bu","14:27:37",479300
31400,-200,2400,"bu","14:27:37",478700
31400,-200,500,"bu","14:27:06",476300
31400,-200,1500,"bu","14:27:00",475800
31400,-200,3000,"sd","14:26:56",474300
31400,-200,2600,"sd","14:26:56",471300
31450,-150,2500,"sd","14:26:45",468700
31450,-150,2200,"bu","14:26:34",466200
31450,-150,2800,"bu","14:26:34",464000
31450,-150,1000,"bu","14:26:09",461200
31450,-150,1800,"bu","14:26:09",460200
31450,-150,500,"bu","14:25:14",458400
31450,-150,5000,"bu","14:25:07",457900
31450,-150,1100,"bu","14:24:30",452900
31450,-150,1200,"bu","14:24:30",451800
31450,-150,1500,"bu","14:24:20",450600
31450,-150,1200,"bu","14:23:49",449100
31450,-150,300,"bu","14:23:49",447900
31400,-200,2400,"bu","14:23:30",447600
31400,-200,1200,"bu","14:23:16",445200
31400,-200,2400,"bu","14:22:54",444000
31400,-200,800,"bu","14:22:54",441600
31400,-200,2600,"bu","14:22:46",440800
31350,-250,1800,"bu","14:22:33",438200
31350,-250,1600,"bu","14:22:26",436400
31350,-250,2500,"bu","14:22:20",434800
31350,-250,1500,"sd","14:22:13",432300
31350,-250,2500,"sd","14:22:05",430800
31350,-250,2000,"sd","14:22:05",428300
31400,-200,2000,"bu","14:21:53",426300
31350,-250,800,"bu","14:21:41",424300
31350,-250,3600,"bu","14:21:34",423500
31350,-250,2500,"bu","14:21:24",419900
31300,-300,1600,"sd","14:19:41",417400
31300,-300,400,"sd","14:19:41",415800
31300,-300,500,"sd","14:19:41",415400
31350,-250,1600,"sd","14:19:34",414900
31400,-200,200,"bu","14:19:28",413300
31400,-200,400,"sd","14:19:11",413100
31450,-150,2000,"bu","14:19:01",412700
31450,-150,300,"bu","14:18:52",410700
31450,-150,700,"bu","14:18:52",410400
31450,-150,1800,"bu","14:18:52",409700
31400,-200,2800,"bu","14:16:05",407900
31400,-200,300,"bu","14:16:05",405100
31400,-200,1800,"bu","14:15:59",404800
31400,-200,3500,"sd","14:15:43",403000
31400,-200,400,"sd","14:15:43",399500
31450,-150,3400,"bu","14:15:31",399100
31450,-150,1300,"bu","14:15:26",395700
31400,-200,100,"sd","14:14:59",394400
31450,-150,1800,"bu","14:14:43",394300
31450,-150,2600,"sd","14:14:05",392500
31450,-150,600,"sd","14:14:05",389900
31450,-150,200,"sd","14:12:35",389300
31500,-100,1200,"bu","14:10:46",389100
31500,-100,600,"bu","14:10:46",387900
31500,-100,2000,"bu","14:10:39",387300
31500,-100,400,"bu","14:02:29",385300
31500,-100,2400,"bu","14:02:29",384900
31500,-100,100,"bu","13:56:25",382500
31500,-100,2000,"bu","13:52:16",382400
31450,-150,2000,"bu","13:52:02",380400
31450,-150,2200,"bu","13:52:02",378400
31450,-150,1600,"bu","13:51:57",376200
31450,-150,200,"bu","13:51:57",374600
31450,-150,3700,"bu","13:51:52",374400
31400,-200,700,"bu","13:51:43",370700
31400,-200,1600,"bu","13:51:43",370000
31400,-200,100,"bu","13:45:14",368400
31400,-200,2600,"bu","13:43:49",368300
31400,-200,100,"bu","13:42:43",365700
31400,-200,1000,"sd","13:41:06",365600
31400,-200,100,"sd","13:41:06",364600
31400,-200,1000,"sd","13:41:06",364500
31400,-200,200,"sd","13:41:06",363500
31400,-200,1300,"sd","13:41:06",363300
31450,-150,1800,"bu","13:40:45",362000
31450,-150,1800,"sd","13:40:32",360200
31500,-100,2000,"bu","13:40:16",358400
31450,-150,3200,"bu","13:39:38",356400
31450,-150,2300,"bu","13:39:27",353200
31450,-150,1000,"bu","13:39:18",350900
31450,-150,800,"bu","13:39:18",349900
31450,-150,2600,"bu","13:38:54",349100
31400,-200,2800,"sd","13:38:46",346500
31450,-150,2000,"sd","13:27:30",343700
31450,-150,600,"sd","13:27:30",341700
31500,-100,1800,"bu","13:27:21",341100
31450,-150,1000,"sd","13:27:04",339300
31450,-150,1000,"sd","13:27:04",338300
31450,-150,2700,"sd","13:26:54",337300
31450,-150,2300,"sd","13:26:54",334600
31500,-100,200,"sd","13:26:40",332300
31500,-100,2800,"bu","13:26:34",332100
31500,-100,200,"bu","13:26:22",329300
31500,-100,1600,"bu","13:26:22",329100
31500,-100,1000,"sd","13:26:09",327500
31500,-100,1200,"sd","13:26:09",326500
31550,-50,800,"bu","13:26:02",325300
31550,-50,2000,"bu","13:26:02",324500
31500,-100,100,"sd","13:00:02",322500
31500,-100,2200,"bu","11:27:54",322400
31500,-100,1500,"bu","11:27:48",320200
31450,-150,300,"bu","11:27:37",318700
31450,-150,2700,"sd","11:27:30",318400
31500,-100,100,"bu","11:27:23",315700
31500,-100,2900,"bu","11:27:23",315600
31500,-100,900,"bu","11:27:17",312700
31500,-100,3000,"bu","11:27:17",311800
31500,-100,2600,"bu","11:27:17",308800
31500,-100,1000,"bu","11:27:11",306200
31500,-100,800,"bu","11:27:11",305200
31450,-150,3300,"bu","11:27:03",304400
31450,-150,2800,"bu","11:26:54",301100
31450,-150,1700,"sd","11:25:58",298300
31450,-150,2000,"sd","11:25:58",296600
31450,-150,200,"sd","11:25:58",294600
31450,-150,3400,"bu","11:25:20",294400
31450,-150,500,"bu","11:25:10",291000
31450,-150,3100,"bu","11:25:04",290500
31450,-150,500,"bu","11:25:04",287400
31400,-200,900,"bu","11:24:47",286900
31400,-200,2000,"bu","11:24:39",286000
31400,-200,600,"sd","11:24:24",284000
31400,-200,2800,"sd","11:24:24",283400
31400,-200,2200,"sd","11:24:24",280600
31450,-150,1000,"bu","11:24:09",278400
31450,-150,2300,"bu","11:23:54",277400
31450,-150,1600,"bu","11:23:47",275100
31450,-150,600,"bu","11:23:40",273500
31450,-150,1200,"bu","11:23:40",272900
31450,-150,1800,"sd","11:23:30",271700
31450,-150,2200,"sd","11:23:20",269900
31450,-150,800,"sd","11:23:20",267700
31500,-100,2200,"bu","11:23:08",266900
31500,-100,3000,"bu","11:22:58",264700
31450,-150,2700,"bu","11:22:38",261700
31450,-150,1800,"bu","11:22:33",259000
31450,-150,1000,"sd","11:22:24",257200
31450,-150,1500,"sd","11:22:24",256200
31500,-100,3200,"bu","11:22:03",254700
31500,-100,3000,"bu","11:21:57",251500
31500,-100,600,"bu","11:21:41",248500
31500,-100,3200,"bu","11:21:34",247900
31500,-100,200,"bu","11:21:34",244700
31500,-100,2800,"bu","11:21:29",244500
31450,-150,1500,"bu","11:21:18",241700
31450,-150,2000,"bu","11:21:13",240200
31450,-150,2700,"bu","11:21:04",238200
31450,-150,1600,"bu","11:21:01",235500
31450,-150,700,"bu","11:21:01",233900
31450,-150,2900,"bu","11:21:01",233200
31400,-200,2800,"bu","11:20:22",230300
31400,-200,3000,"bu","11:20:17",227500
31400,-200,2200,"sd","11:20:15",224500
31450,-150,900,"bu","11:19:56",222300
31450,-150,900,"bu","11:19:56",221400
31450,-150,2800,"bu","11:19:45",220500
31450,-150,1800,"bu","11:16:17",217700
31450,-150,1000,"sd","11:16:00",215900
31450,-150,700,"sd","11:16:00",214900
31450,-150,1000,"sd","11:16:00",214200
31450,-150,1800,"sd","11:16:00",213200
31450,-150,3200,"sd","11:15:53",211400
31450,-150,1800,"sd","11:15:53",208200
31500,-100,2800,"bu","11:15:45",206400
31500,-100,2000,"sd","11:15:30",203600
31500,-100,2200,"sd","11:15:30",201600
31500,-100,1500,"bu","11:15:18",199400
31500,-100,1600,"bu","11:15:13",197900
31500,-100,3000,"bu","11:15:08",196300
31500,-100,1500,"bu","11:15:03",193300
31500,-100,1500,"sd","11:14:59",191800
31500,-100,200,"sd","11:14:59",190300
31500,-100,700,"sd","11:14:59",190100
31500,-100,1100,"sd","11:14:53",189400
31500,-100,300,"sd","11:14:53",188300
31500,-100,3600,"sd","11:14:53",188000
31550,-50,2800,"bu","11:14:41",184400
31550,-50,1500,"bu","11:13:58",181600
31550,-50,2200,"sd","11:13:46",180100
31600,0,1500,"bu","10:57:28",177900
31550,-50,1300,"bu","10:55:40",176400
31550,-50,200,"bu","10:55:33",175100
31550,-50,1500,"sd","10:55:23",174900
31600,0,2000,"sd","10:55:18",173400
31600,0,100,"sd","10:55:18",171400
31600,0,300,"bu","10:53:55",171300
31600,0,2600,"bu","10:53:55",171000
31600,0,2800,"bu","10:53:49",168400
31600,0,1400,"bu","10:41:20",165600
31600,0,400,"bu","10:41:20",164200
31600,0,1200,"bu","10:41:06",163800
31600,0,3400,"bu","10:40:55",162600
31600,0,1600,"bu","10:40:55",159200
31600,0,1500,"bu","10:33:15",157600
31550,-50,3000,"bu","10:33:09",156100
31550,-50,3400,"bu","10:33:01",153100
31550,-50,1500,"bu","10:32:55",149700
31550,-50,2800,"sd","10:32:45",148200
31550,-50,1200,"sd","10:32:45",145400
31550,-50,600,"sd","10:32:45",144200
31600,0,2500,"bu","10:32:36",143600
31600,0,2000,"bu","10:31:17",141100
31600,0,2400,"bu","10:31:17",139100
31650,50,1500,"bu","10:31:11",136700
31600,0,4200,"bu","10:31:01",135200
31600,0,2800,"bu","10:30:56",131000
31600,0,1500,"bu","10:29:34",128200
31600,0,2400,"bu","10:29:28",126700
31600,0,1400,"sd","10:23:59",124300
31600,0,200,"sd","10:15:19",122900
31600,0,100,"sd","10:12:24",122700
31600,0,100,"bu","10:06:52",122600
31600,0,3200,"bu","10:06:52",122500
31600,0,800,"bu","10:06:46",119300
31600,0,2700,"bu","10:06:46",118500
31600,0,2800,"bu","10:06:40",115800
31600,0,500,"bu","10:06:34",113000
31600,0,800,"bu","10:06:34",112500
31600,0,2400,"bu","10:06:29",111700
31550,-50,3500,"bu","10:06:17",109300
31550,-50,400,"bu","10:06:17",105800
31550,-50,5000,"bu","10:06:12",105400
31550,-50,1800,"bu","10:06:02",100400
31550,-50,2000,"sd","10:05:53",98600
31550,-50,800,"sd","10:05:53",96600
31600,0,2200,"bu","10:05:46",95800
31600,0,100,"bu","10:05:46",93600
31600,0,1800,"bu","10:05:40",93500
31600,0,800,"bu","09:45:52",91700
31550,-50,5700,"bu","09:45:40",90900
31550,-50,1200,"bu","09:45:31",85200
31550,-50,1500,"sd","09:45:25",84000
31550,-50,1000,"sd","09:45:25",82500
31550,-50,600,"sd","09:45:25",81500
31600,0,3000,"bu","09:45:20",80900
31600,0,1300,"bu","09:45:15",77900
31550,-50,1400,"sd","09:45:05",76600
31550,-50,1600,"sd","09:45:05",75200
31600,0,500,"bu","09:44:53",73600
31600,0,800,"bu","09:44:49",73100
31600,0,500,"bu","09:44:42",72300
31600,0,3000,"sd","09:44:33",71800
31600,0,200,"sd","09:44:33",68800
31600,0,1000,"sd","09:44:23",68600
31650,50,2300,"sd","09:44:15",67600
31700,100,600,"bu","09:44:10",65300
31700,100,1500,"bu","09:44:00",64700
31650,50,500,"bu","09:43:54",63200
31650,50,2700,"bu","09:43:54",62700
31650,50,200,"bu","09:43:46",60000
31650,50,3400,"bu","09:43:39",59800
31650,50,2000,"bu","09:42:53",56400
31650,50,1700,"bu","09:42:37",54400
31650,50,300,"bu","09:42:37",52700
31650,50,200,"bu","09:42:30",52400
31650,50,2100,"bu","09:42:30",52200
31650,50,900,"bu","09:42:25",50100
31650,50,800,"bu","09:42:25",49200
31600,0,500,"sd","09:42:13",48400
31650,50,1500,"bu","09:41:58",47900
31600,0,3300,"bu","09:41:52",46400
31600,0,1700,"bu","09:41:47",43100
31600,0,100,"bu","09:41:47",41400
31600,0,3400,"bu","09:41:38",41300
31600,0,1300,"bu","09:41:32",37900
31600,0,2000,"bu","09:41:27",36600
31550,-50,1200,"sd","09:37:27",34600
31600,0,2800,"sd","09:37:11",33400
31600,0,400,"sd","09:37:11",30600
31650,50,1500,"bu","09:37:06",30200
31650,50,500,"bu","09:37:06",28700
31650,50,1700,"bu","09:37:00",28200
31650,50,1200,"bu","09:36:45",26500
31600,0,2000,"sd","09:36:05",25300
31600,0,100,"sd","09:36:05",23300
31600,0,900,"bu","09:35:24",23200
31600,0,300,"bu","09:35:24",22300
31600,0,300,"bu","09:35:23",22000
31600,0,200,"sd","09:18:22",21700
31600,0,4500,"sd","09:18:22",21500
31650,50,17000,"bu","09:15:00",17000
