"price","change","match_qtty","side","time","total_vol"
18500,-950,549200,"sd","14:45:03",3573500
18600,-850,5000,"sd","14:29:56",3024300
18700,-750,1000,"bu","14:29:52",3019300
18600,-850,21700,"sd","14:29:49",3018300
18600,-850,2800,"sd","14:29:49",2996600
18600,-850,1300,"sd","14:29:49",2993800
18600,-850,100,"sd","14:29:49",2992500
18600,-850,100,"sd","14:29:49",2992400
18600,-850,100,"sd","14:29:49",2992300
18600,-850,1000,"sd","14:29:49",2992200
18600,-850,500,"sd","14:29:49",2991200
18600,-850,3000,"sd","14:29:49",2990700
18650,-800,500,"sd","14:29:49",2987700
18600,-850,100,"sd","14:29:49",2987200
18650,-800,100,"sd","14:29:49",2987100
18600,-850,600,"sd","14:29:49",2987000
18650,-800,500,"sd","14:29:49",2986400
18650,-800,3000,"sd","14:29:49",2985900
18650,-800,200,"sd","14:29:49",2982900
18700,-750,500,"sd","14:29:49",2982700
18700,-750,100,"sd","14:29:49",2982200
18700,-750,200,"sd","14:29:49",2982100
18700,-750,2600,"sd","14:29:49",2981900
18700,-750,200,"sd","14:29:49",2979300
18700,-750,100,"sd","14:29:49",2979100
18700,-750,600,"sd","14:29:49",2979000
18700,-750,100,"sd","14:29:49",2978400
18700,-750,5000,"sd","14:29:49",2978300
18700,-750,3000,"sd","14:29:49",2973300
18700,-750,1000,"sd","14:29:49",2970300
18700,-750,100,"sd","14:29:49",2969300
18700,-750,500,"sd","14:29:49",2969200
18700,-750,400,"sd","14:29:49",2968700
18750,-700,100,"bu","14:29:48",2968300
18750,-700,1000,"bu","14:29:48",2968200
18750,-700,500,"bu","14:29:44",2967200
18700,-750,100,"sd","14:29:43",2966700
18750,-700,100,"bu","14:29:42",2966600
18750,-700,100,"bu","14:29:41",2966500
18750,-700,1000,"bu","14:29:40",2966400
18700,-750,2500,"sd","14:29:36",2965400
18700,-750,1000,"sd","14:29:36",2962900
18700,-750,500,"sd","14:29:36",2961900
18700,-750,300,"sd","14:29:36",2961400
18700,-750,200,"sd","14:29:35",2961100
18700,-750,100,"sd","14:29:35",2960900
18700,-750,100,"sd","14:29:35",2960800
18700,-750,300,"sd","14:29:35",2960700
18700,-750,100,"sd","14:29:35",2960400
18700,-750,900,"sd","14:29:35",2960300
18800,-650,200,"bu","14:29:35",2959400
18750,-700,1800,"bu","14:29:35",2959200
18750,-700,1000,"bu","14:29:34",2957400
18750,-700,200,"bu","14:29:26",2956400
18750,-700,500,"bu","14:29:25",2956200
18750,-700,2000,"bu","14:29:22",2955700
18750,-700,100,"bu","14:29:20",2953700
18700,-750,100,"sd","14:29:18",2953600
18750,-700,2000,"bu","14:29:14",2953500
18850,-600,1400,"bu","14:28:55",2951500
18850,-600,1000,"bu","14:28:55",2950100
18800,-650,500,"bu","14:28:55",2949100
18750,-700,2100,"bu","14:28:55",2948600
18750,-700,100,"sd","14:28:53",2946500
18750,-700,1600,"sd","14:28:53",2946400
18750,-700,100,"sd","14:28:49",2944800
18800,-650,6000,"bu","14:28:49",2944700
18750,-700,1300,"sd","14:28:43",2938700
18750,-700,200,"sd","14:28:36",2937400
18750,-700,300,"sd","14:28:36",2937200
18750,-700,200,"sd","14:28:36",2936900
18750,-700,100,"sd","14:28:36",2936700
18800,-650,400,"sd","14:28:36",2936600
18800,-650,15700,"sd","14:28:36",2936200
18800,-650,4300,"bu","14:28:33",2920500
18800,-650,100,"sd","14:28:31",2916200
18800,-650,100,"sd","14:28:31",2916100
18800,-650,400,"sd","14:28:31",2916000
18800,-650,100,"sd","14:28:31",2915600
18800,-650,1000,"sd","14:28:31",2915500
18800,-650,100,"sd","14:28:25",2914500
18800,-650,200,"sd","14:28:25",2914400
18800,-650,500,"sd","14:28:24",2914200
18800,-650,1500,"sd","14:28:24",2913700
18800,-650,500,"sd","14:28:17",2912200
18850,-600,1000,"bu","14:28:01",2911700
18800,-650,800,"sd","14:28:01",2910700
18800,-650,200,"sd","14:28:01",2909900
18800,-650,1000,"sd","14:28:01",2909700
18800,-650,100,"sd","14:28:01",2908700
18800,-650,2900,"sd","14:28:01",2908600
18850,-600,500,"sd","14:27:54",2905700
18850,-600,300,"sd","14:27:54",2905200
18850,-600,300,"sd","14:27:54",2904900
18850,-600,100,"sd","14:27:53",2904600
18850,-600,200,"sd","14:27:53",2904500
18850,-600,9800,"sd","14:27:53",2904300
18850,-600,200,"sd","14:27:51",2894500
18850,-600,200,"sd","14:27:51",2894300
18850,-600,100,"sd","14:27:51",2894100
18900,-550,100,"bu","14:27:35",2894000
18900,-550,700,"sd","14:27:34",2893900
18900,-550,300,"sd","14:27:34",2893200
18900,-550,200,"sd","14:27:34",2892900
18900,-550,100,"sd","14:27:34",2892700
18900,-550,1000,"sd","14:27:34",2892600
18900,-550,9000,"sd","14:27:34",2891600
18900,-550,1000,"sd","14:27:29",2882600
18900,-550,2000,"sd","14:27:29",2881600
18900,-550,200,"sd","14:27:29",2879600
18900,-550,400,"sd","14:27:29",2879400
18900,-550,2400,"sd","14:27:29",2879000
18950,-500,100,"bu","14:27:29",2876600
18900,-550,2600,"sd","14:27:25",2876500
18900,-550,100,"sd","14:27:25",2873900
18900,-550,600,"sd","14:27:25",2873800
18900,-550,1700,"sd","14:27:25",2873200
18950,-500,1000,"bu","14:27:24",2871500
18950,-500,100,"sd","14:27:19",2870500
18950,-500,200,"sd","14:27:11",2870400
19000,-450,500,"bu","14:27:04",2870200
19000,-450,1000,"bu","14:27:02",2869700
19000,-450,2100,"bu","14:26:38",2868700
19000,-450,3000,"bu","14:26:29",2866600
18900,-550,500,"sd","14:26:29",2863600
18900,-550,100,"sd","14:26:28",2863100
19000,-450,1000,"bu","14:26:25",2863000
19000,-450,200,"bu","14:26:24",2862000
19000,-450,100,"bu","14:26:05",2861800
18900,-550,7700,"sd","14:26:04",2861700
18900,-550,300,"sd","14:26:04",2854000
19000,-450,200,"bu","14:26:00",2853700
19000,-450,100,"bu","14:25:52",2853500
19000,-450,500,"bu","14:25:50",2853400
19000,-450,5000,"bu","14:25:42",2852900
19000,-450,4300,"bu","14:25:37",2847900
18950,-500,100,"bu","14:25:37",2843600
18950,-500,5600,"bu","14:25:37",2843500
18950,-500,100,"bu","14:25:30",2837900
18950,-500,1200,"sd","14:25:21",2837800
18950,-500,10000,"sd","14:25:21",2836600
18950,-500,1000,"sd","14:25:21",2826600
18950,-500,3000,"sd","14:25:21",2825600
18950,-500,1100,"sd","14:25:21",2822600
19000,-450,1000,"bu","14:25:09",2821500
19000,-450,2400,"sd","14:25:04",2820500
19000,-450,800,"sd","14:24:59",2818100
18950,-500,500,"sd","14:24:54",2817300
18950,-500,3400,"sd","14:24:31",2816800
18950,-500,300,"sd","14:24:31",2813400
18950,-500,500,"sd","14:24:31",2813100
18950,-500,2000,"sd","14:24:31",2812600
19000,-450,1000,"bu","14:24:23",2810600
19000,-450,100,"bu","14:24:23",2809600
19000,-450,100,"bu","14:24:20",2809500
19000,-450,100,"sd","14:24:16",2809400
19000,-450,1000,"sd","14:24:16",2809300
19000,-450,1000,"sd","14:24:16",2808300
19000,-450,1000,"sd","14:24:16",2807300
19000,-450,1000,"sd","14:24:16",2806300
19000,-450,500,"sd","14:24:16",2805300
19000,-450,200,"sd","14:24:16",2804800
19000,-450,800,"sd","14:24:16",2804600
19000,-450,200,"sd","14:24:16",2803800
19000,-450,2100,"sd","14:24:16",2803600
19100,-350,900,"sd","14:24:16",2801500
19100,-350,100,"bu","14:24:11",2800600
19100,-350,200,"bu","14:24:07",2800500
19050,-400,500,"bu","14:24:07",2800300
19000,-450,600,"sd","14:23:59",2799800
19000,-450,100,"sd","14:23:59",2799200
19000,-450,2300,"sd","14:23:59",2799100
19100,-350,200,"bu","14:23:48",2796800
19100,-350,800,"bu","14:23:48",2796600
19100,-350,1000,"bu","14:23:39",2795800
19000,-450,33800,"sd","14:23:38",2794800
19100,-350,500,"bu","14:23:34",2761000
19050,-400,1000,"unknown","14:23:31",2760500
19050,-400,1000,"sd","14:23:31",2759500
19100,-350,1900,"bu","14:23:22",2758500
19100,-350,1000,"bu","14:23:19",2756600
19100,-350,300,"bu","14:23:16",2755600
19100,-350,300,"bu","14:23:04",2755300
19100,-350,100,"bu","14:23:04",2755000
19100,-350,1600,"bu","14:23:04",2754900
19100,-350,100,"bu","14:22:58",2753300
19000,-450,200,"bu","14:22:47",2753200
19000,-450,200,"bu","14:22:47",2753000
19000,-450,2800,"bu","14:22:47",2752800
19000,-450,3000,"bu","14:22:35",2750000
19000,-450,2000,"bu","14:22:21",2747000
19000,-450,1500,"bu","14:22:21",2745000
18900,-550,400,"sd","14:22:18",2743500
18950,-500,100,"sd","14:22:18",2743100
19000,-450,200,"bu","14:22:13",2743000
18950,-500,200,"sd","14:22:13",2742800
18950,-500,200,"unknown","14:22:10",2742600
18950,-500,100,"sd","14:22:02",2742400
18950,-500,100,"sd","14:21:59",2742300
19000,-450,100,"bu","14:21:57",2742200
19000,-450,2000,"bu","14:21:57",2742100
19000,-450,1500,"bu","14:21:55",2740100
19000,-450,500,"bu","14:21:54",2738600
18900,-550,300,"sd","14:21:48",2738100
18900,-550,200,"sd","14:21:48",2737800
18900,-550,1000,"sd","14:21:48",2737600
18900,-550,300,"sd","14:21:48",2736600
18900,-550,200,"sd","14:21:48",2736300
18950,-500,1000,"sd","14:21:48",2736100
18950,-500,4000,"sd","14:21:40",2735100
19000,-450,1400,"bu","14:21:35",2731100
19000,-450,1700,"bu","14:21:35",2729700
19000,-450,100,"bu","14:21:28",2728000
19000,-450,200,"bu","14:21:23",2727900
19000,-450,600,"bu","14:21:23",2727700
19000,-450,700,"bu","14:21:07",2727100
18900,-550,800,"sd","14:21:02",2726400
19000,-450,500,"bu","14:20:49",2725600
19000,-450,1000,"bu","14:20:43",2725100
19000,-450,500,"sd","14:20:40",2724100
19000,-450,1800,"sd","14:20:40",2723600
19000,-450,4000,"sd","14:20:28",2721800
19100,-350,1000,"bu","14:20:07",2717800
19000,-450,200,"sd","14:20:06",2716800
19100,-350,300,"sd","14:20:04",2716600
19100,-350,700,"bu","14:20:02",2716300
19100,-350,500,"bu","14:20:00",2715600
19000,-450,4000,"sd","14:19:53",2715100
19000,-450,200,"sd","14:19:53",2711100
19000,-450,100,"sd","14:19:49",2710900
19000,-450,1000,"sd","14:19:49",2710800
19000,-450,300,"sd","14:19:49",2709800
19000,-450,500,"sd","14:19:49",2709500
19000,-450,1000,"sd","14:19:49",2709000
19000,-450,200,"sd","14:19:49",2708000
19000,-450,6900,"sd","14:19:49",2707800
19100,-350,100,"sd","14:19:45",2700900
19000,-450,300,"sd","14:19:33",2700800
19000,-450,100,"sd","14:19:33",2700500
19000,-450,9200,"sd","14:19:33",2700400
19100,-350,400,"sd","14:19:33",2691200
19100,-350,100,"sd","14:19:31",2690800
19100,-350,1300,"bu","14:19:29",2690700
19100,-350,400,"bu","14:19:27",2689400
19000,-450,9500,"sd","14:19:25",2689000
19000,-450,500,"sd","14:19:25",2679500
19100,-350,2600,"sd","14:19:11",2679000
19100,-350,400,"sd","14:19:07",2676400
19100,-350,100,"sd","14:19:07",2676000
19100,-350,100,"sd","14:19:04",2675900
19100,-350,100,"sd","14:19:01",2675800
19100,-350,300,"sd","14:19:01",2675700
19100,-350,100,"sd","14:19:01",2675400
19100,-350,200,"sd","14:19:01",2675300
19150,-300,800,"sd","14:18:42",2675100
19150,-300,100,"sd","14:18:42",2674300
19150,-300,1100,"sd","14:18:42",2674200
19150,-300,2000,"sd","14:18:37",2673100
19200,-250,3000,"bu","14:18:27",2671100
19200,-250,200,"bu","14:18:12",2668100
19200,-250,1000,"bu","14:18:09",2667900
19150,-300,500,"sd","14:18:08",2666900
19200,-250,4600,"sd","14:18:03",2666400
19150,-300,1100,"sd","14:17:55",2661800
19200,-250,100,"sd","14:17:55",2660700
19200,-250,3800,"sd","14:17:55",2660600
19200,-250,100,"bu","14:17:50",2656800
19200,-250,1100,"bu","14:17:50",2656700
19200,-250,3900,"bu","14:17:42",2655600
19200,-250,100,"bu","14:17:42",2651700
19200,-250,3000,"bu","14:17:42",2651600
19200,-250,2000,"bu","14:17:40",2648600
19200,-250,3000,"bu","14:17:40",2646600
19200,-250,100,"bu","14:17:35",2643600
19200,-250,300,"bu","14:17:29",2643500
19200,-250,600,"bu","14:17:16",2643200
19150,-300,900,"bu","14:17:16",2642600
19150,-300,400,"bu","14:17:11",2641700
19150,-300,500,"bu","14:17:08",2641300
19150,-300,2000,"bu","14:17:07",2640800
19150,-300,8000,"bu","14:17:06",2638800
19150,-300,1000,"sd","14:16:50",2630800
19300,-150,1200,"bu","14:16:39",2629800
19200,-250,1300,"bu","14:16:39",2628600
19200,-250,1000,"bu","14:16:39",2627300
19150,-300,500,"bu","14:16:39",2626300
19100,-350,3500,"sd","14:16:35",2625800
19150,-300,500,"bu","14:16:20",2622300
19150,-300,1000,"bu","14:16:20",2621800
19100,-350,2000,"bu","14:16:20",2620800
19100,-350,1000,"bu","14:16:20",2618800
19100,-350,700,"bu","14:16:20",2617800
19050,-400,100,"bu","14:16:20",2617100
19000,-450,5000,"bu","14:16:19",2617000
19000,-450,5500,"bu","14:16:19",2612000
19000,-450,400,"bu","14:16:19",2606500
19000,-450,1800,"bu","14:16:19",2606100
19000,-450,200,"bu","14:16:13",2604300
18900,-550,100,"bu","14:16:12",2604100
18900,-550,600,"bu","14:16:12",2604000
18850,-600,400,"sd","14:16:12",2603400
18850,-600,200,"sd","14:16:12",2603000
18850,-600,400,"sd","14:16:12",2602800
18850,-600,600,"bu","14:16:04",2602400
18850,-600,200,"bu","14:16:02",2601800
18850,-600,500,"bu","14:15:58",2601600
18850,-600,1000,"bu","14:15:57",2601100
18850,-600,1000,"bu","14:15:55",2600100
18850,-600,1700,"bu","14:15:53",2599100
18850,-600,300,"bu","14:15:53",2597400
18850,-600,100,"bu","14:15:53",2597100
18800,-650,200,"sd","14:15:46",2597000
18800,-650,1000,"bu","14:15:46",2596800
18800,-650,200,"bu","14:15:46",2595800
18800,-650,200,"bu","14:15:46",2595600
18800,-650,100,"bu","14:15:46",2595400
18800,-650,400,"bu","14:15:46",2595300
18800,-650,2500,"bu","14:15:46",2594900
18800,-650,100,"bu","14:15:45",2592400
18750,-700,1300,"sd","14:15:45",2592300
18750,-700,200,"sd","14:15:45",2591000
18750,-700,100,"sd","14:15:45",2590800
18750,-700,500,"sd","14:15:45",2590700
18750,-700,900,"sd","14:15:45",2590200
18800,-650,200,"bu","14:15:45",2589300
18800,-650,800,"bu","14:15:44",2589100
18800,-650,2000,"bu","14:15:44",2588300
18800,-650,1000,"bu","14:15:42",2586300
18800,-650,500,"bu","14:15:42",2585300
18800,-650,2500,"bu","14:15:42",2584800
18800,-650,7500,"bu","14:15:42",2582300
18800,-650,100,"bu","14:15:40",2574800
18800,-650,500,"bu","14:15:37",2574700
18800,-650,2000,"bu","14:15:37",2574200
18800,-650,2000,"bu","14:15:33",2572200
18800,-650,1000,"bu","14:15:30",2570200
18750,-700,100,"sd","14:15:27",2569200
18750,-700,1000,"sd","14:15:26",2569100
18750,-700,200,"sd","14:15:22",2568100
18750,-700,200,"sd","14:15:18",2567900
18750,-700,1000,"sd","14:15:14",2567700
18750,-700,13500,"bu","14:15:13",2566700
18750,-700,3100,"bu","14:15:13",2553200
18700,-750,1000,"sd","14:15:12",2550100
18750,-700,1900,"bu","14:15:10",2549100
18750,-700,1100,"bu","14:15:10",2547200
18750,-700,3300,"bu","14:15:08",2546100
18750,-700,100,"bu","14:15:04",2542800
18700,-750,3500,"sd","14:15:02",2542700
18750,-700,100,"bu","14:14:59",2539200
18700,-750,700,"sd","14:14:56",2539100
18700,-750,200,"sd","14:14:56",2538400
18750,-700,400,"bu","14:14:56",2538200
18700,-750,500,"sd","14:14:56",2537800
18750,-700,4500,"bu","14:14:56",2537300
18750,-700,500,"bu","14:14:56",2532800
18700,-750,500,"sd","14:14:54",2532300
18700,-750,100,"sd","14:14:42",2531800
18700,-750,1000,"bu","14:14:33",2531700
18700,-750,2700,"bu","14:14:33",2530700
18700,-750,2000,"bu","14:14:33",2528000
18700,-750,1300,"bu","14:14:25",2526000
18700,-750,300,"bu","14:14:24",2524700
18650,-800,1000,"sd","14:14:21",2524400
18700,-750,13700,"bu","14:14:20",2523400
18700,-750,5000,"bu","14:14:20",2509700
18700,-750,1300,"bu","14:14:20",2504700
18650,-800,100,"sd","14:14:17",2503400
18650,-800,700,"sd","14:14:16",2503300
18650,-800,300,"sd","14:14:16",2502600
18650,-800,700,"bu","14:14:08",2502300
18650,-800,300,"sd","14:14:01",2501600
18650,-800,1700,"sd","14:13:56",2501300
18650,-800,500,"sd","14:13:56",2499600
18650,-800,400,"sd","14:13:56",2499100
18650,-800,500,"sd","14:13:56",2498700
18650,-800,100,"sd","14:13:56",2498200
18650,-800,300,"sd","14:13:56",2498100
18700,-750,500,"bu","14:13:54",2497800
18650,-800,300,"sd","14:13:52",2497300
18650,-800,200,"sd","14:13:52",2497000
18700,-750,100,"bu","14:13:51",2496800
18700,-750,100,"bu","14:13:49",2496700
18700,-750,500,"bu","14:13:47",2496600
18650,-800,2000,"bu","14:13:31",2496100
18650,-800,800,"bu","14:13:31",2494100
18650,-800,200,"bu","14:13:31",2493300
18600,-850,3000,"sd","14:13:30",2493100
18600,-850,300,"sd","14:13:19",2490100
18600,-850,600,"bu","14:13:18",2489800
18600,-850,5000,"bu","14:13:18",2489200
18600,-850,500,"bu","14:13:18",2484200
18550,-900,300,"sd","14:13:18",2483700
18550,-900,1000,"sd","14:13:18",2483400
18550,-900,800,"sd","14:13:18",2482400
18550,-900,600,"sd","14:13:18",2481600
18550,-900,100,"sd","14:13:18",2481000
18550,-900,200,"sd","14:13:18",2480900
18600,-850,200,"bu","14:13:18",2480700
18550,-900,300,"sd","14:13:15",2480500
18550,-900,700,"sd","14:13:15",2480200
18600,-850,3000,"bu","14:13:14",2479500
18600,-850,100,"bu","14:13:11",2476500
18600,-850,5000,"bu","14:13:07",2476400
18550,-900,4300,"sd","14:13:06",2471400
18550,-900,700,"sd","14:13:06",2467100
18550,-900,100,"sd","14:13:01",2466400
18600,-850,10000,"sd","14:12:56",2466300
18600,-850,200,"sd","14:12:56",2456300
18550,-900,500,"sd","14:12:54",2456100
18600,-850,400,"sd","14:12:54",2455600
18600,-850,300,"sd","14:12:54",2455200
18550,-900,700,"sd","14:12:45",2454900
18550,-900,1200,"sd","14:12:45",2454200
18550,-900,200,"sd","14:12:45",2453000
18550,-900,100,"sd","14:12:45",2452800
18550,-900,300,"sd","14:12:45",2452700
18600,-850,600,"sd","14:12:45",2452400
18600,-850,1900,"sd","14:12:45",2451800
18600,-850,100,"sd","14:12:43",2449900
18600,-850,1000,"sd","14:12:43",2449800
18600,-850,100,"sd","14:12:43",2448800
18600,-850,3000,"sd","14:12:43",2448700
18600,-850,2000,"sd","14:12:43",2445700
18600,-850,100,"sd","14:12:43",2443700
18600,-850,200,"sd","14:12:43",2443600
18600,-850,3500,"sd","14:12:43",2443400
18600,-850,2500,"sd","14:12:43",2439900
18600,-850,6000,"sd","14:12:43",2437400
18650,-800,400,"sd","14:12:43",2431400
18650,-800,600,"sd","14:12:42",2431000
18650,-800,200,"sd","14:12:42",2430400
18650,-800,100,"sd","14:12:42",2430200
18650,-800,1100,"sd","14:12:42",2430100
18650,-800,600,"sd","14:12:39",2429000
18650,-800,400,"sd","14:12:39",2428400
18650,-800,200,"sd","14:12:38",2428000
18650,-800,2000,"sd","14:12:38",2427800
18700,-750,500,"bu","14:12:38",2425800
18650,-800,500,"sd","14:12:36",2425300
18700,-750,1000,"bu","14:12:34",2424800
18700,-750,1000,"bu","14:12:33",2423800
18650,-800,700,"sd","14:12:32",2422800
18700,-750,100,"bu","14:12:31",2422100
18650,-800,2500,"sd","14:12:30",2422000
18650,-800,500,"sd","14:12:30",2419500
18650,-800,2000,"sd","14:12:30",2419000
18700,-750,1800,"bu","14:12:24",2417000
18700,-750,200,"bu","14:12:24",2415200
18700,-750,100,"sd","14:12:21",2415000
18700,-750,200,"sd","14:12:21",2414900
18700,-750,500,"sd","14:12:21",2414700
18700,-750,500,"sd","14:12:21",2414200
18700,-750,3000,"sd","14:12:21",2413700
18700,-750,100,"sd","14:12:21",2410700
18700,-750,200,"sd","14:12:21",2410600
18700,-750,200,"sd","14:12:21",2410400
18700,-750,2000,"sd","14:12:21",2410200
18700,-750,3200,"sd","14:12:21",2408200
18700,-750,1800,"sd","14:12:20",2405000
18700,-750,100,"sd","14:12:20",2403200
18700,-750,100,"sd","14:12:20",2403100
18700,-750,100,"sd","14:12:19",2403000
18700,-750,300,"sd","14:12:18",2402900
18700,-750,700,"sd","14:12:18",2402600
18700,-750,1000,"sd","14:12:15",2401900
18700,-750,1000,"sd","14:12:12",2400900
18700,-750,5000,"sd","14:12:08",2399900
18700,-750,100,"sd","14:12:08",2394900
18700,-750,2200,"sd","14:11:59",2394800
18750,-700,200,"sd","14:11:59",2392600
18750,-700,600,"sd","14:11:59",2392400
18800,-650,400,"bu","14:11:56",2391800
18800,-650,100,"bu","14:11:52",2391400
18750,-700,400,"sd","14:11:50",2391300
18750,-700,100,"sd","14:11:50",2390900
18750,-700,500,"sd","14:11:50",2390800
18800,-650,200,"bu","14:11:50",2390300
18800,-650,1200,"bu","14:11:49",2390100
18800,-650,2700,"bu","14:11:49",2388900
18800,-650,200,"sd","14:11:44",2386200
18800,-650,500,"sd","14:11:44",2386000
18800,-650,1000,"sd","14:11:44",2385500
18800,-650,100,"sd","14:11:44",2384500
18800,-650,500,"sd","14:11:44",2384400
18800,-650,500,"sd","14:11:44",2383900
18800,-650,100,"sd","14:11:44",2383400
18800,-650,4400,"sd","14:11:44",2383300
18800,-650,1600,"sd","14:11:44",2378900
18800,-650,1200,"sd","14:11:42",2377300
18800,-650,1300,"sd","14:11:34",2376100
18800,-650,2000,"sd","14:11:34",2374800
18800,-650,1000,"sd","14:11:34",2372800
18800,-650,100,"sd","14:11:34",2371800
18800,-650,1200,"sd","14:11:34",2371700
18800,-650,500,"sd","14:11:34",2370500
18800,-650,500,"sd","14:11:34",2370000
18800,-650,2000,"sd","14:11:34",2369500
18800,-650,100,"sd","14:11:34",2367500
18800,-650,500,"sd","14:11:34",2367400
18800,-650,100,"sd","14:11:34",2366900
18800,-650,2000,"sd","14:11:34",2366800
18800,-650,100,"sd","14:11:34",2364800
18800,-650,7000,"sd","14:11:34",2364700
18850,-600,1600,"sd","14:11:34",2357700
18850,-600,500,"bu","14:11:33",2356100
18850,-600,1000,"bu","14:11:33",2355600
18850,-600,1900,"bu","14:11:33",2354600
18800,-650,300,"sd","14:11:30",2352700
18800,-650,2700,"sd","14:11:29",2352400
18800,-650,1000,"sd","14:11:29",2349700
18800,-650,1800,"sd","14:11:29",2348700
18800,-650,5000,"sd","14:11:25",2346900
18850,-600,500,"bu","14:11:20",2341900
18850,-600,100,"bu","14:11:19",2341400
18850,-600,100,"bu","14:11:18",2341300
18850,-600,5000,"sd","14:11:17",2341200
18850,-600,2400,"sd","14:11:17",2336200
18850,-600,600,"sd","14:11:11",2333800
18850,-600,300,"sd","14:11:11",2333200
18850,-600,100,"sd","14:11:11",2332900
18850,-600,100,"sd","14:11:11",2332800
18850,-600,1500,"sd","14:11:11",2332700
18850,-600,800,"sd","14:11:11",2331200
18850,-600,5000,"sd","14:11:11",2330400
18900,-550,100,"sd","14:11:07",2325400
18900,-550,2000,"sd","14:11:07",2325300
18900,-550,300,"sd","14:11:07",2323300
18900,-550,400,"sd","14:11:07",2323000
18900,-550,1000,"sd","14:11:07",2322600
18900,-550,200,"sd","14:11:07",2321600
18900,-550,100,"sd","14:11:07",2321400
18900,-550,100,"sd","14:11:07",2321300
18950,-500,4400,"bu","14:11:06",2321200
18950,-500,600,"bu","14:11:06",2316800
18950,-500,4000,"bu","14:11:06",2316200
18950,-500,100,"bu","14:11:00",2312200
18900,-550,900,"sd","14:10:58",2312100
18900,-550,900,"sd","14:10:58",2311200
18900,-550,100,"sd","14:10:57",2310300
18900,-550,400,"sd","14:10:57",2310200
18950,-500,500,"sd","14:10:43",2309800
18900,-550,600,"sd","14:10:43",2309300
18900,-550,100,"sd","14:10:43",2308700
18950,-500,100,"sd","14:10:43",2308600
18950,-500,100,"bu","14:10:40",2308500
18950,-500,100,"sd","14:10:34",2308400
18950,-500,200,"sd","14:10:34",2308300
18950,-500,4600,"sd","14:10:34",2308100
18950,-500,400,"sd","14:10:30",2303500
18950,-500,500,"sd","14:10:30",2303100
18950,-500,100,"sd","14:10:30",2302600
19000,-450,1500,"bu","14:10:29",2302500
19000,-450,8500,"bu","14:10:29",2301000
19000,-450,500,"sd","14:10:17",2292500
19000,-450,1000,"sd","14:10:17",2292000
19000,-450,1200,"sd","14:10:17",2291000
19000,-450,100,"sd","14:10:17",2289800
19000,-450,200,"sd","14:10:17",2289700
19000,-450,100,"sd","14:10:17",2289500
19000,-450,10900,"sd","14:10:17",2289400
19000,-450,200,"sd","14:10:17",2278500
19000,-450,200,"sd","14:10:17",2278300
19000,-450,3200,"sd","14:10:17",2278100
19000,-450,2000,"sd","14:10:17",2274900
19000,-450,1000,"sd","14:10:17",2272900
19000,-450,900,"sd","14:10:17",2271900
19050,-400,2000,"bu","14:10:17",2271000
19050,-400,200,"bu","14:10:11",2269000
19050,-400,100,"bu","14:10:04",2268800
19050,-400,100,"bu","14:10:02",2268700
19000,-450,500,"sd","14:10:01",2268600
19050,-400,1000,"bu","14:10:00",2268100
19050,-400,1000,"bu","14:09:56",2267100
19050,-400,200,"bu","14:09:55",2266100
19000,-450,2000,"sd","14:09:55",2265900
19050,-400,1000,"bu","14:09:52",2263900
19050,-400,100,"bu","14:09:45",2262900
19050,-400,100,"bu","14:09:43",2262800
19050,-400,100,"bu","14:09:40",2262700
19000,-450,1400,"sd","14:09:39",2262600
19050,-400,400,"bu","14:09:37",2261200
19000,-450,200,"sd","14:09:30",2260800
19000,-450,800,"sd","14:09:30",2260600
19050,-400,200,"sd","14:09:29",2259800
19100,-350,500,"bu","14:09:23",2259600
19050,-400,1000,"sd","14:09:23",2259100
19100,-350,1100,"bu","14:09:21",2258100
19100,-350,900,"bu","14:09:21",2257000
19100,-350,100,"bu","14:09:19",2256100
19100,-350,2000,"bu","14:09:18",2256000
19050,-400,500,"sd","14:09:17",2254000
19050,-400,1000,"sd","14:09:17",2253500
19050,-400,100,"sd","14:09:17",2252500
19050,-400,5000,"sd","14:09:17",2252400
19050,-400,500,"sd","14:09:17",2247400
19050,-400,1000,"sd","14:09:17",2246900
19050,-400,3000,"sd","14:09:17",2245900
19050,-400,400,"sd","14:09:17",2242900
19050,-400,1000,"sd","14:09:13",2242500
19150,-300,300,"bu","14:09:10",2241500
19100,-350,700,"bu","14:09:10",2241200
19100,-350,1000,"bu","14:09:10",2240500
19100,-350,200,"bu","14:09:09",2239500
19100,-350,2000,"sd","14:09:08",2239300
19100,-350,100,"sd","14:09:08",2237300
19150,-300,500,"bu","14:09:05",2237200
19150,-300,100,"bu","14:09:02",2236700
19100,-350,900,"bu","14:08:57",2236600
19100,-350,100,"bu","14:08:50",2235700
19150,-300,100,"bu","14:08:48",2235600
19150,-300,100,"bu","14:08:34",2235500
19050,-400,900,"bu","14:08:33",2235400
19050,-400,1000,"bu","14:08:32",2234500
19050,-400,100,"bu","14:08:31",2233500
19050,-400,100,"bu","14:08:28",2233400
19050,-400,200,"bu","14:08:26",2233300
19050,-400,100,"bu","14:08:24",2233100
19050,-400,1000,"bu","14:08:18",2233000
19000,-450,200,"sd","14:08:11",2232000
18900,-550,800,"sd","14:08:10",2231800
18900,-550,200,"sd","14:08:10",2231000
18900,-550,3000,"sd","14:08:10",2230800
19050,-400,3600,"bu","14:08:08",2227800
19050,-400,300,"bu","14:08:08",2224200
19000,-450,1000,"bu","14:08:08",2223900
19000,-450,100,"bu","14:08:08",2222900
18900,-550,1000,"sd","14:07:57",2222800
18900,-550,1000,"sd","14:07:55",2221800
18900,-550,200,"sd","14:07:45",2220800
18800,-650,3200,"sd","14:07:37",2220600
18800,-650,15000,"sd","14:07:37",2217400
18800,-650,5000,"sd","14:07:37",2202400
18800,-650,1200,"sd","14:07:37",2197400
18850,-600,2000,"sd","14:07:37",2196200
18850,-600,200,"sd","14:07:37",2194200
18850,-600,9800,"sd","14:07:37",2194000
18850,-600,100,"sd","14:07:35",2184200
18900,-550,100,"sd","14:07:35",2184100
18850,-600,100,"sd","14:07:31",2184000
19000,-450,200,"sd","14:07:31",2183900
19000,-450,1500,"sd","14:07:31",2183700
19000,-450,200,"sd","14:07:31",2182200
19000,-450,300,"sd","14:07:26",2182000
19000,-450,700,"bu","14:07:25",2181700
19000,-450,200,"bu","14:07:25",2181000
19000,-450,4500,"bu","14:07:25",2180800
19000,-450,4100,"bu","14:07:25",2176300
19000,-450,100,"bu","14:07:23",2172200
19000,-450,100,"bu","14:07:21",2172100
19000,-450,500,"bu","14:07:17",2172000
18800,-650,800,"sd","14:07:16",2171500
18800,-650,4000,"sd","14:07:16",2170700
18800,-650,2000,"sd","14:07:16",2166700
18800,-650,1000,"sd","14:07:16",2164700
18800,-650,100,"sd","14:07:16",2163700
18850,-600,3000,"sd","14:07:16",2163600
18850,-600,500,"sd","14:07:16",2159600
18850,-600,1000,"sd","14:07:16",2160600
18900,-550,100,"sd","14:07:16",2159100
18900,-550,300,"sd","14:07:16",2159000
18900,-550,100,"sd","14:07:16",2158700
18950,-500,100,"sd","14:07:16",2158600
19000,-450,200,"sd","14:07:15",2158500
19050,-400,200,"bu","14:07:13",2158300
19000,-450,300,"bu","14:07:12",2158100
19000,-450,200,"bu","14:07:06",2157800
19000,-450,1800,"bu","14:07:05",2157600
19000,-450,5000,"sd","14:07:04",2155800
19000,-450,1000,"sd","14:07:04",2150800
19000,-450,200,"sd","14:07:04",2149800
19000,-450,500,"sd","14:07:04",2149600
19000,-450,1000,"sd","14:07:04",2149100
19000,-450,10000,"sd","14:07:04",2148100
19000,-450,900,"sd","14:07:04",2138100
19000,-450,500,"sd","14:07:04",2137200
19000,-450,2000,"sd","14:07:04",2136700
19000,-450,3000,"sd","14:07:04",2134700
19000,-450,500,"sd","14:07:04",2131700
19000,-450,500,"sd","14:07:04",2131200
19000,-450,10000,"sd","14:07:04",2130700
19000,-450,300,"sd","14:07:04",2120700
19000,-450,100,"sd","14:07:04",2120400
19000,-450,3000,"sd","14:07:04",2120300
19000,-450,5000,"sd","14:07:04",2117300
19000,-450,1000,"sd","14:07:04",2112300
19000,-450,100,"sd","14:07:04",2111300
19000,-450,20000,"sd","14:07:04",2111200
19000,-450,1500,"sd","14:07:04",2091200
19000,-450,300,"sd","14:07:04",2089700
19000,-450,2500,"sd","14:07:04",2089400
19000,-450,500,"sd","14:07:04",2086900
19000,-450,200,"sd","14:07:04",2086400
19000,-450,2000,"sd","14:07:04",2086200
19000,-450,200,"sd","14:07:04",2084200
19000,-450,1500,"sd","14:07:04",2084000
19000,-450,5900,"sd","14:07:04",2082500
19000,-450,100,"sd","14:07:04",2076600
19000,-450,100,"sd","14:07:04",2076500
19050,-400,100,"sd","14:07:01",2076400
19050,-400,200,"sd","14:07:01",2076300
19050,-400,100,"sd","14:07:01",2076100
19050,-400,100,"sd","14:07:01",2076000
19050,-400,100,"sd","14:06:53",2075900
19050,-400,300,"sd","14:06:52",2075800
19050,-400,1000,"sd","14:06:52",2075500
19050,-400,500,"sd","14:06:52",2074500
19100,-350,100,"unknown","14:06:52",2074000
19200,-250,22000,"bu","14:06:46",2073900
19200,-250,1500,"bu","14:06:40",2051900
19200,-250,500,"bu","14:06:35",2050400
19050,-400,2500,"sd","14:06:33",2049900
19100,-350,1000,"sd","14:06:33",2047400
19100,-350,200,"sd","14:06:33",2046400
19100,-350,1000,"sd","14:06:33",2046200
19100,-350,200,"sd","14:06:33",2045200
19100,-350,3000,"sd","14:06:33",2045000
19100,-350,1900,"sd","14:06:33",2042000
19100,-350,500,"sd","14:06:33",2040100
19100,-350,1000,"sd","14:06:33",2039600
19100,-350,2000,"sd","14:06:33",2038600
19100,-350,5000,"sd","14:06:33",2036600
19150,-300,500,"sd","14:06:33",2031600
19150,-300,200,"sd","14:06:33",2031100
19150,-300,1000,"sd","14:06:33",2030900
19200,-250,100,"bu","14:06:28",2029900
19200,-250,100,"bu","14:06:23",2029800
19200,-250,500,"bu","14:06:13",2029700
19200,-250,2600,"sd","14:06:06",2029200
19200,-250,200,"sd","14:06:06",2026600
19200,-250,300,"sd","14:06:06",2026400
19200,-250,200,"sd","14:06:06",2026100
19200,-250,100,"sd","14:06:06",2025900
19200,-250,1000,"sd","14:06:06",2025800
19200,-250,1000,"sd","14:06:06",2024800
19200,-250,2000,"sd","14:06:06",2023800
19200,-250,300,"sd","14:06:06",2021800
19200,-250,1000,"sd","14:06:06",2021500
19200,-250,2000,"sd","14:06:06",2020500
19200,-250,1000,"sd","14:06:06",2017200
19200,-250,1000,"sd","14:06:06",2018500
19200,-250,300,"sd","14:06:06",2017500
19250,-200,3600,"sd","14:06:06",2016200
19250,-200,300,"sd","14:06:06",2012600
19250,-200,500,"sd","14:06:02",2012300
19250,-200,1200,"sd","14:05:50",2011800
19250,-200,100,"sd","14:05:50",2010600
19250,-200,200,"sd","14:05:50",2010500
19250,-200,200,"sd","14:05:50",2010300
19250,-200,1000,"sd","14:05:50",2010100
19300,-150,500,"bu","14:05:45",2009100
19300,-150,1300,"bu","14:05:35",2008600
19300,-150,500,"bu","14:05:33",2007300
19300,-150,400,"bu","14:05:32",2006800
19300,-150,5100,"sd","14:05:29",2006400
19300,-150,2900,"sd","14:05:25",2001300
19300,-150,2100,"sd","14:05:25",1998400
19300,-150,2900,"sd","14:05:25",1996300
19300,-150,500,"sd","14:05:25",1993400
19300,-150,2000,"sd","14:05:24",1992900
19300,-150,2000,"sd","14:05:24",1990900
19300,-150,1000,"sd","14:05:24",1988900
19300,-150,300,"sd","14:05:24",1987900
19300,-150,200,"sd","14:05:24",1987600
19300,-150,3000,"sd","14:05:24",1987400
19300,-150,1000,"sd","14:05:24",1984400
19300,-150,1000,"sd","14:05:24",1983400
19300,-150,300,"sd","14:05:24",1982400
19300,-150,200,"sd","14:05:24",1982100
19300,-150,1000,"sd","14:05:24",1981900
19300,-150,10000,"sd","14:05:24",1980900
19350,-100,100,"sd","14:05:24",1970900
19350,-100,900,"sd","14:05:24",1970800
19350,-100,200,"sd","14:05:24",1969900
19350,-100,100,"sd","14:05:24",1969700
19350,-100,900,"sd","14:05:10",1969600
19350,-100,200,"sd","14:05:10",1968700
19350,-100,100,"sd","14:05:10",1968500
19350,-100,2000,"sd","14:05:10",1968400
19350,-100,300,"sd","14:05:10",1966400
19400,-50,500,"bu","14:04:53",1966100
19400,-50,700,"sd","14:04:52",1965600
19400,-50,200,"sd","14:04:52",1964900
19400,-50,100,"sd","14:04:52",1964700
19400,-50,1000,"sd","14:04:52",1964600
19400,-50,4800,"sd","14:04:52",1963600
19400,-50,500,"sd","14:04:52",1958800
19400,-50,1600,"sd","14:04:52",1958300
19400,-50,1000,"sd","14:04:52",1956700
19400,-50,1000,"sd","14:04:52",1955700
19400,-50,2000,"sd","14:04:52",1954700
19400,-50,2000,"sd","14:04:52",1952700
19400,-50,900,"sd","14:04:52",1950700
19400,-50,6400,"sd","14:04:52",1949800
19400,-50,3600,"sd","14:04:47",1943400
19400,-50,2000,"sd","14:04:45",1939800
19400,-50,100,"sd","14:04:45",1937800
19400,-50,200,"sd","14:04:45",1937700
19400,-50,1000,"sd","14:04:45",1937500
19400,-50,1000,"sd","14:04:45",1936500
19400,-50,100,"sd","14:04:45",1935500
19400,-50,2000,"sd","14:04:45",1935400
19400,-50,200,"sd","14:04:45",1933400
19400,-50,100,"sd","14:04:45",1933200
19400,-50,100,"sd","14:04:45",1933100
19400,-50,300,"sd","14:04:45",1933000
19400,-50,900,"sd","14:04:45",1932700
19400,-50,100,"sd","14:04:37",1931800
19400,-50,500,"sd","14:04:37",1931700
19400,-50,2200,"sd","14:04:37",1931200
19450,0,300,"sd","14:04:34",1929000
19450,0,900,"sd","14:04:34",1928700
19450,0,300,"sd","14:04:34",1927800
19450,0,500,"sd","14:04:24",1927500
19450,0,200,"sd","14:04:19",1927000
19450,0,900,"sd","14:04:19",1926800
19450,0,4100,"sd","14:03:53",1925900
19450,0,3000,"sd","14:03:53",1921800
19450,0,2400,"sd","14:03:53",1918800
19450,0,500,"sd","14:03:53",1916400
19500,50,400,"bu","14:03:46",1915900
19500,50,2700,"bu","14:03:39",1915500
19500,50,3000,"sd","14:03:20",1912800
19500,50,200,"sd","14:03:20",1909800
19500,50,200,"sd","14:03:20",1909600
19500,50,100,"sd","14:03:20",1909400
19500,50,9800,"sd","14:03:20",1909300
19500,50,200,"sd","14:03:20",1899500
19500,50,3000,"sd","14:03:20",1899300
19500,50,100,"sd","14:03:20",1896300
19500,50,100,"sd","14:03:20",1896200
19500,50,2600,"sd","14:03:20",1896100
19500,50,3400,"sd","14:03:17",1893500
19500,50,3100,"sd","14:03:17",1890100
19500,50,1000,"sd","14:03:17",1887000
19500,50,2500,"sd","14:03:17",1886000
19550,100,100,"bu","14:03:15",1883500
19550,100,2100,"sd","14:02:52",1883400
19550,100,5000,"sd","14:02:42",1881300
19550,100,2900,"sd","14:02:38",1876300
19550,100,100,"sd","14:02:38",1873400
19550,100,5000,"sd","14:02:38",1873300
19550,100,1000,"sd","14:02:38",1868300
19550,100,400,"sd","14:02:38",1867300
19550,100,600,"sd","14:02:38",1866900
19600,150,1300,"sd","14:02:09",1866300
19550,100,200,"sd","14:01:58",1865000
19550,100,200,"sd","14:01:50",1864800
19600,150,800,"sd","14:01:50",1864600
19650,200,900,"sd","14:01:35",1863800
19650,200,7100,"sd","14:00:34",1862900
19700,250,2900,"sd","14:00:34",1855800
19700,250,1000,"bu","14:00:24",1852900
19700,250,1000,"bu","14:00:24",1851900
19600,150,200,"sd","14:00:02",1850900
19600,150,200,"sd","14:00:02",1850700
19600,150,1000,"sd","14:00:02",1850500
19600,150,200,"sd","14:00:02",1849500
19600,150,2100,"sd","14:00:02",1849300
19600,150,6300,"sd","14:00:02",1847200
19600,150,6700,"sd","13:59:47",1840900
19600,150,15000,"sd","13:59:22",1834200
19600,150,5000,"sd","13:58:54",1819200
19600,150,800,"sd","13:58:42",1814200
19600,150,100,"sd","13:58:42",1813400
19600,150,1600,"sd","13:58:42",1813300
19700,250,100,"bu","13:58:29",1811700
19700,250,1000,"bu","13:58:07",1811600
19700,250,300,"bu","13:58:01",1810600
19600,150,400,"sd","13:57:58",1810300
19600,150,1400,"sd","13:57:49",1809900
19700,250,4000,"bu","13:57:36",1808500
19700,250,4000,"bu","13:57:26",1804500
19700,250,600,"sd","13:56:47",1800500
19700,250,500,"bu","13:56:22",1799900
19700,250,1900,"bu","13:56:22",1799400
19600,150,1600,"sd","13:56:19",1797500
19700,250,1600,"bu","13:56:10",1795900
19700,250,200,"bu","13:56:10",1794300
19700,250,200,"bu","13:56:10",1794100
19700,250,1000,"bu","13:56:10",1793900
19700,250,3000,"bu","13:55:53",1792900
19700,250,300,"bu","13:55:50",1789900
19700,250,600,"bu","13:55:11",1789600
19700,250,100,"bu","13:55:02",1789000
19600,150,1200,"sd","13:54:36",1788900
19600,150,400,"sd","13:54:36",1787700
19650,200,400,"sd","13:54:36",1787300
19600,150,400,"bu","13:51:15",1786900
19600,150,200,"bu","13:51:01",1786500
19600,150,5000,"bu","13:50:50",1786300
19600,150,1400,"bu","13:50:47",1781300
19600,150,1000,"bu","13:50:47",1779900
19600,150,600,"bu","13:50:47",1778900
19550,100,1000,"bu","13:49:53",1778300
19500,50,2000,"sd","13:49:41",1777300
19500,50,500,"sd","13:49:41",1775300
19500,50,500,"sd","13:49:41",1774800
19500,50,1000,"sd","13:49:41",1774300
19500,50,200,"sd","13:49:41",1773300
19500,50,100,"sd","13:49:41",1773100
19500,50,500,"sd","13:49:41",1773000
19500,50,200,"sd","13:49:41",1772500
19500,50,100,"sd","13:49:18",1772300
19500,50,100,"sd","13:49:15",1772200
19500,50,100,"sd","13:49:04",1772100
19500,50,1900,"sd","13:49:04",1772000
19500,50,1000,"sd","13:48:25",1770100
19600,150,8000,"bu","13:47:51",1769100
19450,0,2500,"sd","13:47:51",1761100
19450,0,500,"sd","13:47:51",1758600
19450,0,500,"sd","13:47:51",1758100
19450,0,100,"sd","13:47:51",1757600
19450,0,300,"sd","13:47:51",1757500
19450,0,1000,"sd","13:47:51",1757200
19450,0,3000,"sd","13:47:51",1756200
19450,0,1000,"sd","13:47:51",1753200
19450,0,100,"sd","13:47:51",1752200
19500,50,500,"sd","13:47:51",1752100
19500,50,200,"sd","13:47:51",1751600
19500,50,500,"sd","13:47:51",1751400
19600,150,1400,"bu","13:47:26",1750900
19600,150,3000,"bu","13:47:26",1749500
19600,150,4300,"bu","13:47:26",1746500
19550,100,1300,"bu","13:47:26",1742200
19500,50,1000,"sd","13:47:15",1740900
19500,50,300,"sd","13:47:15",1739900
19500,50,700,"sd","13:47:15",1739600
19500,50,1000,"sd","13:47:13",1738900
19500,50,1300,"sd","13:47:10",1737900
19500,50,200,"sd","13:47:10",1736600
19500,50,1000,"sd","13:47:10",1736400
19600,150,1000,"sd","13:47:04",1735400
19600,150,700,"sd","13:47:04",1734400
19550,100,4200,"sd","13:46:38",1733700
19550,100,1000,"sd","13:46:38",1729500
19550,100,1000,"sd","13:46:38",1728500
19550,100,2000,"sd","13:46:38",1727500
19600,150,1000,"sd","13:46:38",1725500
19600,150,200,"sd","13:46:38",1724500
19600,150,300,"sd","13:46:38",1724300
19600,150,300,"sd","13:46:38",1724000
19600,150,100,"sd","13:46:11",1723700
19600,150,400,"sd","13:46:11",1723600
19600,150,1600,"sd","13:45:59",1723200
19600,150,100,"sd","13:45:59",1721600
19600,150,500,"sd","13:45:59",1721500
19650,200,500,"sd","13:45:48",1721000
19650,200,2800,"sd","13:45:48",1720500
19650,200,500,"sd","13:45:43",1717700
19650,200,100,"sd","13:45:28",1717200
19650,200,1600,"sd","13:44:13",1717100
19650,200,1600,"sd","13:44:13",1715500
19650,200,100,"sd","13:44:13",1713900
19650,200,1000,"sd","13:44:13",1713800
19650,200,3800,"sd","13:44:13",1712800
19650,200,400,"sd","13:44:13",1709000
19700,250,700,"sd","13:44:13",1708600
19700,250,100,"sd","13:44:13",1707900
19700,250,500,"sd","13:44:13",1707800
19700,250,200,"sd","13:44:13",1707300
19750,300,4000,"bu","13:43:49",1707100
19750,300,2000,"bu","13:43:49",1703100
19750,300,4000,"bu","13:43:39",1701100
19750,300,4000,"bu","13:43:39",1697100
19700,250,200,"sd","13:43:32",1693100
19700,250,400,"sd","13:43:16",1692900
19700,250,100,"sd","13:43:16",1692500
19700,250,2200,"sd","13:43:11",1692400
19700,250,300,"sd","13:43:11",1690200
19750,300,6000,"sd","13:42:55",1689900
19750,300,400,"sd","13:42:44",1683900
19750,300,1600,"sd","13:42:41",1683500
19750,300,3400,"sd","13:42:41",1681900
19750,300,100,"sd","13:42:40",1678500
19750,300,4500,"sd","13:42:37",1678400
19750,300,500,"sd","13:42:37",1673900
19800,350,6800,"bu","13:41:39",1673400
19750,300,500,"bu","13:41:39",1666600
19750,300,1000,"bu","13:41:39",1666100
19750,300,1700,"bu","13:41:39",1665100
19750,300,300,"bu","13:41:26",1663400
19800,350,9300,"bu","13:41:21",1663100
19800,350,200,"bu","13:41:20",1653800
19750,300,500,"bu","13:41:20",1653600
19800,350,1700,"bu","13:41:11",1653100
19750,300,7000,"bu","13:41:11",1651400
19750,300,1300,"bu","13:41:11",1644400
19700,250,500,"sd","13:41:07",1643100
19700,250,1000,"sd","13:41:07",1642600
19700,250,1000,"sd","13:41:07",1641600
19750,300,300,"sd","13:40:36",1640600
19750,300,400,"sd","13:40:36",1640300
19750,300,200,"sd","13:40:29",1639900
19750,300,400,"sd","13:40:24",1639700
19750,300,700,"sd","13:40:24",1639300
19750,300,200,"sd","13:40:24",1638600
19750,300,800,"sd","13:40:11",1638400
19750,300,100,"sd","13:40:11",1637600
19800,350,4000,"bu","13:40:03",1637500
19800,350,400,"bu","13:39:55",1633500
19800,350,3700,"bu","13:39:55",1633100
19800,350,1000,"bu","13:39:55",1629400
19800,350,200,"bu","13:39:55",1628400
19800,350,100,"bu","13:39:55",1628200
19800,350,100,"bu","13:39:41",1628100
19800,350,3000,"bu","13:39:35",1628000
19800,350,100,"bu","13:39:29",1625000
19800,350,100,"sd","13:39:06",1624900
19800,350,6600,"sd","13:39:06",1624800
19800,350,1000,"sd","13:39:04",1618200
19800,350,200,"bu","13:38:59",1617200
19800,350,500,"bu","13:38:58",1617000
19800,350,1000,"bu","13:38:55",1616500
19800,350,8500,"bu","13:38:52",1615500
19800,350,1400,"bu","13:38:52",1607000
19800,350,100,"bu","13:38:40",1605600
19800,350,2500,"sd","13:38:31",1605500
19800,350,500,"bu","13:38:10",1603000
19800,350,3000,"bu","13:38:10",1602500
19800,350,5000,"bu","13:38:06",1599500
19800,350,100,"bu","13:37:54",1594500
19800,350,1000,"bu","13:37:35",1594400
19800,350,900,"sd","13:37:27",1593400
19800,350,5000,"sd","13:37:27",1592500
19800,350,1000,"sd","13:37:27",1587500
19800,350,2000,"sd","13:37:27",1586500
19800,350,1000,"sd","13:37:03",1584500
19800,350,200,"sd","13:36:49",1583500
19850,400,100,"bu","13:36:48",1583300
19800,350,16800,"bu","13:36:32",1583200
19750,300,1000,"sd","13:36:25",1566400
19700,250,100,"sd","13:36:10",1565400
19700,250,1100,"sd","13:36:10",1565300
19700,250,1000,"sd","13:36:10",1564200
19700,250,500,"sd","13:36:10",1563200
19700,250,300,"sd","13:36:10",1562700
19800,350,3000,"sd","13:36:02",1562400
19800,350,200,"sd","13:36:02",1559400
19800,350,2900,"bu","13:35:38",1559200
19800,350,2500,"bu","13:35:38",1556300
19800,350,300,"bu","13:35:38",1553800
19800,350,4100,"bu","13:35:38",1553500
19700,250,200,"bu","13:35:01",1549400
19700,250,500,"bu","13:34:56",1549200
19700,250,1200,"bu","13:34:51",1548700
19700,250,800,"bu","13:34:46",1547500
19700,250,100,"bu","13:34:45",1546700
19700,250,1000,"bu","13:34:43",1546600
19700,250,100,"bu","13:34:42",1545600
19700,250,400,"bu","13:34:41",1545500
19650,200,2000,"sd","13:34:41",1545100
19700,250,100,"bu","13:34:39",1543100
19700,250,200,"bu","13:34:37",1543000
19700,250,500,"bu","13:34:28",1542800
19700,250,2000,"bu","13:34:19",1542300
19700,250,19000,"bu","13:34:18",1540300
19700,250,3900,"bu","13:34:13",1521300
19700,250,1000,"bu","13:34:13",1517400
19700,250,100,"bu","13:34:13",1516400
19650,200,200,"sd","13:34:01",1516300
19650,200,1700,"bu","13:33:59",1516100
19650,200,1000,"bu","13:33:58",1514400
19650,200,5300,"bu","13:33:55",1513400
19650,200,500,"bu","13:33:55",1508100
19650,200,2000,"bu","13:33:55",1507600
19650,200,3000,"bu","13:33:39",1505600
19600,150,2000,"bu","13:33:34",1502600
19600,150,1200,"bu","13:33:34",1500600
19600,150,1000,"bu","13:33:34",1499400
19600,150,300,"bu","13:33:24",1498400
19600,150,500,"bu","13:33:24",1498100
19600,150,4200,"bu","13:33:24",1497600
19600,150,100,"bu","13:33:15",1493400
19550,100,200,"sd","13:31:51",1493300
19600,150,500,"bu","13:31:49",1493100
19600,150,200,"bu","13:31:49",1492600
19600,150,300,"bu","13:31:49",1492400
19600,150,400,"bu","13:31:03",1492100
19600,150,100,"bu","13:31:03",1491700
19600,150,400,"bu","13:31:02",1491600
19600,150,100,"bu","13:31:02",1491200
19600,150,2400,"bu","13:31:02",1491100
19600,150,3000,"bu","13:30:54",1488700
19600,150,200,"bu","13:30:47",1485700
19600,150,1900,"bu","13:30:26",1485500
19600,150,100,"bu","13:30:21",1483600
19600,150,1000,"bu","13:30:15",1483500
19600,150,100,"bu","13:29:59",1482500
19550,100,2000,"bu","13:29:58",1482400
19550,100,2000,"bu","13:29:58",1480400
19550,100,1500,"bu","13:29:58",1478400
19550,100,1000,"bu","13:29:53",1476900
19550,100,2500,"bu","13:29:50",1475900
19550,100,500,"bu","13:29:50",1473400
19550,100,500,"bu","13:29:47",1472900
19550,100,500,"bu","13:29:47",1472400
19550,100,200,"bu","13:29:41",1471900
19550,100,1000,"bu","13:29:31",1471700
19500,50,100,"sd","13:29:26",1470700
19550,100,300,"bu","13:29:15",1470600
19550,100,2000,"bu","13:29:15",1470300
19550,100,100,"bu","13:29:15",1468300
19550,100,1000,"bu","13:29:15",1468200
19550,100,1600,"bu","13:29:15",1467200
19550,100,900,"bu","13:29:14",1465600
19550,100,600,"bu","13:28:55",1464700
19500,50,1000,"sd","13:28:29",1464100
19550,100,500,"bu","13:28:27",1463100
19550,100,200,"bu","13:28:24",1462600
19550,100,5000,"bu","13:28:03",1462400
19550,100,100,"bu","13:27:56",1457400
19500,50,1000,"bu","13:27:38",1457300
19450,0,1600,"bu","13:27:26",1456300
19400,-50,100,"sd","13:27:21",1454700
19450,0,100,"bu","13:27:17",1454600
19450,0,2000,"bu","13:27:13",1454500
19450,0,100,"sd","13:27:09",1452500
19450,0,500,"sd","13:27:09",1452400
19450,0,5000,"sd","13:27:09",1451900
19450,0,200,"sd","13:27:09",1446900
19450,0,200,"sd","13:27:09",1446700
19500,50,1000,"sd","13:27:09",1446500
19500,50,1000,"sd","13:27:09",1445500
19500,50,1000,"sd","13:27:09",1444500
19500,50,7300,"sd","13:27:09",1443500
19500,50,1000,"sd","13:26:57",1436200
19500,50,1700,"bu","13:26:42",1435200
19500,50,400,"sd","13:26:27",1433500
19500,50,500,"sd","13:26:24",1433100
19450,0,100,"sd","13:26:11",1432600
19450,0,1000,"sd","13:26:11",1432500
19450,0,100,"sd","13:26:11",1431500
19450,0,700,"sd","13:26:11",1431400
19500,50,200,"bu","13:26:09",1430700
19500,50,400,"bu","13:26:09",1430500
19500,50,500,"bu","13:26:09",1430100
19500,50,3900,"bu","13:26:09",1429600
19500,50,1000,"bu","13:25:58",1425700
19500,50,100,"bu","13:25:57",1424700
19500,50,200,"bu","13:25:57",1424600
19500,50,3000,"sd","13:25:48",1424400
19500,50,5000,"sd","13:25:47",1421400
19500,50,4000,"sd","13:25:33",1416400
19500,50,2900,"sd","13:25:33",1412400
19500,50,3900,"sd","13:25:33",1409500
19500,50,100,"sd","13:25:26",1405600
19500,50,500,"sd","13:25:22",1405500
19500,50,1000,"sd","13:25:15",1405000
19500,50,3000,"sd","13:24:24",1404000
19500,50,1000,"bu","13:24:05",1401000
19500,50,500,"bu","13:24:05",1400000
19500,50,300,"bu","13:23:55",1399500
19500,50,700,"bu","13:23:35",1399200
19500,50,300,"bu","13:23:35",1398500
19500,50,700,"bu","13:23:31",1398200
19500,50,600,"bu","13:23:31",1397500
19500,50,200,"bu","13:23:31",1396900
19500,50,500,"bu","13:23:31",1396700
19500,50,1000,"bu","13:23:22",1396200
19500,50,500,"bu","13:23:07",1395200
19500,50,200,"bu","13:23:07",1394700
19500,50,2000,"sd","13:22:34",1394500
19400,-50,400,"sd","13:22:27",1392500
19450,0,300,"sd","13:22:27",1392100
19450,0,1000,"sd","13:22:27",1391800
19450,0,500,"sd","13:22:27",1390800
19450,0,3000,"sd","13:22:27",1390300
19450,0,1000,"sd","13:22:27",1387300
19450,0,300,"sd","13:22:27",1386300
19450,0,500,"sd","13:22:27",1386000
19450,0,1000,"sd","13:22:27",1385500
19450,0,300,"sd","13:22:27",1384500
19450,0,100,"sd","13:22:27",1384200
19450,0,5000,"sd","13:22:27",1384100
19450,0,100,"sd","13:22:27",1379100
19450,0,4300,"sd","13:22:27",1379000
19500,50,1000,"sd","13:22:27",1374700
19500,50,200,"sd","13:22:27",1373700
19500,50,900,"sd","13:22:22",1373500
19500,50,100,"sd","13:22:22",1372600
19500,50,1000,"bu","13:21:37",1372500
19500,50,1900,"bu","13:21:37",1371500
19500,50,1000,"bu","13:21:36",1369600
19500,50,2000,"bu","13:21:33",1368600
19450,0,1000,"sd","13:21:08",1366600
19500,50,100,"bu","13:21:05",1365600
19450,0,1000,"bu","13:20:48",1365500
19450,0,700,"bu","13:20:48",1364500
19450,0,1300,"bu","13:20:48",1363800
19450,0,200,"bu","13:20:48",1362500
19450,0,2000,"bu","13:20:48",1362300
19450,0,300,"bu","13:20:48",1360300
19450,0,3000,"bu","13:20:47",1360000
19450,0,1000,"bu","13:20:47",1357000
19450,0,100,"bu","13:20:41",1356000
19450,0,900,"bu","13:20:41",1355900
19450,0,3300,"bu","13:20:38",1355000
19450,0,1700,"bu","13:20:38",1351700
19450,0,100,"bu","13:20:33",1350000
19400,-50,100,"sd","13:20:31",1349900
19450,0,3000,"bu","13:20:17",1349800
19400,-50,500,"sd","13:20:08",1346800
19400,-50,1000,"sd","13:20:02",1346300
19450,0,100,"bu","13:20:01",1345300
19450,0,400,"bu","13:19:55",1345200
19450,0,1600,"bu","13:19:55",1344800
19400,-50,100,"sd","13:19:42",1343200
19400,-50,600,"sd","13:19:42",1343100
19400,-50,200,"sd","13:19:42",1342500
19400,-50,200,"sd","13:19:42",1342300
19400,-50,300,"sd","13:19:42",1342100
19400,-50,1800,"sd","13:19:42",1341800
19450,0,500,"bu","13:19:22",1340000
19450,0,100,"bu","13:18:55",1339500
19450,0,200,"bu","13:18:46",1339400
19450,0,1100,"bu","13:18:45",1339200
19400,-50,200,"bu","13:18:38",1338100
19400,-50,1300,"sd","13:18:36",1337900
19400,-50,100,"sd","13:18:36",1336600
19400,-50,600,"sd","13:18:36",1336500
19400,-50,2000,"sd","13:18:36",1335900
19400,-50,100,"sd","13:18:36",1333900
19400,-50,200,"sd","13:18:36",1333800
19400,-50,300,"sd","13:18:12",1333600
19400,-50,1500,"sd","13:18:06",1333300
19400,-50,1000,"sd","13:18:06",1331800
19400,-50,1500,"sd","13:18:06",1330800
19400,-50,200,"sd","13:18:00",1329300
19400,-50,300,"sd","13:17:46",1329100
19400,-50,200,"sd","13:17:46",1328800
19400,-50,100,"sd","13:17:45",1328600
19400,-50,100,"sd","13:17:40",1328500
19400,-50,500,"sd","13:17:39",1328400
19500,50,100,"bu","13:17:30",1327900
19400,-50,1300,"sd","13:17:24",1327800
19400,-50,3000,"sd","13:17:24",1326500
19400,-50,1000,"sd","13:17:24",1323500
19400,-50,400,"sd","13:17:24",1322500
19400,-50,100,"sd","13:17:24",1322100
19400,-50,200,"sd","13:17:24",1322000
19400,-50,800,"sd","13:17:23",1321800
19400,-50,100,"sd","13:17:23",1321000
19400,-50,100,"sd","13:17:23",1320900
19400,-50,400,"sd","13:17:19",1320800
19400,-50,100,"sd","13:17:19",1320400
19400,-50,500,"sd","13:17:19",1320300
19400,-50,500,"sd","13:17:03",1319800
19400,-50,800,"sd","13:17:03",1319300
19450,0,700,"sd","13:17:03",1318500
19450,0,500,"sd","13:17:02",1317800
19450,0,2800,"sd","13:17:00",1317300
19450,0,200,"sd","13:17:00",1314500
19450,0,100,"sd","13:16:54",1314300
19400,-50,1200,"sd","13:16:41",1314200
19400,-50,400,"sd","13:16:41",1313000
19400,-50,1000,"sd","13:16:41",1312600
19450,0,100,"sd","13:16:41",1311600
19450,0,1000,"sd","13:16:41",1311500
19450,0,1300,"sd","13:16:41",1310500
19500,50,400,"bu","13:16:07",1309200
19500,50,1500,"sd","13:15:58",1308800
19500,50,200,"sd","13:15:58",1307300
19500,50,3400,"sd","13:15:58",1307100
19500,50,1800,"bu","13:15:37",1303700
19500,50,200,"bu","13:15:34",1301900
19500,50,4800,"bu","13:15:34",1301700
19500,50,100,"bu","13:15:32",1296900
19450,0,1700,"sd","13:15:30",1296800
19450,0,2000,"sd","13:15:30",1295100
19450,0,2000,"sd","13:15:30",1293100
19450,0,500,"sd","13:15:30",1291100
19450,0,1000,"sd","13:15:30",1290600
19450,0,10300,"sd","13:15:30",1289600
19450,0,10000,"sd","13:15:30",1279300
19450,0,100,"sd","13:15:30",1269300
19450,0,1000,"sd","13:15:30",1269200
19450,0,1000,"sd","13:15:30",1268200
19450,0,6000,"sd","13:15:30",1267200
19450,0,200,"sd","13:15:30",1261200
19450,0,100,"sd","13:15:30",1261000
19450,0,100,"sd","13:15:30",1260900
19500,50,2400,"sd","13:15:26",1260800
19550,100,100,"bu","13:15:19",1258400
19500,50,100,"sd","13:15:07",1258300
19500,50,1000,"sd","13:15:01",1258200
19500,50,100,"sd","13:15:00",1257200
19500,50,100,"sd","13:15:00",1257100
19500,50,1000,"sd","13:15:00",1257000
19500,50,200,"sd","13:14:55",1256000
19500,50,800,"sd","13:14:55",1255800
19500,50,100,"sd","13:14:41",1255000
19550,100,2000,"bu","13:14:31",1254900
19500,50,100,"sd","13:14:24",1252900
19500,50,300,"sd","13:14:24",1252800
19500,50,2000,"sd","13:14:24",1252500
19500,50,200,"sd","13:14:24",1250500
19500,50,100,"sd","13:14:24",1250300
19500,50,300,"sd","13:14:24",1250200
19500,50,600,"sd","13:14:24",1249900
19550,100,1400,"sd","13:14:24",1249300
19550,100,1000,"sd","13:14:19",1247900
19550,100,3600,"sd","13:14:19",1246900
19500,50,100,"sd","13:13:52",1243300
19550,100,1400,"sd","13:13:24",1243200
19550,100,100,"sd","13:13:10",1241800
19550,100,400,"sd","13:13:10",1241700
19550,100,100,"sd","13:13:10",1241300
19550,100,200,"sd","13:13:05",1241200
19550,100,800,"sd","13:13:05",1241000
19550,100,1200,"sd","13:12:49",1240200
19550,100,1000,"sd","13:12:49",1239000
19550,100,2800,"sd","13:12:49",1238000
19550,100,2200,"sd","13:12:44",1235200
19550,100,200,"sd","13:12:44",1233000
19550,100,600,"sd","13:12:44",1232800
19550,100,1000,"sd","13:12:34",1232200
19550,100,500,"sd","13:11:49",1231200
19550,100,900,"sd","13:11:01",1230700
19550,100,1000,"sd","13:11:01",1229800
19550,100,200,"sd","13:11:01",1228800
19550,100,100,"sd","13:11:01",1228600
19550,100,100,"sd","13:10:42",1228500
19550,100,100,"sd","13:10:42",1228400
19600,150,1300,"bu","13:10:30",1228300
19600,150,100,"bu","13:10:30",1227000
19600,150,600,"bu","13:10:30",1226900
19550,100,1500,"sd","13:10:23",1226300
19600,150,100,"bu","13:10:01",1224800
19600,150,100,"sd","13:09:15",1224700
19600,150,100,"sd","13:09:15",1224600
19600,150,1100,"sd","13:09:15",1224500
19600,150,1600,"sd","13:08:31",1223400
19600,150,2100,"sd","13:08:28",1221800
19600,150,500,"sd","13:08:28",1219700
19600,150,100,"sd","13:08:28",1219200
19600,150,700,"sd","13:08:28",1219100
19650,200,100,"bu","13:08:10",1218400
19650,200,2600,"bu","13:07:59",1218300
19650,200,400,"bu","13:07:59",1215700
19650,200,100,"bu","13:07:49",1215300
19650,200,400,"sd","13:07:32",1215200
19650,200,300,"sd","13:07:31",1214800
19650,200,500,"sd","13:07:31",1214500
19650,200,300,"sd","13:07:31",1214000
19700,250,300,"bu","13:07:31",1213700
19700,250,200,"bu","13:07:30",1213400
19650,200,2000,"sd","13:07:23",1213200
19650,200,2200,"sd","13:07:20",1211200
19650,200,300,"sd","13:07:20",1209000
19700,250,100,"bu","13:07:13",1208700
19700,250,900,"bu","13:06:45",1208600
19700,250,100,"bu","13:06:42",1207700
19700,250,100,"bu","13:06:25",1207600
19700,250,100,"bu","13:06:25",1207500
19700,250,400,"bu","13:06:25",1207400
19700,250,400,"bu","13:06:19",1207000
19700,250,600,"bu","13:06:19",1206600
19650,200,900,"sd","13:06:17",1206000
19650,200,100,"sd","13:06:17",1205100
19650,200,1700,"sd","13:06:17",1205000
19700,250,100,"bu","13:06:14",1203300
19700,250,1700,"bu","13:06:11",1203200
19700,250,300,"bu","13:06:11",1201500
19700,250,3000,"bu","13:06:11",1201200
19650,200,1000,"bu","13:05:47",1198200
19600,150,1100,"bu","13:05:34",1197200
19600,150,200,"bu","13:05:34",1196100
19600,150,2800,"bu","13:05:29",1195900
19600,150,1000,"bu","13:05:29",1193100
19600,150,200,"bu","13:05:29",1192100
19600,150,1000,"bu","13:05:29",1191900
19550,100,100,"bu","13:05:16",1190900
19550,100,300,"bu","13:05:16",1190800
19550,100,500,"bu","13:05:14",1190500
19550,100,200,"bu","13:05:13",1190000
19550,100,400,"bu","13:05:13",1189800
19550,100,100,"bu","13:05:03",1189400
19550,100,400,"bu","13:04:58",1189300
19550,100,100,"bu","13:04:58",1188900
19550,100,100,"bu","13:04:58",1188800
19550,100,400,"bu","13:04:55",1188700
19550,100,2600,"bu","13:04:55",1188300
19550,100,100,"bu","13:04:51",1185700
19550,100,1000,"bu","13:04:51",1185600
19550,100,100,"bu","13:04:37",1184600
19500,50,2000,"sd","13:03:35",1184500
19500,50,200,"sd","13:03:08",1182500
19500,50,100,"sd","13:03:07",1182300
19450,0,500,"sd","13:02:50",1182200
19450,0,700,"sd","13:02:38",1181700
19500,50,100,"sd","13:02:38",1181000
19500,50,100,"sd","13:02:38",1180900
19500,50,100,"sd","13:02:38",1180800
19450,0,1100,"sd","13:01:27",1180700
19500,50,4900,"sd","13:01:27",1179600
19500,50,100,"bu","13:01:25",1174700
19450,0,5000,"sd","13:01:18",1174600
19450,0,200,"sd","13:01:18",1169600
19450,0,1500,"sd","13:01:18",1169400
19450,0,100,"sd","13:01:18",1167900
19450,0,300,"sd","13:01:18",1167800
19450,0,1000,"sd","13:01:18",1167500
19450,0,100,"sd","13:01:18",1166500
19450,0,5000,"sd","13:01:18",1166400
19450,0,500,"sd","13:01:18",1161400
19450,0,100,"sd","13:01:18",1160900
19450,0,200,"sd","13:01:18",1160800
19450,0,2800,"sd","13:01:02",1160600
19450,0,300,"sd","13:01:02",1157800
19500,50,300,"sd","13:01:02",1157500
19500,50,300,"sd","13:01:02",1157200
19500,50,200,"sd","13:01:02",1156900
19500,50,500,"sd","13:01:02",1156700
19500,50,1000,"sd","13:01:02",1156200
19500,50,3000,"sd","13:01:02",1155200
19500,50,100,"sd","13:01:02",1152200
19500,50,200,"sd","13:01:02",1152100
19500,50,1300,"sd","13:01:02",1151900
19550,100,500,"bu","13:01:01",1150600
19500,50,100,"sd","13:00:50",1150100
19500,50,500,"sd","13:00:50",1150000
19500,50,400,"sd","13:00:50",1149500
19500,50,100,"sd","13:00:45",1149100
19500,50,100,"sd","13:00:45",1149000
19500,50,2000,"sd","13:00:45",1148900
19500,50,1200,"sd","13:00:45",1146900
19500,50,1000,"sd","13:00:32",1145700
19500,50,700,"sd","13:00:28",1144700
19500,50,2900,"sd","13:00:24",1144000
19550,100,700,"bu","13:00:24",1141100
19550,100,300,"bu","13:00:24",1140400
19500,50,200,"sd","13:00:22",1140100
19500,50,800,"sd","13:00:22",1139900
19500,50,200,"sd","13:00:18",1139100
19550,100,200,"bu","13:00:16",1138900
19550,100,500,"bu","13:00:16",1138700
19500,50,100,"sd","13:00:16",1138200
19500,50,100,"sd","13:00:16",1138100
19500,50,300,"sd","13:00:13",1138000
19500,50,1000,"sd","13:00:03",1137700
19500,50,2000,"sd","13:00:01",1136700
19500,50,1600,"sd","13:00:00",1134700
19500,50,1000,"sd","13:00:00",1133100
19500,50,300,"sd","13:00:00",1132100
19550,100,100,"sd","13:00:00",1131800
19500,50,100,"sd","13:00:00",1131700
19500,50,100,"sd","13:00:00",1131600
19500,50,800,"sd","13:00:00",1131500
19500,50,200,"sd","13:00:00",1130700
19500,50,200,"sd","13:00:00",1130500
19500,50,1000,"sd","13:00:00",1130300
19500,50,200,"sd","13:00:00",1129300
19550,100,2000,"sd","13:00:00",1129100
19550,100,400,"sd","13:00:00",1127100
19500,50,200,"sd","11:28:44",1126700
19500,50,100,"sd","11:28:44",1126500
19500,50,100,"sd","11:28:44",1126400
19500,50,1600,"sd","11:28:44",1126300
19500,50,3100,"sd","11:28:28",1124700
19500,50,200,"sd","11:28:28",1121600
19500,50,200,"sd","11:28:28",1121400
19500,50,200,"sd","11:28:28",1121200
19500,50,200,"sd","11:28:28",1121000
19550,100,400,"sd","11:28:28",1120800
19550,100,100,"sd","11:28:28",1120400
19550,100,200,"sd","11:28:28",1120300
19550,100,2000,"sd","11:28:28",1120100
19600,150,300,"sd","11:28:28",1118100
19600,150,3100,"sd","11:28:28",1117800
19600,150,1900,"sd","11:28:16",1114700
19600,150,100,"sd","11:28:16",1112800
19600,150,5000,"sd","11:28:16",1112700
19600,150,700,"sd","11:28:16",1107700
19600,150,1000,"sd","11:28:16",1107000
19600,150,500,"sd","11:28:16",1106000
19600,150,3000,"sd","11:26:56",1105500
19600,150,1000,"sd","11:26:56",1102500
19600,150,200,"sd","11:26:56",1101500
19600,150,1000,"sd","11:26:56",1101300
19600,150,100,"sd","11:26:56",1100300
19600,150,100,"sd","11:26:56",1100200
19600,150,200,"sd","11:26:56",1100100
19600,150,300,"sd","11:26:56",1099900
19600,150,200,"sd","11:26:56",1099600
19600,150,100,"sd","11:26:56",1099400
19600,150,2000,"sd","11:26:56",1099300
19600,150,100,"sd","11:26:56",1097300
19600,150,10000,"sd","11:26:56",1097200
19600,150,500,"sd","11:26:56",1087200
19600,150,3900,"sd","11:26:56",1086700
19600,150,6000,"sd","11:26:56",1082800
19600,150,100,"sd","11:26:56",1076800
19600,150,100,"sd","11:26:56",1076700
19600,150,300,"sd","11:26:56",1076600
19650,200,100,"sd","11:26:56",1076300
19650,200,200,"sd","11:26:56",1076200
19650,200,500,"sd","11:26:56",1076000
19650,200,8800,"sd","11:26:43",1075500
19650,200,1200,"sd","11:26:43",1066700
19650,200,1100,"sd","11:26:34",1065500
19650,200,1100,"sd","11:26:34",1064400
19650,200,1000,"sd","11:26:34",1063300
19650,200,2000,"sd","11:26:34",1062300
19650,200,400,"sd","11:26:34",1060300
19650,200,2000,"sd","11:26:34",1059900
19650,200,1000,"sd","11:26:34",1057900
19650,200,200,"sd","11:26:34",1056900
19700,250,1200,"sd","11:26:34",1056700
19700,250,900,"bu","11:26:11",1055500
19700,250,300,"bu","11:26:08",1054600
19700,250,800,"sd","11:26:03",1054300
19700,250,2000,"sd","11:26:01",1053500
19700,250,200,"sd","11:25:33",1051500
19650,200,300,"sd","11:24:55",1051300
19650,200,300,"sd","11:24:55",1051000
19650,200,500,"sd","11:24:55",1050700
19650,200,3000,"sd","11:24:55",1050200
19650,200,100,"sd","11:24:55",1047200
19650,200,300,"sd","11:24:55",1047100
19700,250,400,"sd","11:24:55",1046800
19700,250,100,"sd","11:24:55",1046400
19700,250,100,"sd","11:22:15",1046300
19700,250,100,"sd","11:22:15",1046200
19700,250,1200,"sd","11:22:15",1046100
19700,250,200,"sd","11:22:15",1044900
19700,250,300,"sd","11:22:15",1044700
19700,250,100,"sd","11:22:15",1044400
19700,250,200,"sd","11:20:30",1044300
19700,250,100,"sd","11:20:30",1044100
19700,250,200,"sd","11:20:30",1044000
19700,250,800,"sd","11:20:05",1043800
19700,250,100,"sd","11:19:12",1043000
19700,250,3000,"sd","11:19:12",1042900
19700,250,1900,"sd","11:19:12",1039900
19700,250,100,"sd","11:18:58",1038000
19700,250,1000,"sd","11:18:55",1037900
19700,250,100,"sd","11:18:55",1036900
19700,250,500,"sd","11:18:55",1036800
19700,250,2000,"sd","11:18:55",1036300
19700,250,200,"sd","11:18:55",1034300
19700,250,400,"sd","11:18:55",1034100
19700,250,100,"sd","11:18:55",1033700
19700,250,1200,"sd","11:18:55",1033600
19700,250,1000,"sd","11:18:55",1032400
19700,250,10000,"sd","11:18:55",1031400
19700,250,1000,"sd","11:18:55",1021400
19700,250,9400,"sd","11:18:55",1020400
19750,300,400,"sd","11:18:55",1011000
19750,300,200,"sd","11:18:55",1010600
19750,300,500,"sd","11:18:55",1010400
19750,300,200,"sd","11:18:20",1009900
19750,300,1700,"sd","11:18:06",1009700
19750,300,200,"sd","11:18:06",1008000
19750,300,1000,"sd","11:18:06",1007800
19750,300,1500,"sd","11:18:06",1006800
19750,300,600,"sd","11:18:06",1005300
19750,300,300,"sd","11:17:44",1004700
19800,350,500,"bu","11:17:12",1004400
19800,350,400,"sd","11:16:56",1003900
19800,350,600,"sd","11:15:59",1003500
19800,350,100,"sd","11:15:59",1002900
19800,350,100,"sd","11:15:59",1002800
19800,350,200,"sd","11:15:59",1002700
19800,350,100,"sd","11:15:09",1002500
19800,350,5000,"sd","11:15:09",1002400
19800,350,1900,"sd","11:15:09",997400
19800,350,1000,"sd","11:15:02",995500
19800,350,100,"sd","11:14:36",994500
19800,350,1000,"sd","11:14:27",994400
19800,350,2000,"sd","11:14:02",993400
19800,350,10000,"sd","11:13:59",991400
19800,350,1000,"sd","11:13:53",981400
19850,400,100,"bu","11:13:14",980400
19850,400,800,"bu","11:13:08",980300
19850,400,100,"bu","11:11:58",979500
19850,400,2500,"sd","11:09:52",979400
19850,400,600,"bu","11:09:29",976900
19850,400,300,"bu","11:09:29",976300
19850,400,500,"bu","11:09:29",976000
19800,350,8000,"sd","11:09:07",975500
19800,350,200,"sd","11:09:07",967500
19800,350,1800,"sd","11:09:07",967300
19800,350,200,"sd","11:08:45",965500
19800,350,1000,"sd","11:08:45",965300
19800,350,2700,"sd","11:08:45",964300
19800,350,200,"sd","11:08:45",961600
19800,350,900,"sd","11:08:45",961400
19850,400,100,"bu","11:07:54",960500
19850,400,300,"bu","11:07:42",960400
19850,400,500,"bu","11:07:25",960100
19850,400,100,"bu","11:07:11",959600
19850,400,100,"bu","11:06:32",959500
19850,400,200,"sd","11:06:05",959400
19850,400,500,"sd","11:06:05",959200
19850,400,1000,"sd","11:06:05",958700
19850,400,200,"sd","11:06:05",957700
19850,400,1500,"sd","11:06:05",957500
19900,450,400,"bu","11:02:58",956000
19900,450,100,"bu","11:02:58",955600
19900,450,300,"bu","11:00:57",955500
19900,450,100,"bu","11:00:16",955200
19900,450,1600,"bu","11:00:05",955100
19900,450,1000,"bu","11:00:05",953500
19900,450,400,"bu","11:00:05",952500
19850,400,2000,"sd","10:59:19",952100
19850,400,1000,"sd","10:58:54",950100
19850,400,500,"sd","10:57:40",949100
19850,400,500,"sd","10:57:40",948600
19850,400,1000,"sd","10:56:58",948100
19850,400,1400,"sd","10:56:47",947100
19850,400,300,"sd","10:54:32",945700
19850,400,800,"bu","10:54:06",945400
19850,400,200,"bu","10:53:59",944600
19850,400,800,"bu","10:53:59",944400
19850,400,200,"sd","10:52:16",943600
19850,400,300,"bu","10:52:03",943400
19850,400,100,"bu","10:51:24",943100
19850,400,500,"bu","10:50:38",943000
19850,400,100,"sd","10:50:37",942500
19850,400,200,"sd","10:50:37",942400
19850,400,500,"sd","10:50:37",942200
19850,400,100,"sd","10:50:37",941700
19850,400,1000,"sd","10:50:37",941600
19850,400,2000,"sd","10:50:37",940600
19850,400,200,"sd","10:50:37",938600
19900,450,200,"bu","10:48:56",938400
19850,400,300,"sd","10:48:34",938200
19850,400,100,"sd","10:46:47",937900
19850,400,100,"bu","10:43:01",937800
19850,400,1000,"bu","10:42:44",937700
19800,350,300,"sd","10:42:24",936700
19800,350,3400,"sd","10:42:10",936400
19800,350,1000,"sd","10:42:10",933000
19800,350,5500,"sd","10:42:10",932000
19800,350,100,"sd","10:42:10",926500
19850,400,100,"bu","10:41:16",926400
19800,350,100,"sd","10:41:14",926300
19850,400,100,"bu","10:41:09",926200
19800,350,100,"sd","10:40:25",926100
19850,400,100,"bu","10:40:12",926000
19850,400,1600,"sd","10:39:53",925900
19850,400,200,"sd","10:39:43",924300
19850,400,500,"sd","10:39:36",924100
19850,400,2700,"sd","10:39:08",923600
19850,400,300,"sd","10:39:08",920900
19850,400,500,"sd","10:34:24",920600
19850,400,800,"sd","10:33:46",920100
19900,450,200,"sd","10:32:27",919300
19900,450,200,"sd","10:32:27",919100
19900,450,100,"bu","10:31:47",918900
19900,450,600,"bu","10:31:44",918800
19850,400,500,"sd","10:31:15",918200
19850,400,300,"bu","10:31:10",917700
19850,400,1500,"bu","10:31:10",917400
19850,400,1000,"bu","10:30:57",915900
19800,350,100,"bu","10:30:49",914900
19800,350,1000,"bu","10:30:49",914800
19800,350,1000,"bu","10:30:47",913800
19800,350,300,"bu","10:30:31",912800
19800,350,5200,"bu","10:30:10",912500
19800,350,4800,"bu","10:30:10",907300
19800,350,5000,"bu","10:30:05",902500
19800,350,1000,"bu","10:29:51",897500
19800,350,100,"bu","10:29:50",896500
19800,350,200,"bu","10:29:44",896400
19800,350,200,"bu","10:29:37",896200
19800,350,100,"bu","10:29:24",896000
19800,350,600,"bu","10:28:42",895900
19800,350,100,"bu","10:28:28",895300
19750,300,3000,"bu","10:27:33",895200
19700,250,100,"bu","10:26:51",892200
19700,250,500,"bu","10:26:51",892100
19700,250,700,"bu","10:26:49",891600
19700,250,900,"bu","10:26:42",890900
19700,250,400,"bu","10:26:14",890000
19700,250,4000,"bu","10:26:02",889600
19700,250,900,"bu","10:25:43",885600
19700,250,100,"sd","10:24:55",884700
19700,250,1000,"sd","10:24:55",884600
19700,250,200,"sd","10:24:55",883600
19700,250,1000,"sd","10:24:55",883400
19700,250,200,"sd","10:24:55",882400
19700,250,100,"sd","10:24:55",882200
19650,200,700,"sd","10:22:56",882100
19650,200,3000,"sd","10:22:56",881400
19700,250,100,"sd","10:22:56",878400
19700,250,900,"sd","10:22:56",878300
19700,250,100,"bu","10:22:42",877400
19700,250,200,"sd","10:22:31",877300
19700,250,300,"bu","10:22:26",877100
19700,250,200,"bu","10:22:20",876800
19700,250,300,"bu","10:22:18",876600
19700,250,100,"bu","10:22:13",876300
19700,250,400,"bu","10:22:09",876200
19700,250,200,"bu","10:21:30",875800
19700,250,100,"sd","10:21:28",875600
19700,250,1000,"sd","10:21:28",875500
19700,250,1000,"sd","10:21:28",874500
19700,250,500,"sd","10:21:28",873500
19700,250,1000,"sd","10:21:28",873000
19700,250,1000,"sd","10:21:28",872000
19700,250,1000,"sd","10:21:28",871000
19700,250,400,"sd","10:21:28",870000
19750,300,100,"bu","10:21:26",869600
19750,300,600,"sd","10:21:26",869500
19750,300,300,"sd","10:21:26",868900
19750,300,200,"sd","10:21:26",868600
19750,300,200,"sd","10:21:26",868400
19750,300,200,"sd","10:21:26",868200
19750,300,100,"sd","10:21:26",868000
19750,300,100,"sd","10:20:52",867900
19800,350,400,"sd","10:20:26",867800
19800,350,2500,"sd","10:20:26",867400
19850,400,1700,"sd","10:20:09",864900
19850,400,100,"sd","10:20:09",863200
19850,400,700,"sd","10:20:09",863100
19850,400,300,"bu","10:18:18",862400
19850,400,300,"bu","10:18:16",862100
19800,350,500,"sd","10:18:04",861800
19800,350,100,"sd","10:18:04",861300
19800,350,2000,"sd","10:18:04",861200
19800,350,400,"sd","10:18:04",859200
19850,400,200,"bu","10:17:46",858800
19850,400,2000,"bu","10:17:29",858600
19850,400,100,"bu","10:17:16",856600
19850,400,500,"bu","10:16:22",856500
19850,400,200,"bu","10:16:19",856000
19850,400,100,"bu","10:16:14",855800
19850,400,1000,"bu","10:15:44",855700
19850,400,900,"bu","10:15:41",854700
19850,400,200,"bu","10:15:22",853800
19800,350,400,"sd","10:15:16",853600
19800,350,1000,"sd","10:15:16",853200
19800,350,500,"sd","10:15:16",852200
19800,350,100,"sd","10:15:16",851700
19850,400,200,"bu","10:15:07",851600
19850,400,300,"sd","10:14:43",851400
19850,400,200,"sd","10:14:03",851100
19850,400,400,"sd","10:14:03",850900
19850,400,400,"sd","10:14:03",850500
19900,450,100,"bu","10:13:20",850100
19900,450,100,"bu","10:13:17",850000
19900,450,200,"bu","10:13:04",849900
19900,450,300,"bu","10:13:04",849700
19900,450,100,"bu","10:12:33",849400
19900,450,200,"bu","10:12:27",849300
19900,450,100,"bu","10:12:24",849100
19850,400,2000,"sd","10:12:11",849000
19850,400,2000,"bu","10:11:47",847000
19850,400,100,"bu","10:10:53",845000
19850,400,200,"bu","10:10:41",844900
19850,400,400,"bu","10:10:41",844700
19850,400,1100,"bu","10:10:27",844300
19800,350,100,"sd","10:10:24",843200
19800,350,500,"sd","10:09:49",843100
19800,350,100,"bu","10:09:09",842600
19800,350,2200,"bu","10:09:09",842500
19750,300,900,"sd","10:08:49",840300
19700,250,1200,"bu","10:08:27",839400
19700,250,1000,"sd","10:08:24",838200
19700,250,100,"sd","10:08:24",837200
19700,250,100,"sd","10:08:24",837100
19700,250,1000,"sd","10:08:24",837000
19750,300,100,"sd","10:08:24",836000
19750,300,1000,"bu","10:08:15",835900
19750,300,1000,"bu","10:08:09",834900
19750,300,100,"bu","10:07:49",833900
19750,300,2000,"bu","10:07:48",833800
19650,200,5000,"sd","10:07:25",831800
19600,150,5100,"sd","10:06:30",826800
19600,150,1000,"sd","10:06:30",821700
19600,150,100,"sd","10:06:30",820700
19600,150,100,"sd","10:06:30",820600
19600,150,1000,"sd","10:06:30",820500
19600,150,100,"sd","10:06:30",819500
19600,150,2000,"sd","10:06:30",819400
19600,150,500,"sd","10:06:30",817400
19600,150,100,"sd","10:06:30",816900
19600,150,100,"sd","10:05:57",816800
19750,300,500,"bu","10:05:53",816700
19600,150,800,"sd","10:05:53",816200
19600,150,200,"sd","10:05:53",815400
19600,150,700,"sd","10:05:44",815200
19600,150,3000,"sd","10:05:44",814500
19600,150,200,"sd","10:05:44",811500
19600,150,3000,"sd","10:05:44",811300
19600,150,100,"sd","10:05:44",808300
19600,150,1000,"sd","10:05:44",808200
19600,150,500,"sd","10:05:44",807200
19600,150,500,"sd","10:05:44",806700
19600,150,500,"sd","10:05:44",806200
19600,150,500,"sd","10:05:44",805700
19600,150,1300,"sd","10:05:44",805200
19600,150,600,"sd","10:05:44",803900
19600,150,100,"sd","10:05:44",803300
19600,150,500,"sd","10:05:44",803200
19600,150,100,"sd","10:05:44",802700
19600,150,1900,"sd","10:05:44",802600
19650,200,500,"sd","10:05:44",800700
19600,150,1100,"sd","10:05:24",800200
19600,150,400,"sd","10:05:24",799100
19650,200,200,"sd","10:05:24",798700
19650,200,1000,"sd","10:05:24",798500
19700,250,100,"sd","10:05:24",797500
19700,250,1200,"sd","10:05:24",797400
19700,250,100,"sd","10:05:24",796200
19700,250,1000,"sd","10:05:24",796100
19700,250,1500,"sd","10:05:24",795100
19700,250,300,"sd","10:05:24",793600
19700,250,600,"sd","10:05:24",793300
19700,250,500,"sd","10:05:24",792700
19700,250,1000,"sd","10:05:24",792200
19700,250,3000,"sd","10:05:24",791200
19700,250,200,"sd","10:05:24",788200
19700,250,1000,"sd","10:05:24",788000
19700,250,500,"sd","10:05:24",787000
19700,250,500,"sd","10:05:24",786500
19750,300,200,"sd","10:05:24",786000
19750,300,200,"sd","10:05:24",785800
19750,300,200,"sd","10:05:24",785600
19750,300,4000,"sd","10:05:24",785400
19750,300,1000,"sd","10:05:24",781400
19750,300,200,"sd","10:05:24",780400
19800,350,100,"bu","10:05:11",780200
19800,350,1000,"bu","10:05:09",780100
19800,350,100,"sd","10:05:03",779100
19800,350,1000,"sd","10:05:03",779000
19800,350,100,"sd","10:05:03",778000
19800,350,1000,"sd","10:05:03",777900
19800,350,3500,"sd","10:05:03",776900
19800,350,1500,"sd","10:04:55",773400
19800,350,200,"sd","10:04:55",771900
19800,350,600,"sd","10:04:55",771700
19800,350,100,"sd","10:04:55",771100
19800,350,1000,"sd","10:04:55",771000
19800,350,3000,"sd","10:04:55",770000
19800,350,2000,"sd","10:04:55",767000
19800,350,600,"sd","10:04:55",765000
19850,400,1000,"sd","10:04:55",764400
19850,400,4000,"sd","10:04:55",763400
19800,350,200,"sd","10:04:04",759400
19800,350,2300,"sd","10:03:46",759200
19800,350,100,"sd","10:03:46",756900
19800,350,300,"sd","10:03:46",756800
19800,350,5000,"sd","10:03:46",756500
19800,350,300,"sd","10:03:46",751500
19800,350,1000,"sd","10:03:46",751200
19800,350,3000,"sd","10:03:46",750200
19800,350,6000,"sd","10:03:46",747200
19850,400,2000,"sd","10:03:46",741200
19850,400,300,"sd","10:03:46",739200
19850,400,2700,"sd","10:03:30",738900
19850,400,100,"sd","10:03:30",736200
19850,400,400,"sd","10:03:30",736100
19850,400,5000,"sd","10:03:30",735700
19850,400,100,"sd","10:03:30",730700
19850,400,600,"sd","10:03:30",730600
19850,400,100,"sd","10:03:30",730000
19900,450,1000,"bu","10:03:27",729900
19900,450,400,"bu","10:03:07",728900
19900,450,100,"bu","10:02:53",728500
19900,450,100,"bu","10:02:46",728400
19900,450,300,"bu","10:02:37",728300
19900,450,200,"bu","10:02:31",728000
19900,450,1000,"sd","10:02:16",727800
19900,450,100,"sd","10:02:16",726800
19900,450,2000,"sd","10:02:16",726700
19900,450,100,"sd","10:02:16",724700
19900,450,300,"sd","10:02:16",724600
19900,450,100,"sd","10:02:16",724300
19900,450,100,"sd","10:02:16",724200
19950,500,500,"sd","10:02:16",724100
19950,500,300,"sd","10:02:16",723600
19950,500,600,"sd","10:02:16",723300
19950,500,100,"sd","10:02:16",722700
19950,500,10000,"sd","10:02:16",722600
19950,500,200,"sd","10:02:16",712600
19950,500,200,"sd","10:02:16",712400
20000,550,300,"sd","10:02:04",712200
20000,550,500,"sd","10:02:04",711900
20000,550,200,"sd","10:02:04",711400
20000,550,2800,"sd","10:02:01",711200
20000,550,2200,"sd","10:02:01",708400
20000,550,100,"sd","10:01:41",706200
20150,700,9500,"bu","10:01:32",706100
20100,650,5000,"bu","10:01:32",696600
20100,650,100,"bu","10:01:32",691600
20000,550,2000,"bu","10:01:24",691500
20000,550,100,"bu","10:01:24",689500
20000,550,1000,"bu","10:01:24",689400
20000,550,6800,"bu","10:01:24",688400
20000,550,3200,"sd","10:00:34",681600
20000,550,600,"bu","09:59:57",678400
20000,550,200,"bu","09:59:57",677800
20000,550,400,"bu","09:59:57",677600
20000,550,500,"bu","09:59:57",677200
20000,550,300,"bu","09:59:57",676700
20000,550,100,"bu","09:59:55",676400
20000,550,100,"bu","09:59:41",676300
20000,550,5000,"bu","09:59:35",676200
20000,550,200,"bu","09:59:20",671200
20000,550,200,"bu","09:59:09",671000
20000,550,500,"bu","09:58:59",670800
20000,550,100,"bu","09:58:52",670300
20000,550,100,"bu","09:58:47",670200
20000,550,400,"bu","09:58:25",670100
20000,550,3000,"bu","09:58:23",669700
20000,550,600,"bu","09:58:23",666700
20000,550,400,"bu","09:58:23",666100
20000,550,900,"bu","09:58:12",665700
20000,550,200,"bu","09:58:07",664800
20000,550,100,"bu","09:57:50",664600
19950,500,200,"sd","09:57:31",664500
19950,500,100,"sd","09:57:00",664300
20000,550,400,"bu","09:57:00",664200
20000,550,200,"bu","09:56:37",663800
19950,500,100,"bu","09:56:26",663600
19950,500,4600,"bu","09:56:26",663500
19950,500,300,"bu","09:56:13",658900
19950,500,100,"bu","09:55:46",658600
19950,500,100,"bu","09:55:33",658500
19950,500,100,"bu","09:55:30",658400
19950,500,200,"bu","09:55:30",658300
19950,500,300,"bu","09:55:22",658100
19850,400,100,"sd","09:54:56",657800
19850,400,300,"sd","09:54:56",657700
19850,400,400,"sd","09:54:56",657400
19850,400,200,"sd","09:54:56",657000
19950,500,300,"bu","09:54:49",656800
19800,350,3000,"sd","09:54:13",656500
19800,350,2000,"sd","09:54:13",653500
19800,350,1000,"sd","09:54:13",651500
19800,350,1000,"sd","09:54:13",650500
19800,350,2000,"sd","09:54:13",649500
19850,400,1000,"sd","09:54:13",647500
19950,500,1700,"bu","09:54:11",646500
19850,400,100,"bu","09:54:09",644800
19850,400,1000,"bu","09:54:08",644700
19850,400,100,"sd","09:53:52",643700
19850,400,2000,"sd","09:53:52",643600
19850,400,1000,"sd","09:53:52",641600
19850,400,1500,"sd","09:53:52",640600
19900,450,1300,"sd","09:53:52",639100
19850,400,2100,"sd","09:53:40",637800
19950,500,500,"bu","09:53:34",635700
19850,400,1900,"sd","09:53:34",635200
19900,450,900,"sd","09:53:34",633300
19900,450,400,"sd","09:53:34",632400
19900,450,700,"sd","09:53:34",632000
19900,450,500,"sd","09:53:34",631300
19900,450,100,"sd","09:53:34",630800
19950,500,200,"sd","09:53:28",630700
19950,500,1600,"sd","09:53:28",630500
20000,550,1000,"bu","09:53:27",628900
19950,500,200,"sd","09:53:26",627900
20000,550,5000,"bu","09:53:26",627700
19950,500,800,"sd","09:53:25",622700
19950,500,200,"sd","09:53:25",621900
20000,550,1300,"bu","09:53:13",621700
20000,550,100,"bu","09:53:12",620400
20000,550,600,"bu","09:53:07",620300
20000,550,1000,"sd","09:53:06",619700
20000,550,500,"sd","09:53:06",618700
20000,550,1500,"sd","09:53:06",618200
20000,550,2800,"sd","09:53:06",616700
20000,550,5000,"sd","09:53:02",613900
20000,550,1000,"sd","09:52:59",608900
20000,550,6200,"sd","09:52:59",607900
20000,550,200,"sd","09:52:59",601700
20000,550,7400,"sd","09:52:59",601500
20000,550,2100,"sd","09:52:59",594100
20000,550,2000,"sd","09:52:59",592000
20000,550,700,"sd","09:52:59",590000
20000,550,1400,"sd","09:52:59",589300
20000,550,19800,"sd","09:52:50",587900
20050,600,200,"sd","09:52:50",568100
20050,600,400,"sd","09:52:40",567900
20050,600,200,"sd","09:52:40",567500
20000,550,5400,"sd","09:52:40",567300
20000,550,2000,"sd","09:52:37",561900
20000,550,200,"sd","09:52:32",559900
20000,550,2000,"sd","09:52:31",559700
20000,550,1200,"sd","09:52:23",557700
20000,550,600,"sd","09:52:18",556500
20100,650,1000,"sd","09:51:58",555900
20100,650,500,"sd","09:51:58",554900
20100,650,500,"sd","09:51:58",554400
20100,650,1000,"sd","09:51:58",553900
20100,650,1000,"sd","09:51:58",552900
20100,650,1500,"sd","09:51:58",551900
20150,700,1000,"bu","09:51:53",550400
20200,750,200,"bu","09:51:12",549400
20200,750,100,"bu","09:51:04",549200
20200,750,300,"bu","09:50:48",549100
20200,750,1900,"sd","09:50:46",548800
20200,750,600,"sd","09:50:45",546900
20200,750,400,"sd","09:50:45",546300
20200,750,1300,"sd","09:50:42",545900
20200,750,200,"sd","09:50:42",544600
20200,750,500,"sd","09:50:42",544400
20200,750,2000,"sd","09:50:11",543900
20200,750,1000,"sd","09:50:11",541900
20200,750,500,"bu","09:49:29",540900
20200,750,200,"bu","09:49:20",540400
20200,750,200,"sd","09:49:19",540200
20200,750,100,"sd","09:49:19",540000
20200,750,4000,"sd","09:49:16",539900
20200,750,900,"bu","09:49:15",535900
20200,750,1100,"sd","09:49:09",535000
20200,750,900,"bu","09:49:08",533900
20100,650,1800,"sd","09:49:02",533000
20150,700,1000,"sd","09:49:02",531200
20150,700,400,"sd","09:49:02",530200
20200,750,100,"bu","09:48:51",529800
20200,750,100,"bu","09:48:46",529700
20200,750,1000,"sd","09:48:42",529600
20200,750,1000,"sd","09:48:42",528600
20200,750,200,"sd","09:48:42",527600
20200,750,700,"sd","09:48:42",527400
20250,800,500,"sd","09:48:39",526700
20250,800,3000,"sd","09:48:29",526200
20300,850,4600,"bu","09:48:09",523200
20300,850,400,"bu","09:48:09",518600
20300,850,300,"bu","09:48:07",518200
20250,800,1000,"sd","09:48:04",517900
20300,850,100,"bu","09:47:54",516900
20300,850,2000,"bu","09:47:52",516800
20300,850,600,"bu","09:47:42",514800
20300,850,200,"bu","09:47:39",514200
20300,850,400,"sd","09:47:36",514000
20300,850,500,"bu","09:47:29",513600
20250,800,100,"sd","09:47:27",513100
20250,800,500,"sd","09:47:27",513000
20300,850,400,"bu","09:47:22",512500
20300,850,100,"sd","09:47:13",512100
20300,850,3000,"sd","09:47:13",512000
20300,850,1000,"sd","09:47:13",509000
20350,900,400,"sd","09:47:04",508000
20350,900,1200,"sd","09:47:04",507600
20350,900,7000,"sd","09:46:58",506400
20350,900,1400,"sd","09:46:56",499400
20350,900,1800,"sd","09:46:56",498000
20350,900,800,"sd","09:46:56",496200
20350,900,100,"sd","09:46:50",495400
20400,950,500,"bu","09:46:47",495300
20400,950,100,"bu","09:46:31",494800
20350,900,4000,"sd","09:46:31",494700
20400,950,6700,"bu","09:46:29",490700
20400,950,200,"bu","09:46:29",484000
20400,950,400,"bu","09:46:29",483800
20400,950,2700,"bu","09:46:29",483400
20400,950,700,"bu","09:46:23",480700
20350,900,5000,"sd","09:46:19",480000
20400,950,100,"bu","09:46:19",475000
20350,900,100,"sd","09:46:09",474900
20350,900,700,"sd","09:46:09",474800
20350,900,300,"sd","09:46:09",474100
20400,950,5000,"bu","09:46:03",473800
20400,950,200,"bu","09:46:01",468800
20400,950,200,"sd","09:45:49",468600
20400,950,1100,"sd","09:45:49",468400
20400,950,100,"sd","09:45:49",467300
20400,950,100,"sd","09:45:44",467200
20400,950,10000,"sd","09:45:43",467100
20400,950,4000,"bu","09:45:32",457100
20400,950,1300,"bu","09:45:32",453100
20400,950,500,"bu","09:45:32",451800
20350,900,100,"bu","09:45:32",451300
20350,900,100,"sd","09:45:26",451200
20400,950,900,"bu","09:45:19",451100
20400,950,600,"bu","09:45:18",450200
20400,950,500,"bu","09:45:18",449600
20400,950,900,"bu","09:45:18",449100
20400,950,100,"bu","09:45:15",448200
20400,950,3400,"bu","09:45:15",448100
20400,950,400,"bu","09:45:14",444700
20350,900,100,"bu","09:45:14",444300
20300,850,300,"bu","09:45:06",444200
20300,850,1000,"bu","09:45:00",443900
20300,850,1000,"bu","09:44:58",442900
20300,850,100,"bu","09:44:50",441900
20300,850,100,"sd","09:44:47",441800
20300,850,1100,"sd","09:44:47",441700
20350,900,1400,"sd","09:44:47",440600
20400,950,1500,"bu","09:44:40",439200
20350,900,400,"sd","09:44:38",437700
20350,900,400,"sd","09:44:38",437300
20350,900,200,"sd","09:44:38",436900
20300,850,100,"sd","09:44:04",436700
20300,850,100,"bu","09:44:02",436600
20300,850,500,"bu","09:44:02",436500
20300,850,500,"bu","09:44:02",436000
20300,850,7700,"bu","09:44:02",435500
20200,750,100,"sd","09:43:57",427800
20200,750,200,"sd","09:43:56",427700
20200,750,1300,"sd","09:43:56",427500
20200,750,2000,"sd","09:43:53",426200
20300,850,1000,"bu","09:43:53",424200
20200,750,400,"sd","09:43:48",423200
20200,750,2000,"bu","09:43:41",422800
20200,750,3300,"bu","09:43:41",420800
20200,750,1800,"bu","09:43:25",417500
20200,750,300,"sd","09:43:23",415700
20200,750,600,"sd","09:43:23",415400
20300,850,300,"bu","09:43:05",414800
20300,850,200,"bu","09:43:05",414500
20300,850,4500,"bu","09:43:05",414300
20200,750,100,"bu","09:43:04",409800
20200,750,300,"bu","09:43:04",409700
20200,750,700,"bu","09:42:56",409400
20200,750,2000,"bu","09:42:56",408700
20200,750,100,"bu","09:42:56",406700
20200,750,200,"bu","09:42:56",406600
20150,700,200,"bu","09:42:53",406400
20150,700,200,"bu","09:42:52",406200
20150,700,100,"bu","09:42:48",406000
20150,700,100,"bu","09:42:48",405900
20100,650,100,"bu","09:42:33",405800
20100,650,500,"bu","09:42:33",405700
20100,650,100,"bu","09:42:33",405200
20100,650,1000,"bu","09:42:33",405100
20100,650,100,"bu","09:42:30",404100
20100,650,1000,"bu","09:42:28",404000
20100,650,600,"bu","09:42:20",403000
20100,650,1500,"bu","09:42:18",402400
20100,650,300,"bu","09:42:17",400900
20000,550,100,"sd","09:42:17",400600
20000,550,500,"bu","09:42:02",400500
20000,550,200,"bu","09:42:02",400000
20000,550,100,"bu","09:42:02",399800
20000,550,300,"bu","09:42:02",399700
20000,550,100,"bu","09:42:02",399400
20000,550,1000,"bu","09:42:02",399300
20000,550,200,"bu","09:42:02",398300
20000,550,2000,"bu","09:42:02",398100
20000,550,1000,"bu","09:42:02",396100
20000,550,3000,"bu","09:42:02",395100
20000,550,1000,"bu","09:42:02",392100
20000,550,1000,"bu","09:42:02",391100
20000,550,900,"bu","09:42:02",390100
20000,550,200,"bu","09:42:01",389200
20000,550,1000,"bu","09:42:01",389000
20000,550,1000,"bu","09:42:01",388000
20000,550,700,"bu","09:42:01",387000
20000,550,600,"bu","09:42:00",386300
20000,550,2900,"bu","09:42:00",385700
20000,550,100,"bu","09:42:00",382800
19950,500,100,"sd","09:41:52",382700
19950,500,700,"sd","09:41:52",382600
19950,500,300,"sd","09:41:41",381900
20000,550,3000,"bu","09:41:37",381600
19950,500,300,"sd","09:41:33",378600
20000,550,3900,"bu","09:41:32",378300
20000,550,3700,"bu","09:41:32",374400
19950,500,5700,"bu","09:41:12",370700
19950,500,100,"bu","09:41:12",365000
19950,500,3000,"bu","09:41:12",364900
19950,500,100,"bu","09:41:12",361900
19950,500,5000,"bu","09:41:12",361800
19950,500,500,"bu","09:41:12",356800
19950,500,100,"bu","09:41:12",356300
19950,500,1000,"bu","09:41:12",356200
19950,500,900,"bu","09:41:12",355200
19900,450,100,"sd","09:40:49",354300
19950,500,300,"bu","09:40:49",354200
19900,450,200,"bu","09:40:32",353900
19850,400,200,"sd","09:40:24",353700
19900,450,1000,"sd","09:39:45",353500
19900,450,200,"sd","09:39:04",352500
19900,450,100,"sd","09:39:04",352300
19900,450,600,"sd","09:38:47",352200
19900,450,1600,"sd","09:38:21",351600
19900,450,1400,"sd","09:38:21",350000
19950,500,2800,"bu","09:38:12",348600
19950,500,1000,"bu","09:38:11",345800
19950,500,700,"bu","09:38:09",344800
19900,450,1600,"sd","09:38:09",344100
19900,450,500,"sd","09:38:09",342500
19900,450,100,"sd","09:38:09",342000
19900,450,500,"sd","09:38:09",341900
19900,450,3300,"sd","09:38:09",341400
19900,450,5000,"sd","09:38:00",338100
19950,500,3200,"bu","09:37:59",333100
19950,500,200,"bu","09:37:52",329900
19950,500,200,"bu","09:37:49",329700
19950,500,4100,"bu","09:37:45",329500
19950,500,100,"bu","09:37:36",325400
19950,500,2000,"bu","09:37:26",325300
19900,450,200,"sd","09:37:21",323300
19950,500,1300,"bu","09:37:15",323100
19900,450,3000,"sd","09:36:48",321800
19900,450,1000,"bu","09:36:30",318800
19900,450,1000,"bu","09:36:30",317800
19900,450,3000,"bu","09:36:30",316800
19900,450,1000,"bu","09:36:30",313800
19900,450,500,"bu","09:36:30",312800
19900,450,7000,"bu","09:36:30",312300
19900,450,1000,"bu","09:36:30",305300
19900,450,1700,"bu","09:36:29",304300
19900,450,300,"bu","09:36:28",302600
19900,450,200,"bu","09:36:28",302300
19900,450,100,"bu","09:36:26",302100
19900,450,200,"bu","09:36:22",302000
19900,450,100,"bu","09:36:22",301800
19900,450,2900,"bu","09:36:22",301700
19900,450,1800,"bu","09:36:22",298800
19850,400,4300,"bu","09:36:14",297000
19850,400,2700,"bu","09:36:01",292700
19850,400,200,"bu","09:36:01",290000
19850,400,4000,"bu","09:36:01",289800
19850,400,1000,"bu","09:36:01",285800
19800,350,500,"sd","09:35:36",284800
19800,350,100,"bu","09:35:35",284300
19800,350,500,"bu","09:35:34",284200
19800,350,1600,"bu","09:35:34",283700
19800,350,400,"bu","09:35:18",282100
19800,350,500,"bu","09:35:18",281700
19800,350,100,"bu","09:35:18",281200
19800,350,100,"bu","09:34:22",281100
19800,350,200,"bu","09:34:22",281000
19800,350,100,"bu","09:34:13",280800
19800,350,1500,"bu","09:34:09",280700
19800,350,200,"bu","09:33:56",279200
19800,350,600,"bu","09:33:56",279000
19800,350,100,"bu","09:32:56",278400
19800,350,300,"sd","09:32:12",278300
19800,350,200,"sd","09:32:11",278000
19750,300,100,"sd","09:31:22",277800
19750,300,100,"sd","09:31:22",277700
19750,300,100,"sd","09:31:22",277600
19800,350,100,"bu","09:31:20",277500
19800,350,100,"bu","09:31:20",277400
19800,350,200,"bu","09:31:12",277300
19800,350,100,"bu","09:31:12",277100
19800,350,200,"bu","09:31:12",277000
19800,350,4300,"bu","09:31:12",276800
19750,300,200,"bu","09:31:12",272500
19750,300,700,"bu","09:30:45",272300
19700,250,1000,"sd","09:30:39",271600
19700,250,900,"sd","09:30:31",270600
19750,300,100,"bu","09:30:02",269700
19750,300,900,"bu","09:30:02",269600
19700,250,2500,"sd","09:29:35",268700
19700,250,4500,"sd","09:29:35",266200
19700,250,2000,"sd","09:29:33",261700
19750,300,200,"sd","09:29:17",259700
19750,300,1000,"sd","09:29:17",259500
19750,300,1900,"sd","09:29:17",258500
19800,350,600,"bu","09:29:03",256600
19700,250,1000,"bu","09:28:43",256000
19700,250,100,"bu","09:28:43",255000
19700,250,2400,"bu","09:28:43",254900
19700,250,200,"bu","09:28:08",252500
19650,200,900,"bu","09:27:59",252300
19650,200,100,"sd","09:27:56",251400
19700,250,2600,"bu","09:27:48",251300
19650,200,2400,"bu","09:27:48",248700
19650,200,500,"bu","09:27:43",246300
19650,200,7100,"sd","09:27:23",245800
19650,200,300,"sd","09:27:19",238700
19650,200,400,"sd","09:27:00",238400
19650,200,200,"bu","09:26:53",238000
19600,150,4000,"bu","09:26:53",237800
19600,150,1000,"sd","09:26:50",233800
19650,200,2000,"bu","09:26:44",232800
19600,150,1000,"sd","09:26:23",230800
19600,150,900,"sd","09:26:21",229800
19600,150,500,"bu","09:26:12",228900
19600,150,1000,"bu","09:26:12",228400
19600,150,2000,"sd","09:25:55",227400
19600,150,1100,"sd","09:25:55",225400
19600,150,400,"sd","09:25:55",224300
19600,150,1000,"sd","09:25:55",223900
19600,150,2800,"sd","09:25:47",222900
19600,150,2200,"bu","09:25:28",220100
19600,150,1000,"sd","09:25:26",217900
19600,150,500,"sd","09:25:26",216900
19600,150,2300,"sd","09:25:26",216400
19600,150,100,"sd","09:25:17",214100
19600,150,700,"sd","09:25:11",214000
19600,150,1000,"sd","09:25:11",213300
19600,150,3300,"sd","09:25:11",212300
19600,150,1700,"sd","09:24:56",209000
19600,150,800,"sd","09:24:56",207300
19600,150,200,"sd","09:24:49",206500
19600,150,100,"sd","09:24:49",206300
19600,150,6000,"sd","09:24:48",206200
19600,150,3000,"sd","09:24:48",200200
19600,150,100,"sd","09:24:48",197200
19600,150,100,"sd","09:24:48",197100
19600,150,200,"sd","09:24:48",197000
19600,150,300,"sd","09:24:48",196800
19650,200,200,"bu","09:24:38",196500
19650,200,1600,"sd","09:24:20",196300
19700,250,1000,"bu","09:24:13",194700
19700,250,100,"bu","09:24:13",193700
19700,250,900,"bu","09:24:13",193600
19650,200,8600,"sd","09:24:03",191300
19650,200,1400,"sd","09:24:03",192700
19700,250,4100,"bu","09:23:36",182700
19700,250,100,"bu","09:23:36",178600
19700,250,500,"bu","09:23:36",178500
19700,250,400,"bu","09:23:36",178000
19700,250,500,"bu","09:23:20",177600
19700,250,100,"bu","09:23:17",177100
19700,250,900,"bu","09:23:17",177000
19700,250,1000,"bu","09:23:09",176100
19700,250,100,"bu","09:22:45",175100
19700,250,900,"bu","09:22:21",175000
19700,250,1700,"sd","09:22:04",174100
19700,250,2900,"sd","09:22:04",172400
19700,250,100,"sd","09:21:42",169500
19750,300,300,"sd","09:21:23",169400
19750,300,900,"sd","09:21:23",169100
19750,300,2000,"sd","09:21:23",168200
19750,300,9400,"sd","09:21:23",166200
19800,350,200,"bu","09:21:13",156800
19800,350,2200,"bu","09:21:10",156600
19800,350,100,"bu","09:21:09",154400
19800,350,2000,"bu","09:20:28",154300
19800,350,1000,"bu","09:20:28",152300
19750,300,300,"sd","09:20:26",151300
19750,300,300,"sd","09:20:26",151000
19750,300,200,"sd","09:20:26",150700
19800,350,200,"sd","09:20:13",150500
19800,350,100,"sd","09:20:13",150300
19800,350,1000,"sd","09:20:13",150200
19800,350,500,"sd","09:20:13",149200
19800,350,200,"sd","09:20:13",148700
19800,350,2000,"sd","09:20:13",148500
19800,350,600,"sd","09:20:13",146500
19800,350,500,"sd","09:19:18",145900
19800,350,900,"sd","09:19:05",145400
19800,350,2000,"sd","09:19:05",144500
19800,350,4000,"sd","09:19:05",142500
19800,350,5800,"sd","09:19:05",138500
19850,400,2100,"sd","09:19:05",132700
19850,400,100,"sd","09:19:05",130600
19850,400,100,"sd","09:19:05",130500
19850,400,400,"sd","09:19:05",130400
19850,400,100,"sd","09:18:41",130000
19850,400,100,"sd","09:18:36",129900
19800,350,200,"sd","09:18:21",129800
19850,400,200,"bu","09:18:19",129600
19850,400,4800,"bu","09:18:17",129400
19850,400,5700,"bu","09:18:17",124600
19850,400,200,"bu","09:18:11",118900
19850,400,100,"bu","09:18:10",118700
19850,400,3000,"bu","09:18:08",118600
19850,400,10000,"bu","09:18:07",115600
19900,450,1000,"sd","09:17:42",105600
19950,500,700,"bu","09:17:40",104600
19850,400,100,"sd","09:17:39",103900
19850,400,100,"sd","09:17:39",103800
19800,350,6000,"sd","09:17:39",102200
19900,450,1500,"sd","09:17:39",103700
19900,450,300,"sd","09:17:39",96200
19950,500,1500,"bu","09:17:32",95900
19900,450,1000,"sd","09:17:31",94400
19900,450,1000,"sd","09:17:29",93400
19900,450,1000,"sd","09:17:27",92400
19900,450,200,"sd","09:17:27",91400
19900,450,300,"sd","09:17:21",91200
19900,450,500,"sd","09:17:17",90900
19950,500,7000,"bu","09:17:17",90400
19950,500,100,"bu","09:17:17",83400
19950,500,1000,"bu","09:17:17",83300
19950,500,3900,"bu","09:17:17",82300
19900,450,500,"bu","09:17:07",78400
19900,450,500,"bu","09:17:07",77900
19900,450,1300,"bu","09:17:07",77400
19900,450,5000,"sd","09:16:18",76100
19900,450,200,"sd","09:16:18",71100
19900,450,200,"sd","09:16:18",70900
19900,450,2300,"sd","09:16:18",70700
19950,500,1100,"bu","09:16:17",68400
19950,500,900,"bu","09:16:17",67300
19950,500,2000,"bu","09:16:11",66400
19900,450,2000,"sd","09:16:09",64400
19900,450,1000,"sd","09:16:05",62400
19900,450,1400,"sd","09:16:02",61400
19950,500,1000,"bu","09:15:58",60000
19900,450,3300,"bu","09:15:57",59000
19900,450,300,"sd","09:15:54",55700
19900,450,100,"sd","09:15:54",55400
19950,500,1100,"bu","09:15:53",55300
19900,450,200,"bu","09:15:40",54200
19900,450,100,"bu","09:15:37",54000
19950,500,5000,"sd","09:15:11",53900
19950,500,48900,"sd","09:15:01",48900
