"price","change","match_qtty","side","time","total_vol"
16250,-50,7300,"bu","14:45:05",162400
16250,-50,500,"bu","14:29:59",155100
16250,-50,200,"bu","14:29:54",154600
16200,-100,200,"sd","14:29:18",154400
16200,-100,100,"sd","14:29:18",154200
16250,-50,200,"bu","14:17:45",154100
16250,-50,100,"bu","13:55:35",153900
16050,-250,600,"sd","13:54:44",153800
16100,-200,700,"sd","13:54:44",153200
16200,-100,500,"sd","13:54:44",152500
16200,-100,4200,"sd","13:54:44",152000
16250,-50,100,"bu","13:54:44",147800
16200,-100,1000,"sd","13:53:53",147700
16200,-100,2500,"sd","13:53:35",146700
16200,-100,200,"sd","13:53:25",144200
16200,-100,2100,"sd","13:52:39",144000
16250,-50,200,"bu","13:52:21",141900
16250,-50,300,"bu","13:52:21",141700
16250,-50,500,"bu","13:52:03",141400
16200,-100,5000,"sd","13:50:59",140900
16250,-50,1000,"bu","13:45:55",135900
16200,-100,400,"sd","13:44:08",134900
16200,-100,100,"sd","13:44:08",134500
16200,-100,1000,"bu","13:40:45",134400
16100,-200,400,"sd","13:35:34",133400
16100,-200,200,"sd","13:35:34",133000
16100,-200,900,"sd","13:35:34",132800
16100,-200,500,"sd","13:35:34",131900
16100,-200,500,"sd","13:35:34",131400
16100,-200,14500,"sd","13:33:03",130900
16150,-150,100,"sd","13:31:25",116400
16150,-150,700,"sd","13:31:25",116300
16150,-150,200,"sd","13:26:13",115600
16150,-150,100,"sd","13:23:54",115400
16200,-100,1800,"bu","13:23:05",115300
16200,-100,100,"bu","13:23:05",113500
16200,-100,500,"bu","13:21:57",113400
16200,-100,500,"bu","13:17:03",112900
16200,-100,500,"bu","13:12:37",112400
16200,-100,1000,"sd","13:07:16",111900
16200,-100,400,"sd","13:05:43",110900
16200,-100,100,"sd","13:03:40",110500
16100,-200,1000,"sd","13:00:35",110400
16100,-200,1000,"sd","13:00:30",109400
16200,-100,500,"unknown","13:00:27",108400
16100,-200,400,"sd","13:00:25",107900
16100,-200,100,"sd","13:00:21",107500
16200,-100,100,"unknown","13:00:16",107400
16200,-100,400,"sd","13:00:12",107300
16200,-100,200,"sd","11:15:00",106900
16200,-100,100,"sd","11:14:11",106700
16200,-100,100,"bu","11:07:54",106600
16100,-200,100,"bu","11:02:01",106500
16100,-200,200,"sd","11:01:38",106400
16100,-200,100,"bu","11:01:18",106200
16100,-200,2700,"bu","11:01:18",106100
16100,-200,100,"bu","10:55:53",103400
16100,-200,200,"bu","10:55:07",103300
16100,-200,1000,"bu","10:54:05",103100
16100,-200,2000,"bu","10:52:01",102100
16050,-250,200,"bu","10:49:08",100100
16000,-300,500,"sd","10:46:41",99900
16050,-250,1000,"bu","10:42:06",99400
16050,-250,1000,"sd","10:41:48",98400
16000,-300,1200,"sd","10:25:03",97400
16000,-300,100,"sd","10:25:03",96200
16000,-300,700,"sd","10:25:03",96100
16000,-300,300,"sd","10:23:02",95400
16000,-300,100,"sd","10:23:02",95100
16000,-300,600,"sd","10:23:02",95000
16000,-300,100,"sd","10:21:40",94400
16000,-300,200,"sd","10:21:13",94300
16000,-300,100,"sd","10:19:08",94100
16000,-300,3000,"bu","10:17:44",94000
16000,-300,3000,"bu","10:16:19",91000
16000,-300,1000,"sd","10:09:52",88000
16000,-300,800,"sd","10:09:52",87000
16000,-300,5000,"sd","10:09:52",86200
16000,-300,200,"sd","10:09:52",81200
16000,-300,100,"sd","10:06:41",81000
16000,-300,200,"bu","10:04:40",80900
16000,-300,5000,"bu","10:04:40",80700
16000,-300,300,"bu","10:04:40",75700
16000,-300,100,"bu","10:04:40",75400
16000,-300,300,"bu","10:04:40",75300
16000,-300,800,"bu","10:04:40",75000
15950,-350,100,"unknown","10:04:40",74200
16050,-250,10000,"sd","10:04:40",74100
16000,-300,2000,"sd","10:04:40",64100
16050,-250,100,"sd","10:04:40",62100
16000,-300,100,"sd","10:04:40",62000
16050,-250,2000,"sd","10:04:40",61900
16000,-300,1000,"sd","10:04:40",59900
16100,-200,100,"sd","10:04:40",58900
16000,-300,200,"sd","10:04:40",58800
16100,-200,200,"sd","10:04:40",58600
16000,-300,500,"sd","10:04:40",58400
16100,-200,400,"sd","10:04:40",57900
16000,-300,5000,"sd","10:04:40",57500
16100,-200,2000,"sd","10:04:40",52500
16000,-300,2000,"sd","10:04:40",50500
16100,-200,3700,"sd","10:04:40",48500
16000,-300,2000,"sd","10:04:40",44800
16100,-200,100,"sd","10:04:33",42800
16100,-200,300,"sd","09:51:04",42700
16000,-300,1000,"sd","09:49:36",42400
16000,-300,200,"sd","09:49:36",41400
16000,-300,500,"sd","09:49:36",41200
16000,-300,500,"sd","09:49:36",40700
16000,-300,100,"sd","09:49:36",40200
16050,-250,2000,"sd","09:49:36",40100
16050,-250,1800,"sd","09:49:36",38100
16050,-250,1000,"sd","09:49:36",36300
16050,-250,700,"sd","09:49:36",35300
16050,-250,300,"sd","09:49:36",34500
16050,-250,100,"sd","09:49:36",34600
16100,-200,5000,"sd","09:49:36",34200
16100,-200,300,"sd","09:49:36",29200
16100,-200,2000,"sd","09:49:36",28900
16150,-150,1000,"sd","09:49:36",26900
16150,-150,100,"sd","09:49:36",25900
16200,-100,500,"sd","09:49:36",25800
16200,-100,100,"sd","09:49:35",25300
16200,-100,800,"sd","09:49:35",25200
16300,0,300,"bu","09:47:34",24400
16300,0,500,"bu","09:47:20",24100
16300,0,2000,"sd","09:47:10",23600
16300,0,3200,"sd","09:47:10",21600
16400,100,900,"bu","09:47:01",18400
16400,100,500,"bu","09:47:01",17500
16400,100,3600,"bu","09:47:01",17000
16300,0,100,"sd","09:46:58",13400
16300,0,500,"bu","09:46:09",13300
16300,0,1000,"bu","09:46:09",12800
16300,0,100,"bu","09:46:09",11800
16300,0,100,"bu","09:46:09",11700
16300,0,900,"bu","09:30:36",11600
16300,0,1500,"bu","09:30:36",10700
16300,0,2000,"bu","09:30:36",9200
16300,0,600,"bu","09:30:36",7200
16200,-100,1200,"sd","09:28:24",6600
16200,-100,500,"sd","09:28:24",5400
16200,-100,100,"sd","09:24:50",4900
16250,-50,500,"unknown","09:24:31",4800
16250,-50,2000,"sd","09:23:17",4300
16250,-50,100,"sd","09:20:30",2300
16250,-50,800,"bu","09:18:39",2200
16250,-50,600,"bu","09:18:39",1400
16250,-50,100,"bu","09:15:42",800
16300,0,300,"bu","09:15:08",700
16300,0,400,"bu","09:15:04",400
