"price","change","match_qtty","side","time","total_vol"
27.85,0.45,165600,"unknown","14:45:01",2709000
27.9,0.5,100,"sd","14:29:54",2543400
27.9,0.5,100,"sd","14:29:52",2543300
27.9,0.5,200,"sd","14:29:49",2543200
27.9,0.5,100,"bu","14:29:47",2543000
27.9,0.5,100,"bu","14:29:47",2542900
27.9,0.5,400,"bu","14:29:47",2542800
27.9,0.5,500,"bu","14:29:46",2542400
27.9,0.5,100,"sd","14:29:35",2541900
27.9,0.5,1000,"sd","14:29:32",2541800
27.95,0.55,4900,"bu","14:29:31",2540800
27.95,0.55,10000,"bu","14:29:31",2535900
27.95,0.55,100,"bu","14:29:31",2525900
27.95,0.55,800,"bu","14:29:31",2525800
27.95,0.55,1000,"bu","14:29:31",2525000
27.95,0.55,500,"bu","14:29:31",2524000
27.95,0.55,100,"bu","14:29:31",2523500
27.95,0.55,200,"bu","14:29:31",2523400
27.95,0.55,2100,"bu","14:29:31",2523200
27.95,0.55,1000,"bu","14:29:30",2521100
27.95,0.55,100,"bu","14:29:30",2520100
27.95,0.55,1000,"bu","14:29:30",2520000
27.95,0.55,1000,"bu","14:29:30",2519000
27.95,0.55,1000,"bu","14:29:30",2518000
27.95,0.55,1000,"bu","14:29:30",2517000
27.95,0.55,5000,"bu","14:29:30",2516000
27.95,0.55,10000,"bu","14:29:30",2511000
27.95,0.55,5000,"bu","14:29:30",2501000
27.95,0.55,2000,"bu","14:29:30",2496000
27.95,0.55,3200,"bu","14:29:30",2494000
27.9,0.5,1000,"sd","14:29:27",2490800
27.95,0.55,3300,"bu","14:29:27",2489800
27.9,0.5,100,"sd","14:29:23",2486500
27.9,0.5,1000,"sd","14:29:22",2486400
27.9,0.5,1000,"sd","14:29:14",2485400
27.9,0.5,500,"sd","14:29:13",2484400
27.9,0.5,1000,"bu","14:29:06",2483900
27.9,0.5,100,"bu","14:29:06",2482900
27.9,0.5,100,"bu","14:29:06",2482800
27.9,0.5,4100,"bu","14:29:06",2482700
27.85,0.45,500,"bu","14:28:55",2478600
27.9,0.5,900,"bu","14:28:37",2478100
27.9,0.5,200,"bu","14:28:37",2477200
27.9,0.5,10000,"bu","14:28:37",2477000
27.9,0.5,1000,"bu","14:28:37",2467000
27.9,0.5,500,"bu","14:28:37",2466000
27.9,0.5,5000,"bu","14:28:37",2465500
27.9,0.5,200,"bu","14:28:37",2460500
27.9,0.5,300,"bu","14:28:37",2460300
27.9,0.5,1000,"bu","14:28:37",2460000
27.9,0.5,1000,"bu","14:28:37",2459000
27.9,0.5,2000,"bu","14:28:37",2458000
27.9,0.5,100,"bu","14:28:37",2456000
27.9,0.5,100,"bu","14:28:37",2455900
27.9,0.5,100,"bu","14:28:37",2455800
27.9,0.5,7600,"bu","14:28:37",2455700
27.8,0.4,1000,"sd","14:28:24",2448100
27.8,0.4,4400,"sd","14:28:09",2447100
27.8,0.4,1600,"sd","14:28:09",2442700
27.8,0.4,200,"sd","14:28:03",2441100
27.9,0.5,100,"bu","14:27:34",2440900
27.8,0.4,100,"sd","14:27:24",2440800
27.8,0.4,1300,"sd","14:27:22",2440700
27.8,0.4,1000,"sd","14:26:07",2439400
27.9,0.5,2300,"bu","14:26:01",2438400
27.9,0.5,5000,"bu","14:26:01",2436100
27.9,0.5,11100,"bu","14:26:01",2431100
27.85,0.45,2000,"bu","14:26:01",2420000
27.85,0.45,5600,"bu","14:26:01",2418000
27.85,0.45,100,"bu","14:26:01",2412400
27.85,0.45,1000,"bu","14:26:01",2412300
27.85,0.45,1000,"bu","14:26:01",2411300
27.85,0.45,900,"bu","14:26:01",2410300
27.85,0.45,1000,"bu","14:26:01",2409400
27.8,0.4,1500,"sd","14:26:00",2408400
27.8,0.4,1000,"sd","14:25:10",2406900
27.8,0.4,200,"bu","14:24:57",2405900
27.8,0.4,3100,"bu","14:24:57",2405700
27.75,0.35,2300,"sd","14:24:33",2402600
27.75,0.35,2000,"sd","14:24:33",2400300
27.8,0.4,900,"sd","14:24:09",2398300
27.8,0.4,2000,"bu","14:24:08",2397400
27.8,0.4,1000,"bu","14:24:08",2395400
27.8,0.4,1200,"bu","14:24:08",2394400
27.8,0.4,500,"bu","14:24:08",2393200
27.8,0.4,500,"bu","14:24:08",2392700
27.8,0.4,20000,"bu","14:24:08",2392200
27.8,0.4,1400,"bu","14:24:08",2372200
27.75,0.35,1000,"bu","14:24:08",2370800
27.75,0.35,500,"bu","14:24:08",2369800
27.75,0.35,200,"bu","14:24:08",2369300
27.75,0.35,300,"bu","14:24:08",2369100
27.75,0.35,200,"bu","14:24:08",2368800
27.75,0.35,300,"bu","14:24:08",2368600
27.7,0.3,5000,"sd","14:24:00",2368300
27.75,0.35,1700,"bu","14:23:58",2363300
27.75,0.35,100,"bu","14:23:58",2361600
27.75,0.35,700,"bu","14:23:58",2361500
27.75,0.35,2000,"bu","14:23:58",2360800
27.75,0.35,500,"bu","14:23:48",2358800
27.75,0.35,1500,"bu","14:23:48",2358300
27.75,0.35,300,"sd","14:20:52",2356800
27.75,0.35,100,"sd","14:20:52",2356500
27.75,0.35,600,"sd","14:20:52",2356400
27.75,0.35,1000,"sd","14:20:50",2355800
27.75,0.35,200,"sd","14:20:44",2354800
27.75,0.35,1000,"sd","14:20:38",2354600
27.75,0.35,5000,"sd","14:20:37",2353600
27.75,0.35,400,"sd","14:20:29",2348600
27.75,0.35,200,"sd","14:20:27",2348200
27.75,0.35,300,"sd","14:20:20",2348000
27.75,0.35,100,"sd","14:20:15",2347700
27.75,0.35,2000,"sd","14:20:13",2347600
27.75,0.35,1000,"sd","14:19:57",2345600
27.75,0.35,2000,"sd","14:19:56",2344600
27.75,0.35,3200,"sd","14:19:56",2342600
27.75,0.35,5000,"sd","14:19:53",2339400
27.75,0.35,400,"sd","14:19:50",2334400
27.75,0.35,100,"sd","14:19:44",2334000
27.75,0.35,500,"sd","14:19:28",2333900
27.75,0.35,2000,"sd","14:19:18",2333400
27.75,0.35,100,"sd","14:19:16",2331400
27.75,0.35,500,"sd","14:19:15",2331300
27.75,0.35,200,"sd","14:19:05",2330800
27.75,0.35,1800,"sd","14:19:05",2330600
27.75,0.35,500,"sd","14:18:41",2328800
27.75,0.35,3400,"sd","14:18:32",2328300
27.75,0.35,5000,"sd","14:18:27",2324900
27.75,0.35,1000,"sd","14:18:24",2319900
27.75,0.35,300,"sd","14:18:16",2318900
27.75,0.35,4300,"sd","14:18:16",2318600
27.8,0.4,500,"bu","14:16:46",2314300
27.8,0.4,100,"sd","14:16:16",2313800
27.8,0.4,100,"sd","14:16:14",2313700
27.8,0.4,500,"sd","14:16:14",2313600
27.8,0.4,1400,"sd","14:16:14",2313100
27.8,0.4,300,"sd","14:16:14",2311700
27.8,0.4,700,"sd","14:16:14",2311400
27.8,0.4,300,"sd","14:16:05",2310700
27.8,0.4,300,"sd","14:16:05",2310400
27.8,0.4,1000,"sd","14:16:05",2310100
27.85,0.45,200,"sd","14:15:25",2309100
27.85,0.45,700,"sd","14:15:25",2308900
27.85,0.45,1400,"sd","14:15:25",2308200
27.85,0.45,200,"sd","14:15:23",2306800
27.85,0.45,100,"sd","14:15:21",2306600
27.85,0.45,1000,"sd","14:15:14",2306500
27.85,0.45,1000,"sd","14:15:13",2305500
27.85,0.45,5000,"sd","14:15:10",2304500
27.85,0.45,300,"sd","14:15:05",2299500
27.9,0.5,300,"bu","14:15:02",2299200
27.85,0.45,1000,"sd","14:15:01",2298900
27.9,0.5,6100,"bu","14:14:53",2297900
27.9,0.5,1000,"sd","14:14:31",2291800
27.9,0.5,200,"sd","14:14:31",2290800
27.9,0.5,1700,"sd","14:14:31",2290600
27.9,0.5,100,"sd","14:14:31",2288900
27.9,0.5,200,"sd","14:14:31",2288800
27.9,0.5,1000,"sd","14:14:31",2288600
27.9,0.5,3300,"sd","14:14:31",2287600
27.9,0.5,10000,"sd","14:14:29",2284300
27.9,0.5,2000,"sd","14:14:27",2274300
27.9,0.5,10000,"sd","14:14:26",2272300
27.9,0.5,200,"sd","14:14:17",2262300
27.9,0.5,800,"sd","14:14:12",2262100
27.9,0.5,3700,"sd","14:14:02",2261300
27.9,0.5,100,"sd","14:14:02",2257600
27.9,0.5,2000,"sd","14:14:02",2257500
27.9,0.5,100,"sd","14:14:02",2255500
27.9,0.5,1000,"sd","14:14:02",2255400
27.9,0.5,100,"sd","14:14:01",2254400
27.9,0.5,500,"sd","14:14:01",2254300
27.9,0.5,500,"sd","14:14:01",2253800
27.9,0.5,2000,"sd","14:14:01",2253300
27.95,0.55,100,"bu","14:13:45",2251300
27.95,0.55,500,"bu","14:13:44",2251200
27.95,0.55,100,"bu","14:13:02",2250700
27.9,0.5,800,"sd","14:12:48",2250600
27.9,0.5,200,"sd","14:12:48",2249800
27.9,0.5,500,"sd","14:12:14",2249600
27.9,0.5,300,"sd","14:11:52",2249100
27.9,0.5,100,"sd","14:11:05",2248800
27.9,0.5,500,"sd","14:11:02",2248700
27.95,0.55,100,"bu","14:10:59",2248200
27.9,0.5,2800,"sd","14:10:56",2248100
27.9,0.5,100,"sd","14:10:44",2245300
27.9,0.5,2000,"sd","14:10:21",2245200
27.9,0.5,600,"sd","14:09:56",2243200
27.9,0.5,400,"sd","14:09:31",2242600
27.9,0.5,2100,"sd","14:09:31",2242200
27.9,0.5,500,"sd","14:09:31",2240100
27.95,0.55,500,"bu","14:09:18",2239600
27.9,0.5,100,"sd","14:09:07",2239100
27.9,0.5,900,"sd","14:09:07",2239000
27.9,0.5,2200,"sd","14:08:59",2238100
27.9,0.5,2000,"sd","14:08:47",2235900
27.95,0.55,2200,"bu","14:08:37",2233900
27.95,0.55,2000,"bu","14:08:37",2231700
27.95,0.55,100,"bu","14:08:37",2229700
27.95,0.55,300,"bu","14:08:37",2229600
27.95,0.55,100,"bu","14:08:37",2229300
27.95,0.55,100,"bu","14:08:37",2229200
27.95,0.55,500,"bu","14:08:37",2229100
27.95,0.55,100,"bu","14:08:37",2228600
27.95,0.55,200,"bu","14:08:37",2228500
27.95,0.55,500,"bu","14:08:37",2228300
27.95,0.55,100,"bu","14:08:37",2227800
27.95,0.55,500,"bu","14:08:37",2227700
27.95,0.55,400,"bu","14:08:37",2227200
27.95,0.55,100,"bu","14:08:27",2226800
27.95,0.55,900,"bu","14:08:27",2226700
27.9,0.5,1000,"bu","14:08:02",2225800
27.9,0.5,5900,"bu","14:08:02",2224800
27.9,0.5,500,"bu","14:07:56",2218900
27.9,0.5,1000,"bu","14:07:51",2218400
27.9,0.5,2000,"sd","14:07:36",2217400
27.9,0.5,600,"sd","14:07:36",2215400
27.9,0.5,1400,"sd","14:07:27",2214800
27.9,0.5,100,"sd","14:07:27",2213400
27.9,0.5,500,"sd","14:07:27",2213300
27.9,0.5,500,"sd","14:07:27",2212800
27.9,0.5,200,"sd","14:07:27",2212300
27.9,0.5,300,"sd","14:07:27",2212100
27.9,0.5,100,"sd","14:07:22",2211800
27.9,0.5,100,"sd","14:07:14",2211700
27.9,0.5,400,"sd","14:06:49",2211600
27.9,0.5,5000,"sd","14:06:36",2211200
27.95,0.55,100,"bu","14:06:31",2206200
27.9,0.5,1000,"sd","14:06:29",2206100
27.9,0.5,200,"sd","14:06:06",2205100
27.9,0.5,800,"sd","14:06:06",2204900
27.9,0.5,200,"sd","14:06:05",2204100
27.9,0.5,1300,"sd","14:05:57",2203900
27.9,0.5,500,"bu","14:05:50",2202600
27.9,0.5,1000,"bu","14:05:50",2202100
27.9,0.5,100,"bu","14:05:50",2201100
27.9,0.5,200,"bu","14:05:50",2201000
27.9,0.5,100,"bu","14:05:50",2200800
27.9,0.5,100,"bu","14:05:50",2200700
27.9,0.5,100,"bu","14:05:50",2200600
27.9,0.5,500,"bu","14:05:50",2200500
27.9,0.5,400,"bu","14:05:50",2200000
27.9,0.5,100,"bu","14:05:50",2199600
27.9,0.5,1000,"bu","14:05:50",2199500
27.9,0.5,1000,"bu","14:05:50",2198500
27.9,0.5,2500,"bu","14:05:50",2197500
27.9,0.5,2100,"bu","14:05:50",2195000
27.9,0.5,900,"bu","14:05:41",2192900
27.9,0.5,5000,"bu","14:05:41",2192000
27.85,0.45,100,"bu","14:05:41",2187000
27.85,0.45,300,"bu","14:05:41",2186900
27.85,0.45,1000,"bu","14:05:41",2186600
27.85,0.45,300,"bu","14:05:41",2185600
27.85,0.45,100,"bu","14:05:41",2185300
27.85,0.45,100,"bu","14:05:41",2185200
27.85,0.45,500,"bu","14:05:41",2185100
27.85,0.45,3700,"bu","14:05:41",2184600
27.85,0.45,4100,"bu","14:05:40",2180900
27.85,0.45,1000,"bu","14:05:17",2176800
27.8,0.4,300,"sd","14:04:58",2175800
27.8,0.4,1000,"sd","14:04:52",2175500
27.85,0.45,100,"bu","14:04:49",2174500
27.8,0.4,1000,"sd","14:04:43",2174400
27.8,0.4,500,"bu","14:04:43",2173400
27.8,0.4,500,"bu","14:04:43",2172900
27.8,0.4,500,"bu","14:04:43",2172400
27.8,0.4,700,"bu","14:04:43",2171900
27.8,0.4,1300,"sd","14:04:30",2171200
27.8,0.4,100,"sd","14:04:26",2169900
27.8,0.4,800,"bu","14:04:25",2169800
27.8,0.4,1000,"sd","14:04:23",2169000
27.8,0.4,100,"sd","14:04:23",2168000
27.8,0.4,200,"sd","14:04:23",2167900
27.8,0.4,2000,"sd","14:04:23",2167700
27.8,0.4,5000,"sd","14:04:22",2165700
27.8,0.4,900,"sd","14:04:22",2160700
27.8,0.4,100,"sd","14:04:22",2159800
27.8,0.4,3600,"sd","14:03:59",2159700
27.85,0.45,1000,"bu","14:03:54",2156100
27.8,0.4,200,"sd","14:03:46",2155100
27.8,0.4,1000,"sd","14:02:42",2154900
27.8,0.4,500,"sd","14:02:39",2153900
27.8,0.4,500,"sd","14:02:26",2153400
27.8,0.4,100,"sd","14:02:23",2152900
27.85,0.45,100,"bu","14:02:21",2152800
27.85,0.45,400,"bu","14:02:21",2152700
27.8,0.4,1000,"sd","14:02:04",2152300
27.85,0.45,500,"bu","14:02:04",2151300
27.85,0.45,100,"bu","14:02:01",2150800
27.85,0.45,100,"bu","14:02:01",2150700
27.85,0.45,100,"bu","14:02:01",2150600
27.85,0.45,100,"bu","14:02:01",2150500
27.85,0.45,300,"bu","14:02:01",2150400
27.8,0.4,2000,"sd","14:01:52",2150100
27.8,0.4,100,"sd","14:01:45",2148100
27.8,0.4,9000,"sd","14:01:38",2148000
27.8,0.4,100,"sd","14:01:31",2139000
27.85,0.45,500,"bu","14:01:26",2138900
27.85,0.45,500,"bu","14:01:14",2138400
27.85,0.45,500,"bu","14:01:14",2137900
27.85,0.45,300,"bu","14:01:13",2137400
27.85,0.45,400,"bu","14:01:12",2137100
27.85,0.45,100,"bu","14:01:12",2136700
27.85,0.45,100,"bu","14:01:09",2136600
27.85,0.45,900,"bu","14:01:09",2136500
27.85,0.45,100,"bu","14:01:05",2135600
27.85,0.45,100,"bu","14:01:05",2135500
27.85,0.45,100,"bu","14:01:05",2135400
27.85,0.45,100,"bu","14:01:05",2135300
27.85,0.45,200,"bu","14:01:05",2135200
27.8,0.4,300,"sd","14:00:30",2135000
27.8,0.4,100,"sd","14:00:24",2134700
27.8,0.4,500,"bu","14:00:05",2134600
27.8,0.4,200,"bu","14:00:05",2134100
27.8,0.4,100,"bu","14:00:05",2133900
27.8,0.4,100,"bu","14:00:05",2133800
27.8,0.4,1000,"bu","14:00:05",2133700
27.8,0.4,1000,"bu","14:00:05",2132700
27.8,0.4,100,"bu","14:00:05",2131700
27.8,0.4,300,"bu","14:00:05",2131600
27.8,0.4,10000,"bu","14:00:05",2131300
27.8,0.4,2000,"bu","14:00:05",2121300
27.8,0.4,1000,"bu","14:00:05",2119300
27.8,0.4,1500,"bu","14:00:05",2118300
27.8,0.4,100,"bu","14:00:05",2116800
27.8,0.4,200,"bu","14:00:05",2116700
27.8,0.4,200,"bu","14:00:05",2116500
27.8,0.4,1100,"bu","14:00:05",2116300
27.8,0.4,400,"bu","14:00:05",2115200
27.8,0.4,100,"bu","14:00:05",2114800
27.8,0.4,500,"bu","14:00:05",2114700
27.8,0.4,100,"bu","14:00:05",2114200
27.8,0.4,100,"bu","13:59:26",2114100
27.8,0.4,1000,"bu","13:59:23",2114000
27.8,0.4,2500,"bu","13:59:22",2113000
27.8,0.4,300,"bu","13:59:20",2110500
27.8,0.4,100,"bu","13:59:20",2110200
27.8,0.4,200,"bu","13:59:20",2110100
27.8,0.4,400,"bu","13:59:20",2109900
27.75,0.35,1000,"sd","13:59:19",2109500
27.8,0.4,100,"bu","13:59:14",2108500
27.8,0.4,500,"bu","13:59:14",2108400
27.8,0.4,100,"bu","13:59:14",2107900
27.8,0.4,300,"bu","13:59:14",2107800
27.8,0.4,200,"bu","13:59:08",2107500
27.8,0.4,100,"bu","13:59:08",2107300
27.8,0.4,100,"bu","13:59:08",2107200
27.8,0.4,100,"bu","13:59:08",2107100
27.8,0.4,200,"bu","13:59:08",2107000
27.8,0.4,100,"bu","13:59:08",2106800
27.8,0.4,100,"bu","13:59:08",2106700
27.8,0.4,100,"bu","13:59:08",2106600
27.75,0.35,100,"sd","13:58:35",2106500
27.75,0.35,200,"bu","13:58:33",2106400
27.75,0.35,500,"bu","13:58:33",2106200
27.75,0.35,200,"bu","13:58:33",2105700
27.75,0.35,3000,"bu","13:58:33",2105500
27.75,0.35,700,"bu","13:58:33",2102500
27.7,0.3,1000,"sd","13:58:32",2101800
27.75,0.35,4300,"bu","13:58:30",2100800
27.75,0.35,100,"bu","13:58:30",2096500
27.75,0.35,2200,"bu","13:58:30",2096400
27.75,0.35,500,"bu","13:58:30",2094200
27.75,0.35,100,"bu","13:58:14",2093700
27.75,0.35,1000,"bu","13:58:14",2093600
27.75,0.35,100,"bu","13:58:14",2092600
27.75,0.35,100,"bu","13:58:14",2092500
27.75,0.35,200,"bu","13:58:14",2092400
27.75,0.35,1000,"bu","13:58:14",2092200
27.75,0.35,1000,"bu","13:58:14",2091200
27.75,0.35,200,"bu","13:58:14",2090200
27.75,0.35,1000,"bu","13:58:14",2090000
27.75,0.35,100,"bu","13:58:14",2089000
27.75,0.35,100,"bu","13:58:14",2088900
27.75,0.35,1500,"bu","13:58:14",2088800
27.7,0.3,100,"bu","13:58:13",2087300
27.7,0.3,1000,"bu","13:58:13",2087200
27.7,0.3,100,"bu","13:58:13",2086200
27.7,0.3,3300,"bu","13:58:13",2086100
27.7,0.3,7100,"bu","13:58:00",2082800
27.65,0.25,100,"sd","13:57:47",2075700
27.65,0.25,100,"sd","13:57:47",2075600
27.65,0.25,100,"sd","13:57:47",2075500
27.7,0.3,6900,"bu","13:57:47",2075400
27.7,0.3,6900,"bu","13:57:39",2068500
27.7,0.3,4100,"bu","13:57:31",2061600
27.7,0.3,6700,"bu","13:57:30",2057500
27.7,0.3,100,"bu","13:57:30",2050800
27.7,0.3,1900,"bu","13:57:25",2050700
27.7,0.3,2100,"bu","13:57:25",2048800
27.7,0.3,7800,"bu","13:57:23",2046700
27.7,0.3,400,"bu","13:57:23",2038900
27.7,0.3,1000,"bu","13:57:23",2038500
27.7,0.3,2800,"bu","13:57:23",2037500
27.7,0.3,4100,"bu","13:57:20",2034700
27.7,0.3,3100,"bu","13:57:17",2030600
27.7,0.3,1000,"bu","13:57:17",2027500
27.7,0.3,500,"bu","13:57:17",2026500
27.7,0.3,1500,"bu","13:57:17",2026000
27.7,0.3,4100,"bu","13:57:11",2024500
27.7,0.3,4400,"bu","13:57:11",2020400
27.7,0.3,100,"bu","13:57:11",2016000
27.7,0.3,2000,"bu","13:57:11",2015900
27.7,0.3,2300,"bu","13:57:11",2013900
27.7,0.3,1000,"bu","13:57:11",2011600
27.7,0.3,400,"bu","13:57:11",2010600
27.7,0.3,100,"bu","13:57:11",2010200
27.7,0.3,1100,"bu","13:57:11",2010100
27.65,0.25,600,"bu","13:57:11",2009000
27.65,0.25,2600,"bu","13:57:02",2008400
27.65,0.25,4100,"bu","13:57:02",2005800
27.65,0.25,1000,"bu","13:56:47",2001700
27.65,0.25,900,"bu","13:56:47",2000700
27.65,0.25,900,"bu","13:56:47",1999800
27.65,0.25,100,"bu","13:56:47",1998900
27.65,0.25,2000,"bu","13:56:47",1998800
27.65,0.25,200,"bu","13:56:47",1996800
27.65,0.25,2000,"bu","13:56:47",1996600
27.6,0.2,1000,"sd","13:56:32",1994600
27.6,0.2,1600,"sd","13:56:16",1993600
27.6,0.2,500,"sd","13:55:57",1992000
27.6,0.2,1000,"sd","13:54:48",1991500
27.6,0.2,1000,"sd","13:53:54",1990500
27.6,0.2,10000,"sd","13:53:40",1989500
27.6,0.2,2000,"sd","13:53:38",1979500
27.6,0.2,700,"sd","13:53:19",1977500
27.6,0.2,300,"sd","13:53:19",1976800
27.6,0.2,100,"sd","13:52:36",1976500
27.65,0.25,200,"sd","13:52:33",1976400
27.65,0.25,3000,"sd","13:52:33",1976200
27.65,0.25,9200,"sd","13:52:33",1973200
27.65,0.25,200,"sd","13:52:33",1964000
27.65,0.25,200,"sd","13:52:32",1963800
27.65,0.25,1000,"sd","13:52:12",1963600
27.65,0.25,100,"sd","13:51:50",1962600
27.65,0.25,300,"sd","13:51:12",1962500
27.7,0.3,900,"bu","13:50:52",1962200
27.7,0.3,1000,"bu","13:50:52",1961300
27.7,0.3,200,"bu","13:50:52",1960300
27.7,0.3,1200,"bu","13:50:52",1960100
27.7,0.3,800,"bu","13:50:52",1958900
27.65,0.25,100,"sd","13:50:47",1958100
27.7,0.3,200,"bu","13:50:42",1958000
27.7,0.3,800,"bu","13:50:42",1957800
27.7,0.3,3100,"bu","13:50:42",1957000
27.65,0.25,2000,"sd","13:50:36",1953900
27.7,0.3,1900,"bu","13:50:30",1951900
27.7,0.3,2200,"bu","13:50:29",1950000
27.7,0.3,700,"bu","13:50:22",1947800
27.7,0.3,200,"bu","13:50:22",1947100
27.7,0.3,100,"bu","13:50:22",1946900
27.7,0.3,1000,"bu","13:50:22",1946800
27.7,0.3,200,"bu","13:50:22",1945800
27.7,0.3,100,"bu","13:50:22",1945600
27.7,0.3,300,"bu","13:50:22",1945500
27.7,0.3,100,"bu","13:50:22",1945200
27.7,0.3,1400,"bu","13:50:22",1945100
27.7,0.3,600,"bu","13:49:31",1943700
27.7,0.3,200,"bu","13:49:31",1943100
27.65,0.25,100,"sd","13:48:28",1942900
27.6,0.2,100,"sd","13:47:21",1942800
27.7,0.3,500,"bu","13:46:42",1942700
27.7,0.3,1300,"bu","13:46:33",1942200
27.7,0.3,2800,"bu","13:46:33",1940900
27.7,0.3,6100,"bu","13:46:22",1938100
27.7,0.3,1100,"bu","13:45:46",1932000
27.7,0.3,6000,"bu","13:45:46",1930900
27.7,0.3,4000,"bu","13:45:30",1924900
27.7,0.3,100,"bu","13:45:30",1920900
27.7,0.3,600,"bu","13:45:30",1920800
27.7,0.3,100,"bu","13:45:30",1920200
27.7,0.3,500,"bu","13:45:30",1920100
27.7,0.3,100,"bu","13:45:30",1919600
27.65,0.25,1000,"bu","13:45:30",1919500
27.65,0.25,100,"bu","13:45:17",1918500
27.65,0.25,1500,"bu","13:45:17",1918400
27.65,0.25,2000,"bu","13:45:17",1916900
27.65,0.25,500,"bu","13:45:17",1914900
27.65,0.25,100,"bu","13:45:17",1914400
27.65,0.25,700,"bu","13:45:17",1914300
27.65,0.25,100,"bu","13:45:17",1913600
27.65,0.25,500,"bu","13:45:16",1913500
27.6,0.2,100,"bu","13:45:16",1913000
27.6,0.2,1000,"bu","13:45:16",1912900
27.6,0.2,500,"bu","13:45:16",1911900
27.65,0.25,500,"bu","13:44:16",1911400
27.6,0.2,5000,"bu","13:44:16",1910900
27.6,0.2,1500,"bu","13:44:16",1905900
27.6,0.2,10000,"bu","13:43:49",1904400
27.6,0.2,300,"bu","13:43:49",1894400
27.6,0.2,5000,"bu","13:43:49",1894100
27.6,0.2,500,"bu","13:43:49",1889100
27.6,0.2,7500,"unknown","13:43:49",1888600
27.65,0.25,1000,"sd","13:43:49",1881100
27.65,0.25,100,"sd","13:43:49",1880100
27.65,0.25,4100,"sd","13:43:49",1880000
27.65,0.25,200,"sd","13:43:49",1875900
27.65,0.25,10000,"sd","13:43:28",1875700
27.65,0.25,200,"sd","13:43:21",1865700
27.65,0.25,200,"sd","13:43:04",1865500
27.65,0.25,300,"sd","13:43:04",1865300
27.65,0.25,100,"sd","13:43:04",1865000
27.65,0.25,1500,"sd","13:42:38",1864900
27.65,0.25,500,"sd","13:42:38",1863400
27.7,0.3,100,"bu","13:42:36",1862900
27.7,0.3,400,"sd","13:42:00",1862800
27.7,0.3,100,"sd","13:41:54",1862400
27.7,0.3,500,"bu","13:41:38",1862300
27.7,0.3,1000,"bu","13:41:38",1861800
27.7,0.3,100,"bu","13:41:38",1860800
27.7,0.3,100,"bu","13:41:38",1860700
27.7,0.3,100,"bu","13:41:38",1860600
27.7,0.3,100,"bu","13:41:38",1860500
27.7,0.3,200,"bu","13:41:38",1860400
27.7,0.3,100,"bu","13:41:38",1860200
27.7,0.3,5000,"bu","13:41:38",1860100
27.7,0.3,500,"bu","13:41:38",1855100
27.7,0.3,100,"bu","13:41:38",1854600
27.7,0.3,100,"bu","13:41:21",1854500
27.7,0.3,700,"bu","13:40:14",1854400
27.7,0.3,200,"bu","13:38:30",1853700
27.75,0.35,1500,"bu","13:37:25",1853500
27.7,0.3,500,"bu","13:37:25",1852000
27.75,0.35,2600,"bu","13:36:57",1851500
27.7,0.3,4300,"bu","13:36:57",1848900
27.65,0.25,2100,"sd","13:36:31",1844600
27.7,0.3,5700,"bu","13:36:29",1842500
27.7,0.3,500,"bu","13:36:29",1836800
27.7,0.3,1000,"bu","13:36:29",1836300
27.7,0.3,2000,"bu","13:36:29",1835300
27.7,0.3,7000,"bu","13:36:29",1833300
27.7,0.3,1000,"bu","13:36:29",1826300
27.7,0.3,100,"bu","13:36:29",1825300
27.7,0.3,200,"bu","13:36:29",1825200
27.7,0.3,500,"bu","13:36:29",1825000
27.7,0.3,600,"bu","13:36:29",1824500
27.7,0.3,500,"bu","13:36:29",1823900
27.7,0.3,900,"bu","13:36:29",1823400
27.7,0.3,2100,"bu","13:36:13",1822500
27.7,0.3,500,"bu","13:36:13",1820400
27.7,0.3,500,"bu","13:36:13",1819900
27.65,0.25,1600,"sd","13:35:49",1819400
27.65,0.25,1800,"sd","13:35:46",1817800
27.65,0.25,1000,"sd","13:35:40",1816000
27.65,0.25,500,"bu","13:35:39",1815000
27.65,0.25,200,"bu","13:35:39",1814500
27.65,0.25,500,"bu","13:35:39",1814300
27.65,0.25,700,"bu","13:35:39",1813800
27.65,0.25,300,"bu","13:35:37",1813100
27.65,0.25,2000,"bu","13:35:37",1812800
27.65,0.25,200,"bu","13:35:37",1810800
27.65,0.25,500,"bu","13:35:37",1810600
27.65,0.25,3800,"bu","13:35:37",1810100
27.65,0.25,4100,"bu","13:35:37",1806300
27.65,0.25,4100,"bu","13:35:25",1802200
27.65,0.25,100,"bu","13:35:17",1798100
27.65,0.25,6900,"bu","13:32:36",1798000
27.65,0.25,1000,"bu","13:32:29",1791100
27.65,0.25,2000,"bu","13:32:29",1790100
27.65,0.25,1000,"bu","13:32:29",1788100
27.65,0.25,100,"bu","13:32:29",1787100
27.6,0.2,100,"bu","13:32:19",1787000
27.6,0.2,100,"bu","13:32:19",1786900
27.6,0.2,2300,"bu","13:32:19",1786800
27.6,0.2,4100,"bu","13:32:19",1784500
27.6,0.2,1600,"bu","13:32:16",1780400
27.6,0.2,8400,"bu","13:32:16",1778800
27.6,0.2,8200,"bu","13:32:12",1770400
27.6,0.2,1000,"bu","13:32:12",1762200
27.6,0.2,500,"bu","13:32:12",1761200
27.6,0.2,300,"bu","13:32:12",1760700
27.6,0.2,4100,"bu","13:32:09",1760400
27.6,0.2,4100,"bu","13:32:01",1756300
27.6,0.2,1200,"bu","13:31:55",1752200
27.6,0.2,4000,"bu","13:31:50",1751000
27.6,0.2,4100,"bu","13:31:48",1747000
27.6,0.2,6400,"bu","13:31:43",1742900
27.6,0.2,4100,"bu","13:31:39",1736500
27.55,0.15,400,"sd","13:31:31",1732400
27.6,0.2,500,"bu","13:31:28",1732000
27.6,0.2,6600,"bu","13:31:27",1731500
27.6,0.2,6400,"bu","13:31:15",1724900
27.55,0.15,200,"sd","13:30:59",1718500
27.6,0.2,100,"bu","13:30:57",1718300
27.55,0.15,100,"sd","13:30:54",1718200
27.55,0.15,4400,"sd","13:30:51",1718100
27.55,0.15,500,"sd","13:30:37",1713700
27.55,0.15,1400,"sd","13:30:09",1713200
27.55,0.15,3600,"sd","13:30:09",1711800
27.6,0.2,200,"sd","13:29:01",1708200
27.6,0.2,3200,"sd","13:29:01",1708000
27.6,0.2,500,"bu","13:28:23",1704800
27.6,0.2,1000,"bu","13:28:23",1704300
27.6,0.2,500,"bu","13:28:23",1703300
27.6,0.2,1000,"bu","13:28:23",1702800
27.6,0.2,500,"bu","13:28:23",1701800
27.6,0.2,2000,"bu","13:28:23",1701300
27.6,0.2,600,"bu","13:28:23",1699300
27.6,0.2,700,"bu","13:28:23",1698700
27.6,0.2,9300,"bu","13:28:06",1698000
27.6,0.2,500,"bu","13:28:06",1688700
27.6,0.2,200,"bu","13:28:06",1688200
27.6,0.2,2600,"bu","13:28:02",1688000
27.6,0.2,3000,"bu","13:27:57",1685400
27.6,0.2,10000,"bu","13:27:54",1682400
27.6,0.2,7000,"bu","13:27:48",1672400
27.6,0.2,200,"bu","13:27:48",1665400
27.6,0.2,2800,"bu","13:27:48",1665200
27.6,0.2,10000,"bu","13:27:44",1662400
27.6,0.2,13900,"bu","13:27:37",1652400
27.6,0.2,8900,"bu","13:27:37",1638500
27.6,0.2,7200,"bu","13:27:37",1629600
27.55,0.15,1000,"sd","13:27:21",1622400
27.55,0.15,3900,"bu","13:27:20",1621400
27.55,0.15,100,"bu","13:27:20",1617500
27.55,0.15,2000,"bu","13:27:20",1617400
27.55,0.15,200,"bu","13:27:20",1615400
27.55,0.15,300,"bu","13:27:20",1615200
27.55,0.15,1000,"bu","13:27:20",1614900
27.55,0.15,300,"bu","13:27:20",1613900
27.55,0.15,1000,"bu","13:27:20",1613600
27.55,0.15,6600,"bu","13:27:20",1612600
27.55,0.15,3600,"bu","13:27:05",1606000
27.55,0.15,3600,"bu","13:26:31",1602400
27.55,0.15,3600,"bu","13:26:10",1598800
27.5,0.1,800,"bu","13:25:38",1595200
27.5,0.1,200,"bu","13:25:38",1594400
27.5,0.1,1000,"bu","13:25:35",1594200
27.5,0.1,200,"bu","13:25:35",1593200
27.5,0.1,100,"bu","13:25:35",1593000
27.5,0.1,5000,"bu","13:25:35",1592900
27.5,0.1,500,"bu","13:25:35",1587900
27.5,0.1,200,"bu","13:25:35",1587400
27.5,0.1,3000,"bu","13:25:35",1587200
27.5,0.1,10000,"bu","13:25:32",1584200
27.5,0.1,7000,"bu","13:25:29",1574200
27.5,0.1,100,"bu","13:25:29",1567200
27.5,0.1,1500,"bu","13:25:29",1567100
27.5,0.1,1400,"bu","13:25:29",1565600
27.5,0.1,12000,"bu","13:25:27",1564200
27.5,0.1,100,"bu","13:25:09",1552200
27.5,0.1,200,"bu","13:24:50",1552100
27.45,0.05,1000,"sd","13:24:12",1551900
27.5,0.1,6300,"bu","13:23:45",1550900
27.5,0.1,200,"bu","13:23:45",1544600
27.5,0.1,100,"bu","13:23:45",1544400
27.5,0.1,500,"bu","13:23:45",1544300
27.5,0.1,500,"bu","13:23:45",1543800
27.5,0.1,3000,"bu","13:23:45",1543300
27.5,0.1,1000,"bu","13:23:45",1540300
27.5,0.1,400,"bu","13:23:45",1539300
27.45,0.05,700,"bu","13:23:34",1538900
27.45,0.05,200,"bu","13:23:33",1538200
27.45,0.05,600,"bu","13:23:29",1538000
27.45,0.05,9400,"bu","13:23:29",1537400
27.45,0.05,500,"bu","13:23:26",1528000
27.45,0.05,700,"bu","13:23:26",1527500
27.45,0.05,100,"bu","13:23:26",1526800
27.45,0.05,10600,"bu","13:23:26",1526700
27.45,0.05,100,"bu","13:23:26",1516100
27.45,0.05,400,"bu","13:23:17",1516000
27.45,0.05,600,"bu","13:23:17",1515600
27.45,0.05,400,"bu","13:23:08",1515000
27.45,0.05,700,"bu","13:23:08",1514600
27.45,0.05,100,"bu","13:23:01",1513900
27.45,0.05,200,"bu","13:22:52",1513800
27.45,0.05,900,"bu","13:22:51",1513600
27.45,0.05,1000,"bu","13:22:51",1512700
27.45,0.05,200,"bu","13:22:51",1511700
27.45,0.05,300,"bu","13:22:51",1511500
27.45,0.05,1600,"bu","13:22:51",1511200
27.4,0,200,"sd","13:22:37",1509600
27.4,0,1200,"sd","13:22:36",1509400
27.45,0.05,400,"bu","13:22:35",1508200
27.45,0.05,2000,"bu","13:22:35",1507800
27.45,0.05,600,"bu","13:22:35",1505800
27.45,0.05,4000,"bu","13:22:34",1505200
27.45,0.05,2000,"bu","13:22:32",1501200
27.45,0.05,4000,"bu","13:22:14",1499200
27.4,0,2000,"sd","13:22:06",1495200
27.4,0,800,"sd","13:22:05",1493200
27.45,0.05,4000,"bu","13:22:05",1492400
27.45,0.05,4000,"bu","13:22:01",1488400
27.4,0,1000,"sd","13:21:45",1484400
27.4,0,2000,"sd","13:21:11",1483400
27.4,0,500,"sd","13:21:01",1481400
27.4,0,2000,"sd","13:20:46",1480900
27.4,0,800,"sd","13:20:05",1478900
27.45,0.05,500,"bu","13:20:04",1478100
27.45,0.05,100,"bu","13:20:00",1477600
27.45,0.05,800,"bu","13:19:25",1477500
27.45,0.05,3200,"bu","13:19:25",1476700
27.4,0,900,"sd","13:19:21",1473500
27.4,0,100,"sd","13:19:21",1472600
27.4,0,100,"sd","13:19:05",1472500
27.4,0,1900,"sd","13:19:05",1472400
27.45,0.05,100,"bu","13:18:46",1470500
27.45,0.05,300,"bu","13:18:40",1470400
27.45,0.05,5000,"bu","13:18:04",1470100
27.4,0,3100,"sd","13:17:56",1465100
27.4,0,800,"sd","13:17:56",1462000
27.4,0,100,"sd","13:17:56",1461200
27.4,0,100,"sd","13:17:56",1461100
27.4,0,2000,"sd","13:17:19",1461000
27.4,0,200,"sd","13:17:19",1459000
27.4,0,100,"sd","13:17:19",1458800
27.4,0,200,"sd","13:17:19",1458700
27.4,0,1000,"sd","13:17:19",1458500
27.4,0,400,"sd","13:17:19",1457500
27.4,0,1000,"sd","13:17:19",1457100
27.4,0,1000,"sd","13:17:19",1456100
27.4,0,400,"sd","13:17:19",1455100
27.4,0,100,"sd","13:17:19",1454700
27.4,0,10000,"sd","13:17:19",1454600
27.4,0,100,"sd","13:17:19",1444600
27.4,0,1000,"sd","13:17:19",1444500
27.4,0,18500,"sd","13:17:19",1443500
27.45,0.05,4000,"bu","13:16:48",1425000
27.4,0,1500,"sd","13:16:30",1421000
27.4,0,100,"sd","13:16:30",1419500
27.4,0,800,"sd","13:16:30",1419400
27.4,0,1000,"sd","13:16:30",1418600
27.4,0,1000,"sd","13:16:30",1417600
27.4,0,200,"sd","13:16:30",1416600
27.4,0,2000,"sd","13:16:30",1416400
27.4,0,100,"sd","13:16:30",1414400
27.4,0,100,"sd","13:16:30",1414300
27.4,0,100,"sd","13:16:30",1414200
27.4,0,200,"sd","13:16:30",1414100
27.4,0,900,"sd","13:16:30",1413900
27.45,0.05,500,"bu","13:15:47",1413000
27.45,0.05,200,"bu","13:15:46",1412500
27.4,0,1500,"sd","13:15:34",1412300
27.45,0.05,4000,"bu","13:15:25",1410800
27.4,0,1600,"sd","13:15:20",1406800
27.45,0.05,2700,"sd","13:15:13",1405200
27.45,0.05,6000,"sd","13:15:08",1402500
27.45,0.05,200,"sd","13:15:04",1396500
27.45,0.05,200,"sd","13:15:02",1396300
27.45,0.05,900,"sd","13:14:59",1396100
27.45,0.05,100,"sd","13:14:59",1395200
27.45,0.05,10000,"sd","13:14:59",1395100
27.45,0.05,9000,"sd","13:14:59",1385100
27.45,0.05,1000,"sd","13:14:59",1376100
27.45,0.05,10000,"sd","13:14:52",1375100
27.45,0.05,10000,"sd","13:14:52",1365100
27.45,0.05,100,"sd","13:14:46",1355100
27.45,0.05,400,"sd","13:14:46",1355000
27.5,0.1,500,"bu","13:14:32",1354600
27.5,0.1,100,"bu","13:14:24",1354100
27.5,0.1,300,"bu","13:14:24",1354000
27.5,0.1,1000,"bu","13:14:24",1353700
27.5,0.1,10600,"bu","13:14:24",1352700
27.5,0.1,4000,"bu","13:14:21",1342100
27.45,0.05,3000,"sd","13:14:19",1338100
27.45,0.05,500,"sd","13:14:17",1335100
27.5,0.1,100,"bu","13:14:10",1334600
27.45,0.05,200,"sd","13:14:07",1334500
27.45,0.05,1000,"sd","13:13:54",1334300
27.45,0.05,1000,"sd","13:13:53",1333300
27.45,0.05,2000,"sd","13:13:49",1332300
27.45,0.05,1900,"sd","13:13:47",1330300
27.45,0.05,200,"sd","13:13:47",1328400
27.45,0.05,100,"sd","13:13:47",1328200
27.45,0.05,2300,"sd","13:13:47",1328100
27.45,0.05,100,"sd","13:13:47",1325800
27.45,0.05,15400,"sd","13:13:47",1325700
27.45,0.05,4600,"sd","13:13:25",1310300
27.45,0.05,5400,"sd","13:13:25",1305700
27.5,0.1,12000,"bu","13:12:23",1300300
27.45,0.05,5000,"sd","13:12:22",1288300
27.5,0.1,1000,"bu","13:12:18",1283300
27.45,0.05,2000,"sd","13:12:13",1282300
27.45,0.05,1000,"sd","13:12:01",1280300
27.45,0.05,4000,"sd","13:12:01",1279300
27.45,0.05,200,"sd","13:11:57",1275300
27.45,0.05,100,"sd","13:11:53",1275100
27.45,0.05,1000,"sd","13:11:51",1275000
27.45,0.05,1300,"sd","13:11:46",1274000
27.45,0.05,100,"sd","13:11:46",1272700
27.45,0.05,28600,"sd","13:11:46",1272600
27.5,0.1,100,"bu","13:11:46",1244000
27.45,0.05,1400,"sd","13:11:40",1243900
27.45,0.05,100,"sd","13:11:40",1242500
27.45,0.05,1000,"sd","13:11:40",1242400
27.45,0.05,100,"sd","13:11:40",1241400
27.45,0.05,5000,"sd","13:11:40",1241300
27.45,0.05,100,"sd","13:11:40",1236300
27.45,0.05,300,"sd","13:11:40",1236200
27.45,0.05,100,"sd","13:11:40",1235900
27.45,0.05,200,"sd","13:11:40",1235800
27.45,0.05,1400,"sd","13:11:40",1235600
27.45,0.05,5000,"sd","13:11:28",1234200
27.45,0.05,1000,"sd","13:10:34",1229200
27.5,0.1,200,"sd","13:09:09",1228200
27.5,0.1,1500,"sd","13:09:09",1228000
27.5,0.1,3000,"sd","13:09:09",1226500
27.5,0.1,100,"sd","13:09:09",1223500
27.5,0.1,100,"sd","13:09:09",1223400
27.5,0.1,100,"sd","13:09:09",1223300
27.5,0.1,1000,"sd","13:09:09",1223200
27.5,0.1,1800,"sd","13:09:09",1222200
27.5,0.1,10000,"sd","13:09:09",1220400
27.5,0.1,500,"sd","13:09:09",1210400
27.5,0.1,3900,"sd","13:09:09",1209900
27.5,0.1,5000,"sd","13:08:07",1206000
27.5,0.1,500,"sd","13:08:05",1201000
27.5,0.1,200,"sd","13:07:55",1200500
27.5,0.1,300,"sd","13:07:25",1200300
27.5,0.1,100,"sd","13:07:23",1200000
27.5,0.1,200,"sd","13:07:23",1199900
27.5,0.1,4700,"sd","13:07:23",1199700
27.5,0.1,800,"sd","13:06:49",1195000
27.55,0.15,1200,"bu","13:06:35",1194200
27.55,0.15,600,"bu","13:06:06",1193000
27.55,0.15,800,"bu","13:06:06",1192400
27.55,0.15,200,"bu","13:06:06",1191600
27.55,0.15,3100,"bu","13:06:06",1191400
27.5,0.1,1000,"sd","13:06:06",1188300
27.55,0.15,4100,"bu","13:05:56",1187300
27.5,0.1,1000,"sd","13:05:45",1183200
27.55,0.15,4100,"bu","13:05:34",1182200
27.5,0.1,200,"sd","13:05:32",1178100
27.55,0.15,4100,"bu","13:05:21",1177900
27.55,0.15,4600,"bu","13:05:15",1173800
27.55,0.15,300,"bu","13:05:15",1169200
27.55,0.15,2200,"bu","13:05:15",1168900
27.5,0.1,2300,"sd","13:05:13",1166700
27.5,0.1,300,"sd","13:05:13",1164400
27.55,0.15,200,"bu","13:04:37",1164100
27.55,0.15,200,"bu","13:04:37",1163900
27.55,0.15,1000,"bu","13:04:37",1163700
27.55,0.15,2700,"bu","13:04:37",1162700
27.55,0.15,1000,"bu","13:03:02",1160000
27.55,0.15,1000,"bu","13:03:02",1159000
27.55,0.15,400,"bu","13:03:02",1158000
27.55,0.15,100,"bu","13:03:02",1157600
27.55,0.15,1600,"bu","13:03:02",1157500
27.5,0.1,100,"sd","13:02:52",1155900
27.5,0.1,3000,"sd","13:02:44",1155800
27.5,0.1,500,"sd","13:02:26",1152800
27.55,0.15,4100,"bu","13:02:24",1152300
27.55,0.15,1400,"bu","13:01:47",1148200
27.55,0.15,100,"bu","13:01:47",1146800
27.55,0.15,2000,"bu","13:01:47",1146700
27.55,0.15,200,"bu","13:01:47",1144700
27.55,0.15,400,"bu","13:01:47",1144500
27.55,0.15,100,"bu","13:01:44",1144100
27.55,0.15,200,"bu","13:01:31",1144000
27.55,0.15,1000,"bu","13:01:31",1143800
27.55,0.15,500,"bu","13:01:31",1142800
27.55,0.15,2400,"bu","13:01:31",1142300
27.55,0.15,4100,"bu","13:01:22",1139900
27.55,0.15,100,"bu","13:01:15",1135800
27.5,0.1,100,"sd","13:01:14",1135700
27.5,0.1,1000,"sd","13:01:12",1135600
27.55,0.15,3400,"bu","13:01:08",1134600
27.55,0.15,1900,"bu","13:01:08",1131200
27.55,0.15,1600,"bu","13:01:08",1129300
27.55,0.15,5600,"bu","13:00:54",1127700
27.55,0.15,700,"bu","13:00:54",1122100
27.55,0.15,9300,"bu","13:00:37",1121400
27.55,0.15,700,"bu","13:00:37",1112100
27.55,0.15,6700,"bu","13:00:36",1111400
27.5,0.1,3900,"sd","13:00:24",1104700
27.5,0.1,3000,"sd","13:00:22",1100800
27.55,0.15,100,"bu","13:00:19",1097800
27.5,0.1,100,"sd","13:00:13",1097700
27.5,0.1,100,"sd","13:00:13",1097600
27.5,0.1,200,"sd","13:00:13",1097500
27.5,0.1,100,"sd","13:00:13",1097300
27.5,0.1,1000,"sd","13:00:13",1097200
27.5,0.1,100,"sd","13:00:13",1096200
27.5,0.1,900,"sd","13:00:09",1096100
27.5,0.1,2100,"sd","13:00:08",1095200
27.5,0.1,6900,"sd","13:00:08",1093100
27.5,0.1,100,"sd","13:00:07",1086200
27.5,0.1,13000,"sd","13:00:07",1086100
27.55,0.15,100,"bu","13:00:07",1073100
27.5,0.1,200,"sd","13:00:06",1073000
27.55,0.15,3600,"bu","13:00:06",1072800
27.6,0.2,1000,"bu","13:00:04",1069200
27.55,0.15,100,"bu","13:00:04",1068200
27.55,0.15,100,"bu","13:00:03",1068100
27.55,0.15,300,"bu","13:00:03",1068000
27.55,0.15,1000,"bu","13:00:03",1067700
27.55,0.15,3300,"sd","13:00:02",1066700
27.55,0.15,1200,"sd","13:00:01",1063400
27.55,0.15,500,"sd","13:00:00",1062200
27.55,0.15,1000,"sd","11:29:42",1061700
27.55,0.15,1000,"sd","11:29:34",1060700
27.6,0.2,10600,"bu","11:29:31",1059700
27.6,0.2,1400,"bu","11:29:31",1049100
27.55,0.15,1900,"sd","11:29:30",1047700
27.55,0.15,8100,"sd","11:29:30",1045800
27.55,0.15,200,"sd","11:29:21",1037700
27.55,0.15,1000,"sd","11:28:48",1037500
27.55,0.15,500,"bu","11:28:34",1036500
27.55,0.15,200,"bu","11:28:34",1036000
27.55,0.15,2000,"bu","11:28:34",1035800
27.5,0.1,2000,"sd","11:28:22",1033800
27.5,0.1,2000,"sd","11:28:05",1031800
27.5,0.1,1500,"sd","11:27:56",1029800
27.5,0.1,10000,"sd","11:27:55",1028300
27.5,0.1,500,"sd","11:27:52",1018300
27.5,0.1,500,"sd","11:26:51",1017800
27.5,0.1,100,"sd","11:26:51",1017300
27.5,0.1,200,"sd","11:26:51",1017200
27.5,0.1,500,"sd","11:26:51",1017000
27.5,0.1,700,"sd","11:26:51",1016500
27.5,0.1,1000,"sd","11:26:22",1015800
27.5,0.1,100,"sd","11:26:15",1014800
27.5,0.1,200,"sd","11:25:57",1014700
27.5,0.1,3000,"sd","11:25:33",1014500
27.5,0.1,1400,"sd","11:25:16",1011500
27.55,0.15,3000,"sd","11:25:02",1010100
27.55,0.15,1000,"bu","11:24:57",1007100
27.55,0.15,1900,"bu","11:24:57",1006100
27.55,0.15,500,"bu","11:24:57",1004200
27.55,0.15,500,"bu","11:24:57",1003700
27.55,0.15,3100,"bu","11:24:44",1003200
27.55,0.15,1000,"bu","11:24:44",1000100
27.55,0.15,2000,"bu","11:24:44",999100
27.55,0.15,5000,"bu","11:24:44",997100
27.55,0.15,900,"bu","11:24:44",992100
27.5,0.1,1000,"sd","11:24:32",991200
27.5,0.1,200,"sd","11:24:29",990200
27.5,0.1,200,"sd","11:24:21",990000
27.5,0.1,2200,"sd","11:23:57",989800
27.5,0.1,200,"sd","11:23:57",987600
27.5,0.1,100,"sd","11:23:57",987400
27.5,0.1,400,"sd","11:23:57",987300
27.5,0.1,100,"sd","11:23:57",986900
27.5,0.1,500,"sd","11:23:57",986800
27.5,0.1,100,"sd","11:23:57",986300
27.5,0.1,1000,"sd","11:23:57",986200
27.5,0.1,3000,"sd","11:23:57",985200
27.5,0.1,200,"sd","11:23:57",982200
27.5,0.1,100,"sd","11:23:57",982000
27.5,0.1,5000,"sd","11:23:57",981900
27.5,0.1,1000,"sd","11:23:57",976900
27.5,0.1,200,"sd","11:23:57",975900
27.5,0.1,4500,"sd","11:23:57",975700
27.5,0.1,100,"sd","11:23:57",971200
27.5,0.1,100,"sd","11:23:57",971100
27.5,0.1,2000,"sd","11:23:57",971000
27.5,0.1,100,"sd","11:23:57",969000
27.5,0.1,200,"sd","11:23:57",968900
27.5,0.1,100,"sd","11:23:57",968700
27.5,0.1,1000,"sd","11:23:57",968600
27.5,0.1,2000,"sd","11:23:57",967600
27.5,0.1,100,"sd","11:23:57",965600
27.5,0.1,100,"sd","11:23:57",965500
27.5,0.1,600,"sd","11:23:57",965400
27.5,0.1,100,"sd","11:23:47",964800
27.5,0.1,5900,"sd","11:23:47",964700
27.5,0.1,1000,"sd","11:23:47",958800
27.5,0.1,1500,"sd","11:23:35",957800
27.55,0.15,1500,"bu","11:23:19",956300
27.55,0.15,1000,"bu","11:23:18",954800
27.55,0.15,1000,"bu","11:23:02",953800
27.55,0.15,300,"bu","11:21:51",952800
27.55,0.15,1300,"sd","11:21:41",952500
27.55,0.15,300,"sd","11:21:38",951200
27.55,0.15,500,"sd","11:21:34",950900
27.55,0.15,2000,"sd","11:21:28",950400
27.55,0.15,800,"sd","11:21:27",948400
27.55,0.15,5000,"sd","11:21:21",947600
27.55,0.15,100,"sd","11:21:10",942600
27.55,0.15,100,"sd","11:21:10",942500
27.55,0.15,300,"sd","11:21:10",942400
27.55,0.15,500,"sd","11:21:07",942100
27.55,0.15,1200,"sd","11:21:06",941600
27.55,0.15,3800,"sd","11:21:06",940400
27.55,0.15,100,"sd","11:21:05",936600
27.55,0.15,5000,"sd","11:21:04",936500
27.55,0.15,500,"sd","11:20:54",931500
27.55,0.15,600,"sd","11:20:53",931000
27.55,0.15,100,"sd","11:20:53",930400
27.55,0.15,1000,"sd","11:20:53",930300
27.55,0.15,500,"sd","11:20:53",929300
27.55,0.15,300,"sd","11:20:53",928800
27.55,0.15,300,"sd","11:20:53",928500
27.55,0.15,20000,"sd","11:20:53",928200
27.55,0.15,2200,"sd","11:20:53",908200
27.55,0.15,200,"sd","11:20:48",906000
27.55,0.15,7000,"sd","11:20:46",905800
27.55,0.15,700,"sd","11:20:44",898800
27.55,0.15,6500,"sd","11:19:10",898100
27.55,0.15,200,"sd","11:18:53",891600
27.55,0.15,1900,"sd","11:18:36",891400
27.55,0.15,200,"sd","11:18:29",889500
27.55,0.15,800,"sd","11:18:24",889300
27.55,0.15,300,"sd","11:17:59",888500
27.55,0.15,200,"sd","11:17:59",888200
27.55,0.15,500,"sd","11:17:26",888000
27.55,0.15,9300,"sd","11:17:00",887500
27.55,0.15,100,"sd","11:17:00",878200
27.55,0.15,3600,"sd","11:17:00",878100
27.55,0.15,1000,"sd","11:16:22",874500
27.55,0.15,500,"sd","11:16:00",873500
27.6,0.2,100,"bu","11:15:57",873000
27.55,0.15,4900,"sd","11:15:55",872900
27.55,0.15,100,"sd","11:15:55",868000
27.55,0.15,100,"sd","11:15:55",867900
27.6,0.2,100,"bu","11:15:36",867800
27.6,0.2,500,"bu","11:15:15",867700
27.6,0.2,100,"bu","11:15:15",867200
27.6,0.2,1300,"bu","11:15:15",867100
27.55,0.15,1000,"sd","11:14:07",865800
27.6,0.2,200,"bu","11:13:22",864800
27.6,0.2,300,"bu","11:13:08",864600
27.6,0.2,100,"sd","11:12:42",864300
27.6,0.2,100,"sd","11:12:42",864200
27.6,0.2,1000,"sd","11:10:46",864100
27.6,0.2,10000,"sd","11:10:33",863100
27.75,0.35,400,"bu","11:09:21",853100
27.75,0.35,100,"bu","11:09:21",852700
27.75,0.35,2000,"bu","11:09:21",852600
27.75,0.35,200,"bu","11:09:21",850600
27.75,0.35,500,"bu","11:09:21",850400
27.75,0.35,1000,"bu","11:09:20",849900
27.7,0.3,800,"bu","11:09:20",848900
27.7,0.3,100,"sd","11:09:04",848100
27.7,0.3,100,"sd","11:09:04",848000
27.7,0.3,6000,"sd","11:09:02",847900
27.7,0.3,100,"bu","11:08:50",841900
27.7,0.3,1000,"bu","11:08:50",841800
27.7,0.3,100,"bu","11:08:50",840800
27.7,0.3,600,"bu","11:08:50",840700
27.7,0.3,1000,"bu","11:08:50",840100
27.7,0.3,100,"bu","11:08:50",839100
27.7,0.3,100,"bu","11:08:50",839000
27.7,0.3,500,"bu","11:08:50",838900
27.7,0.3,200,"bu","11:08:50",838400
27.7,0.3,200,"bu","11:08:50",838200
27.7,0.3,800,"bu","11:08:28",838000
27.7,0.3,1000,"bu","11:08:28",837200
27.7,0.3,200,"bu","11:08:28",836200
27.7,0.3,2100,"bu","11:08:28",836000
27.7,0.3,2900,"bu","11:08:17",833900
27.7,0.3,500,"bu","11:08:17",831000
27.7,0.3,200,"bu","11:08:17",830500
27.7,0.3,500,"bu","11:08:17",830300
27.7,0.3,1000,"bu","11:08:07",829800
27.7,0.3,500,"bu","11:08:07",828800
27.7,0.3,1000,"bu","11:08:07",828300
27.7,0.3,1000,"bu","11:08:07",827300
27.7,0.3,600,"bu","11:08:07",826300
27.7,0.3,1600,"bu","11:07:56",825700
27.65,0.25,2000,"bu","11:07:56",824100
27.65,0.25,400,"bu","11:07:56",822100
27.65,0.25,100,"bu","11:07:56",821700
27.55,0.15,900,"sd","11:07:49",821600
27.55,0.15,1300,"sd","11:07:49",820700
27.65,0.25,900,"bu","11:07:46",819400
27.65,0.25,1000,"bu","11:07:46",818500
27.6,0.2,600,"bu","11:07:46",817500
27.6,0.2,1600,"bu","11:07:46",816900
27.6,0.2,4100,"bu","11:07:37",815300
27.6,0.2,10000,"bu","11:07:34",811200
27.6,0.2,4100,"bu","11:07:27",801200
27.55,0.15,100,"sd","11:05:59",797100
27.55,0.15,100,"sd","11:05:51",797000
27.55,0.15,1000,"sd","11:05:36",796900
27.55,0.15,7500,"sd","11:05:17",795900
27.55,0.15,700,"sd","11:05:17",788400
27.6,0.2,200,"sd","11:04:41",787700
27.6,0.2,9800,"sd","11:04:29",787500
27.6,0.2,500,"sd","11:04:29",777700
27.6,0.2,9700,"sd","11:04:29",777200
27.6,0.2,300,"sd","11:04:26",767500
27.6,0.2,1200,"sd","11:04:25",767200
27.6,0.2,400,"sd","11:04:12",766000
27.6,0.2,100,"sd","11:03:45",765600
27.6,0.2,8300,"sd","11:03:45",765500
27.6,0.2,500,"sd","11:03:45",757200
27.6,0.2,10000,"sd","11:03:45",756700
27.6,0.2,3000,"sd","11:03:45",746700
27.6,0.2,100,"sd","11:03:45",743700
27.6,0.2,200,"sd","11:03:45",743600
27.6,0.2,1000,"sd","11:03:45",743400
27.6,0.2,700,"sd","11:03:45",742400
27.6,0.2,100,"sd","11:03:44",741700
27.6,0.2,2000,"sd","11:03:44",741600
27.6,0.2,4000,"sd","11:03:44",739600
27.6,0.2,100,"sd","11:03:44",735600
27.65,0.25,500,"sd","11:03:29",735500
27.65,0.25,1300,"sd","11:03:29",735000
27.65,0.25,1000,"sd","11:03:09",733700
27.65,0.25,200,"sd","11:02:54",732700
27.65,0.25,100,"bu","11:02:46",732500
27.65,0.25,8500,"bu","11:02:46",732400
27.65,0.25,100,"bu","11:02:46",723900
27.65,0.25,800,"bu","11:02:46",723800
27.65,0.25,200,"bu","11:01:55",723000
27.6,0.2,1900,"sd","11:01:45",722800
27.6,0.2,10000,"sd","11:01:45",720900
27.6,0.2,700,"sd","11:01:45",710900
27.65,0.25,7400,"sd","11:01:45",710200
27.65,0.25,500,"sd","11:01:36",702800
27.65,0.25,200,"sd","11:01:30",702300
27.65,0.25,300,"sd","11:01:29",702100
27.65,0.25,1600,"sd","11:01:19",701800
27.65,0.25,1400,"sd","11:01:19",700200
27.65,0.25,1500,"sd","11:01:16",698800
27.65,0.25,300,"sd","11:01:14",697300
27.65,0.25,500,"sd","11:01:10",697000
27.65,0.25,1000,"sd","11:01:02",696500
27.65,0.25,3000,"sd","11:00:51",695500
27.65,0.25,2300,"sd","11:00:46",692500
27.65,0.25,2700,"sd","11:00:46",690200
27.65,0.25,100,"sd","11:00:30",687500
27.65,0.25,500,"sd","11:00:20",687400
27.65,0.25,2000,"sd","11:00:16",686900
27.65,0.25,4700,"sd","11:00:13",684900
27.65,0.25,300,"sd","11:00:13",680200
27.65,0.25,200,"sd","11:00:13",679900
27.65,0.25,6800,"sd","11:00:13",679700
27.65,0.25,3200,"sd","10:59:59",672900
27.65,0.25,100,"sd","10:59:59",669700
27.65,0.25,9700,"sd","10:59:59",669600
27.65,0.25,300,"sd","10:59:54",659900
27.7,0.3,400,"bu","10:59:50",659600
27.7,0.3,4300,"bu","10:59:50",659200
27.7,0.3,300,"bu","10:59:50",654900
27.7,0.3,400,"bu","10:59:50",654600
27.7,0.3,300,"bu","10:59:50",654200
27.7,0.3,2000,"bu","10:59:50",653900
27.7,0.3,2300,"bu","10:59:50",651900
27.65,0.25,200,"sd","10:59:37",649600
27.65,0.25,100,"sd","10:59:14",649400
27.7,0.3,400,"bu","10:57:03",649300
27.65,0.25,100,"sd","10:56:30",648900
27.65,0.25,500,"sd","10:56:29",648800
27.7,0.3,100,"bu","10:56:28",648300
27.7,0.3,5000,"bu","10:56:28",648200
27.7,0.3,500,"bu","10:56:28",643200
27.7,0.3,4400,"bu","10:56:28",642700
27.65,0.25,100,"sd","10:56:22",638300
27.65,0.25,100,"sd","10:56:17",638200
27.65,0.25,400,"sd","10:55:30",638100
27.65,0.25,5000,"sd","10:55:24",637700
27.65,0.25,3500,"sd","10:54:53",632700
27.65,0.25,100,"sd","10:54:53",629200
27.65,0.25,10000,"sd","10:54:53",629100
27.65,0.25,1400,"sd","10:54:53",619100
27.65,0.25,1000,"sd","10:54:46",617700
27.65,0.25,6600,"sd","10:53:53",616700
27.7,0.3,100,"sd","10:53:52",610100
27.7,0.3,100,"sd","10:53:52",610000
27.7,0.3,500,"sd","10:53:52",609900
27.7,0.3,1800,"sd","10:53:52",609400
27.7,0.3,1500,"sd","10:53:52",607600
27.7,0.3,1600,"sd","10:53:52",606100
27.7,0.3,4100,"sd","10:53:42",604500
27.7,0.3,900,"sd","10:53:42",600400
27.7,0.3,100,"sd","10:53:34",599500
27.75,0.35,200,"bu","10:53:16",599400
27.7,0.3,9000,"sd","10:53:10",599200
27.7,0.3,10000,"sd","10:53:10",590200
27.7,0.3,6000,"sd","10:53:10",580200
27.7,0.3,300,"sd","10:53:03",574200
27.75,0.35,1800,"bu","10:50:10",573900
27.75,0.35,500,"bu","10:50:10",572100
27.75,0.35,1000,"bu","10:50:10",571600
27.75,0.35,500,"bu","10:50:10",570600
27.75,0.35,100,"bu","10:50:10",570100
27.75,0.35,1000,"bu","10:50:10",570000
27.75,0.35,2000,"bu","10:50:10",569000
27.75,0.35,100,"bu","10:50:10",567000
27.75,0.35,2000,"bu","10:50:10",566900
27.75,0.35,1000,"bu","10:50:10",564900
27.7,0.3,1000,"sd","10:49:33",563900
27.7,0.3,100,"sd","10:49:13",562900
27.7,0.3,2600,"bu","10:46:54",562800
27.7,0.3,100,"sd","10:46:53",560200
27.7,0.3,100,"sd","10:46:52",560100
27.75,0.35,100,"bu","10:46:51",560000
27.75,0.35,900,"bu","10:46:22",559900
27.75,0.35,3000,"bu","10:46:22",559000
27.7,0.3,200,"bu","10:46:22",556000
27.7,0.3,3000,"bu","10:45:48",555800
27.65,0.25,1000,"sd","10:45:46",552800
27.7,0.3,2600,"bu","10:44:57",551800
27.65,0.25,1400,"bu","10:44:57",549200
27.65,0.25,400,"bu","10:44:54",547800
27.65,0.25,100,"bu","10:44:54",547400
27.65,0.25,1100,"bu","10:44:54",547300
27.7,0.3,4100,"bu","10:44:32",546200
27.7,0.3,100,"bu","10:44:24",542100
27.7,0.3,4000,"bu","10:44:24",542000
27.7,0.3,1000,"sd","10:44:16",538000
27.75,0.35,3000,"bu","10:44:12",537000
27.75,0.35,1100,"bu","10:44:12",534000
27.75,0.35,900,"bu","10:44:03",532900
27.75,0.35,3200,"bu","10:44:03",532000
27.75,0.35,1800,"bu","10:43:53",528800
27.75,0.35,1000,"bu","10:43:53",527000
27.75,0.35,300,"bu","10:43:53",526000
27.7,0.3,1000,"bu","10:43:53",525700
27.75,0.35,700,"bu","10:43:42",524700
27.75,0.35,2000,"bu","10:43:42",524000
27.75,0.35,1000,"bu","10:43:42",522000
27.75,0.35,100,"bu","10:43:42",521000
27.75,0.35,100,"bu","10:43:42",520900
27.75,0.35,100,"bu","10:43:42",520800
27.75,0.35,100,"bu","10:43:42",520700
27.75,0.35,200,"bu","10:43:33",520600
27.7,0.3,2000,"bu","10:43:33",520400
27.7,0.3,500,"bu","10:43:33",518400
27.7,0.3,100,"bu","10:43:33",517900
27.7,0.3,200,"bu","10:43:33",517800
27.7,0.3,500,"bu","10:43:33",517600
27.7,0.3,100,"bu","10:43:33",517100
27.7,0.3,100,"bu","10:43:33",517000
27.7,0.3,300,"bu","10:43:33",516900
27.7,0.3,100,"bu","10:43:33",516600
27.7,0.3,400,"bu","10:43:26",516500
27.7,0.3,500,"bu","10:43:26",516100
27.7,0.3,500,"bu","10:43:26",515600
27.7,0.3,500,"bu","10:43:26",515100
27.7,0.3,2200,"bu","10:43:26",514600
27.7,0.3,2800,"bu","10:43:15",512400
27.7,0.3,200,"bu","10:43:15",509600
27.7,0.3,400,"bu","10:43:15",509400
27.7,0.3,700,"bu","10:43:15",509000
27.7,0.3,800,"bu","10:43:05",508300
27.7,0.3,2000,"bu","10:43:05",507500
27.7,0.3,1000,"bu","10:43:05",505500
27.7,0.3,200,"bu","10:43:05",504500
27.7,0.3,100,"bu","10:43:05",504300
27.65,0.25,2000,"sd","10:42:55",504200
27.65,0.25,1000,"sd","10:42:47",502200
27.65,0.25,100,"sd","10:42:18",501200
27.65,0.25,2000,"sd","10:42:05",501100
27.65,0.25,1000,"sd","10:41:55",499100
27.65,0.25,600,"sd","10:41:52",498100
27.65,0.25,10000,"sd","10:41:45",497500
27.65,0.25,1300,"sd","10:41:37",487500
27.65,0.25,400,"sd","10:40:44",486200
27.65,0.25,900,"sd","10:40:44",485800
27.65,0.25,400,"sd","10:40:44",484900
27.65,0.25,1000,"sd","10:40:44",484500
27.65,0.25,300,"sd","10:40:44",483500
27.65,0.25,1000,"sd","10:40:44",483200
27.65,0.25,1000,"sd","10:40:44",482200
27.65,0.25,500,"sd","10:40:44",481200
27.65,0.25,100,"sd","10:40:44",480700
27.65,0.25,2000,"sd","10:40:44",480600
27.65,0.25,100,"sd","10:40:44",478600
27.65,0.25,4300,"sd","10:40:44",478500
27.65,0.25,500,"sd","10:40:41",474200
27.65,0.25,2000,"sd","10:40:21",473700
27.65,0.25,3000,"sd","10:40:19",471700
27.65,0.25,200,"sd","10:39:58",468700
27.65,0.25,800,"sd","10:39:58",468500
27.65,0.25,100,"sd","10:39:58",467700
27.65,0.25,1000,"sd","10:39:52",467600
27.65,0.25,1000,"sd","10:39:41",466600
27.65,0.25,100,"sd","10:39:03",465600
27.7,0.3,100,"bu","10:37:15",465500
27.7,0.3,100,"bu","10:36:40",465400
27.7,0.3,300,"bu","10:36:37",465300
27.7,0.3,400,"bu","10:36:14",465000
27.7,0.3,100,"bu","10:36:14",464600
27.7,0.3,500,"bu","10:36:13",464500
27.7,0.3,500,"bu","10:35:08",464000
27.7,0.3,500,"bu","10:35:08",463500
27.7,0.3,500,"bu","10:34:52",463000
27.7,0.3,500,"bu","10:34:52",462500
27.7,0.3,1000,"bu","10:34:48",462000
27.7,0.3,100,"bu","10:34:21",461000
27.7,0.3,3400,"sd","10:34:13",460900
27.7,0.3,3000,"sd","10:34:08",457500
27.7,0.3,1000,"sd","10:34:06",454500
27.7,0.3,2000,"sd","10:34:05",453500
27.7,0.3,600,"sd","10:33:58",451500
27.7,0.3,100,"sd","10:33:58",450900
27.7,0.3,300,"sd","10:33:58",450800
27.7,0.3,200,"sd","10:33:53",450500
27.7,0.3,3000,"sd","10:33:52",450300
27.7,0.3,100,"sd","10:33:51",447300
27.7,0.3,1000,"sd","10:33:50",447200
27.7,0.3,5400,"sd","10:33:46",446200
27.7,0.3,1000,"sd","10:33:46",440800
27.7,0.3,3600,"sd","10:33:46",439800
27.7,0.3,500,"sd","10:33:39",436200
27.7,0.3,500,"sd","10:33:39",435700
27.75,0.35,200,"bu","10:32:53",435200
27.7,0.3,100,"bu","10:32:08",435000
27.7,0.3,400,"bu","10:32:08",434900
27.7,0.3,100,"bu","10:32:08",434500
27.7,0.3,200,"bu","10:32:08",434400
27.7,0.3,1300,"bu","10:32:08",434200
27.7,0.3,100,"bu","10:32:08",432900
27.7,0.3,300,"bu","10:32:08",432800
27.7,0.3,3000,"bu","10:31:52",432500
27.65,0.25,100,"sd","10:31:50",429500
27.7,0.3,400,"bu","10:31:22",429400
27.7,0.3,200,"bu","10:31:05",429000
27.7,0.3,1000,"bu","10:30:57",428800
27.7,0.3,100,"bu","10:30:32",427800
27.7,0.3,200,"bu","10:30:07",427700
27.7,0.3,600,"bu","10:30:07",427500
27.7,0.3,300,"bu","10:29:57",426900
27.7,0.3,100,"bu","10:29:20",426600
27.7,0.3,100,"bu","10:29:20",426500
27.7,0.3,800,"bu","10:29:20",426400
27.7,0.3,200,"bu","10:28:50",425600
27.7,0.3,800,"bu","10:28:50",425400
27.7,0.3,200,"bu","10:28:23",424600
27.7,0.3,300,"bu","10:28:23",424400
27.7,0.3,200,"bu","10:28:04",424100
27.7,0.3,100,"bu","10:28:04",423900
27.7,0.3,200,"bu","10:28:04",423800
27.7,0.3,100,"bu","10:28:04",423600
27.7,0.3,700,"bu","10:28:04",423500
27.65,0.25,300,"sd","10:27:59",422800
27.7,0.3,300,"bu","10:27:42",422500
27.7,0.3,500,"bu","10:27:42",422200
27.7,0.3,100,"bu","10:27:42",421700
27.7,0.3,500,"bu","10:27:42",421600
27.7,0.3,100,"bu","10:27:42",421100
27.65,0.25,1000,"bu","10:26:49",421000
27.65,0.25,300,"bu","10:26:49",420000
27.65,0.25,1000,"bu","10:26:49",419700
27.65,0.25,200,"bu","10:26:49",418700
27.65,0.25,1000,"bu","10:26:49",418500
27.65,0.25,2000,"bu","10:26:49",417500
27.65,0.25,1100,"bu","10:26:49",415500
27.65,0.25,8900,"bu","10:26:46",414400
27.65,0.25,100,"bu","10:26:46",405500
27.65,0.25,100,"bu","10:26:46",405400
27.65,0.25,900,"bu","10:26:46",405300
27.65,0.25,4100,"bu","10:26:40",404400
27.65,0.25,11000,"bu","10:26:24",400300
27.65,0.25,500,"bu","10:26:17",389300
27.65,0.25,1700,"bu","10:25:36",388800
27.6,0.2,200,"sd","10:25:17",387100
27.65,0.25,1800,"bu","10:25:05",386900
27.6,0.2,100,"bu","10:25:03",385100
27.6,0.2,100,"bu","10:25:03",385000
27.6,0.2,100,"bu","10:25:03",384900
27.6,0.2,100,"bu","10:25:03",384800
27.6,0.2,1000,"bu","10:25:03",384700
27.6,0.2,200,"bu","10:25:03",383700
27.6,0.2,5000,"bu","10:25:03",383500
27.6,0.2,200,"bu","10:25:03",378500
27.6,0.2,500,"bu","10:25:03",378300
27.6,0.2,1800,"bu","10:25:03",377800
27.6,0.2,100,"bu","10:24:57",376000
27.6,0.2,2100,"bu","10:24:49",375900
27.6,0.2,1300,"bu","10:24:49",373800
27.6,0.2,500,"bu","10:24:49",372500
27.6,0.2,100,"bu","10:24:49",372000
27.6,0.2,100,"bu","10:24:49",371900
27.6,0.2,500,"bu","10:24:49",371800
27.6,0.2,200,"bu","10:24:49",371300
27.6,0.2,200,"bu","10:24:49",371100
27.6,0.2,100,"bu","10:24:42",370900
27.6,0.2,200,"bu","10:24:17",370800
27.6,0.2,200,"bu","10:24:17",370600
27.6,0.2,100,"bu","10:24:17",370400
27.6,0.2,100,"bu","10:24:17",370300
27.6,0.2,1000,"bu","10:24:17",370200
27.6,0.2,200,"bu","10:24:17",369200
27.6,0.2,100,"bu","10:24:17",369000
27.6,0.2,100,"bu","10:24:17",368900
27.6,0.2,1000,"bu","10:24:17",368800
27.55,0.15,100,"sd","10:24:15",367800
27.6,0.2,400,"bu","10:23:57",367700
27.6,0.2,100,"bu","10:23:29",367300
27.6,0.2,100,"bu","10:22:59",367200
27.6,0.2,2000,"bu","10:22:59",367100
27.6,0.2,1000,"bu","10:22:59",365100
27.6,0.2,500,"bu","10:22:59",364100
27.6,0.2,500,"bu","10:22:59",363600
27.6,0.2,1000,"bu","10:22:59",363100
27.6,0.2,500,"bu","10:22:50",362100
27.6,0.2,100,"bu","10:22:50",361600
27.6,0.2,100,"bu","10:22:50",361500
27.6,0.2,500,"bu","10:22:50",361400
27.6,0.2,2900,"bu","10:22:50",360900
27.6,0.2,7000,"bu","10:22:39",358000
27.6,0.2,1000,"bu","10:22:39",351000
27.6,0.2,2100,"bu","10:22:39",350000
27.6,0.2,200,"bu","10:22:39",347900
27.6,0.2,500,"bu","10:22:39",347700
27.6,0.2,200,"bu","10:22:39",347200
27.6,0.2,100,"bu","10:22:39",347000
27.55,0.15,1000,"sd","10:22:35",346900
27.55,0.15,5000,"sd","10:22:09",345900
27.55,0.15,500,"sd","10:22:06",340900
27.55,0.15,200,"sd","10:21:57",340400
27.6,0.2,100,"bu","10:21:20",340200
27.55,0.15,200,"sd","10:21:17",340100
27.6,0.2,200,"bu","10:19:44",339900
27.6,0.2,2000,"bu","10:19:43",339700
27.6,0.2,100,"bu","10:19:42",337700
27.6,0.2,6900,"bu","10:19:35",337600
27.6,0.2,200,"bu","10:19:21",330700
27.55,0.15,2300,"sd","10:19:20",330500
27.6,0.2,6100,"bu","10:19:11",328200
27.6,0.2,1000,"bu","10:19:02",322100
27.6,0.2,5500,"bu","10:18:26",321100
27.55,0.15,1600,"bu","10:18:26",315600
27.55,0.15,1000,"bu","10:18:10",314000
27.55,0.15,500,"bu","10:18:10",313000
27.55,0.15,200,"bu","10:18:10",312500
27.55,0.15,400,"bu","10:18:10",312300
27.55,0.15,2000,"bu","10:18:10",311900
27.55,0.15,1500,"bu","10:18:10",309900
27.55,0.15,1000,"bu","10:18:10",308400
27.55,0.15,300,"bu","10:18:03",307400
27.55,0.15,100,"bu","10:18:03",307100
27.55,0.15,500,"bu","10:18:03",307000
27.55,0.15,300,"bu","10:18:03",306500
27.55,0.15,200,"bu","10:17:40",306200
27.55,0.15,500,"bu","10:17:40",306000
27.55,0.15,300,"bu","10:17:40",305500
27.5,0.1,900,"sd","10:17:40",305200
27.5,0.1,100,"sd","10:17:40",304300
27.5,0.1,100,"sd","10:17:18",304200
27.55,0.15,2000,"bu","10:17:03",304100
27.5,0.1,100,"sd","10:16:31",302100
27.5,0.1,100,"sd","10:16:27",302000
27.5,0.1,1000,"sd","10:16:06",301900
27.5,0.1,2100,"sd","10:15:42",300900
27.5,0.1,7900,"sd","10:15:42",298800
27.55,0.15,100,"bu","10:14:59",290900
27.55,0.15,200,"bu","10:14:39",290800
27.55,0.15,500,"bu","10:13:57",290600
27.55,0.15,300,"bu","10:13:57",290100
27.55,0.15,200,"bu","10:13:57",289800
27.55,0.15,100,"bu","10:13:56",289600
27.55,0.15,700,"bu","10:13:19",289500
27.55,0.15,500,"bu","10:13:19",288800
27.55,0.15,800,"bu","10:13:19",288300
27.55,0.15,100,"bu","10:12:36",287500
27.55,0.15,100,"bu","10:12:17",287400
27.55,0.15,100,"bu","10:12:12",287300
27.5,0.1,2000,"sd","10:12:00",287200
27.55,0.15,3900,"bu","10:11:59",285200
27.55,0.15,100,"bu","10:11:59",281300
27.55,0.15,100,"bu","10:11:42",281200
27.55,0.15,300,"bu","10:11:42",281100
27.55,0.15,100,"bu","10:11:40",280800
27.55,0.15,100,"bu","10:10:49",280700
27.55,0.15,100,"bu","10:10:20",280600
27.5,0.1,100,"sd","10:09:48",280500
27.55,0.15,100,"bu","10:09:19",280400
27.55,0.15,300,"bu","10:08:16",280300
27.55,0.15,200,"bu","10:08:16",280000
27.55,0.15,200,"bu","10:06:55",279800
27.55,0.15,1900,"bu","10:06:11",279600
27.55,0.15,1500,"bu","10:05:19",277700
27.55,0.15,1200,"bu","10:05:17",276200
27.55,0.15,500,"bu","10:05:17",275000
27.55,0.15,300,"bu","10:05:17",274500
27.55,0.15,100,"bu","10:04:43",274200
27.55,0.15,100,"bu","10:04:37",274100
27.55,0.15,500,"sd","10:03:36",274000
27.55,0.15,200,"sd","10:03:30",273500
27.55,0.15,300,"sd","10:03:30",273300
27.55,0.15,500,"sd","10:01:30",273000
27.6,0.2,3000,"bu","10:01:25",272500
27.55,0.15,500,"sd","10:01:22",269500
27.55,0.15,2000,"sd","10:01:20",269000
27.55,0.15,2000,"sd","10:01:15",267000
27.55,0.15,500,"sd","10:01:03",265000
27.55,0.15,2700,"sd","10:00:40",264500
27.55,0.15,900,"sd","10:00:30",261800
27.55,0.15,600,"sd","10:00:16",260900
27.55,0.15,200,"sd","10:00:16",260300
27.55,0.15,100,"sd","10:00:08",260100
27.55,0.15,1000,"sd","10:00:08",260000
27.55,0.15,100,"sd","09:59:07",259000
27.55,0.15,100,"sd","09:59:07",258900
27.55,0.15,300,"sd","09:59:07",258800
27.55,0.15,2000,"sd","09:58:52",258500
27.55,0.15,400,"sd","09:58:48",256500
27.55,0.15,1000,"sd","09:58:46",256100
27.55,0.15,500,"sd","09:58:42",255100
27.55,0.15,1000,"sd","09:58:32",254600
27.55,0.15,100,"sd","09:58:29",253600
27.6,0.2,200,"bu","09:58:23",253500
27.55,0.15,500,"sd","09:58:17",253300
27.55,0.15,4200,"sd","09:58:12",252800
27.55,0.15,1800,"sd","09:58:12",248600
27.55,0.15,2300,"sd","09:58:09",246800
27.55,0.15,500,"unknown","09:57:27",244500
27.55,0.15,2000,"unknown","09:57:27",244000
27.55,0.15,200,"unknown","09:57:27",242000
27.55,0.15,200,"unknown","09:57:27",241800
27.55,0.15,1000,"unknown","09:57:27",241600
27.55,0.15,1500,"unknown","09:57:27",240600
27.55,0.15,500,"unknown","09:57:27",239100
27.55,0.15,500,"bu","09:57:22",238600
27.55,0.15,500,"bu","09:57:22",238100
27.55,0.15,200,"bu","09:56:55",237600
27.55,0.15,400,"bu","09:56:30",237400
27.55,0.15,500,"bu","09:56:17",237000
27.55,0.15,3400,"bu","09:55:52",236500
27.55,0.15,100,"bu","09:55:52",233100
27.55,0.15,6500,"bu","09:55:52",233000
27.55,0.15,100,"bu","09:55:15",226500
27.55,0.15,3400,"bu","09:54:09",226400
27.55,0.15,700,"bu","09:54:09",223000
27.55,0.15,300,"bu","09:53:46",222300
27.55,0.15,200,"bu","09:53:46",222000
27.55,0.15,4100,"bu","09:53:39",221800
27.55,0.15,200,"bu","09:53:37",217700
27.55,0.15,500,"bu","09:53:02",217500
27.55,0.15,3100,"bu","09:53:02",217000
27.5,0.1,500,"bu","09:53:02",213900
27.5,0.1,400,"bu","09:52:52",213400
27.5,0.1,500,"bu","09:52:52",213000
27.5,0.1,1000,"bu","09:52:52",212500
27.5,0.1,1000,"bu","09:52:52",211500
27.5,0.1,100,"bu","09:52:52",210500
27.5,0.1,500,"bu","09:52:52",210400
27.5,0.1,100,"bu","09:52:52",209900
27.5,0.1,500,"bu","09:52:52",209800
27.5,0.1,100,"bu","09:52:43",209300
27.5,0.1,1000,"bu","09:52:43",209200
27.5,0.1,500,"bu","09:52:43",208200
27.5,0.1,100,"bu","09:52:43",207700
27.5,0.1,2400,"bu","09:52:43",207600
27.45,0.05,500,"sd","09:52:42",205200
27.5,0.1,600,"bu","09:52:31",204700
27.5,0.1,200,"bu","09:52:31",204100
27.5,0.1,3300,"bu","09:52:31",203900
27.45,0.05,1000,"sd","09:52:08",200600
27.45,0.05,700,"sd","09:49:04",199600
27.45,0.05,400,"sd","09:48:28",198900
27.45,0.05,100,"sd","09:48:28",198500
27.5,0.1,600,"bu","09:48:07",198400
27.5,0.1,1100,"bu","09:47:47",197800
27.5,0.1,3900,"bu","09:47:47",196700
27.5,0.1,100,"bu","09:47:42",192800
27.5,0.1,1000,"bu","09:46:50",192700
27.5,0.1,4800,"bu","09:46:33",191700
27.5,0.1,100,"bu","09:46:23",186900
27.5,0.1,100,"bu","09:45:57",186800
27.5,0.1,100,"bu","09:45:40",186700
27.5,0.1,100,"bu","09:45:39",186600
27.5,0.1,1900,"bu","09:45:39",186500
27.5,0.1,100,"bu","09:45:29",184600
27.5,0.1,200,"bu","09:44:39",184500
27.5,0.1,300,"bu","09:44:26",184300
27.5,0.1,100,"bu","09:43:47",184000
27.5,0.1,300,"bu","09:43:47",183900
27.5,0.1,2000,"bu","09:43:40",183600
27.45,0.05,100,"sd","09:43:37",181600
27.5,0.1,500,"bu","09:42:11",181500
27.5,0.1,100,"bu","09:42:09",181000
27.5,0.1,100,"bu","09:42:06",180900
27.5,0.1,100,"bu","09:42:03",180800
27.5,0.1,100,"bu","09:41:45",180700
27.45,0.05,600,"sd","09:41:43",180600
27.5,0.1,400,"bu","09:41:37",180000
27.5,0.1,200,"bu","09:41:21",179600
27.45,0.05,500,"sd","09:41:02",179400
27.45,0.05,8700,"bu","09:40:42",178900
27.45,0.05,900,"bu","09:40:41",170200
27.45,0.05,200,"bu","09:40:33",169300
27.45,0.05,200,"bu","09:40:14",169100
27.45,0.05,1000,"bu","09:40:14",168900
27.45,0.05,500,"bu","09:40:14",167900
27.45,0.05,100,"bu","09:40:14",167400
27.4,0,100,"sd","09:39:58",167300
27.45,0.05,20000,"bu","09:39:43",167200
27.45,0.05,20000,"bu","09:39:18",147200
27.45,0.05,100,"bu","09:38:22",127200
27.45,0.05,100,"bu","09:38:22",127100
27.4,0,1000,"sd","09:37:45",127000
27.4,0,200,"sd","09:37:40",126000
27.4,0,200,"sd","09:37:28",125800
27.4,0,600,"sd","09:37:21",125600
27.4,0,300,"sd","09:37:01",125000
27.4,0,1000,"sd","09:35:37",124700
27.4,0,2500,"sd","09:35:37",123700
27.4,0,100,"sd","09:35:23",121200
27.4,0,400,"sd","09:35:23",121100
27.45,0.05,1000,"bu","09:35:11",120700
27.45,0.05,1000,"bu","09:35:04",119700
27.45,0.05,200,"bu","09:34:48",118700
27.45,0.05,500,"bu","09:34:36",118500
27.45,0.05,600,"bu","09:34:35",118000
27.45,0.05,200,"bu","09:34:12",117400
27.4,0,400,"sd","09:34:02",117200
27.4,0,100,"sd","09:34:02",116800
27.4,0,1000,"sd","09:34:02",116700
27.45,0.05,100,"bu","09:33:32",115700
27.45,0.05,1800,"bu","09:33:18",115600
27.45,0.05,100,"bu","09:33:17",113800
27.45,0.05,200,"sd","09:32:57",113700
27.45,0.05,400,"sd","09:32:57",113500
27.45,0.05,100,"sd","09:32:57",113100
27.45,0.05,500,"sd","09:32:57",113000
27.45,0.05,800,"sd","09:31:34",112500
27.45,0.05,1200,"sd","09:30:38",111700
27.45,0.05,100,"sd","09:30:28",110500
27.45,0.05,200,"sd","09:30:22",110400
27.45,0.05,400,"sd","09:29:16",110200
27.45,0.05,100,"sd","09:29:16",109800
27.45,0.05,100,"sd","09:29:16",109700
27.45,0.05,100,"sd","09:29:16",109600
27.5,0.1,100,"bu","09:28:50",109500
27.5,0.1,400,"sd","09:28:45",109400
27.5,0.1,100,"sd","09:28:45",109000
27.5,0.1,5000,"sd","09:28:45",108900
27.5,0.1,200,"sd","09:28:45",103900
27.5,0.1,200,"sd","09:28:45",103700
27.5,0.1,100,"sd","09:28:45",103500
27.5,0.1,100,"sd","09:28:45",103400
27.5,0.1,100,"sd","09:28:35",103300
27.5,0.1,100,"sd","09:28:29",103200
27.5,0.1,100,"sd","09:28:29",103100
27.5,0.1,800,"sd","09:28:29",103000
27.5,0.1,300,"sd","09:28:27",102200
27.5,0.1,1000,"sd","09:27:53",101900
27.5,0.1,100,"sd","09:27:29",100900
27.5,0.1,200,"sd","09:27:03",100800
27.5,0.1,2600,"sd","09:26:52",100600
27.5,0.1,2000,"sd","09:26:52",98000
27.5,0.1,100,"sd","09:26:52",96000
27.5,0.1,800,"sd","09:26:52",95900
27.5,0.1,100,"sd","09:26:52",95100
27.5,0.1,300,"sd","09:26:52",95000
27.5,0.1,200,"sd","09:26:52",94700
27.5,0.1,1700,"sd","09:26:52",94500
27.5,0.1,2200,"sd","09:26:52",92800
27.5,0.1,100,"sd","09:26:50",90600
27.5,0.1,900,"sd","09:26:50",90500
27.5,0.1,100,"sd","09:26:31",89600
27.5,0.1,900,"sd","09:26:31",89500
27.5,0.1,400,"sd","09:26:28",88600
27.55,0.15,1000,"bu","09:26:05",88200
27.5,0.1,100,"sd","09:26:05",87200
27.5,0.1,300,"sd","09:26:05",87100
27.5,0.1,200,"sd","09:25:55",86800
27.5,0.1,100,"sd","09:25:55",86600
27.5,0.1,200,"sd","09:25:55",86500
27.5,0.1,200,"sd","09:25:48",86300
27.5,0.1,1000,"sd","09:25:25",86100
27.5,0.1,3600,"sd","09:25:18",85100
27.5,0.1,800,"sd","09:25:18",81500
27.5,0.1,100,"sd","09:25:09",80700
27.5,0.1,300,"sd","09:25:08",80600
27.55,0.15,400,"bu","09:25:06",80300
27.5,0.1,800,"sd","09:24:16",79900
27.5,0.1,2200,"sd","09:24:16",79100
27.5,0.1,100,"sd","09:24:09",76900
27.5,0.1,900,"sd","09:24:09",76800
27.5,0.1,1100,"sd","09:24:04",75900
27.5,0.1,500,"sd","09:24:04",74800
27.5,0.1,400,"sd","09:24:04",74300
27.5,0.1,100,"sd","09:23:59",73900
27.55,0.15,100,"bu","09:23:32",73800
27.55,0.15,200,"bu","09:23:22",73700
27.55,0.15,200,"sd","09:23:08",73500
27.55,0.15,200,"bu","09:22:52",73300
27.55,0.15,800,"sd","09:22:47",73100
27.55,0.15,300,"bu","09:22:45",72300
27.55,0.15,900,"bu","09:22:45",72000
27.55,0.15,1000,"sd","09:22:36",71100
27.55,0.15,100,"sd","09:22:36",70100
27.55,0.15,200,"sd","09:22:30",70000
27.55,0.15,700,"sd","09:22:17",69800
27.55,0.15,1000,"sd","09:22:17",69100
27.55,0.15,100,"sd","09:22:17",68100
27.55,0.15,200,"sd","09:22:17",68000
27.55,0.15,500,"sd","09:22:03",67800
27.55,0.15,800,"sd","09:22:00",67300
27.55,0.15,500,"sd","09:21:58",66500
27.55,0.15,1000,"sd","09:21:58",66000
27.55,0.15,1200,"sd","09:21:58",65000
27.55,0.15,100,"sd","09:21:52",63800
27.55,0.15,1000,"sd","09:21:37",63700
27.55,0.15,200,"sd","09:21:15",62700
27.55,0.15,200,"sd","09:21:03",62500
27.55,0.15,200,"sd","09:20:51",62300
27.55,0.15,100,"sd","09:19:45",62100
27.55,0.15,100,"sd","09:19:45",62000
27.55,0.15,100,"sd","09:19:22",61900
27.55,0.15,100,"sd","09:19:00",61800
27.6,0.2,1000,"bu","09:18:51",61700
27.55,0.15,1600,"sd","09:18:46",60700
27.55,0.15,400,"sd","09:18:46",59100
27.6,0.2,1000,"bu","09:18:40",58700
27.6,0.2,500,"bu","09:18:38",57700
27.6,0.2,1000,"bu","09:18:17",57200
27.6,0.2,300,"bu","09:18:13",56200
27.55,0.15,1000,"sd","09:18:13",55900
27.6,0.2,400,"bu","09:18:10",54900
27.6,0.2,600,"bu","09:18:00",54500
27.6,0.2,18900,"bu","09:17:53",53900
27.6,0.2,500,"bu","09:17:53",35000
27.6,0.2,200,"bu","09:17:53",34500
27.6,0.2,100,"bu","09:17:53",34300
27.6,0.2,300,"bu","09:17:53",34200
27.55,0.15,6800,"sd","09:17:49",33900
27.55,0.15,1000,"sd","09:17:31",27100
27.55,0.15,500,"sd","09:17:24",26100
27.5,0.1,400,"sd","09:16:48",25600
27.55,0.15,100,"unknown","09:16:48",25200
27.5,0.1,100,"sd","09:16:07",25100
27.5,0.1,25000,"sd","09:15:01",25000
