"price","change","match_qtty","side","time","total_vol"
15.2,0.2,400,"sd","14:53:25",1240400
15.2,0.2,53800,"unknown","14:45:01",1240000
15.2,0.2,600,"bu","14:29:47",1186200
15.2,0.2,100,"bu","14:29:42",1185600
15.2,0.2,1500,"bu","14:29:07",1185500
15.2,0.2,100,"bu","14:28:53",1184000
15.1,0.1,200,"sd","14:28:45",1183900
15.2,0.2,100,"bu","14:28:21",1183700
15.1,0.1,1000,"sd","14:28:01",1183600
15.2,0.2,500,"bu","14:27:59",1182600
15.2,0.2,1000,"bu","14:26:21",1182100
15.2,0.2,100,"bu","14:24:54",1181100
15.1,0.1,100,"sd","14:24:36",1181000
15.1,0.1,200,"sd","14:24:25",1180900
15.2,0.2,500,"bu","14:23:43",1180700
15.2,0.2,300,"bu","14:23:08",1180200
15.2,0.2,100,"bu","14:23:05",1179900
15.2,0.2,100,"bu","14:23:02",1179800
15.1,0.1,300,"sd","14:22:57",1179700
15.2,0.2,200,"bu","14:21:45",1179400
15.2,0.2,2000,"bu","14:21:26",1179200
15.2,0.2,100,"bu","14:21:08",1177200
15.1,0.1,2800,"sd","14:20:37",1177100
15.1,0.1,300,"sd","14:20:23",1174300
15.1,0.1,7000,"sd","14:20:20",1174000
15.1,0.1,500,"sd","14:20:08",1167000
15.1,0.1,100,"sd","14:20:05",1166500
15.1,0.1,1100,"sd","14:19:49",1166400
15.1,0.1,100,"sd","14:19:48",1165300
15.1,0.1,4600,"sd","14:19:43",1165200
15.1,0.1,100,"sd","14:19:38",1160600
15.1,0.1,1000,"sd","14:19:34",1160500
15.1,0.1,5200,"sd","14:19:32",1159500
15.1,0.1,2000,"sd","14:19:11",1154300
15.1,0.1,5000,"sd","14:19:00",1152300
15.1,0.1,1700,"sd","14:18:27",1147300
15.2,0.2,100,"bu","14:18:05",1145600
15.1,0.1,200,"sd","14:17:53",1145500
15.1,0.1,100,"sd","14:17:16",1145300
15.1,0.1,100,"sd","14:16:52",1145200
15.2,0.2,1000,"bu","14:16:42",1145100
15.2,0.2,2000,"bu","14:16:19",1144100
15.2,0.2,600,"sd","14:16:05",1142100
15.2,0.2,300,"sd","14:16:03",1141500
15.2,0.2,500,"sd","14:15:56",1141200
15.2,0.2,300,"sd","14:15:51",1140700
15.2,0.2,500,"sd","14:15:49",1140400
15.2,0.2,3900,"sd","14:15:48",1139900
15.2,0.2,7700,"sd","14:15:44",1136000
15.2,0.2,10000,"sd","14:15:43",1128300
15.2,0.2,3000,"sd","14:15:30",1118300
15.2,0.2,2000,"sd","14:15:29",1115300
15.2,0.2,17500,"sd","14:15:07",1113300
15.2,0.2,100,"sd","14:15:02",1095800
15.2,0.2,100,"sd","14:14:50",1095700
15.2,0.2,200,"sd","14:14:36",1095600
15.2,0.2,200,"sd","14:14:21",1095400
15.2,0.2,36100,"sd","14:13:46",1095200
15.2,0.2,2000,"bu","14:13:42",1059100
15.2,0.2,10000,"bu","14:12:51",1057100
15.1,0.1,10000,"sd","14:12:37",1047100
15.1,0.1,33400,"bu","14:11:27",1037100
15.1,0.1,5000,"bu","14:11:25",1003700
15.1,0.1,15000,"bu","14:11:19",998700
15.1,0.1,3000,"bu","14:10:54",983700
15.1,0.1,100,"bu","14:10:49",980700
15.1,0.1,2000,"bu","14:10:40",980600
15.1,0.1,300,"bu","14:10:29",978600
15.1,0.1,200,"bu","14:10:25",978300
15.1,0.1,800,"bu","14:10:19",978100
15.1,0.1,10000,"bu","14:10:16",977300
15.1,0.1,500,"bu","14:09:08",967300
15.1,0.1,12700,"bu","14:08:40",966800
15.1,0.1,1000,"sd","14:07:48",954100
15.1,0.1,100,"sd","14:07:36",953100
15.1,0.1,400,"sd","14:07:24",953000
15.1,0.1,200,"sd","14:07:02",952600
15.1,0.1,500,"sd","14:06:16",952400
15.1,0.1,1000,"sd","14:06:09",951900
15.1,0.1,1300,"sd","14:05:40",950900
15.1,0.1,6000,"bu","14:05:37",949600
15.1,0.1,1000,"bu","14:04:46",943600
15.1,0.1,31700,"bu","14:04:18",942600
15.1,0.1,300,"sd","14:03:55",910900
15.2,0.2,3000,"bu","14:03:51",910600
15.2,0.2,20000,"bu","14:03:45",907600
15.2,0.2,500,"bu","14:03:27",887600
15.1,0.1,4600,"bu","14:01:03",887100
15.1,0.1,1000,"bu","14:01:00",882500
15.1,0.1,21000,"bu","14:00:55",881500
15,0,87900,"sd","14:00:44",860500
15,0,500,"bu","14:00:38",772600
15,0,2000,"bu","14:00:31",772100
15,0,500,"bu","14:00:04",770100
15,0,2000,"bu","13:59:26",769600
15,0,1000,"bu","13:59:13",767600
15,0,1000,"bu","13:59:03",766600
15,0,200,"bu","13:58:58",765600
15,0,1000,"bu","13:58:29",765400
15,0,1200,"bu","13:58:25",764400
15,0,100,"bu","13:58:08",763200
14.9,-0.1,5000,"sd","13:55:11",763100
14.9,-0.1,8000,"sd","13:53:43",758100
14.9,-0.1,800,"sd","13:53:24",750100
14.9,-0.1,500,"sd","13:52:12",749300
15,0,500,"bu","13:50:18",748800
15,0,100,"bu","13:49:20",748300
15,0,10000,"bu","13:48:54",748200
14.9,-0.1,1200,"sd","13:48:47",738200
14.9,-0.1,900,"sd","13:47:54",737000
15,0,1000,"bu","13:47:21",736100
15,0,1000,"bu","13:46:59",735100
15,0,28700,"bu","13:46:55",734100
14.9,-0.1,2000,"sd","13:46:54",705400
15,0,1300,"bu","13:45:34",703400
15,0,800,"bu","13:44:45",702100
15,0,200,"sd","13:44:34",701300
15,0,200,"sd","13:44:32",701100
15,0,50000,"sd","13:44:27",700900
15,0,900,"sd","13:44:22",650900
15,0,1000,"sd","13:44:16",650000
15.1,0.1,1700,"bu","13:43:26",649000
15.1,0.1,500,"bu","13:43:11",647300
15.1,0.1,200,"bu","13:43:08",646800
15.1,0.1,20000,"bu","13:42:17",646600
15.1,0.1,2000,"bu","13:41:03",626600
15.1,0.1,2400,"bu","13:40:53",624600
15.1,0.1,500,"bu","13:40:51",622200
15.1,0.1,300,"bu","13:40:40",621700
15.1,0.1,200,"bu","13:40:31",621400
15.1,0.1,20000,"bu","13:40:23",621200
15.1,0.1,1000,"bu","13:40:19",601200
15.1,0.1,2500,"bu","13:40:16",600200
15.1,0.1,1000,"bu","13:40:09",597700
15.1,0.1,2000,"bu","13:40:05",596700
15.1,0.1,3000,"bu","13:39:54",594700
15.1,0.1,1000,"bu","13:39:42",591700
15.1,0.1,200,"bu","13:39:38",590700
15.1,0.1,1000,"bu","13:39:24",590500
15.1,0.1,10000,"bu","13:39:11",589500
15,0,24200,"bu","13:38:26",579500
15,0,14000,"bu","13:38:25",555300
15,0,500,"bu","13:38:21",541300
15,0,50000,"bu","13:38:14",540800
15,0,1000,"bu","13:37:42",490800
15,0,2000,"bu","13:37:26",489800
15,0,200,"bu","13:37:03",487800
15,0,1000,"bu","13:36:09",487600
15,0,100,"bu","13:35:32",486600
15,0,100,"bu","13:35:25",486500
15,0,200,"bu","13:35:11",486400
15,0,100,"bu","13:34:15",486200
15,0,200,"bu","13:33:26",486100
15,0,100,"bu","13:33:04",485900
15,0,3600,"bu","13:31:43",485800
14.9,-0.1,500,"sd","13:31:26",482200
14.9,-0.1,1000,"sd","13:31:25",481700
14.9,-0.1,1000,"sd","13:30:05",480700
14.9,-0.1,100,"bu","13:27:56",479700
14.9,-0.1,200,"bu","13:27:54",479600
14.9,-0.1,1000,"bu","13:27:46",479400
14.9,-0.1,1200,"bu","13:27:31",478400
15,0,10000,"bu","13:27:10",477200
14.9,-0.1,100,"sd","13:26:55",467200
15,0,100,"bu","13:25:10",467100
14.9,-0.1,100,"sd","13:25:09",467000
14.9,-0.1,1300,"sd","13:24:45",466900
14.9,-0.1,500,"sd","13:24:30",465600
14.9,-0.1,3600,"sd","13:24:16",465100
14.9,-0.1,1000,"bu","13:24:12",461500
14.8,-0.2,1000,"sd","13:22:24",460500
14.8,-0.2,500,"sd","13:21:58",459500
14.8,-0.2,4000,"sd","13:19:24",459000
14.8,-0.2,500,"sd","13:19:09",455000
14.8,-0.2,10000,"sd","13:18:53",454500
14.8,-0.2,200,"sd","13:18:37",444500
14.8,-0.2,800,"sd","13:18:09",444300
14.8,-0.2,100,"sd","13:17:46",443500
14.8,-0.2,5000,"sd","13:16:32",443400
14.8,-0.2,100,"sd","13:16:09",438400
14.9,-0.1,5000,"bu","13:16:06",438300
14.8,-0.2,3000,"sd","13:15:54",433300
14.8,-0.2,5000,"sd","13:15:50",430300
14.8,-0.2,500,"sd","13:15:43",425300
14.8,-0.2,200,"sd","13:15:29",424800
14.8,-0.2,100,"sd","13:15:08",424600
14.8,-0.2,2600,"sd","13:14:38",424500
14.8,-0.2,100,"bu","13:14:35",421900
14.8,-0.2,4000,"bu","13:14:17",421800
14.8,-0.2,200,"bu","13:14:15",417800
14.8,-0.2,31200,"bu","13:13:25",417600
14.8,-0.2,1000,"sd","13:13:24",386400
14.8,-0.2,8700,"sd","13:13:16",385400
14.8,-0.2,1000,"sd","13:13:13",376700
14.8,-0.2,200,"sd","13:13:04",375700
14.8,-0.2,1100,"sd","13:12:29",375500
14.8,-0.2,4400,"sd","13:12:19",374400
14.8,-0.2,1000,"sd","13:09:59",370000
14.8,-0.2,2900,"sd","13:09:20",369000
14.9,-0.1,200,"bu","13:09:13",366100
14.9,-0.1,5000,"bu","13:08:35",365900
14.9,-0.1,100,"bu","13:08:16",360900
14.9,-0.1,100,"bu","13:06:43",360800
14.9,-0.1,1500,"bu","13:06:15",360700
14.9,-0.1,100,"bu","13:05:40",359200
14.9,-0.1,200,"bu","13:04:45",359100
14.9,-0.1,200,"bu","13:04:11",358900
14.9,-0.1,200,"bu","13:03:31",358700
14.9,-0.1,100,"bu","13:03:10",358500
14.9,-0.1,500,"bu","13:02:45",358400
14.8,-0.2,300,"sd","13:02:12",357900
14.8,-0.2,4200,"sd","13:02:06",357600
14.8,-0.2,2500,"sd","13:01:56",353400
14.8,-0.2,2000,"sd","13:01:46",350900
14.8,-0.2,100,"sd","13:01:36",348900
14.8,-0.2,100,"sd","13:00:53",348800
14.8,-0.2,1000,"sd","13:00:31",348700
14.9,-0.1,200,"bu","13:00:06",347700
14.9,-0.1,1000,"bu","13:00:05",347500
14.9,-0.1,100,"bu","13:00:04",346500
14.9,-0.1,15700,"bu","13:00:03",346400
14.9,-0.1,100,"bu","11:28:58",330700
14.8,-0.2,1000,"sd","11:28:01",330600
14.9,-0.1,200,"bu","11:27:49",329600
14.9,-0.1,500,"bu","11:27:09",329400
14.9,-0.1,500,"bu","11:26:57",328900
14.9,-0.1,500,"bu","11:25:54",328400
14.8,-0.2,6000,"sd","11:25:49",327900
14.8,-0.2,300,"sd","11:25:01",321900
14.8,-0.2,2100,"sd","11:25:00",321600
14.9,-0.1,4500,"bu","11:24:11",319500
14.9,-0.1,100,"sd","11:23:53",315000
14.9,-0.1,4000,"sd","11:23:30",314900
14.9,-0.1,3000,"sd","11:21:58",310900
15,0,8600,"sd","11:20:18",307900
15,0,200,"sd","11:19:52",299300
15,0,1000,"sd","11:19:41",299100
15,0,700,"sd","11:19:14",298100
15,0,300,"sd","11:18:39",297400
15,0,1000,"sd","11:18:24",297100
15,0,8200,"bu","11:18:13",296100
15,0,100,"bu","11:17:39",287900
14.9,-0.1,1000,"sd","11:16:36",287800
14.9,-0.1,9900,"sd","11:15:40",286800
14.9,-0.1,1000,"sd","11:15:10",276900
14.9,-0.1,100,"sd","11:10:58",275900
14.9,-0.1,200,"sd","11:06:46",275800
15,0,2000,"bu","11:06:45",275600
15,0,3700,"sd","11:05:27",273600
15,0,500,"sd","11:05:24",269900
15,0,100,"sd","11:05:18",269400
15,0,200,"sd","11:05:07",269300
15,0,4200,"sd","11:04:36",269100
15,0,4700,"sd","11:04:17",264900
15,0,4000,"sd","11:03:46",260200
15,0,4000,"sd","11:03:45",256200
15,0,2500,"sd","11:03:36",252200
15,0,500,"sd","11:03:26",249700
15,0,200,"sd","11:03:01",249200
15,0,1000,"sd","11:01:52",249000
15,0,10000,"sd","11:01:38",248000
15,0,1000,"sd","11:01:26",238000
15,0,1200,"sd","11:01:12",237000
15,0,1000,"sd","11:01:05",235800
15,0,10400,"sd","11:00:31",234800
15,0,500,"sd","10:59:03",224400
15,0,1000,"sd","10:58:40",223900
15,0,4000,"sd","10:57:53",222900
15,0,700,"sd","10:56:51",218900
15,0,500,"sd","10:56:44",218200
15,0,1000,"sd","10:54:54",217700
15,0,100,"sd","10:49:30",216700
15.1,0.1,5200,"bu","10:49:27",216600
15.1,0.1,500,"sd","10:49:08",211400
15.1,0.1,100,"sd","10:48:31",210900
15.1,0.1,1000,"sd","10:48:23",210800
15.1,0.1,5000,"bu","10:48:13",209800
15.1,0.1,500,"bu","10:47:56",204800
15.1,0.1,1000,"bu","10:47:44",204300
15.1,0.1,1400,"bu","10:47:37",203300
15.1,0.1,500,"bu","10:47:33",201900
15.1,0.1,3000,"bu","10:47:27",201400
15.1,0.1,300,"bu","10:47:16",198400
15.1,0.1,1600,"bu","10:45:38",198100
15.1,0.1,500,"bu","10:45:37",196500
15,0,300,"sd","10:43:59",196000
15,0,500,"sd","10:43:47",195700
15,0,1000,"sd","10:40:41",195200
15.1,0.1,400,"bu","10:40:16",194200
15.1,0.1,100,"bu","10:39:28",193800
15.1,0.1,1800,"sd","10:38:54",193700
15.1,0.1,1100,"sd","10:38:53",191900
15.1,0.1,2000,"bu","10:38:48",190800
15.1,0.1,300,"bu","10:38:36",188800
15.1,0.1,400,"bu","10:37:42",188500
15.1,0.1,900,"bu","10:35:51",188100
15.1,0.1,3000,"bu","10:35:21",187200
15.1,0.1,5000,"bu","10:35:07",184200
15.1,0.1,100,"bu","10:32:31",179200
15.1,0.1,1000,"unknown","10:30:56",179100
15.1,0.1,200,"sd","10:30:42",178100
15.1,0.1,4300,"bu","10:30:28",177900
15.1,0.1,1000,"bu","10:30:13",173600
15.1,0.1,2000,"bu","10:29:51",172600
15.1,0.1,2800,"sd","10:29:48",170600
15.1,0.1,100,"sd","10:28:47",167800
15.1,0.1,500,"sd","10:27:53",167700
15.1,0.1,7900,"bu","10:26:56",167200
15.1,0.1,300,"bu","03:26:54",159300
15.1,0.1,300,"bu","10:26:34",159000
15.1,0.1,100,"bu","10:26:00",158700
15.1,0.1,800,"bu","10:25:53",158600
15.1,0.1,1000,"bu","10:24:49",157800
15.1,0.1,2000,"bu","10:24:43",156800
15.1,0.1,200,"bu","10:24:18",154800
15.1,0.1,100,"bu","10:24:02",154600
15,0,500,"sd","10:22:17",154500
15,0,1000,"sd","10:21:46",154000
15.1,0.1,300,"bu","10:19:25",153000
15.1,0.1,300,"bu","10:19:10",152700
15.1,0.1,100,"bu","10:19:05",152400
15.1,0.1,200,"bu","10:15:49",152300
15,0,700,"sd","10:14:10",152100
15.1,0.1,2000,"bu","10:12:28",151400
15.1,0.1,1100,"sd","10:12:17",149400
15.1,0.1,2000,"sd","10:12:06",148300
15.1,0.1,1000,"sd","10:10:49",146300
15.1,0.1,500,"sd","10:10:33",145300
15.1,0.1,1900,"sd","10:10:20",144800
15,0,300,"sd","10:09:46",142900
15.1,0.1,3000,"bu","10:07:56",142600
15.1,0.1,3000,"bu","10:07:40",139600
15.1,0.1,100,"bu","10:07:21",136600
15.1,0.1,100,"bu","10:06:27",136500
15.1,0.1,14600,"bu","10:06:11",136400
15.2,0.2,100,"bu","10:04:44",121800
15.1,0.1,400,"sd","10:04:05",121700
15.1,0.1,600,"sd","10:03:51",121300
15.2,0.2,100,"bu","10:02:28",120700
15.1,0.1,2000,"sd","10:00:36",120600
15.1,0.1,3000,"sd","09:59:24",118600
15.1,0.1,400,"sd","09:59:19",115600
15.1,0.1,6000,"sd","09:56:44",115200
15.1,0.1,500,"sd","09:56:41",109200
15.1,0.1,100,"sd","09:56:28",108700
15.1,0.1,100,"sd","09:55:51",108600
15.1,0.1,500,"sd","09:53:56",108500
15.1,0.1,100,"sd","09:53:24",108000
15.1,0.1,500,"sd","09:52:26",107900
15.1,0.1,1000,"sd","09:48:39",107400
15.1,0.1,100,"sd","09:45:58",106400
15.1,0.1,200,"sd","09:45:41",106300
15.1,0.1,500,"sd","09:45:09",106100
15.1,0.1,300,"sd","09:42:06",105600
15.1,0.1,1800,"sd","09:42:03",105300
15.2,0.2,100,"bu","09:41:55",103500
15.1,0.1,1000,"sd","09:40:57",103400
15.1,0.1,10000,"sd","09:40:09",102400
15.1,0.1,100,"sd","09:40:04",92400
15.1,0.1,100,"sd","09:39:07",92300
15.1,0.1,1000,"sd","09:38:46",92200
15.1,0.1,1000,"sd","09:37:25",91200
15.2,0.2,1000,"bu","09:36:09",90200
15.2,0.2,1400,"bu","09:33:34",89200
15.2,0.2,500,"bu","09:29:55",87800
15.1,0.1,1000,"sd","09:28:34",87300
15.1,0.1,200,"sd","09:28:29",86300
15.1,0.1,1000,"sd","09:28:20",86100
15.1,0.1,400,"sd","09:28:09",85100
15.1,0.1,100,"sd","09:27:52",84700
15.1,0.1,2000,"sd","09:27:26",84600
15.1,0.1,3000,"sd","09:26:52",82600
15.2,0.2,100,"bu","09:26:43",79600
15.1,0.1,500,"sd","09:26:38",79500
15.1,0.1,200,"sd","09:26:22",79000
15.1,0.1,2000,"sd","09:26:15",78800
15.1,0.1,100,"sd","09:25:28",76800
15.1,0.1,200,"sd","09:25:23",76700
15.1,0.1,100,"sd","09:25:12",76500
15.2,0.2,500,"bu","09:20:10",76400
15.2,0.2,7000,"bu","09:19:45",75900
15.2,0.2,500,"sd","09:19:42",68900
15.3,0.3,100,"bu","09:19:27",68400
15.2,0.2,10000,"sd","09:19:14",68300
15.3,0.3,100,"bu","09:17:56",58300
15.2,0.2,100,"sd","09:17:43",58200
15.3,0.3,100,"bu","09:16:50",58100
15.2,0.2,1000,"sd","09:16:45",58000
15.2,0.2,100,"sd","09:16:00",57000
15.2,0.2,1000,"sd","09:15:31",56900
15.3,0.3,300,"bu","09:15:01",55900
15.3,0.3,100,"bu","09:13:41",55600
15.2,0.2,1400,"sd","09:12:42",55500
15.2,0.2,600,"sd","09:12:29",54100
15.2,0.2,4000,"sd","09:12:28",53500
15.2,0.2,1000,"sd","09:12:23",49500
15.2,0.2,20000,"sd","09:12:06",48500
15.2,0.2,100,"sd","09:11:53",28500
15.2,0.2,500,"sd","09:10:36",28400
15.2,0.2,1200,"bu","09:10:24",27900
15.2,0.2,500,"bu","09:10:19",26700
15.2,0.2,100,"bu","09:10:10",26200
15.2,0.2,500,"bu","09:09:47",26100
15.2,0.2,500,"bu","09:09:44",25600
15.2,0.2,10000,"bu","09:09:40",25100
15.2,0.2,1000,"bu","09:09:18",15100
15.2,0.2,200,"bu","09:09:12",14100
15.2,0.2,800,"bu","09:07:53",13900
15.2,0.2,100,"sd","09:07:43",13100
15.2,0.2,100,"sd","09:06:20",13000
15.2,0.2,400,"sd","09:06:02",12900
15.2,0.2,100,"sd","09:05:57",12500
15.2,0.2,100,"sd","09:05:42",12400
15.2,0.2,200,"unknown","09:05:26",12300
15.2,0.2,500,"unknown","09:04:43",12100
15.2,0.2,8200,"bu","09:04:26",11600
15.2,0.2,200,"sd","09:04:23",3400
15.2,0.2,1000,"sd","09:04:12",3200
15.3,0.3,500,"bu","09:03:21",2200
15.2,0.2,1100,"sd","09:02:40",1700
15.1,0.1,400,"unknown","09:01:55",600
15,0,100,"sd","09:00:09",200
15,0,100,"sd","09:00:08",100
