"price","change","match_qtty","side","time","total_vol"
5.6,0.1,100,"bu","14:45:01",83700
5.6,0.1,1000,"bu","14:26:00",83600
5.6,0.1,100,"bu","14:24:36",82600
5.5,0,600,"sd","14:24:29",82500
5.5,0,2900,"sd","14:23:09",81900
5.5,0,400,"sd","14:23:08",79000
5.5,0,300,"sd","14:22:13",78600
5.6,0.1,100,"bu","14:20:27",78300
5.5,0,300,"sd","14:19:52",78200
5.5,0,300,"sd","14:18:56",77900
5.6,0.1,10000,"unknown","14:12:10",77600
5.6,0.1,1000,"bu","14:11:08",67600
5.6,0.1,100,"bu","14:04:29",66600
5.5,0,200,"bu","14:03:43",66500
5.5,0,1000,"bu","14:02:59",66300
5.5,0,300,"bu","14:02:21",65300
5.5,0,200,"bu","14:00:49",65000
5.5,0,3000,"bu","14:00:39",64800
5.5,0,200,"bu","13:56:33",61800
5.5,0,2000,"bu","13:55:44",61600
5.5,0,100,"bu","13:51:39",59600
5.6,0.1,100,"bu","13:45:48",59500
5.4,-0.1,200,"sd","13:45:40",59400
5.4,-0.1,100,"sd","13:43:06",59200
5.6,0.1,100,"bu","13:43:02",59100
5.5,0,1300,"bu","13:42:11",59000
5.5,0,1000,"bu","13:41:27",57700
5.5,0,200,"bu","13:38:43",56700
5.5,0,100,"bu","13:36:19",56500
5.4,-0.1,1000,"bu","13:35:55",56400
5.4,-0.1,5000,"bu","13:35:28",55400
5.4,-0.1,100,"bu","13:30:56",50400
5.4,-0.1,500,"bu","13:30:47",50300
5.4,-0.1,200,"bu","13:27:26",49800
5.4,-0.1,1000,"bu","13:27:06",49600
5.4,-0.1,1000,"bu","13:26:55",48600
5.4,-0.1,800,"unknown","13:12:38",47600
5.4,-0.1,600,"unknown","11:29:57",46800
5.4,-0.1,200,"bu","11:28:26",46200
5.4,-0.1,200,"bu","11:26:52",46000
5.4,-0.1,11000,"bu","11:24:14",45800
5.5,0,400,"bu","11:17:26",34800
5.6,0.1,100,"bu","10:39:31",34400
5.4,-0.1,500,"sd","10:38:51",34300
5.5,0,2500,"bu","10:31:41",33800
5.5,0,3000,"sd","10:12:08",31300
5.6,0.1,100,"bu","10:07:20",28300
5.5,0,3700,"sd","10:06:04",28200
5.5,0,700,"sd","09:54:37",24500
5.6,0.1,200,"bu","09:36:24",23800
5.6,0.1,500,"bu","09:36:00",23600
5.6,0.1,100,"bu","09:35:27",23100
5.5,0,1000,"sd","09:35:05",23000
5.5,0,200,"sd","09:28:20",22000
5.5,0,5000,"sd","09:27:53",21800
5.5,0,4000,"sd","09:27:37",16800
5.6,0.1,5000,"bu","09:20:40",12800
5.6,0.1,100,"unknown","09:14:46",7800
5.7,0.2,2600,"bu","09:10:17",7700
5.6,0.1,5000,"bu","09:10:07",5100
5.7,0.2,100,"bu","09:01:59",100
