"price","change","match_qtty","side","time","total_vol"
6.8,0.21,166100,"unknown","14:45:00",3510000
6.8,0.21,2400,"bu","14:29:58",3343900
6.8,0.21,200,"bu","14:29:58",3341500
6.8,0.21,2000,"bu","14:29:58",3341300
6.8,0.21,100,"bu","14:29:58",3339300
6.8,0.21,100,"bu","14:29:58",3339200
6.8,0.21,1000,"bu","14:29:58",3339100
6.8,0.21,4200,"bu","14:29:58",3338100
6.8,0.21,2500,"bu","14:29:56",3333900
6.8,0.21,2500,"bu","14:29:56",3331400
6.8,0.21,100,"bu","14:29:55",3328900
6.8,0.21,1000,"bu","14:29:42",3328800
6.8,0.21,1000,"bu","14:29:38",3327800
6.8,0.21,1100,"bu","14:29:38",3326800
6.8,0.21,100,"bu","14:29:38",3325700
6.79,0.2,2000,"bu","14:29:38",3325600
6.8,0.21,1000,"bu","14:29:38",3323600
6.79,0.2,1000,"bu","14:29:38",3322600
6.8,0.21,300,"bu","14:29:38",3321600
6.79,0.2,100,"bu","14:29:38",3321300
6.8,0.21,100,"bu","14:29:38",3321200
6.8,0.21,1000,"bu","14:29:38",3321100
6.79,0.2,1000,"bu","14:29:38",3320100
6.8,0.21,100,"bu","14:29:38",3319100
6.79,0.2,500,"bu","14:29:38",3319000
6.8,0.21,300,"bu","14:29:38",3318500
6.79,0.2,200,"bu","14:29:38",3318200
6.8,0.21,2000,"bu","14:29:38",3318000
6.79,0.2,100,"bu","14:29:38",3316000
6.8,0.21,1000,"bu","14:29:38",3315900
6.79,0.2,1000,"bu","14:29:38",3314900
6.8,0.21,2000,"bu","14:29:38",3313900
6.79,0.2,1700,"bu","14:29:38",3311900
6.8,0.21,100,"bu","14:29:38",3310200
6.78,0.19,200,"bu","14:29:38",3310100
6.8,0.21,500,"bu","14:29:38",3309900
6.78,0.19,100,"bu","14:29:38",3309400
6.8,0.21,100,"bu","14:29:38",3309300
6.78,0.19,5000,"bu","14:29:38",3309200
6.8,0.21,1000,"bu","14:29:38",3304200
6.78,0.19,1500,"bu","14:29:38",3303200
6.79,0.2,100,"bu","14:29:38",3301700
6.79,0.2,2000,"bu","14:29:38",3301600
6.78,0.19,2800,"bu","14:29:38",3299600
6.8,0.21,2900,"bu","14:29:38",3296800
6.79,0.2,1000,"bu","14:29:38",3293900
6.78,0.19,3700,"bu","14:29:38",3292900
6.8,0.21,1000,"bu","14:29:38",3289200
6.79,0.2,4000,"bu","14:29:38",3288200
6.78,0.19,1900,"bu","14:29:38",3284200
6.79,0.2,10000,"bu","14:29:38",3282300
6.79,0.2,3000,"bu","14:29:38",3272300
6.79,0.2,78500,"bu","14:29:38",3269300
6.78,0.19,100,"bu","14:29:25",3190800
6.77,0.18,100,"unknown","14:29:05",3190700
6.77,0.18,100,"unknown","14:29:05",3190600
6.77,0.18,800,"unknown","14:29:05",3190500
6.77,0.18,1000,"bu","14:29:04",3189700
6.77,0.18,200,"bu","14:29:00",3188700
6.77,0.18,100,"bu","14:29:00",3188500
6.76,0.17,200,"bu","14:28:50",3188400
6.76,0.17,200,"bu","14:28:36",3188200
6.75,0.16,2000,"sd","14:28:21",3188000
6.76,0.17,1800,"bu","14:28:11",3186000
6.76,0.17,10000,"bu","14:28:11",3184200
6.76,0.17,100,"bu","14:28:11",3174200
6.76,0.17,8100,"bu","14:28:11",3174100
6.75,0.16,10000,"sd","14:28:03",3166000
6.75,0.16,9300,"sd","14:27:46",3156000
6.75,0.16,700,"sd","14:27:46",3146700
6.75,0.16,600,"sd","14:27:44",3146000
6.75,0.16,100,"sd","14:27:44",3145400
6.75,0.16,100,"sd","14:27:44",3145300
6.75,0.16,100,"sd","14:27:44",3145200
6.75,0.16,100,"sd","14:27:44",3145100
6.76,0.17,400,"bu","14:27:25",3145000
6.75,0.16,600,"sd","14:27:22",3144600
6.75,0.16,100,"sd","14:27:22",3144000
6.75,0.16,300,"sd","14:27:22",3143900
6.75,0.16,700,"sd","14:27:13",3143600
6.75,0.16,400,"sd","14:27:13",3142900
6.75,0.16,3900,"sd","14:27:13",3142500
6.76,0.17,6900,"bu","14:27:03",3138600
6.75,0.16,200,"sd","14:27:02",3131700
6.76,0.17,2600,"bu","14:26:49",3131500
6.75,0.16,2700,"sd","14:26:34",3128900
6.75,0.16,300,"sd","14:26:34",3126200
6.76,0.17,300,"bu","14:26:32",3125900
6.76,0.17,500,"bu","14:26:19",3125600
6.76,0.17,100,"bu","14:26:04",3125100
6.75,0.16,200,"sd","14:25:58",3125000
6.75,0.16,2600,"sd","14:25:51",3124800
6.75,0.16,5000,"sd","14:25:51",3122200
6.75,0.16,300,"sd","14:25:51",3117200
6.76,0.17,9000,"sd","14:25:49",3116900
6.76,0.17,100,"sd","14:25:49",3107900
6.76,0.17,100,"bu","14:25:38",3107800
6.76,0.17,100,"sd","14:25:21",3107700
6.76,0.17,2000,"bu","14:24:44",3107600
6.76,0.17,100,"bu","14:24:44",3105600
6.76,0.17,500,"bu","14:24:22",3105500
6.78,0.19,300,"bu","14:24:17",3105000
6.76,0.17,300,"bu","14:24:15",3104700
6.76,0.17,4700,"bu","14:24:10",3104400
6.76,0.17,300,"bu","14:24:10",3099700
6.76,0.17,500,"bu","14:24:04",3099400
6.75,0.16,200,"bu","14:23:42",3098900
6.75,0.16,2000,"bu","14:23:40",3098700
6.75,0.16,100,"bu","14:23:40",3096700
6.75,0.16,1000,"bu","14:23:40",3096600
6.75,0.16,500,"bu","14:23:40",3095600
6.75,0.16,100,"bu","14:23:40",3095100
6.75,0.16,900,"bu","14:23:23",3095000
6.75,0.16,2000,"bu","14:23:23",3094100
6.75,0.16,200,"bu","14:23:23",3092100
6.75,0.16,100,"bu","14:23:23",3091900
6.72,0.13,1000,"bu","14:23:23",3091800
6.72,0.13,500,"bu","14:23:23",3090800
6.72,0.13,200,"bu","14:23:23",3090300
6.72,0.13,100,"bu","14:23:23",3090100
6.7,0.11,100,"bu","14:22:36",3090000
6.67,0.08,400,"bu","14:21:42",3089900
6.66,0.07,200,"sd","14:21:33",3089500
6.67,0.08,500,"bu","14:21:32",3089300
6.67,0.08,1500,"bu","14:21:30",3088800
6.67,0.08,2000,"bu","14:21:27",3087300
6.66,0.07,1000,"sd","14:21:07",3085300
6.66,0.07,1300,"bu","14:21:07",3084300
6.65,0.06,200,"bu","14:21:07",3083000
6.65,0.06,5000,"bu","14:21:07",3082800
6.65,0.06,5000,"bu","14:21:07",3077800
6.65,0.06,300,"bu","14:21:07",3072800
6.65,0.06,200,"bu","14:20:48",3072500
6.63,0.04,1000,"sd","14:20:31",3072300
6.65,0.06,1000,"bu","14:20:23",3071300
6.65,0.06,200,"bu","14:20:16",3070300
6.65,0.06,200,"bu","14:20:04",3070100
6.65,0.06,200,"sd","14:19:55",3069900
6.66,0.07,5300,"sd","14:19:43",3069700
6.66,0.07,300,"sd","14:19:35",3064400
6.66,0.07,100,"sd","14:19:35",3064100
6.66,0.07,200,"sd","14:19:35",3064000
6.66,0.07,100,"sd","14:19:35",3063800
6.66,0.07,100,"sd","14:19:32",3063700
6.66,0.07,500,"sd","14:19:32",3063600
6.66,0.07,500,"sd","14:19:22",3063100
6.66,0.07,4300,"sd","14:19:22",3062600
6.66,0.07,100,"sd","14:19:22",3058300
6.67,0.08,200,"bu","14:19:04",3058200
6.67,0.08,100,"bu","14:19:04",3058000
6.67,0.08,300,"sd","14:18:51",3057900
6.66,0.07,400,"sd","14:17:56",3057600
6.72,0.13,400,"unknown","14:17:30",3057200
6.73,0.14,400,"unknown","14:17:30",3056800
6.74,0.15,100,"unknown","14:17:30",3056400
6.66,0.07,300,"sd","14:17:30",3056300
6.72,0.13,200,"sd","14:17:30",3056000
6.75,0.16,200,"bu","14:17:25",3055800
6.75,0.16,200,"sd","14:17:16",3055600
6.75,0.16,300,"sd","14:17:16",3055400
6.75,0.16,1000,"sd","14:17:06",3055100
6.75,0.16,900,"sd","14:17:04",3054100
6.75,0.16,100,"sd","14:17:03",3053200
6.76,0.17,200,"bu","14:17:00",3053100
6.75,0.16,100,"sd","14:16:59",3052900
6.76,0.17,2000,"sd","14:16:45",3052800
6.76,0.17,100,"sd","14:16:45",3050800
6.76,0.17,1900,"sd","14:16:45",3050700
6.76,0.17,400,"sd","14:16:37",3048800
6.76,0.17,500,"sd","14:16:32",3048400
6.76,0.17,500,"sd","14:16:21",3047900
6.76,0.17,1000,"sd","14:16:14",3047400
6.76,0.17,500,"sd","14:16:14",3046400
6.76,0.17,300,"sd","14:16:06",3045900
6.76,0.17,4900,"sd","14:16:02",3045600
6.76,0.17,100,"sd","14:16:02",3040700
6.76,0.17,5000,"sd","14:16:02",3040600
6.79,0.2,100,"bu","14:15:50",3035600
6.79,0.2,1000,"bu","14:15:42",3035500
6.79,0.2,100,"sd","14:15:37",3034500
6.79,0.2,100,"sd","14:15:37",3034400
6.79,0.2,2000,"sd","14:15:37",3034300
6.79,0.2,5000,"sd","14:15:34",3032300
6.79,0.2,1000,"sd","14:15:31",3027300
6.8,0.21,500,"bu","14:15:30",3026300
6.79,0.2,2000,"sd","14:15:28",3025800
6.79,0.2,1000,"sd","14:15:26",3023800
6.79,0.2,100,"sd","14:15:24",3022800
6.79,0.2,100,"sd","14:15:21",3022700
6.79,0.2,1000,"sd","14:15:19",3022600
6.79,0.2,3000,"sd","14:15:19",3021600
6.79,0.2,1000,"sd","14:15:18",3018600
6.79,0.2,100,"sd","14:15:17",3017600
6.79,0.2,10000,"sd","14:15:12",3017500
6.79,0.2,100,"sd","14:15:12",3007500
6.79,0.2,200,"sd","14:15:11",3007400
6.79,0.2,100,"sd","14:15:08",3007200
6.79,0.2,2800,"bu","14:15:03",3007100
6.78,0.19,6000,"bu","14:15:03",3004300
6.77,0.18,500,"bu","14:15:03",2998300
6.79,0.2,100,"bu","14:14:51",2997800
6.79,0.2,200,"bu","14:14:51",2997700
6.79,0.2,800,"bu","14:14:51",2997500
6.79,0.2,2500,"bu","14:14:51",2996700
6.78,0.19,3000,"bu","14:14:51",2994200
6.78,0.19,500,"bu","14:14:51",2991200
6.78,0.19,100,"bu","14:14:51",2990700
6.78,0.19,1500,"bu","14:14:51",2990600
6.77,0.18,800,"bu","14:14:51",2989100
6.76,0.17,200,"bu","14:14:51",2988300
6.79,0.2,5200,"bu","14:14:51",2988100
6.79,0.2,800,"bu","14:14:51",2982900
6.79,0.2,600,"bu","14:14:51",2982100
6.79,0.2,500,"bu","14:14:51",2981500
6.76,0.17,200,"bu","14:14:51",2981000
6.79,0.2,3300,"bu","14:14:51",2980800
6.77,0.18,100,"sd","14:14:47",2977500
6.77,0.18,100,"sd","14:14:47",2977400
6.78,0.19,200,"bu","14:14:33",2977300
6.78,0.19,1300,"sd","14:14:30",2977100
6.78,0.19,500,"sd","14:14:30",2975800
6.78,0.19,1000,"sd","14:14:29",2975300
6.78,0.19,100,"sd","14:14:29",2974300
6.78,0.19,4400,"sd","14:14:25",2974200
6.78,0.19,100,"sd","14:14:25",2969800
6.78,0.19,500,"sd","14:14:25",2969700
6.79,0.2,500,"bu","14:14:24",2969200
6.79,0.2,500,"bu","14:14:24",2968700
6.79,0.2,300,"bu","14:14:24",2968200
6.78,0.19,500,"sd","14:14:24",2967900
6.78,0.19,1000,"sd","14:14:23",2967400
6.79,0.2,700,"bu","14:14:02",2966400
6.78,0.19,300,"sd","14:14:01",2965700
6.78,0.19,1900,"bu","14:14:00",2965400
6.78,0.19,500,"bu","14:13:58",2963500
6.78,0.19,300,"sd","14:13:44",2963000
6.78,0.19,200,"sd","14:13:44",2962700
6.78,0.19,5000,"sd","14:13:44",2962500
6.78,0.19,100,"sd","14:13:44",2957500
6.8,0.21,1600,"bu","14:13:43",2957400
6.8,0.21,2400,"bu","14:13:43",2955800
6.8,0.21,1000,"bu","14:13:43",2953400
6.8,0.21,100,"bu","14:13:43",2952400
6.8,0.21,5900,"bu","14:13:43",2952300
6.8,0.21,3800,"bu","14:13:43",2946400
6.8,0.21,500,"bu","14:13:43",2942600
6.8,0.21,100,"bu","14:13:43",2942100
6.8,0.21,200,"bu","14:13:43",2942000
6.79,0.2,300,"bu","14:13:43",2941800
6.79,0.2,100,"bu","14:13:43",2941500
6.79,0.2,400,"sd","14:13:38",2941400
6.79,0.2,100,"bu","14:13:34",2941000
6.79,0.2,800,"sd","14:13:32",2940900
6.8,0.21,800,"bu","14:13:30",2940100
6.8,0.21,100,"bu","14:13:30",2939300
6.8,0.21,300,"bu","14:13:30",2939200
6.8,0.21,100,"bu","14:13:30",2938900
6.8,0.21,500,"bu","14:13:30",2938800
6.8,0.21,2000,"bu","14:13:30",2938300
6.8,0.21,8200,"bu","14:13:30",2936300
6.79,0.2,200,"sd","14:13:28",2928100
6.8,0.21,9600,"bu","14:13:18",2927900
6.79,0.2,400,"bu","14:13:18",2918300
6.79,0.2,500,"sd","14:13:14",2917900
6.79,0.2,100,"sd","14:13:14",2917400
6.8,0.21,2000,"bu","14:12:58",2917300
6.8,0.21,100,"bu","14:12:58",2915300
6.8,0.21,100,"bu","14:12:58",2915200
6.8,0.21,100,"bu","14:12:58",2915100
6.8,0.21,100,"bu","14:12:58",2915000
6.8,0.21,1000,"bu","14:12:58",2914900
6.8,0.21,1500,"bu","14:12:58",2913900
6.8,0.21,33200,"bu","14:12:58",2912400
6.8,0.21,1000,"bu","14:12:58",2879200
6.8,0.21,1000,"bu","14:12:58",2878200
6.8,0.21,100,"bu","14:12:58",2877200
6.8,0.21,5000,"bu","14:12:58",2877100
6.8,0.21,100,"bu","14:12:58",2872100
6.8,0.21,300,"bu","14:12:58",2872000
6.8,0.21,400,"bu","14:12:58",2871700
6.8,0.21,400,"bu","14:12:58",2871300
6.8,0.21,200,"bu","14:12:58",2870900
6.8,0.21,2000,"bu","14:12:58",2870700
6.8,0.21,100,"bu","14:12:58",2868700
6.8,0.21,400,"bu","14:12:58",2868600
6.8,0.21,100,"bu","14:12:58",2868200
6.8,0.21,200,"bu","14:12:58",2868100
6.79,0.2,100,"bu","14:12:58",2867900
6.79,0.2,400,"bu","14:12:58",2867800
6.8,0.21,200,"bu","14:12:58",2867400
6.79,0.2,100,"bu","14:12:58",2867200
6.8,0.21,300,"bu","14:12:58",2867100
6.79,0.2,3000,"bu","14:12:58",2866800
6.8,0.21,10000,"bu","14:12:58",2863800
6.79,0.2,900,"bu","14:12:58",2853800
6.8,0.21,100,"bu","14:12:58",2852900
6.79,0.2,1500,"bu","14:12:58",2852800
6.78,0.19,300,"sd","14:12:56",2851300
6.78,0.19,1000,"sd","14:12:43",2851000
6.78,0.19,200,"bu","14:12:37",2850000
6.78,0.19,100,"bu","14:12:37",2849800
6.78,0.19,300,"bu","14:12:37",2849700
6.77,0.18,1900,"sd","14:12:36",2849400
6.77,0.18,200,"sd","14:12:35",2847500
6.77,0.18,900,"sd","14:12:35",2847300
6.78,0.19,200,"bu","14:12:35",2846400
6.78,0.19,800,"bu","14:12:35",2846200
6.78,0.19,100,"bu","14:12:30",2845400
6.78,0.19,1600,"bu","14:12:29",2845300
6.78,0.19,400,"bu","14:12:29",2843700
6.78,0.19,900,"bu","14:12:28",2843300
6.78,0.19,100,"bu","14:12:28",2842400
6.77,0.18,100,"sd","14:12:22",2842300
6.78,0.19,500,"bu","14:12:21",2842200
6.78,0.19,1600,"bu","14:12:21",2841700
6.78,0.19,200,"bu","14:12:07",2840100
6.78,0.19,200,"bu","14:11:50",2839900
6.78,0.19,800,"bu","14:11:50",2839700
6.78,0.19,500,"bu","14:11:42",2838900
6.76,0.17,100,"sd","14:11:38",2838400
6.76,0.17,1000,"sd","14:11:29",2838300
6.78,0.19,700,"bu","14:11:29",2837300
6.78,0.19,100,"bu","14:11:29",2836600
6.78,0.19,300,"bu","14:11:29",2836500
6.78,0.19,10900,"bu","14:11:29",2836200
6.78,0.19,500,"bu","14:11:28",2825300
6.76,0.17,100,"sd","14:11:25",2824800
6.76,0.17,100,"sd","14:11:18",2824700
6.76,0.17,100,"bu","14:11:18",2824600
6.76,0.17,400,"bu","14:11:18",2824500
6.75,0.16,200,"sd","14:11:18",2824100
6.75,0.16,100,"sd","14:11:13",2823900
6.75,0.16,400,"sd","14:11:01",2823800
6.75,0.16,500,"sd","14:10:56",2823400
6.75,0.16,100,"sd","14:10:47",2822900
6.75,0.16,100,"bu","14:10:46",2822800
6.75,0.16,100,"bu","14:10:46",2822700
6.75,0.16,300,"bu","14:10:46",2822600
6.75,0.16,200,"bu","14:10:46",2822300
6.75,0.16,2200,"bu","14:10:46",2822100
6.75,0.16,5200,"bu","14:10:42",2819900
6.75,0.16,4800,"bu","14:10:42",2814700
6.75,0.16,200,"bu","14:10:41",2809900
6.75,0.16,300,"bu","14:10:41",2809700
6.74,0.15,5000,"sd","14:10:38",2809400
6.75,0.16,1000,"bu","14:10:36",2804400
6.74,0.15,100,"sd","14:10:31",2803400
6.74,0.15,500,"sd","14:10:24",2803300
6.75,0.16,1200,"bu","14:10:22",2802800
6.75,0.16,100,"bu","14:10:22",2801600
6.75,0.16,100,"bu","14:10:22",2801500
6.75,0.16,100,"bu","14:10:22",2801400
6.75,0.16,8700,"bu","14:10:22",2801300
6.75,0.16,2800,"bu","14:10:22",2792600
6.75,0.16,1000,"bu","14:10:22",2789800
6.75,0.16,1600,"bu","14:10:22",2788800
6.74,0.15,200,"bu","14:10:18",2787200
6.74,0.15,3000,"bu","14:10:18",2787000
6.74,0.15,3000,"bu","14:10:18",2784000
6.74,0.15,7000,"bu","14:10:18",2781000
6.73,0.14,1000,"bu","14:10:18",2774000
6.73,0.14,2000,"bu","14:10:18",2773000
6.73,0.14,5000,"bu","14:10:18",2771000
6.73,0.14,6000,"bu","14:10:18",2766000
6.72,0.13,1000,"bu","14:10:18",2760000
6.72,0.13,100,"bu","14:10:18",2759000
6.72,0.13,100,"bu","14:10:18",2758900
6.72,0.13,100,"bu","14:10:18",2758800
6.72,0.13,500,"bu","14:10:18",2758700
6.72,0.13,900,"bu","14:10:18",2758200
6.72,0.13,500,"bu","14:09:58",2757300
6.71,0.12,200,"bu","14:09:49",2756800
6.72,0.13,600,"bu","14:09:32",2756600
6.72,0.13,500,"bu","14:09:32",2756000
6.71,0.12,500,"bu","14:09:32",2755500
6.71,0.12,2000,"bu","14:09:32",2755000
6.71,0.12,100,"bu","14:09:32",2753000
6.71,0.12,300,"bu","14:09:32",2752900
6.7,0.11,700,"sd","14:09:31",2752600
6.7,0.11,100,"sd","14:09:31",2751900
6.71,0.12,100,"bu","14:09:24",2751800
6.71,0.12,1000,"bu","14:09:19",2751700
6.7,0.11,5000,"bu","14:09:16",2750700
6.7,0.11,200,"bu","14:09:16",2745700
6.7,0.11,1000,"bu","14:09:16",2745500
6.7,0.11,500,"bu","14:09:16",2744500
6.7,0.11,500,"bu","14:09:16",2744000
6.7,0.11,500,"bu","14:09:16",2743500
6.7,0.11,200,"bu","14:09:16",2743000
6.7,0.11,100,"bu","14:09:16",2742800
6.7,0.11,100,"bu","14:09:16",2742700
6.68,0.09,1500,"sd","14:09:07",2742600
6.7,0.11,900,"bu","14:09:01",2741100
6.7,0.11,3000,"bu","14:09:01",2740200
6.7,0.11,100,"bu","14:09:01",2737200
6.7,0.11,1000,"bu","14:09:01",2737100
6.7,0.11,4300,"bu","14:09:01",2736100
6.7,0.11,1000,"bu","14:09:01",2731800
6.7,0.11,500,"bu","14:09:01",2730800
6.7,0.11,400,"bu","14:09:01",2730300
6.7,0.11,3000,"bu","14:09:01",2729900
6.7,0.11,1000,"bu","14:09:01",2726900
6.7,0.11,3000,"bu","14:09:01",2725900
6.7,0.11,5000,"bu","14:09:01",2722900
6.7,0.11,200,"bu","14:09:01",2717900
6.7,0.11,3000,"bu","14:09:01",2717700
6.7,0.11,100,"bu","14:09:01",2714700
6.7,0.11,5000,"bu","14:09:01",2714600
6.7,0.11,2000,"bu","14:09:01",2709600
6.7,0.11,2000,"bu","14:09:01",2707600
6.7,0.11,700,"bu","14:09:01",2705600
6.69,0.1,200,"bu","14:09:01",2704900
6.69,0.1,300,"bu","14:09:01",2704700
6.69,0.1,100,"bu","14:09:01",2704400
6.69,0.1,3200,"bu","14:09:01",2704300
6.69,0.1,5500,"bu","14:09:01",2701100
6.68,0.09,100,"bu","14:08:50",2695600
6.68,0.09,300,"bu","14:08:50",2695500
6.68,0.09,5000,"bu","14:08:50",2695200
6.68,0.09,1000,"bu","14:08:50",2690200
6.68,0.09,100,"bu","14:08:50",2689200
6.68,0.09,100,"bu","14:08:50",2689100
6.68,0.09,2000,"bu","14:08:50",2689000
6.68,0.09,1800,"bu","14:08:50",2687000
6.68,0.09,1000,"bu","14:08:50",2685200
6.67,0.08,100,"unknown","14:08:35",2684200
6.66,0.07,100,"bu","14:08:27",2684100
6.66,0.07,100,"bu","14:08:27",2684000
6.66,0.07,1000,"bu","14:08:27",2683900
6.66,0.07,200,"bu","14:08:27",2682900
6.66,0.07,1200,"bu","14:08:27",2682700
6.66,0.07,1000,"bu","14:08:27",2681500
6.66,0.07,2000,"bu","14:08:27",2680500
6.66,0.07,500,"bu","14:08:27",2678500
6.65,0.06,200,"sd","14:08:16",2678000
6.65,0.06,300,"sd","14:08:16",2677800
6.65,0.06,400,"sd","14:08:14",2677500
6.65,0.06,100,"sd","14:08:14",2677100
6.66,0.07,1000,"bu","14:08:07",2677000
6.65,0.06,400,"sd","14:08:07",2676000
6.65,0.06,400,"sd","14:08:07",2675600
6.66,0.07,100,"bu","14:07:57",2675200
6.65,0.06,1000,"sd","14:07:51",2675100
6.66,0.07,200,"bu","14:07:49",2674100
6.66,0.07,500,"bu","14:07:23",2673900
6.66,0.07,500,"bu","14:07:20",2673400
6.65,0.06,1000,"sd","14:07:18",2672900
6.66,0.07,100,"bu","14:07:12",2671900
6.65,0.06,1000,"sd","14:07:08",2671800
6.65,0.06,500,"sd","14:07:05",2670800
6.66,0.07,200,"sd","14:06:44",2670300
6.66,0.07,300,"sd","14:06:44",2670100
6.66,0.07,1700,"sd","14:06:44",2669800
6.66,0.07,1000,"sd","14:06:38",2668100
6.66,0.07,500,"sd","14:06:37",2667100
6.66,0.07,400,"sd","14:06:35",2666600
6.67,0.08,2700,"bu","14:06:25",2666200
6.67,0.08,500,"sd","14:06:22",2663500
6.67,0.08,500,"sd","14:06:21",2663000
6.68,0.09,3200,"bu","14:06:19",2662500
6.68,0.09,1000,"bu","14:06:19",2659300
6.68,0.09,800,"bu","14:06:19",2658300
6.67,0.08,500,"sd","14:06:19",2657500
6.67,0.08,200,"sd","14:06:16",2657000
6.67,0.08,500,"sd","14:06:01",2656800
6.68,0.09,300,"bu","14:05:52",2656300
6.68,0.09,900,"bu","14:05:48",2656000
6.68,0.09,100,"bu","14:05:48",2655100
6.68,0.09,1000,"bu","14:05:48",2655000
6.68,0.09,1000,"bu","14:05:44",2654000
6.68,0.09,400,"bu","14:05:44",2653000
6.68,0.09,1000,"bu","14:05:44",2652600
6.68,0.09,200,"bu","14:05:44",2651600
6.68,0.09,1000,"bu","14:05:44",2651400
6.68,0.09,2000,"bu","14:05:44",2650400
6.68,0.09,200,"bu","14:05:44",2648400
6.68,0.09,4200,"bu","14:05:44",2648200
6.67,0.08,100,"bu","14:05:34",2644000
6.66,0.07,1400,"sd","14:05:30",2643900
6.66,0.07,1600,"sd","14:05:30",2642500
6.66,0.07,3000,"sd","14:05:21",2640900
6.66,0.07,3000,"sd","14:05:15",2637900
6.68,0.09,5800,"bu","14:05:12",2634900
6.68,0.09,1700,"bu","14:05:12",2629100
6.68,0.09,2500,"bu","14:05:12",2627400
6.66,0.07,2400,"sd","14:05:01",2624900
6.66,0.07,600,"sd","14:05:01",2622500
6.66,0.07,1000,"sd","14:04:54",2621900
6.68,0.09,4500,"bu","14:04:51",2620900
6.67,0.08,200,"bu","14:04:51",2616400
6.67,0.08,300,"bu","14:04:51",2616200
6.66,0.07,500,"bu","14:04:33",2615900
6.66,0.07,100,"bu","14:04:33",2615400
6.66,0.07,300,"bu","14:04:33",2615300
6.66,0.07,1000,"bu","14:04:33",2615000
6.66,0.07,500,"bu","14:04:33",2614000
6.66,0.07,1000,"bu","14:04:33",2613500
6.65,0.06,900,"sd","14:04:28",2612500
6.65,0.06,300,"bu","14:04:25",2611600
6.65,0.06,100,"bu","14:04:25",2611300
6.65,0.06,1000,"bu","14:04:25",2611200
6.65,0.06,1000,"bu","14:04:25",2610200
6.65,0.06,400,"bu","14:04:25",2609200
6.65,0.06,100,"bu","14:04:25",2608800
6.65,0.06,200,"bu","14:04:25",2608700
6.65,0.06,2000,"bu","14:04:25",2608500
6.65,0.06,3500,"bu","14:04:19",2606500
6.65,0.06,5000,"bu","14:04:18",2603000
6.65,0.06,500,"bu","14:04:07",2598000
6.64,0.05,100,"sd","14:04:00",2597500
6.64,0.05,300,"bu","14:03:58",2597400
6.64,0.05,2000,"bu","14:03:58",2597100
6.64,0.05,5000,"bu","14:03:58",2595100
6.64,0.05,1000,"bu","14:03:58",2590100
6.64,0.05,1700,"bu","14:03:58",2589100
6.63,0.04,100,"sd","14:03:57",2587400
6.64,0.05,5000,"bu","14:03:57",2587300
6.63,0.04,200,"sd","14:03:49",2582300
6.64,0.05,3300,"bu","14:03:45",2582100
6.64,0.05,1700,"bu","14:03:45",2578800
6.64,0.05,1200,"bu","14:03:29",2577100
6.63,0.04,1000,"sd","14:03:17",2575900
6.63,0.04,400,"bu","14:03:15",2574900
6.63,0.04,600,"bu","14:03:15",2574500
6.63,0.04,100,"bu","14:03:14",2573900
6.63,0.04,300,"bu","14:03:01",2573800
6.63,0.04,200,"bu","14:02:57",2573500
6.63,0.04,300,"bu","14:02:57",2573300
6.63,0.04,100,"bu","14:02:57",2573000
6.63,0.04,200,"bu","14:02:53",2572900
6.63,0.04,200,"bu","14:02:53",2572700
6.63,0.04,2000,"bu","14:02:53",2572500
6.63,0.04,2600,"bu","14:02:53",2570500
6.63,0.04,7400,"bu","14:02:52",2567900
6.63,0.04,600,"bu","14:02:52",2560500
6.63,0.04,3000,"bu","14:02:52",2559900
6.63,0.04,9000,"bu","14:02:52",2556900
6.63,0.04,200,"bu","14:02:39",2547900
6.63,0.04,4000,"bu","14:02:16",2547700
6.63,0.04,800,"bu","14:02:08",2543700
6.63,0.04,500,"bu","14:02:08",2542900
6.62,0.03,200,"bu","14:02:08",2542400
6.62,0.03,800,"sd","14:02:00",2542200
6.62,0.03,200,"sd","14:01:51",2541400
6.62,0.03,300,"sd","14:01:51",2541200
6.63,0.04,3000,"bu","14:01:46",2540900
6.62,0.03,900,"sd","14:01:35",2537900
6.62,0.03,500,"sd","14:01:35",2537000
6.62,0.03,100,"sd","14:01:35",2536500
6.63,0.04,100,"bu","14:01:34",2536400
6.63,0.04,5000,"bu","14:01:34",2536300
6.63,0.04,4800,"bu","14:01:34",2531300
6.63,0.04,1000,"bu","14:01:34",2526500
6.62,0.03,200,"sd","14:01:24",2525500
6.62,0.03,200,"sd","14:01:18",2525300
6.62,0.03,500,"bu","14:01:15",2525100
6.62,0.03,500,"bu","14:01:09",2524600
6.6,0.01,5000,"sd","14:01:08",2524100
6.62,0.03,300,"bu","14:01:07",2519100
6.6,0.01,200,"bu","14:00:52",2518800
6.6,0.01,100,"bu","14:00:52",2518600
6.6,0.01,500,"bu","14:00:52",2518500
6.6,0.01,200,"bu","14:00:52",2518000
6.6,0.01,2000,"bu","14:00:52",2517800
6.6,0.01,500,"bu","14:00:52",2515800
6.6,0.01,1000,"bu","14:00:52",2515300
6.6,0.01,100,"bu","14:00:52",2514300
6.6,0.01,100,"bu","14:00:52",2514200
6.6,0.01,400,"bu","14:00:50",2514100
6.6,0.01,500,"bu","14:00:50",2513700
6.6,0.01,1300,"bu","14:00:50",2513200
6.6,0.01,600,"bu","14:00:42",2511900
6.59,0,2000,"bu","14:00:42",2511300
6.59,0,4200,"bu","14:00:42",2509300
6.59,0,2000,"bu","14:00:42",2505100
6.59,0,1200,"bu","14:00:42",2503100
6.58,-0.01,200,"bu","14:00:31",2501900
6.58,-0.01,1000,"bu","14:00:31",2501700
6.58,-0.01,1500,"bu","14:00:31",2500700
6.58,-0.01,1400,"bu","14:00:31",2499200
6.58,-0.01,500,"bu","14:00:31",2497800
6.58,-0.01,500,"bu","14:00:31",2497300
6.58,-0.01,1200,"bu","14:00:26",2496800
6.58,-0.01,200,"bu","14:00:25",2495600
6.58,-0.01,100,"bu","14:00:14",2495400
6.58,-0.01,1900,"bu","14:00:14",2495300
6.57,-0.02,2900,"bu","14:00:00",2493400
6.57,-0.02,3000,"bu","14:00:00",2490500
6.57,-0.02,16200,"bu","14:00:00",2487500
6.57,-0.02,200,"bu","14:00:00",2471300
6.57,-0.02,9900,"bu","14:00:00",2471100
6.57,-0.02,100,"bu","13:59:57",2461200
6.57,-0.02,200,"bu","13:59:57",2461100
6.57,-0.02,200,"bu","13:59:48",2460900
6.56,-0.03,500,"sd","13:59:05",2460700
6.56,-0.03,600,"sd","13:58:39",2460200
6.56,-0.03,200,"sd","13:57:22",2459600
6.56,-0.03,200,"sd","13:57:17",2459400
6.57,-0.02,100,"bu","13:57:14",2459200
6.57,-0.02,100,"bu","13:56:55",2459100
6.56,-0.03,500,"sd","13:56:53",2459000
6.56,-0.03,1400,"sd","13:56:23",2458500
6.56,-0.03,1000,"bu","13:56:21",2457100
6.56,-0.03,100,"bu","13:56:21",2456100
6.56,-0.03,900,"sd","13:56:08",2456000
6.56,-0.03,100,"bu","13:55:55",2455100
6.56,-0.03,900,"sd","13:55:35",2455000
6.56,-0.03,1000,"sd","13:55:33",2454100
6.56,-0.03,100,"bu","13:55:10",2453100
6.57,-0.02,400,"bu","13:54:36",2453000
6.57,-0.02,1200,"bu","13:54:36",2452600
6.57,-0.02,100,"bu","13:53:49",2451400
6.57,-0.02,1700,"sd","13:53:38",2451300
6.57,-0.02,2100,"sd","13:53:17",2449600
6.57,-0.02,400,"sd","13:52:59",2447500
6.57,-0.02,500,"sd","13:52:31",2447100
6.58,-0.01,1000,"bu","13:52:30",2446600
6.57,-0.02,300,"sd","13:52:24",2445600
6.57,-0.02,700,"sd","13:51:57",2445300
6.57,-0.02,300,"sd","13:51:47",2444600
6.57,-0.02,3800,"bu","13:51:31",2444300
6.55,-0.04,100,"sd","13:49:57",2440500
6.55,-0.04,100,"sd","13:49:57",2440400
6.55,-0.04,100,"sd","13:49:17",2440300
6.55,-0.04,100,"sd","13:49:17",2440200
6.56,-0.03,200,"sd","13:49:17",2440100
6.55,-0.04,200,"sd","13:47:28",2439900
6.57,-0.02,100,"bu","13:46:59",2439700
6.57,-0.02,800,"bu","13:46:56",2439600
6.57,-0.02,100,"bu","13:46:54",2438800
6.57,-0.02,200,"bu","13:46:53",2438700
6.57,-0.02,2000,"bu","13:46:53",2438500
6.57,-0.02,1000,"bu","13:46:50",2436500
6.57,-0.02,300,"sd","13:46:48",2435500
6.57,-0.02,200,"sd","13:46:43",2435200
6.57,-0.02,1000,"sd","13:46:41",2435000
6.58,-0.01,200,"bu","13:46:18",2434000
6.58,-0.01,500,"bu","13:46:01",2433800
6.58,-0.01,100,"bu","13:45:48",2433300
6.55,-0.04,200,"sd","13:45:38",2433200
6.56,-0.03,100,"bu","13:45:38",2433000
6.55,-0.04,500,"bu","13:45:19",2432900
6.55,-0.04,500,"bu","13:45:19",2432400
6.54,-0.05,300,"unknown","13:44:21",2431900
6.54,-0.05,400,"unknown","13:44:21",2431600
6.54,-0.05,4300,"bu","13:44:21",2431200
6.53,-0.06,500,"bu","13:43:44",2426900
6.53,-0.06,100,"bu","13:43:33",2426400
6.53,-0.06,300,"sd","13:43:12",2426300
6.53,-0.06,800,"bu","13:43:06",2426000
6.52,-0.07,7000,"sd","13:42:31",2425200
6.53,-0.06,600,"bu","13:42:26",2418200
6.53,-0.06,300,"bu","13:42:20",2417600
6.52,-0.07,22000,"sd","13:42:20",2417300
6.52,-0.07,100,"sd","13:42:17",2395300
6.53,-0.06,800,"bu","13:42:15",2395200
6.52,-0.07,5000,"sd","13:42:11",2394400
6.52,-0.07,7000,"sd","13:42:09",2389400
6.52,-0.07,5100,"sd","13:41:31",2382400
6.52,-0.07,100,"sd","13:41:31",2377300
6.52,-0.07,100,"sd","13:41:31",2377200
6.52,-0.07,100,"sd","13:41:31",2377100
6.52,-0.07,500,"sd","13:41:31",2377000
6.52,-0.07,100,"sd","13:41:31",2376500
6.53,-0.06,400,"sd","13:41:10",2376400
6.53,-0.06,100,"sd","13:41:00",2376000
6.54,-0.05,200,"bu","13:40:48",2375900
6.54,-0.05,200,"sd","13:40:40",2375700
6.54,-0.05,100,"sd","13:40:40",2375500
6.54,-0.05,100,"sd","13:40:40",2375400
6.54,-0.05,100,"sd","13:40:39",2375300
6.54,-0.05,100,"sd","13:40:23",2375200
6.54,-0.05,44900,"sd","13:40:19",2375100
6.55,-0.04,5100,"unknown","13:40:19",2330200
6.55,-0.04,500,"sd","13:40:19",2325100
6.55,-0.04,4400,"sd","13:40:13",2324600
6.55,-0.04,500,"sd","13:40:13",2320200
6.55,-0.04,100,"sd","13:40:13",2319700
6.55,-0.04,500,"sd","13:40:13",2319600
6.55,-0.04,200,"sd","13:40:13",2319100
6.55,-0.04,300,"sd","13:40:13",2318900
6.55,-0.04,700,"sd","13:40:07",2318600
6.55,-0.04,1300,"sd","13:40:07",2317900
6.55,-0.04,200,"sd","13:40:07",2316600
6.56,-0.03,500,"sd","13:39:59",2316400
6.56,-0.03,2500,"sd","13:39:58",2315900
6.56,-0.03,100,"sd","13:39:58",2313400
6.56,-0.03,400,"sd","13:39:58",2313300
6.56,-0.03,400,"sd","13:39:52",2312900
6.56,-0.03,200,"sd","13:39:27",2312500
6.56,-0.03,100,"sd","13:39:27",2312300
6.56,-0.03,100,"sd","13:39:27",2312200
6.57,-0.02,800,"bu","13:39:15",2312100
6.57,-0.02,100,"bu","13:38:43",2311300
6.57,-0.02,2000,"bu","13:38:40",2311200
6.57,-0.02,800,"sd","13:38:30",2309200
6.57,-0.02,5000,"sd","13:38:23",2308400
6.57,-0.02,4200,"bu","13:38:16",2303400
6.57,-0.02,1000,"bu","13:37:44",2299200
6.57,-0.02,4800,"bu","13:37:44",2298200
6.58,-0.01,500,"bu","13:37:42",2293400
6.57,-0.02,200,"sd","13:37:28",2292900
6.57,-0.02,300,"sd","13:37:28",2292700
6.58,-0.01,800,"sd","13:37:24",2292400
6.58,-0.01,700,"sd","13:36:50",2291600
6.58,-0.01,3500,"sd","13:36:48",2290900
6.58,-0.01,200,"sd","13:35:20",2287400
6.58,-0.01,300,"sd","13:35:20",2287200
6.58,-0.01,700,"sd","13:35:08",2286900
6.59,0,4500,"bu","13:35:00",2286200
6.59,0,1000,"bu","13:34:56",2281700
6.59,0,900,"bu","13:34:45",2280700
6.59,0,100,"sd","13:34:29",2279800
6.59,0,200,"sd","13:34:29",2279700
6.59,0,100,"sd","13:34:29",2279500
6.6,0.01,100,"bu","13:34:25",2279400
6.6,0.01,1400,"bu","13:34:25",2279300
6.59,0,100,"sd","13:34:21",2277900
6.59,0,100,"sd","13:34:21",2277800
6.59,0,200,"sd","13:33:50",2277700
6.59,0,100,"sd","13:33:50",2277500
6.59,0,100,"sd","13:33:44",2277400
6.59,0,1000,"sd","13:32:59",2277300
6.59,0,1800,"sd","13:32:33",2276300
6.59,0,200,"sd","13:32:33",2274500
6.6,0.01,1000,"bu","13:32:19",2274300
6.6,0.01,2000,"bu","13:32:13",2273300
6.6,0.01,5600,"sd","13:32:07",2271300
6.6,0.01,100,"sd","13:32:06",2265700
6.6,0.01,700,"sd","13:32:04",2265600
6.6,0.01,30000,"sd","13:32:00",2264900
6.6,0.01,100,"sd","13:31:56",2234900
6.6,0.01,9400,"sd","13:31:56",2234800
6.6,0.01,400,"sd","13:31:56",2225400
6.63,0.04,200,"sd","13:31:56",2225000
6.6,0.01,1600,"sd","13:31:42",2224800
6.6,0.01,200,"sd","13:31:42",2223200
6.6,0.01,1800,"sd","13:31:42",2223000
6.62,0.03,500,"sd","13:31:42",2221200
6.62,0.03,100,"sd","13:31:42",2220700
6.62,0.03,3000,"sd","13:31:42",2220600
6.62,0.03,800,"sd","13:31:42",2217600
6.63,0.04,1000,"sd","13:31:42",2216800
6.63,0.04,1000,"sd","13:31:42",2215800
6.64,0.05,100,"bu","13:31:21",2214800
6.63,0.04,200,"bu","13:31:21",2214700
6.63,0.04,300,"bu","13:31:20",2214500
6.63,0.04,1500,"bu","13:31:17",2214200
6.63,0.04,400,"bu","13:31:17",2212700
6.63,0.04,5000,"bu","13:31:17",2212300
6.63,0.04,100,"bu","13:31:17",2207300
6.63,0.04,400,"bu","13:31:05",2207200
6.63,0.04,100,"bu","13:31:05",2206800
6.62,0.03,300,"sd","13:31:03",2206700
6.62,0.03,600,"sd","13:30:58",2206400
6.62,0.03,200,"sd","13:30:52",2205800
6.62,0.03,100,"bu","13:30:44",2205600
6.62,0.03,500,"bu","13:30:37",2205500
6.62,0.03,4400,"bu","13:30:29",2205000
6.62,0.03,600,"bu","13:30:29",2200600
6.61,0.02,4800,"sd","13:30:18",2200000
6.62,0.03,400,"bu","13:30:08",2195200
6.61,0.02,200,"sd","13:30:03",2194800
6.63,0.04,100,"bu","13:29:45",2194600
6.63,0.04,400,"bu","13:29:45",2194500
6.6,0.01,5000,"sd","13:29:12",2194100
6.6,0.01,500,"sd","13:29:08",2189100
6.6,0.01,100,"sd","13:29:07",2188600
6.6,0.01,500,"bu","13:29:03",2188500
6.6,0.01,200,"bu","13:29:03",2188000
6.6,0.01,700,"bu","13:29:03",2187800
6.6,0.01,200,"bu","13:29:03",2187100
6.6,0.01,1000,"bu","13:29:03",2186900
6.6,0.01,100,"bu","13:29:02",2185900
6.6,0.01,900,"bu","13:28:57",2185800
6.6,0.01,100,"bu","13:28:57",2184900
6.6,0.01,4000,"bu","13:28:57",2184800
6.6,0.01,1000,"bu","13:28:24",2180800
6.6,0.01,1000,"bu","13:28:17",2179800
6.6,0.01,100,"bu","13:27:59",2178800
6.59,0,800,"bu","13:27:53",2178700
6.59,0,100,"sd","13:27:45",2177900
6.59,0,100,"sd","13:27:45",2177800
6.59,0,1000,"sd","13:27:45",2177700
6.6,0.01,1700,"bu","13:27:42",2176700
6.6,0.01,300,"bu","13:27:42",2175000
6.6,0.01,1700,"bu","13:27:31",2174700
6.6,0.01,100,"bu","13:27:31",2173000
6.6,0.01,200,"bu","13:27:31",2172900
6.6,0.01,1000,"bu","13:27:31",2172700
6.6,0.01,100,"bu","13:27:21",2171700
6.6,0.01,1000,"bu","13:27:21",2171600
6.6,0.01,2000,"bu","13:27:21",2170600
6.6,0.01,100,"bu","13:27:21",2168600
6.6,0.01,200,"bu","13:27:21",2168500
6.6,0.01,600,"bu","13:27:21",2168300
6.59,0,1000,"sd","13:27:02",2167700
6.59,0,200,"bu","13:26:06",2166700
6.59,0,100,"bu","13:26:00",2166500
6.59,0,100,"bu","13:25:51",2166400
6.59,0,1000,"bu","13:25:50",2166300
6.59,0,1600,"bu","13:25:36",2165300
6.59,0,3400,"bu","13:25:36",2163700
6.58,-0.01,3500,"sd","13:25:26",2160300
6.58,-0.01,1600,"bu","13:24:54",2156800
6.58,-0.01,3200,"bu","13:24:48",2155200
6.58,-0.01,200,"bu","13:24:46",2152000
6.58,-0.01,1800,"bu","13:24:46",2151800
6.58,-0.01,200,"bu","13:24:41",2150000
6.57,-0.02,2000,"bu","13:24:30",2149800
6.57,-0.02,1700,"bu","13:24:30",2147800
6.57,-0.02,100,"bu","13:24:19",2146100
6.57,-0.02,200,"bu","13:24:15",2146000
6.57,-0.02,100,"bu","13:24:14",2145800
6.57,-0.02,1000,"bu","13:24:12",2145700
6.57,-0.02,900,"bu","13:23:17",2144700
6.55,-0.04,1000,"bu","13:23:17",2143800
6.55,-0.04,100,"bu","13:23:17",2142800
6.55,-0.04,100,"bu","13:23:16",2142700
6.55,-0.04,400,"bu","13:23:16",2142600
6.55,-0.04,1000,"bu","13:23:12",2142200
6.55,-0.04,300,"bu","13:23:10",2141200
6.54,-0.05,100,"sd","13:22:37",2140900
6.55,-0.04,1000,"bu","13:22:32",2140800
6.54,-0.05,4600,"sd","13:22:32",2139800
6.54,-0.05,200,"bu","13:22:20",2135200
6.54,-0.05,500,"bu","13:22:16",2135000
6.54,-0.05,200,"bu","13:22:10",2134500
6.54,-0.05,100,"bu","13:21:29",2134300
6.54,-0.05,100,"bu","13:21:23",2134200
6.54,-0.05,2000,"bu","13:21:16",2134100
6.54,-0.05,100,"sd","13:20:57",2132100
6.54,-0.05,1800,"sd","13:20:57",2132000
6.55,-0.04,100,"sd","13:20:38",2130200
6.55,-0.04,2000,"sd","13:20:38",2130100
6.55,-0.04,2200,"sd","13:20:38",2128100
6.55,-0.04,500,"sd","13:20:36",2125900
6.55,-0.04,500,"sd","13:20:27",2125400
6.55,-0.04,3000,"sd","13:20:26",2124900
6.55,-0.04,300,"sd","13:20:23",2121900
6.55,-0.04,3000,"sd","13:20:14",2121600
6.55,-0.04,500,"sd","13:19:47",2118600
6.57,-0.02,400,"bu","13:19:34",2118100
6.57,-0.02,300,"bu","13:19:20",2117700
6.57,-0.02,5200,"bu","13:19:11",2117400
6.57,-0.02,100,"bu","13:19:11",2112200
6.59,0,100,"bu","13:18:57",2112100
6.59,0,100,"bu","13:18:15",2112000
6.57,-0.02,400,"sd","13:18:06",2111900
6.58,-0.01,100,"sd","13:18:06",2111500
6.54,-0.05,1000,"sd","13:17:38",2111400
6.56,-0.03,500,"sd","13:17:38",2110400
6.56,-0.03,5000,"sd","13:17:38",2109900
6.57,-0.02,100,"sd","13:17:38",2104900
6.57,-0.02,200,"sd","13:17:38",2104800
6.57,-0.02,1000,"sd","13:17:38",2104600
6.57,-0.02,100,"sd","13:17:38",2103600
6.57,-0.02,2100,"sd","13:17:38",2103500
6.57,-0.02,300,"sd","13:17:23",2101400
6.6,0.01,4400,"bu","13:17:15",2101100
6.6,0.01,1100,"bu","13:17:15",2096700
6.59,0,500,"bu","13:17:15",2095600
6.59,0,500,"bu","13:17:15",2095100
6.59,0,100,"bu","13:17:15",2094600
6.58,-0.01,200,"bu","13:16:49",2094500
6.58,-0.01,700,"bu","13:16:42",2094300
6.58,-0.01,2100,"bu","13:16:30",2093600
6.58,-0.01,900,"bu","13:16:30",2091500
6.58,-0.01,100,"bu","13:16:17",2090600
6.57,-0.02,500,"sd","13:16:09",2090500
6.57,-0.02,1500,"bu","13:15:52",2090000
6.57,-0.02,16800,"bu","13:15:52",2088500
6.57,-0.02,1400,"bu","13:15:52",2071700
6.57,-0.02,11600,"bu","13:15:30",2070300
6.57,-0.02,6800,"bu","13:15:30",2058700
6.56,-0.03,100,"bu","13:15:30",2051900
6.56,-0.03,100,"bu","13:15:30",2051800
6.56,-0.03,2000,"bu","13:15:30",2051700
6.56,-0.03,2400,"bu","13:15:30",2049700
6.54,-0.05,6500,"sd","13:15:27",2047300
6.54,-0.05,900,"sd","13:15:27",2040800
6.54,-0.05,600,"sd","13:15:27",2039900
6.55,-0.04,500,"sd","13:15:27",2039300
6.55,-0.04,500,"sd","13:15:27",2038800
6.55,-0.04,1000,"sd","13:15:27",2038300
6.55,-0.04,300,"sd","13:15:25",2037300
6.55,-0.04,300,"sd","13:15:18",2037000
6.55,-0.04,100,"sd","13:15:18",2036700
6.55,-0.04,100,"sd","13:15:18",2036600
6.55,-0.04,200,"sd","13:15:18",2036500
6.55,-0.04,300,"sd","13:15:18",2036300
6.55,-0.04,200,"sd","13:15:14",2036000
6.55,-0.04,800,"sd","13:15:14",2035800
6.55,-0.04,500,"sd","13:14:47",2035000
6.55,-0.04,400,"sd","13:14:43",2034500
6.55,-0.04,3300,"bu","13:14:26",2034100
6.55,-0.04,2800,"sd","13:14:18",2030800
6.56,-0.03,2600,"bu","13:14:16",2028000
6.56,-0.03,1500,"bu","13:14:16",2025400
6.56,-0.03,100,"bu","13:14:16",2023900
6.56,-0.03,100,"bu","13:14:16",2023800
6.56,-0.03,600,"bu","13:14:16",2023700
6.56,-0.03,100,"bu","13:14:16",2023100
6.55,-0.04,2200,"bu","13:14:12",2023000
6.55,-0.04,1000,"bu","13:14:04",2020800
6.55,-0.04,1000,"bu","13:14:03",2019800
6.55,-0.04,5800,"bu","13:14:02",2018800
6.55,-0.04,1000,"bu","13:14:02",2013000
6.55,-0.04,500,"bu","13:14:02",2012000
6.55,-0.04,1600,"bu","13:14:02",2011500
6.55,-0.04,400,"bu","13:14:02",2009900
6.55,-0.04,700,"bu","13:14:02",2009500
6.55,-0.04,300,"bu","13:13:39",2008800
6.55,-0.04,700,"bu","13:13:39",2008500
6.55,-0.04,100,"bu","13:13:35",2007800
6.55,-0.04,100,"bu","13:13:16",2007700
6.55,-0.04,1000,"bu","13:13:13",2007600
6.55,-0.04,100,"bu","13:12:59",2006600
6.55,-0.04,300,"bu","13:12:36",2006500
6.55,-0.04,1000,"bu","13:12:32",2006200
6.55,-0.04,100,"bu","13:12:21",2005200
6.55,-0.04,2000,"bu","13:12:11",2005100
6.55,-0.04,100,"bu","13:12:08",2003100
6.55,-0.04,500,"bu","13:12:05",2003000
6.55,-0.04,1000,"bu","13:12:02",2002500
6.55,-0.04,500,"bu","13:12:02",2001500
6.55,-0.04,4500,"bu","13:11:56",2001000
6.55,-0.04,500,"bu","13:11:56",1996500
6.53,-0.06,1300,"sd","13:11:41",1996000
6.54,-0.05,5000,"sd","13:11:41",1994700
6.54,-0.05,1000,"sd","13:11:41",1989700
6.54,-0.05,100,"sd","13:11:41",1988700
6.54,-0.05,8600,"sd","13:11:41",1988600
6.54,-0.05,2500,"bu","13:11:17",1980000
6.54,-0.05,8900,"bu","13:11:17",1977500
6.53,-0.06,200,"sd","13:11:16",1968600
6.53,-0.06,10000,"bu","13:10:56",1968400
6.53,-0.06,1700,"bu","13:10:56",1958400
6.53,-0.06,4200,"bu","13:10:56",1956700
6.53,-0.06,10000,"bu","13:10:56",1952500
6.51,-0.08,100,"sd","13:10:46",1942500
6.51,-0.08,100,"sd","13:10:46",1942400
6.51,-0.08,1000,"sd","13:10:46",1942300
6.53,-0.06,1200,"bu","13:10:15",1941300
6.53,-0.06,800,"bu","13:10:15",1940100
6.53,-0.06,1000,"bu","13:09:45",1939300
6.53,-0.06,6300,"bu","13:09:24",1938300
6.53,-0.06,2600,"bu","13:09:24",1932000
6.51,-0.08,1100,"bu","13:09:24",1929400
6.51,-0.08,2000,"bu","13:09:22",1928300
6.51,-0.08,1900,"bu","13:09:15",1926300
6.5,-0.09,5000,"sd","13:09:09",1924400
6.5,-0.09,2000,"sd","13:09:09",1919400
6.51,-0.08,200,"unknown","13:09:09",1917400
6.51,-0.08,4000,"unknown","13:09:09",1917200
6.51,-0.08,800,"unknown","13:09:09",1913200
6.51,-0.08,100,"unknown","13:09:09",1912400
6.51,-0.08,2100,"unknown","13:09:09",1912300
6.5,-0.09,1800,"sd","13:09:09",1910200
6.53,-0.06,100,"bu","13:08:56",1908400
6.51,-0.08,1900,"sd","13:08:40",1908300
6.53,-0.06,4400,"bu","13:08:02",1906400
6.5,-0.09,600,"bu","13:08:02",1902000
6.5,-0.09,2400,"sd","13:07:59",1901400
6.5,-0.09,2600,"bu","13:07:56",1899000
6.5,-0.09,2500,"bu","13:07:48",1896400
6.5,-0.09,1000,"bu","13:07:43",1893900
6.5,-0.09,100,"bu","13:07:40",1892900
6.5,-0.09,400,"sd","13:07:39",1892800
6.5,-0.09,100,"sd","13:07:39",1892400
6.5,-0.09,100,"sd","13:07:39",1892300
6.5,-0.09,2500,"sd","13:07:39",1892200
6.5,-0.09,700,"sd","13:07:39",1889700
6.5,-0.09,100,"sd","13:07:38",1889000
6.54,-0.05,100,"bu","13:07:24",1888900
6.54,-0.05,900,"bu","13:07:24",1888800
6.54,-0.05,100,"bu","13:07:14",1887900
6.5,-0.09,200,"sd","13:07:12",1887800
6.5,-0.09,1000,"sd","13:07:12",1887600
6.5,-0.09,1400,"sd","13:07:12",1886600
6.5,-0.09,7400,"sd","13:07:12",1885200
6.5,-0.09,200,"sd","13:07:00",1877800
6.5,-0.09,200,"sd","13:07:00",1877600
6.5,-0.09,2600,"sd","13:07:00",1877400
6.5,-0.09,100,"sd","13:06:51",1874800
6.54,-0.05,100,"bu","13:06:47",1874700
6.5,-0.09,100,"bu","13:06:11",1874600
6.5,-0.09,500,"bu","13:06:11",1874500
6.5,-0.09,1300,"bu","13:06:11",1874000
6.5,-0.09,600,"bu","13:06:11",1872700
6.5,-0.09,200,"bu","13:06:11",1872100
6.5,-0.09,200,"bu","13:06:09",1871900
6.49,-0.1,100,"sd","13:05:44",1871700
6.5,-0.09,1000,"bu","13:05:41",1871600
6.49,-0.1,200,"sd","13:05:33",1870600
6.49,-0.1,1200,"sd","13:05:33",1870400
6.49,-0.1,100,"sd","13:05:33",1869200
6.5,-0.09,600,"bu","13:05:28",1869100
6.5,-0.09,3700,"bu","13:05:28",1868500
6.5,-0.09,500,"bu","13:05:28",1864800
6.5,-0.09,200,"bu","13:05:28",1864300
6.48,-0.11,300,"sd","13:05:11",1864100
6.48,-0.11,300,"sd","13:05:10",1863800
6.48,-0.11,1000,"sd","13:05:09",1863500
6.48,-0.11,200,"sd","13:05:06",1862500
6.48,-0.11,500,"sd","13:05:06",1862300
6.48,-0.11,3300,"sd","13:05:04",1861800
6.48,-0.11,1400,"bu","13:04:57",1858500
6.48,-0.11,2200,"bu","13:04:49",1857100
6.48,-0.11,300,"bu","13:04:49",1854900
6.48,-0.11,1000,"sd","13:04:35",1854600
6.48,-0.11,100,"sd","13:04:35",1853600
6.48,-0.11,200,"sd","13:04:35",1853500
6.48,-0.11,2400,"sd","13:04:35",1853300
6.48,-0.11,800,"sd","13:04:17",1850900
6.48,-0.11,200,"sd","13:04:17",1850100
6.48,-0.11,800,"sd","13:04:12",1849900
6.48,-0.11,100,"sd","13:04:08",1849100
6.48,-0.11,1000,"sd","13:04:04",1849000
6.48,-0.11,200,"sd","13:03:45",1848000
6.48,-0.11,300,"sd","13:03:40",1847800
6.48,-0.11,1000,"sd","13:03:37",1847500
6.48,-0.11,10000,"sd","13:03:36",1846500
6.48,-0.11,100,"sd","13:03:35",1836500
6.48,-0.11,2000,"sd","13:03:25",1836400
6.48,-0.11,24300,"bu","13:03:22",1834400
6.48,-0.11,1600,"bu","13:03:12",1810100
6.49,-0.1,100,"bu","13:03:12",1808500
6.49,-0.1,200,"bu","13:03:12",1808400
6.49,-0.1,100,"bu","13:03:12",1808200
6.48,-0.11,1000,"sd","13:03:12",1808100
6.5,-0.09,800,"sd","13:02:50",1807100
6.5,-0.09,500,"sd","13:02:50",1806300
6.5,-0.09,100,"sd","13:02:46",1805800
6.5,-0.09,900,"sd","13:02:46",1805700
6.5,-0.09,100,"sd","13:02:46",1804800
6.5,-0.09,900,"sd","13:02:46",1804700
6.5,-0.09,1000,"sd","13:02:44",1803800
6.5,-0.09,100,"sd","13:02:42",1802800
6.5,-0.09,1000,"sd","13:02:41",1802700
6.5,-0.09,1000,"sd","13:02:41",1801700
6.5,-0.09,1500,"sd","13:02:41",1800700
6.5,-0.09,600,"sd","13:02:38",1799200
6.5,-0.09,1000,"sd","13:02:33",1798600
6.5,-0.09,200,"sd","13:02:17",1797600
6.5,-0.09,100,"sd","13:02:17",1797400
6.5,-0.09,1600,"sd","13:02:09",1797300
6.5,-0.09,200,"sd","13:02:09",1795700
6.5,-0.09,200,"sd","13:02:09",1795500
6.5,-0.09,1000,"sd","13:02:09",1795300
6.5,-0.09,800,"sd","13:02:09",1794300
6.5,-0.09,500,"sd","13:02:09",1793500
6.5,-0.09,100,"sd","13:02:09",1793000
6.5,-0.09,500,"sd","13:02:09",1792900
6.5,-0.09,500,"sd","13:02:09",1792400
6.5,-0.09,500,"sd","13:02:09",1791900
6.5,-0.09,4000,"sd","13:02:09",1791400
6.5,-0.09,1000,"sd","13:02:09",1787400
6.5,-0.09,500,"sd","13:02:09",1786400
6.5,-0.09,500,"sd","13:02:09",1785900
6.5,-0.09,1000,"sd","13:02:09",1785400
6.5,-0.09,1000,"sd","13:02:09",1784400
6.5,-0.09,41100,"sd","13:02:09",1783400
6.5,-0.09,9900,"sd","13:02:08",1742300
6.51,-0.08,200,"sd","13:02:04",1732400
6.5,-0.09,14800,"sd","13:02:04",1732200
6.5,-0.09,34200,"sd","13:01:42",1717400
6.5,-0.09,200,"sd","13:01:42",1683200
6.5,-0.09,5000,"sd","13:01:42",1683000
6.5,-0.09,600,"sd","13:01:42",1678000
6.5,-0.09,1000,"sd","13:01:13",1677400
6.53,-0.06,100,"bu","13:01:13",1676400
6.5,-0.09,1400,"sd","13:01:09",1676300
6.5,-0.09,200,"sd","13:01:09",1674900
6.5,-0.09,600,"sd","13:01:09",1674700
6.5,-0.09,200,"sd","13:01:03",1674100
6.5,-0.09,100,"sd","13:01:03",1673900
6.5,-0.09,900,"sd","13:01:02",1673800
6.5,-0.09,100,"sd","13:01:02",1672900
6.5,-0.09,2000,"sd","13:01:02",1672800
6.5,-0.09,200,"sd","13:01:02",1670800
6.5,-0.09,1000,"sd","13:01:02",1670600
6.5,-0.09,1000,"sd","13:01:02",1669600
6.5,-0.09,100,"sd","13:01:02",1668600
6.5,-0.09,10000,"sd","13:01:02",1668500
6.5,-0.09,100,"sd","13:01:02",1658500
6.5,-0.09,4600,"sd","13:01:02",1658400
6.5,-0.09,5400,"sd","13:01:01",1653800
6.5,-0.09,400,"sd","13:01:01",1648400
6.51,-0.08,200,"sd","13:01:01",1648000
6.5,-0.09,600,"sd","13:00:49",1647800
6.51,-0.08,300,"sd","13:00:49",1647200
6.51,-0.08,100,"sd","13:00:49",1646900
6.53,-0.06,1000,"sd","13:00:49",1646800
6.53,-0.06,500,"sd","13:00:46",1645800
6.53,-0.06,100,"sd","13:00:46",1645300
6.54,-0.05,400,"sd","13:00:46",1645200
6.54,-0.05,100,"sd","13:00:46",1644800
6.54,-0.05,400,"sd","13:00:46",1644700
6.54,-0.05,600,"sd","13:00:42",1644300
6.54,-0.05,100,"sd","13:00:42",1643700
6.54,-0.05,300,"sd","13:00:40",1643600
6.54,-0.05,1700,"sd","13:00:31",1643300
6.54,-0.05,1400,"sd","13:00:31",1641600
6.54,-0.05,100,"sd","13:00:31",1640200
6.55,-0.04,100,"bu","13:00:26",1640100
6.55,-0.04,3300,"sd","13:00:19",1640000
6.55,-0.04,1500,"sd","13:00:19",1636700
6.55,-0.04,2000,"sd","13:00:19",1635200
6.55,-0.04,100,"sd","13:00:19",1633200
6.55,-0.04,100,"sd","13:00:19",1633100
6.55,-0.04,300,"sd","13:00:19",1633000
6.55,-0.04,4300,"sd","13:00:19",1632700
6.55,-0.04,1100,"sd","13:00:13",1628400
6.56,-0.03,2000,"bu","13:00:13",1627300
6.56,-0.03,300,"bu","13:00:12",1625300
6.55,-0.04,3000,"sd","13:00:12",1625000
6.55,-0.04,2000,"sd","13:00:12",1622000
6.55,-0.04,100,"sd","13:00:12",1620000
6.55,-0.04,500,"sd","13:00:11",1619900
6.55,-0.04,200,"sd","13:00:10",1619400
6.55,-0.04,2000,"sd","13:00:09",1619200
6.56,-0.03,200,"bu","13:00:09",1617200
6.55,-0.04,300,"sd","13:00:08",1617000
6.56,-0.03,1100,"bu","13:00:07",1616700
6.55,-0.04,600,"sd","13:00:07",1615600
6.55,-0.04,100,"sd","13:00:06",1615000
6.55,-0.04,800,"sd","13:00:06",1614900
6.56,-0.03,100,"bu","13:00:05",1614100
6.56,-0.03,800,"bu","13:00:04",1614000
6.55,-0.04,100,"sd","13:00:04",1613200
6.55,-0.04,200,"sd","13:00:03",1613100
6.55,-0.04,1000,"sd","13:00:02",1612900
6.55,-0.04,1000,"sd","13:00:02",1611900
6.55,-0.04,2800,"sd","13:00:02",1610900
6.56,-0.03,1600,"sd","13:00:00",1608100
6.56,-0.03,5000,"sd","13:00:00",1606500
6.56,-0.03,2300,"sd","11:29:52",1601500
6.56,-0.03,100,"bu","11:29:02",1599200
6.56,-0.03,19900,"bu","11:29:02",1599100
6.56,-0.03,1500,"bu","11:28:53",1579200
6.56,-0.03,1000,"sd","11:28:40",1577700
6.56,-0.03,100,"sd","11:28:40",1576700
6.56,-0.03,1500,"sd","11:28:40",1576600
6.56,-0.03,100,"sd","11:28:40",1575100
6.56,-0.03,2000,"sd","11:28:40",1575000
6.56,-0.03,100,"sd","11:28:40",1573000
6.56,-0.03,13800,"sd","11:28:40",1572900
6.56,-0.03,1400,"sd","11:28:26",1559100
6.56,-0.03,6100,"sd","11:28:09",1557700
6.56,-0.03,5000,"sd","11:26:24",1551600
6.57,-0.02,1000,"bu","11:26:01",1546600
6.56,-0.03,500,"sd","11:25:55",1545600
6.56,-0.03,5000,"sd","11:25:40",1545100
6.56,-0.03,8000,"sd","11:25:34",1540100
6.56,-0.03,8000,"sd","11:23:43",1532100
6.56,-0.03,9000,"sd","11:23:14",1524100
6.56,-0.03,3200,"sd","11:21:53",1515100
6.57,-0.02,2000,"bu","11:21:51",1511900
6.57,-0.02,200,"bu","11:21:23",1509900
6.56,-0.03,1800,"unknown","11:21:23",1509700
6.56,-0.03,200,"sd","11:21:22",1507900
6.55,-0.04,4000,"sd","11:21:03",1507700
6.56,-0.03,100,"bu","11:20:33",1503700
6.56,-0.03,200,"bu","11:20:20",1503600
6.56,-0.03,19700,"bu","11:20:16",1503400
6.56,-0.03,300,"bu","11:20:16",1483700
6.56,-0.03,1200,"bu","11:20:09",1483400
6.56,-0.03,800,"bu","11:20:09",1482200
6.55,-0.04,1000,"sd","11:20:09",1481400
6.55,-0.04,2200,"sd","11:19:58",1480400
6.55,-0.04,100,"sd","11:19:58",1478200
6.56,-0.03,500,"sd","11:18:51",1478100
6.56,-0.03,1000,"sd","11:18:51",1477600
6.56,-0.03,100,"sd","11:18:51",1476600
6.56,-0.03,500,"sd","11:18:51",1476500
6.56,-0.03,100,"sd","11:18:51",1476000
6.56,-0.03,2000,"sd","11:18:51",1475900
6.56,-0.03,500,"sd","11:18:32",1473900
6.56,-0.03,100,"sd","11:18:32",1473400
6.56,-0.03,1000,"sd","11:18:32",1473300
6.56,-0.03,400,"sd","11:18:32",1472300
6.56,-0.03,5300,"sd","11:17:21",1471900
6.57,-0.02,200,"sd","11:17:21",1466600
6.56,-0.03,14300,"sd","11:16:37",1466400
6.57,-0.02,100,"sd","11:16:37",1452100
6.57,-0.02,600,"sd","11:16:37",1452000
6.57,-0.02,1400,"sd","11:16:08",1451400
6.57,-0.02,2000,"sd","11:16:08",1450000
6.57,-0.02,1600,"sd","11:16:08",1448000
6.57,-0.02,400,"bu","11:15:28",1446400
6.57,-0.02,100,"bu","11:15:27",1446000
6.57,-0.02,900,"sd","11:15:02",1445900
6.57,-0.02,300,"sd","11:15:02",1445000
6.57,-0.02,100,"sd","11:15:02",1444700
6.57,-0.02,100,"sd","11:15:02",1444600
6.57,-0.02,100,"sd","11:15:02",1444500
6.57,-0.02,4000,"sd","11:11:54",1444400
6.57,-0.02,5500,"bu","11:11:53",1440400
6.57,-0.02,500,"bu","11:11:53",1434900
6.56,-0.03,500,"sd","11:11:42",1434400
6.56,-0.03,500,"sd","11:11:42",1433900
6.56,-0.03,500,"sd","11:11:37",1433400
6.56,-0.03,100,"sd","11:11:37",1432900
6.56,-0.03,100,"sd","11:11:37",1432800
6.56,-0.03,400,"sd","11:11:37",1432700
6.56,-0.03,100,"sd","11:11:12",1432300
6.56,-0.03,100,"sd","11:11:12",1432200
6.57,-0.02,100,"sd","11:11:02",1432100
6.57,-0.02,400,"sd","11:11:02",1432000
6.57,-0.02,100,"sd","11:11:02",1431600
6.58,-0.01,100,"bu","11:10:53",1431500
6.58,-0.01,100,"bu","11:10:53",1431400
6.58,-0.01,2000,"bu","11:10:53",1431300
6.58,-0.01,1000,"sd","11:10:53",1429300
6.59,0,500,"bu","11:10:48",1428300
6.58,-0.01,1000,"sd","11:10:45",1427800
6.58,-0.01,2000,"sd","11:10:45",1426800
6.59,0,100,"bu","11:10:39",1424800
6.59,0,100,"sd","11:10:25",1424700
6.59,0,100,"sd","11:10:25",1424600
6.59,0,200,"sd","11:10:25",1424500
6.6,0.01,400,"bu","11:10:15",1424300
6.59,0,200,"sd","11:09:51",1423900
6.6,0.01,500,"bu","11:09:25",1423700
6.59,0,1000,"sd","11:09:11",1423200
6.59,0,100,"sd","11:09:06",1422200
6.59,0,100,"sd","11:09:05",1422100
6.59,0,200,"sd","11:09:05",1422000
6.59,0,200,"sd","11:09:05",1421800
6.59,0,1000,"sd","11:09:05",1421600
6.59,0,100,"sd","11:09:05",1420600
6.59,0,100,"sd","11:09:05",1420500
6.59,0,100,"sd","11:09:05",1420400
6.59,0,2000,"sd","11:09:05",1420300
6.59,0,100,"sd","11:09:05",1418300
6.59,0,600,"sd","11:09:05",1418200
6.59,0,100,"sd","11:08:57",1417600
6.59,0,400,"sd","11:08:57",1417500
6.59,0,1000,"sd","11:08:36",1417100
6.59,0,1000,"sd","11:08:36",1416100
6.6,0.01,200,"bu","11:08:32",1415100
6.59,0,2600,"sd","11:08:28",1414900
6.59,0,500,"sd","11:08:28",1412300
6.59,0,500,"sd","11:08:28",1411800
6.59,0,100,"sd","11:08:28",1411300
6.59,0,500,"sd","11:08:28",1411200
6.59,0,200,"sd","11:08:28",1410700
6.59,0,600,"sd","11:08:28",1410500
6.59,0,400,"sd","11:07:29",1409900
6.59,0,100,"sd","11:07:29",1409500
6.59,0,300,"sd","11:07:29",1409400
6.59,0,200,"sd","11:07:29",1409100
6.6,0.01,100,"sd","11:06:58",1408900
6.6,0.01,6000,"sd","11:06:58",1408800
6.6,0.01,100,"sd","11:06:58",1402800
6.6,0.01,500,"sd","11:06:58",1402700
6.6,0.01,500,"sd","11:06:58",1402200
6.6,0.01,100,"sd","11:06:58",1401700
6.6,0.01,100,"sd","11:06:58",1401600
6.6,0.01,100,"sd","11:06:58",1401500
6.6,0.01,200,"sd","11:06:58",1401400
6.6,0.01,100,"sd","11:06:58",1401200
6.6,0.01,100,"sd","11:06:58",1401100
6.6,0.01,5000,"sd","11:06:58",1401000
6.6,0.01,1000,"sd","11:06:58",1396000
6.6,0.01,100,"sd","11:06:58",1395000
6.6,0.01,100,"sd","11:06:58",1394900
6.6,0.01,200,"sd","11:06:58",1394800
6.6,0.01,1000,"sd","11:06:58",1394600
6.6,0.01,1000,"sd","11:06:58",1393600
6.6,0.01,10000,"sd","11:06:57",1392600
6.6,0.01,1000,"sd","11:06:57",1382600
6.6,0.01,1200,"sd","11:06:57",1381600
6.6,0.01,600,"sd","11:06:53",1380400
6.6,0.01,1000,"sd","11:06:53",1379800
6.6,0.01,500,"sd","11:06:53",1378800
6.6,0.01,1000,"sd","11:06:53",1378300
6.6,0.01,1000,"sd","11:06:53",1377300
6.6,0.01,5000,"sd","11:06:53",1376300
6.6,0.01,200,"sd","11:06:53",1371300
6.6,0.01,1000,"sd","11:06:53",1371100
6.6,0.01,200,"sd","11:06:53",1370100
6.6,0.01,300,"sd","11:06:53",1369900
6.6,0.01,1000,"sd","11:06:53",1369600
6.6,0.01,100,"sd","11:06:53",1368600
6.6,0.01,4500,"sd","11:06:53",1368500
6.6,0.01,100,"sd","11:06:53",1364000
6.6,0.01,800,"sd","11:06:53",1363900
6.6,0.01,2400,"sd","11:06:53",1363100
6.6,0.01,200,"sd","11:06:53",1360700
6.6,0.01,100,"sd","11:06:53",1360500
6.6,0.01,2600,"sd","11:06:33",1360400
6.6,0.01,300,"sd","11:06:33",1357800
6.6,0.01,500,"sd","11:06:33",1357500
6.6,0.01,100,"sd","11:06:33",1357000
6.6,0.01,100,"sd","11:06:33",1356900
6.6,0.01,500,"sd","11:06:32",1356800
6.6,0.01,100,"sd","11:06:32",1356300
6.6,0.01,200,"sd","11:06:32",1356200
6.6,0.01,300,"sd","11:06:32",1356000
6.6,0.01,200,"sd","11:06:32",1355700
6.6,0.01,300,"sd","11:06:32",1355500
6.6,0.01,100,"sd","11:06:32",1355200
6.6,0.01,100,"sd","11:06:32",1355100
6.6,0.01,100,"sd","11:06:32",1355000
6.6,0.01,100,"sd","11:06:32",1354900
6.6,0.01,500,"sd","11:06:32",1354800
6.6,0.01,300,"sd","11:06:32",1354300
6.6,0.01,300,"sd","11:06:32",1354000
6.6,0.01,200,"sd","11:06:32",1353700
6.6,0.01,1500,"sd","11:06:32",1353500
6.6,0.01,200,"sd","11:06:32",1352000
6.6,0.01,1000,"sd","11:06:32",1351800
6.6,0.01,500,"sd","11:06:32",1350800
6.6,0.01,300,"sd","11:06:32",1350300
6.6,0.01,600,"sd","11:06:32",1350000
6.6,0.01,1000,"sd","11:05:36",1349400
6.6,0.01,1400,"sd","11:05:35",1348400
6.61,0.02,1000,"sd","11:05:27",1347000
6.61,0.02,100,"sd","11:05:27",1346000
6.61,0.02,1000,"sd","11:05:27",1345900
6.61,0.02,100,"sd","11:05:27",1344900
6.61,0.02,200,"sd","11:05:27",1344800
6.61,0.02,100,"sd","11:05:27",1344600
6.61,0.02,5000,"sd","11:05:27",1344500
6.61,0.02,1000,"sd","11:05:27",1339500
6.62,0.03,100,"unknown","11:05:11",1338500
6.62,0.03,500,"unknown","11:05:11",1338400
6.62,0.03,3000,"unknown","11:05:11",1337900
6.62,0.03,500,"sd","11:05:11",1334900
6.62,0.03,1000,"sd","11:04:06",1334400
6.62,0.03,3500,"sd","11:03:46",1333400
6.62,0.03,1000,"sd","11:03:24",1329900
6.62,0.03,4800,"sd","11:02:13",1328900
6.62,0.03,2000,"sd","11:02:13",1324100
6.62,0.03,200,"sd","11:02:13",1322100
6.62,0.03,100,"sd","11:02:13",1321900
6.62,0.03,200,"sd","11:02:13",1321800
6.62,0.03,700,"sd","11:02:13",1321600
6.62,0.03,300,"sd","11:02:06",1320900
6.62,0.03,600,"sd","11:02:06",1320600
6.62,0.03,100,"sd","11:02:06",1320000
6.62,0.03,500,"sd","11:02:06",1319900
6.62,0.03,100,"sd","11:02:06",1319400
6.62,0.03,1000,"sd","11:02:06",1319300
6.62,0.03,3200,"sd","11:02:06",1318300
6.62,0.03,2000,"sd","11:01:21",1315100
6.63,0.04,200,"bu","11:00:30",1313100
6.63,0.04,1000,"bu","11:00:21",1312900
6.63,0.04,2800,"sd","11:00:03",1311900
6.63,0.04,500,"sd","11:00:03",1309100
6.63,0.04,400,"sd","10:58:39",1308600
6.62,0.03,800,"sd","10:57:35",1308200
6.63,0.04,200,"sd","10:57:35",1307400
6.63,0.04,300,"bu","10:57:20",1307200
6.62,0.03,1000,"sd","10:57:06",1306900
6.63,0.04,1000,"bu","10:57:04",1305900
6.62,0.03,7500,"sd","10:56:56",1304900
6.63,0.04,100,"bu","10:56:52",1297400
6.63,0.04,100,"sd","10:56:08",1297300
6.63,0.04,200,"bu","10:55:49",1297200
6.63,0.04,1400,"bu","10:54:49",1297000
6.63,0.04,9800,"bu","10:54:49",1295600
6.62,0.03,200,"sd","10:54:04",1285800
6.63,0.04,100,"bu","10:53:47",1285600
6.62,0.03,600,"sd","10:53:26",1285500
6.63,0.04,100,"bu","10:52:57",1284900
6.62,0.03,1000,"sd","10:51:46",1284800
6.62,0.03,4700,"sd","10:51:46",1283800
6.62,0.03,100,"sd","10:51:46",1279100
6.62,0.03,100,"sd","10:51:46",1279000
6.62,0.03,100,"sd","10:51:46",1278900
6.64,0.05,800,"bu","10:51:02",1278800
6.64,0.05,5300,"bu","10:51:02",1278000
6.63,0.04,1000,"sd","10:50:43",1272700
6.63,0.04,100,"sd","10:50:43",1271700
6.63,0.04,200,"sd","10:50:43",1271600
6.63,0.04,1000,"sd","10:50:43",1271400
6.63,0.04,2000,"sd","10:50:43",1270400
6.64,0.05,200,"bu","10:50:35",1268400
6.64,0.05,100,"unknown","10:50:35",1268200
6.64,0.05,200,"sd","10:50:35",1268100
6.64,0.05,10000,"sd","10:50:35",1267900
6.65,0.06,1000,"sd","10:50:35",1257900
6.65,0.06,2000,"sd","10:50:35",1256900
6.65,0.06,1000,"sd","10:50:35",1254900
6.65,0.06,200,"sd","10:50:35",1253900
6.66,0.07,1400,"bu","10:49:45",1253700
6.65,0.06,100,"sd","10:49:40",1252300
6.66,0.07,100,"bu","10:49:18",1252200
6.66,0.07,1000,"bu","10:49:00",1252100
6.66,0.07,1000,"bu","10:48:06",1251100
6.66,0.07,200,"bu","10:47:42",1250100
6.65,0.06,2000,"sd","10:47:34",1249900
6.65,0.06,1000,"sd","10:47:34",1247900
6.66,0.07,500,"sd","10:46:50",1246900
6.66,0.07,200,"sd","10:46:50",1246400
6.66,0.07,100,"sd","10:46:50",1246200
6.66,0.07,600,"sd","10:46:40",1246100
6.66,0.07,500,"sd","10:46:40",1245500
6.66,0.07,900,"sd","10:46:40",1245000
6.66,0.07,100,"sd","10:46:31",1244100
6.66,0.07,1000,"sd","10:46:31",1244000
6.66,0.07,1100,"sd","10:46:31",1243000
6.66,0.07,1100,"sd","10:46:31",1241900
6.66,0.07,200,"sd","10:46:31",1240800
6.66,0.07,400,"sd","10:46:28",1240600
6.66,0.07,4600,"sd","10:46:28",1240200
6.66,0.07,100,"sd","10:46:27",1235600
6.66,0.07,15000,"sd","10:46:23",1235500
6.66,0.07,100,"sd","10:46:14",1220500
6.66,0.07,5000,"sd","10:45:52",1220400
6.66,0.07,1500,"sd","10:45:33",1215400
6.66,0.07,3800,"sd","10:45:15",1213900
6.67,0.08,500,"bu","10:44:50",1210100
6.67,0.08,500,"bu","10:43:16",1209600
6.67,0.08,100,"bu","10:43:16",1209100
6.67,0.08,800,"bu","10:43:16",1209000
6.66,0.07,2000,"sd","10:42:53",1208200
6.66,0.07,200,"sd","10:42:46",1206200
6.66,0.07,10000,"sd","10:42:23",1206000
6.67,0.08,100,"sd","10:40:23",1196000
6.67,0.08,200,"sd","10:40:23",1195900
6.67,0.08,700,"sd","10:40:23",1195700
6.67,0.08,300,"sd","10:39:48",1195000
6.67,0.08,100,"sd","10:39:48",1194700
6.67,0.08,600,"sd","10:39:48",1194600
6.67,0.08,600,"sd","10:39:43",1194000
6.67,0.08,6500,"sd","10:39:43",1193400
6.67,0.08,100,"sd","10:39:42",1186900
6.67,0.08,1000,"sd","10:39:33",1186800
6.68,0.09,1600,"bu","10:39:09",1185800
6.67,0.08,1000,"sd","10:38:18",1184200
6.67,0.08,1400,"sd","10:38:12",1183200
6.67,0.08,1500,"sd","10:38:12",1181800
6.67,0.08,2100,"sd","10:38:12",1180300
6.67,0.08,1500,"sd","10:37:37",1178200
6.67,0.08,1000,"sd","10:37:29",1176700
6.68,0.09,100,"bu","10:37:29",1175700
6.67,0.08,2000,"sd","10:36:59",1175600
6.67,0.08,400,"sd","10:36:55",1173600
6.67,0.08,400,"sd","10:35:21",1173200
6.67,0.08,100,"sd","10:35:21",1172800
6.67,0.08,500,"sd","10:35:11",1172700
6.67,0.08,200,"sd","10:34:54",1172200
6.67,0.08,200,"sd","10:34:04",1172000
6.68,0.09,400,"bu","10:32:47",1171800
6.67,0.08,500,"sd","10:32:34",1171400
6.67,0.08,300,"sd","10:32:33",1170900
6.67,0.08,800,"sd","10:32:33",1170600
6.67,0.08,1000,"sd","10:32:02",1169800
6.67,0.08,1000,"sd","10:31:55",1168800
6.67,0.08,2000,"bu","10:30:45",1167800
6.68,0.09,900,"bu","10:30:24",1165800
6.68,0.09,400,"bu","10:30:24",1164900
6.67,0.08,700,"bu","10:30:24",1164500
6.67,0.08,1000,"sd","10:30:16",1163800
6.67,0.08,2000,"sd","10:30:16",1162800
6.67,0.08,300,"sd","10:30:16",1160800
6.67,0.08,16000,"sd","10:30:16",1160500
6.67,0.08,1100,"sd","10:30:15",1144500
6.67,0.08,1000,"sd","10:30:13",1143400
6.67,0.08,1900,"sd","10:30:11",1142400
6.67,0.08,200,"sd","10:29:43",1140500
6.68,0.09,100,"bu","10:29:42",1140300
6.68,0.09,900,"bu","10:29:42",1140200
6.67,0.08,3000,"sd","10:29:26",1139300
6.67,0.08,4800,"sd","10:29:25",1136300
6.67,0.08,200,"sd","10:29:25",1131500
6.67,0.08,100,"bu","10:29:05",1131300
6.67,0.08,5000,"sd","10:28:40",1131200
6.67,0.08,4700,"sd","10:28:03",1126200
6.67,0.08,300,"sd","10:28:03",1121500
6.67,0.08,200,"bu","10:28:02",1121200
6.67,0.08,200,"bu","10:28:02",1121000
6.67,0.08,1100,"bu","10:28:02",1120800
6.67,0.08,2000,"bu","10:28:02",1119700
6.67,0.08,200,"bu","10:28:02",1117700
6.67,0.08,500,"bu","10:28:02",1117500
6.67,0.08,500,"bu","10:28:02",1117000
6.66,0.07,900,"sd","10:27:47",1116500
6.67,0.08,700,"bu","10:27:44",1115600
6.66,0.07,10000,"sd","10:27:23",1114900
6.67,0.08,800,"bu","10:27:01",1104900
6.67,0.08,200,"bu","10:27:01",1104100
6.66,0.07,400,"sd","10:26:59",1103900
6.66,0.07,100,"sd","10:26:59",1103500
6.66,0.07,200,"sd","10:26:59",1103400
6.66,0.07,300,"sd","10:26:59",1103200
6.66,0.07,500,"sd","10:26:29",1102900
6.66,0.07,100,"sd","10:26:27",1102400
6.66,0.07,300,"sd","10:26:08",1102300
6.66,0.07,200,"sd","10:25:59",1102000
6.66,0.07,10000,"sd","10:25:55",1101800
6.66,0.07,1000,"sd","10:25:50",1091800
6.66,0.07,800,"sd","10:25:49",1090800
6.66,0.07,15000,"sd","10:25:37",1090000
6.66,0.07,1000,"sd","10:25:36",1075000
6.66,0.07,800,"sd","10:25:22",1074000
6.66,0.07,1800,"sd","10:25:22",1073200
6.66,0.07,10000,"sd","10:24:47",1071400
6.66,0.07,300,"sd","10:24:35",1061400
6.66,0.07,6700,"sd","10:24:34",1061100
6.66,0.07,3000,"sd","10:24:34",1054400
6.66,0.07,300,"sd","10:24:34",1051400
6.66,0.07,200,"sd","10:24:21",1051100
6.66,0.07,1000,"sd","10:24:21",1050900
6.66,0.07,800,"sd","10:24:21",1049900
6.66,0.07,300,"sd","10:24:20",1049100
6.66,0.07,800,"sd","10:24:11",1048800
6.66,0.07,300,"sd","10:23:57",1048000
6.66,0.07,400,"sd","10:23:57",1047700
6.66,0.07,700,"sd","10:23:36",1047300
6.66,0.07,700,"sd","10:23:36",1046600
6.66,0.07,4600,"sd","10:23:36",1045900
6.67,0.08,200,"bu","10:23:35",1041300
6.67,0.08,200,"bu","10:23:29",1041100
6.68,0.09,100,"bu","10:23:13",1040900
6.66,0.07,300,"sd","10:23:12",1040800
6.66,0.07,100,"sd","10:23:12",1040500
6.67,0.08,100,"sd","10:23:12",1040400
6.67,0.08,500,"sd","10:22:34",1040300
6.67,0.08,300,"bu","10:21:50",1039800
6.67,0.08,100,"bu","10:21:50",1039500
6.67,0.08,100,"bu","10:21:43",1039400
6.67,0.08,100,"bu","10:21:22",1039300
6.67,0.08,1000,"bu","10:20:35",1039200
6.67,0.08,1200,"bu","10:20:29",1038200
6.67,0.08,800,"bu","10:20:29",1037000
6.67,0.08,1000,"bu","10:20:23",1036200
6.67,0.08,100,"bu","10:20:02",1035200
6.66,0.07,100,"sd","10:19:56",1035100
6.67,0.08,600,"bu","10:19:19",1035000
6.66,0.07,300,"bu","10:18:43",1034400
6.66,0.07,100,"sd","10:18:38",1034100
6.66,0.07,100,"sd","10:18:38",1034000
6.67,0.08,200,"bu","10:18:05",1033900
6.66,0.07,700,"sd","10:17:50",1033700
6.66,0.07,100,"bu","10:17:45",1033000
6.66,0.07,200,"bu","10:17:45",1032900
6.66,0.07,200,"bu","10:17:44",1032700
6.66,0.07,1000,"bu","10:17:40",1032500
6.66,0.07,200,"bu","10:17:25",1031500
6.66,0.07,100,"bu","10:17:24",1031300
6.66,0.07,500,"bu","10:17:14",1031200
6.66,0.07,1500,"bu","10:17:14",1030700
6.65,0.06,1000,"sd","10:17:07",1029200
6.65,0.06,1000,"sd","10:17:06",1028200
6.65,0.06,700,"bu","10:17:02",1027200
6.65,0.06,3000,"sd","10:17:00",1026500
6.65,0.06,1000,"sd","10:17:00",1023500
6.65,0.06,3900,"sd","10:17:00",1022500
6.65,0.06,600,"sd","10:17:00",1018600
6.65,0.06,300,"sd","10:17:00",1018000
6.65,0.06,500,"sd","10:17:00",1017700
6.66,0.07,500,"bu","10:16:53",1017200
6.66,0.07,1000,"bu","10:16:53",1016700
6.66,0.07,300,"bu","10:16:28",1015700
6.66,0.07,200,"bu","10:16:26",1015400
6.66,0.07,100,"bu","10:16:20",1015200
6.66,0.07,100,"bu","10:16:13",1015100
6.66,0.07,100,"bu","10:16:11",1015000
6.66,0.07,500,"unknown","10:16:11",1014900
6.66,0.07,1000,"sd","10:16:11",1014400
6.66,0.07,100,"sd","10:16:11",1013400
6.66,0.07,100,"sd","10:16:11",1013300
6.66,0.07,100,"sd","10:15:45",1013200
6.67,0.08,1000,"bu","10:15:33",1013100
6.66,0.07,100,"sd","10:15:18",1012100
6.66,0.07,100,"sd","10:15:18",1012000
6.66,0.07,500,"sd","10:15:18",1011900
6.66,0.07,300,"sd","10:15:18",1011400
6.66,0.07,200,"sd","10:14:49",1011100
6.66,0.07,500,"sd","10:13:47",1010900
6.67,0.08,100,"bu","10:13:39",1010400
6.67,0.08,1000,"bu","10:13:34",1010300
6.67,0.08,100,"bu","10:13:27",1009300
6.67,0.08,3000,"bu","10:13:17",1009200
6.67,0.08,100,"bu","10:13:17",1006200
6.67,0.08,500,"bu","10:12:57",1006100
6.67,0.08,2000,"bu","10:12:56",1005600
6.67,0.08,5000,"sd","10:12:45",1003600
6.67,0.08,14500,"sd","10:12:45",998600
6.69,0.1,2000,"bu","10:12:34",984100
6.69,0.1,500,"bu","10:12:19",982100
6.68,0.09,100,"bu","10:12:19",981600
6.68,0.09,300,"sd","10:12:19",981500
6.68,0.09,100,"sd","10:12:19",981200
6.68,0.09,300,"bu","10:12:02",981100
6.68,0.09,100,"bu","10:12:02",980800
6.68,0.09,1700,"bu","10:12:01",980700
6.68,0.09,300,"bu","10:12:01",979000
6.68,0.09,700,"bu","10:12:00",978700
6.68,0.09,300,"bu","10:12:00",978000
6.68,0.09,5000,"bu","10:11:44",977700
6.68,0.09,500,"bu","10:11:33",972700
6.68,0.09,1000,"bu","10:11:29",972200
6.68,0.09,5000,"bu","10:11:25",971200
6.67,0.08,500,"sd","10:10:55",966200
6.68,0.09,200,"bu","10:10:50",965700
6.68,0.09,1000,"bu","10:10:42",965500
6.67,0.08,1000,"sd","10:10:32",964500
6.68,0.09,200,"bu","10:10:21",963500
6.68,0.09,300,"bu","10:09:52",963300
6.68,0.09,500,"unknown","10:09:45",963000
6.68,0.09,1000,"sd","10:09:45",962500
6.68,0.09,3500,"sd","10:09:17",961500
6.69,0.1,12000,"bu","10:09:16",958000
6.69,0.1,100,"bu","10:09:16",946000
6.69,0.1,1000,"bu","10:09:16",945900
6.69,0.1,2900,"bu","10:09:16",944900
6.68,0.09,500,"sd","10:09:12",942000
6.68,0.09,300,"bu","10:08:47",941500
6.68,0.09,200,"bu","10:08:47",941200
6.68,0.09,3000,"bu","10:08:47",941000
6.68,0.09,500,"bu","10:08:47",938000
6.68,0.09,1000,"bu","10:08:47",937500
6.68,0.09,100,"bu","10:08:21",936500
6.68,0.09,900,"sd","10:07:31",936400
6.68,0.09,500,"sd","10:06:59",935500
6.69,0.1,100,"bu","10:05:54",935000
6.69,0.1,900,"bu","10:05:33",934900
6.62,0.03,4100,"sd","10:05:21",934000
6.62,0.03,100,"sd","10:05:21",929900
6.62,0.03,1800,"sd","10:05:21",929800
6.62,0.03,2000,"sd","10:05:21",928000
6.62,0.03,10000,"sd","10:05:21",926000
6.62,0.03,8000,"sd","10:05:21",916000
6.62,0.03,100,"sd","10:05:21",908000
6.62,0.03,8700,"sd","10:05:21",907900
6.63,0.04,200,"sd","10:05:21",899200
6.64,0.05,100,"sd","10:05:21",899000
6.63,0.04,200,"sd","10:05:21",898900
6.64,0.05,1000,"sd","10:05:21",898700
6.63,0.04,200,"sd","10:05:21",897700
6.64,0.05,300,"sd","10:05:21",897500
6.63,0.04,3500,"sd","10:05:21",897200
6.64,0.05,2000,"sd","10:05:20",893700
6.63,0.04,100,"sd","10:05:20",891700
6.64,0.05,500,"sd","10:05:20",891600
6.63,0.04,1000,"sd","10:05:20",891100
6.64,0.05,1000,"sd","10:05:20",890100
6.63,0.04,200,"sd","10:05:20",889100
6.64,0.05,1300,"sd","10:05:20",888900
6.63,0.04,1000,"sd","10:05:20",887600
6.63,0.04,300,"sd","10:05:20",886600
6.63,0.04,100,"sd","10:05:20",886300
6.64,0.05,2000,"sd","10:05:20",886200
6.64,0.05,200,"sd","10:05:20",884200
6.67,0.08,10000,"sd","10:04:27",884000
6.69,0.1,1000,"bu","10:04:09",874000
6.69,0.1,100,"bu","10:03:32",873000
6.64,0.05,900,"sd","10:02:38",872900
6.66,0.07,300,"sd","10:02:38",872000
6.64,0.05,500,"sd","10:02:09",871700
6.63,0.04,12000,"sd","10:01:32",871200
6.63,0.04,10000,"sd","10:01:32",859200
6.63,0.04,17800,"sd","10:01:32",849200
6.64,0.05,200,"sd","10:01:32",831400
6.63,0.04,8000,"sd","10:01:19",831200
6.63,0.04,100,"sd","10:00:29",823200
6.63,0.04,200,"sd","10:00:09",823100
6.62,0.03,11300,"sd","09:59:43",822900
6.62,0.03,1100,"sd","09:59:43",811600
6.62,0.03,100,"sd","09:59:43",810500
6.62,0.03,100,"sd","09:59:43",810400
6.62,0.03,100,"sd","09:59:43",810300
6.62,0.03,4200,"sd","09:59:43",810200
6.62,0.03,100,"sd","09:59:43",806000
6.62,0.03,1500,"sd","09:59:43",805900
6.63,0.04,10000,"sd","09:59:43",804400
6.63,0.04,2000,"sd","09:59:43",794400
6.63,0.04,2000,"sd","09:59:43",792400
6.63,0.04,300,"sd","09:59:43",790400
6.64,0.05,3700,"sd","09:59:43",790100
6.65,0.06,100,"sd","09:59:43",786400
6.65,0.06,100,"sd","09:59:43",786300
6.65,0.06,1500,"sd","09:59:43",786200
6.65,0.06,100,"sd","09:59:43",784700
6.65,0.06,10000,"sd","09:59:43",784600
6.65,0.06,100,"sd","09:59:43",774600
6.66,0.07,2000,"sd","09:59:43",774500
6.66,0.07,2000,"sd","09:59:43",772500
6.68,0.09,100,"sd","09:59:43",770500
6.68,0.09,3000,"sd","09:59:43",770400
6.68,0.09,400,"sd","09:59:43",767400
6.69,0.1,500,"sd","09:59:43",767000
6.69,0.1,300,"sd","09:59:43",766500
6.69,0.1,2300,"sd","09:59:43",766200
6.69,0.1,2000,"bu","09:59:35",763900
6.69,0.1,700,"bu","09:59:35",761900
6.69,0.1,100,"bu","09:59:05",761200
6.69,0.1,200,"sd","09:58:53",761100
6.7,0.11,100,"bu","09:58:26",760900
6.69,0.1,200,"sd","09:58:26",760800
6.7,0.11,100,"bu","09:58:22",760600
6.7,0.11,100,"bu","09:58:21",760500
6.7,0.11,900,"bu","09:58:21",760400
6.7,0.11,1000,"bu","09:58:04",759500
6.7,0.11,4000,"bu","09:57:46",758500
6.69,0.1,1000,"bu","09:57:46",754500
6.68,0.09,3800,"sd","09:57:13",753500
6.68,0.09,100,"bu","09:57:13",749700
6.68,0.09,10000,"bu","09:57:13",749600
6.68,0.09,300,"bu","09:57:13",739600
6.68,0.09,300,"bu","09:57:13",739300
6.68,0.09,100,"bu","09:57:13",739000
6.68,0.09,400,"bu","09:56:19",738900
6.68,0.09,1500,"sd","09:55:38",738500
6.69,0.1,1000,"bu","09:55:17",737000
6.68,0.09,500,"bu","09:55:09",736000
6.69,0.1,200,"bu","09:54:51",735500
6.7,0.11,20000,"bu","09:53:52",735300
6.7,0.11,1000,"bu","09:52:58",715300
6.7,0.11,1100,"bu","09:52:18",714300
6.7,0.11,4000,"bu","09:52:18",713200
6.7,0.11,4200,"bu","09:52:18",709200
6.7,0.11,800,"bu","09:51:58",705000
6.7,0.11,500,"bu","09:51:58",704200
6.69,0.1,100,"bu","09:51:58",703700
6.69,0.1,500,"bu","09:51:58",703600
6.66,0.07,1500,"bu","09:51:58",703100
6.66,0.07,2800,"bu","09:51:58",701600
6.65,0.06,100,"bu","09:51:58",698800
6.65,0.06,100,"bu","09:51:58",698700
6.65,0.06,500,"bu","09:51:58",698600
6.65,0.06,2000,"bu","09:51:58",698100
6.65,0.06,1000,"bu","09:51:58",696100
6.65,0.06,100,"bu","09:51:58",695100
6.65,0.06,300,"bu","09:51:57",695000
6.65,0.06,100,"bu","09:51:57",694700
6.65,0.06,600,"bu","09:51:57",694600
6.65,0.06,200,"bu","09:51:55",694000
6.64,0.05,5000,"sd","09:51:44",693800
6.64,0.05,200,"sd","09:51:42",688800
6.64,0.05,500,"bu","09:51:40",688600
6.64,0.05,600,"bu","09:51:40",688100
6.64,0.05,1400,"bu","09:51:35",687500
6.64,0.05,2000,"bu","09:51:35",686100
6.64,0.05,300,"bu","09:51:35",684100
6.64,0.05,1300,"bu","09:51:35",683800
6.64,0.05,8700,"bu","09:51:25",682500
6.64,0.05,400,"bu","09:51:25",673800
6.64,0.05,900,"bu","09:51:25",673400
6.64,0.05,600,"bu","09:51:18",672500
6.64,0.05,400,"bu","09:51:18",671900
6.63,0.04,200,"sd","09:51:16",671500
6.63,0.04,2000,"bu","09:50:41",671300
6.62,0.03,500,"sd","09:50:22",669300
6.62,0.03,1000,"bu","09:49:03",668800
6.62,0.03,300,"sd","09:48:59",667800
6.62,0.03,200,"sd","09:48:59",667500
6.62,0.03,1500,"sd","09:48:59",667300
6.62,0.03,1400,"bu","09:48:45",665800
6.62,0.03,2100,"bu","09:48:45",664400
6.62,0.03,900,"bu","09:48:35",662300
6.61,0.02,2000,"sd","09:48:11",661400
6.61,0.02,5000,"sd","09:48:11",659400
6.61,0.02,100,"sd","09:48:11",654400
6.61,0.02,200,"bu","09:47:30",654300
6.6,0.01,200,"sd","09:47:20",654100
6.61,0.02,100,"sd","09:47:20",653900
6.61,0.02,200,"sd","09:47:13",653800
6.61,0.02,2000,"sd","09:47:13",653600
6.6,0.01,600,"sd","09:46:49",651600
6.6,0.01,1000,"sd","09:46:49",651000
6.6,0.01,1000,"sd","09:46:49",650000
6.6,0.01,1000,"sd","09:46:49",649000
6.6,0.01,1000,"sd","09:46:49",648000
6.61,0.02,400,"sd","09:46:49",647000
6.61,0.02,100,"bu","09:46:42",646600
6.61,0.02,300,"bu","09:46:29",646500
6.61,0.02,1000,"bu","09:46:20",646200
6.61,0.02,2000,"bu","09:46:07",645200
6.61,0.02,100,"bu","09:46:05",643200
6.61,0.02,500,"sd","09:45:52",643100
6.61,0.02,200,"sd","09:45:52",642600
6.61,0.02,400,"sd","09:45:52",642400
6.61,0.02,10000,"sd","09:45:52",642000
6.61,0.02,1000,"sd","09:45:52",632000
6.61,0.02,2500,"sd","09:45:52",631000
6.62,0.03,100,"sd","09:45:52",628500
6.62,0.03,1900,"sd","09:45:51",628400
6.62,0.03,1000,"sd","09:44:55",626500
6.62,0.03,2000,"bu","09:44:41",625500
6.62,0.03,5100,"bu","09:44:41",623500
6.62,0.03,300,"bu","09:44:28",618400
6.62,0.03,100,"bu","09:44:23",618100
6.62,0.03,2000,"bu","09:44:22",618000
6.61,0.02,500,"sd","09:44:15",616000
6.61,0.02,800,"sd","09:44:15",615500
6.62,0.03,5000,"bu","09:44:00",614700
6.62,0.03,900,"sd","09:43:49",609700
6.62,0.03,100,"bu","09:43:36",608800
6.62,0.03,1000,"bu","09:43:36",608700
6.61,0.02,1200,"bu","09:43:04",607700
6.61,0.02,200,"bu","09:42:54",606500
6.61,0.02,1000,"sd","09:42:51",606300
6.61,0.02,2000,"sd","09:42:51",605300
6.61,0.02,3400,"sd","09:42:51",603300
6.61,0.02,200,"sd","09:42:51",599900
6.61,0.02,300,"sd","09:42:44",599700
6.62,0.03,700,"bu","09:42:43",599400
6.61,0.02,3000,"sd","09:42:42",598700
6.62,0.03,300,"bu","09:42:35",595700
6.62,0.03,200,"bu","09:42:35",595400
6.61,0.02,1000,"bu","09:42:03",595200
6.61,0.02,600,"bu","09:42:03",594200
6.61,0.02,1700,"bu","09:42:03",593600
6.61,0.02,500,"bu","09:42:00",591900
6.6,0.01,1000,"sd","09:41:54",591400
6.61,0.02,300,"sd","09:41:41",590400
6.61,0.02,300,"sd","09:41:23",590100
6.61,0.02,1400,"bu","09:41:22",589800
6.61,0.02,400,"bu","09:41:22",588400
6.61,0.02,200,"bu","09:41:22",588000
6.61,0.02,200,"sd","09:41:17",587800
6.61,0.02,100,"sd","09:41:17",587600
6.61,0.02,200,"sd","09:41:17",587500
6.61,0.02,600,"sd","09:41:16",587300
6.61,0.02,2000,"sd","09:41:05",586700
6.61,0.02,300,"sd","09:40:58",584700
6.61,0.02,6100,"sd","09:40:52",584400
6.61,0.02,800,"sd","09:40:25",578300
6.61,0.02,200,"sd","09:40:25",577500
6.61,0.02,1000,"sd","09:40:25",577300
6.61,0.02,5000,"sd","09:40:25",576300
6.62,0.03,100,"sd","09:40:25",571300
6.62,0.03,300,"sd","09:40:25",571200
6.62,0.03,1000,"sd","09:40:25",570900
6.62,0.03,2000,"sd","09:40:25",569900
6.62,0.03,5000,"sd","09:40:25",567900
6.62,0.03,4600,"sd","09:40:25",562900
6.62,0.03,100,"sd","09:40:24",558300
6.62,0.03,300,"sd","09:40:17",558200
6.62,0.03,200,"sd","09:40:17",557900
6.62,0.03,500,"sd","09:39:46",557700
6.62,0.03,100,"sd","09:39:18",557200
6.64,0.05,100,"bu","09:39:10",557100
6.64,0.05,100,"bu","09:39:09",557000
6.62,0.03,100,"sd","09:39:06",556900
6.62,0.03,100,"bu","09:38:43",556800
6.62,0.03,400,"bu","09:38:39",556700
6.62,0.03,200,"bu","09:38:33",556300
6.62,0.03,3000,"bu","09:38:33",556100
6.62,0.03,1100,"bu","09:38:33",553100
6.62,0.03,100,"bu","09:38:33",552000
6.62,0.03,100,"bu","09:38:33",551900
6.62,0.03,200,"sd","09:38:14",551800
6.62,0.03,200,"sd","09:37:38",551600
6.62,0.03,300,"sd","09:37:38",551400
6.62,0.03,100,"sd","09:37:38",551100
6.62,0.03,1000,"sd","09:37:36",551000
6.62,0.03,300,"sd","09:37:36",550000
6.62,0.03,600,"sd","09:37:36",549700
6.63,0.04,100,"bu","09:37:34",549100
6.63,0.04,200,"bu","09:37:33",549000
6.62,0.03,300,"sd","09:37:28",548800
6.63,0.04,2700,"bu","09:37:19",548500
6.63,0.04,300,"bu","09:37:19",545800
6.63,0.04,100,"bu","09:37:02",545500
6.63,0.04,100,"bu","09:36:58",545400
6.63,0.04,3000,"bu","09:36:57",545300
6.63,0.04,100,"bu","09:35:57",542300
6.63,0.04,100,"sd","09:35:48",542200
6.63,0.04,1000,"sd","09:35:48",542100
6.63,0.04,100,"sd","09:35:47",541100
6.64,0.05,300,"bu","09:35:46",541000
6.64,0.05,100,"bu","09:35:41",540700
6.64,0.05,200,"bu","09:35:41",540600
6.64,0.05,9700,"bu","09:35:41",540400
6.64,0.05,100,"bu","09:35:39",530700
6.64,0.05,1000,"bu","09:35:26",530600
6.64,0.05,800,"bu","09:35:24",529600
6.64,0.05,2000,"bu","09:35:19",528800
6.64,0.05,300,"bu","09:35:17",526800
6.64,0.05,100,"bu","09:35:13",526500
6.64,0.05,300,"bu","09:35:09",526400
6.64,0.05,100,"bu","09:34:45",526100
6.64,0.05,200,"bu","09:34:42",526000
6.63,0.04,900,"bu","09:34:25",525800
6.62,0.03,100,"sd","09:34:24",524900
6.62,0.03,1500,"sd","09:34:20",524800
6.62,0.03,15800,"sd","09:34:20",523300
6.62,0.03,1000,"sd","09:34:20",507500
6.62,0.03,300,"sd","09:34:20",506500
6.62,0.03,1500,"sd","09:34:20",506200
6.62,0.03,500,"sd","09:34:20",504700
6.62,0.03,900,"sd","09:34:20",504200
6.63,0.04,500,"bu","09:34:19",503300
6.63,0.04,1000,"sd","09:34:14",502800
6.64,0.05,200,"bu","09:34:03",501800
6.64,0.05,100,"bu","09:34:00",501600
6.64,0.05,100,"bu","09:33:36",501500
6.62,0.03,4000,"sd","09:32:27",501400
6.62,0.03,1000,"sd","09:32:27",497400
6.62,0.03,200,"sd","09:32:27",496400
6.62,0.03,800,"sd","09:32:27",496200
6.62,0.03,300,"sd","09:32:27",495400
6.62,0.03,3200,"sd","09:32:27",495100
6.65,0.06,100,"sd","09:32:03",491900
6.62,0.03,2600,"sd","09:31:38",491800
6.62,0.03,100,"sd","09:31:38",489200
6.64,0.05,1000,"sd","09:31:38",489100
6.64,0.05,500,"sd","09:31:38",488100
6.64,0.05,300,"sd","09:31:38",487600
6.66,0.07,100,"bu","09:31:21",487300
6.64,0.05,10000,"sd","09:31:18",487200
6.64,0.05,900,"sd","09:31:12",477200
6.66,0.07,2000,"bu","09:31:12",476300
6.64,0.05,1000,"sd","09:31:07",474300
6.64,0.05,9800,"sd","09:30:52",473300
6.65,0.06,200,"sd","09:30:52",463500
6.66,0.07,300,"bu","09:30:37",463300
6.66,0.07,1000,"bu","09:30:14",463000
6.62,0.03,9900,"sd","09:30:07",462000
6.63,0.04,100,"sd","09:30:07",452100
6.63,0.04,300,"sd","09:30:07",452000
6.65,0.06,1000,"sd","09:30:07",451700
6.65,0.06,100,"sd","09:30:07",450700
6.65,0.06,200,"sd","09:30:07",450600
6.65,0.06,500,"sd","09:30:07",450400
6.65,0.06,900,"sd","09:30:07",449900
6.66,0.07,100,"bu","09:30:05",449000
6.66,0.07,3200,"sd","09:29:53",448900
6.66,0.07,100,"sd","09:29:53",445700
6.66,0.07,300,"sd","09:29:53",445600
6.66,0.07,100,"sd","09:29:53",445300
6.66,0.07,10000,"sd","09:29:53",445200
6.66,0.07,100,"sd","09:29:33",435200
6.68,0.09,100,"bu","09:29:17",435100
6.67,0.08,100,"bu","09:29:17",435000
6.66,0.07,700,"sd","09:29:12",434900
6.66,0.07,200,"sd","09:29:11",434200
6.66,0.07,800,"sd","09:29:06",434000
6.67,0.08,2200,"sd","09:29:06",433200
6.66,0.07,5000,"sd","09:28:56",431000
6.65,0.06,100,"sd","09:28:41",426000
6.65,0.06,300,"sd","09:28:41",425900
6.66,0.07,100,"sd","09:28:41",425600
6.67,0.08,10000,"sd","09:28:41",425500
6.68,0.09,300,"bu","09:28:40",415500
6.68,0.09,1000,"bu","09:28:35",415200
6.68,0.09,200,"sd","09:28:34",414200
6.68,0.09,1600,"sd","09:28:34",414000
6.68,0.09,3000,"sd","09:28:30",412400
6.68,0.09,100,"sd","09:28:29",409400
6.68,0.09,100,"sd","09:28:27",409300
6.68,0.09,100,"sd","09:28:26",409200
6.68,0.09,5000,"sd","09:28:22",409100
6.68,0.09,100,"sd","09:28:20",404100
6.7,0.11,100,"bu","09:28:19",404000
6.7,0.11,500,"sd","09:27:55",403900
6.7,0.11,500,"sd","09:27:55",403400
6.7,0.11,500,"sd","09:27:55",402900
6.7,0.11,1000,"sd","09:27:55",402400
6.7,0.11,1000,"sd","09:27:44",401400
6.7,0.11,100,"sd","09:27:44",400400
6.7,0.11,500,"sd","09:27:44",400300
6.7,0.11,500,"sd","09:27:37",399800
6.7,0.11,100,"sd","09:27:37",399300
6.7,0.11,3000,"sd","09:27:37",399200
6.7,0.11,100,"sd","09:27:37",396200
6.7,0.11,500,"sd","09:27:37",396100
6.7,0.11,100,"sd","09:27:37",395600
6.7,0.11,300,"sd","09:27:37",395500
6.7,0.11,400,"sd","09:27:37",395200
6.7,0.11,100,"sd","09:27:34",394800
6.71,0.12,100,"sd","09:27:22",394700
6.71,0.12,1600,"sd","09:27:22",394600
6.71,0.12,100,"sd","09:27:22",393000
6.73,0.14,100,"bu","09:27:20",392900
6.71,0.12,6400,"sd","09:27:11",392800
6.72,0.13,2000,"sd","09:27:11",386400
6.72,0.13,1600,"sd","09:27:11",384400
6.72,0.13,2700,"sd","09:27:11",382800
6.72,0.13,100,"sd","09:27:07",380100
6.72,0.13,600,"sd","09:27:01",380000
6.72,0.13,1000,"sd","09:26:58",379400
6.72,0.13,1900,"bu","09:26:57",378400
6.72,0.13,500,"bu","09:26:57",376500
6.72,0.13,1000,"bu","09:26:57",376000
6.72,0.13,400,"bu","09:26:57",375000
6.72,0.13,500,"bu","09:26:57",374600
6.72,0.13,1100,"bu","09:26:57",374100
6.72,0.13,200,"bu","09:26:57",373000
6.72,0.13,400,"bu","09:26:51",372800
6.71,0.12,100,"sd","09:26:48",372400
6.71,0.12,1300,"sd","09:26:48",372300
6.71,0.12,500,"sd","09:26:47",371000
6.7,0.11,2000,"sd","09:26:42",370500
6.7,0.11,9900,"sd","09:26:42",368500
6.7,0.11,1500,"sd","09:26:40",358600
6.7,0.11,200,"sd","09:26:39",357100
6.7,0.11,10000,"sd","09:26:38",356900
6.7,0.11,300,"sd","09:26:36",346900
6.7,0.11,5200,"sd","09:26:31",346600
6.71,0.12,4800,"sd","09:26:31",341400
6.71,0.12,200,"bu","09:26:31",336600
6.7,0.11,500,"sd","09:26:26",336400
6.7,0.11,100,"sd","09:26:26",335900
6.7,0.11,200,"sd","09:26:26",335800
6.7,0.11,2700,"sd","09:26:26",335600
6.7,0.11,2300,"sd","09:26:18",332900
6.7,0.11,1000,"sd","09:26:18",330600
6.7,0.11,100,"sd","09:26:18",329600
6.7,0.11,1000,"sd","09:26:18",329500
6.71,0.12,200,"sd","09:26:11",328500
6.71,0.12,200,"sd","09:26:11",328300
6.71,0.12,200,"sd","09:26:11",328100
6.72,0.13,1000,"sd","09:26:03",327900
6.72,0.13,200,"sd","09:26:03",326900
6.72,0.13,300,"sd","09:26:03",326700
6.72,0.13,500,"sd","09:26:03",326400
6.72,0.13,500,"sd","09:26:00",325900
6.72,0.13,100,"sd","09:26:00",325400
6.72,0.13,200,"sd","09:26:00",325300
6.72,0.13,300,"sd","09:25:52",325100
6.72,0.13,200,"sd","09:25:52",324800
6.73,0.14,100,"sd","09:25:52",324600
6.73,0.14,1000,"sd","09:25:52",324500
6.73,0.14,100,"sd","09:25:52",323500
6.73,0.14,600,"sd","09:25:52",323400
6.73,0.14,1000,"sd","09:25:50",322800
6.73,0.14,5000,"sd","09:25:48",321800
6.73,0.14,1000,"sd","09:25:47",316800
6.73,0.14,54200,"sd","09:25:40",315800
6.73,0.14,600,"sd","09:25:40",261600
6.74,0.15,200,"bu","09:25:37",261000
6.73,0.14,2000,"sd","09:25:35",260800
6.74,0.15,100,"bu","09:25:17",258800
6.74,0.15,3000,"bu","09:25:14",258700
6.74,0.15,500,"bu","09:25:10",255700
6.74,0.15,5000,"bu","09:25:05",255200
6.73,0.14,1000,"sd","09:25:04",250200
6.74,0.15,700,"bu","09:25:00",249200
6.73,0.14,400,"sd","09:25:00",248500
6.74,0.15,3900,"bu","09:24:39",248100
6.74,0.15,100,"bu","09:24:34",244200
6.74,0.15,100,"bu","09:24:28",244100
6.74,0.15,5000,"sd","09:24:28",244000
6.74,0.15,100,"sd","09:24:28",239000
6.74,0.15,500,"sd","09:24:28",238900
6.74,0.15,500,"sd","09:24:28",238400
6.74,0.15,3300,"sd","09:24:28",237900
6.74,0.15,500,"sd","09:24:21",234600
6.74,0.15,200,"sd","09:24:16",234100
6.74,0.15,1000,"sd","09:24:00",233900
6.74,0.15,7300,"sd","09:24:00",232900
6.74,0.15,1000,"bu","09:23:54",225600
6.74,0.15,100,"bu","09:23:52",224600
6.74,0.15,400,"bu","09:23:36",224500
6.74,0.15,2000,"sd","09:23:34",224100
6.74,0.15,400,"sd","09:23:34",222100
6.74,0.15,5000,"sd","09:23:34",221700
6.74,0.15,3800,"sd","09:23:34",216700
6.74,0.15,400,"sd","09:23:34",212900
6.74,0.15,100,"sd","09:23:33",212500
6.74,0.15,5700,"bu","09:23:03",212400
6.74,0.15,200,"bu","09:23:02",206700
6.74,0.15,1000,"bu","09:22:57",206500
6.74,0.15,500,"bu","09:22:52",205500
6.74,0.15,5000,"bu","09:22:43",205000
6.74,0.15,7600,"sd","09:22:43",200000
6.74,0.15,900,"bu","09:22:40",192400
6.74,0.15,1100,"sd","09:22:40",191500
6.74,0.15,3000,"bu","09:22:36",190400
6.74,0.15,1200,"bu","09:22:36",187400
6.74,0.15,700,"bu","09:22:36",186200
6.74,0.15,3500,"sd","09:22:27",185500
6.74,0.15,100,"bu","09:22:18",182000
6.74,0.15,1400,"bu","09:22:18",181900
6.73,0.14,300,"sd","09:22:17",180500
6.73,0.14,200,"sd","09:22:17",180200
6.73,0.14,700,"sd","09:22:17",180000
6.73,0.14,900,"sd","09:22:17",179300
6.74,0.15,100,"bu","09:22:12",178400
6.74,0.15,100,"bu","09:22:06",178300
6.74,0.15,200,"sd","09:21:58",178200
6.74,0.15,1200,"sd","09:21:58",178000
6.75,0.16,400,"bu","09:21:58",176800
6.74,0.15,200,"sd","09:21:46",176400
6.74,0.15,1600,"bu","09:21:41",176200
6.74,0.15,400,"bu","09:21:24",174600
6.74,0.15,4000,"bu","09:21:24",174200
6.74,0.15,600,"bu","09:21:24",170200
6.73,0.14,100,"sd","09:21:21",169600
6.74,0.15,100,"bu","09:21:16",169500
6.74,0.15,300,"bu","09:21:09",169400
6.72,0.13,300,"sd","09:21:07",169100
6.72,0.13,1900,"sd","09:21:07",168800
6.73,0.14,300,"sd","09:21:07",166900
6.73,0.14,2000,"sd","09:21:07",166600
6.73,0.14,500,"sd","09:21:07",164600
6.73,0.14,500,"sd","09:20:41",164100
6.72,0.13,3100,"sd","09:20:36",163600
6.72,0.13,1900,"sd","09:20:36",160500
6.72,0.13,100,"bu","09:20:11",158600
6.71,0.12,500,"sd","09:20:06",158500
6.71,0.12,4400,"sd","09:19:59",158000
6.72,0.13,1000,"bu","09:19:58",153600
6.72,0.13,1800,"bu","09:19:50",152600
6.72,0.13,100,"sd","09:19:43",150800
6.75,0.16,500,"bu","09:19:35",150700
6.73,0.14,500,"sd","09:19:34",150200
6.75,0.16,100,"bu","09:19:24",149700
6.73,0.14,500,"sd","09:19:23",149600
6.75,0.16,500,"bu","09:19:23",149100
6.75,0.16,1000,"bu","09:19:23",148600
6.75,0.16,500,"sd","09:19:15",147600
6.75,0.16,200,"sd","09:19:15",147100
6.75,0.16,500,"sd","09:19:15",146900
6.75,0.16,500,"sd","09:19:15",146400
6.75,0.16,1000,"sd","09:19:15",145900
6.75,0.16,3000,"sd","09:19:15",144900
6.75,0.16,200,"sd","09:19:15",141900
6.76,0.17,1000,"bu","09:19:07",141700
6.76,0.17,3600,"sd","09:18:52",140700
6.78,0.19,9600,"bu","09:18:46",137100
6.78,0.19,1500,"bu","09:18:46",127500
6.78,0.19,100,"bu","09:18:46",126000
6.78,0.19,3800,"bu","09:18:46",125900
6.78,0.19,500,"bu","09:18:32",122100
6.78,0.19,4200,"bu","09:18:24",121600
6.76,0.17,200,"bu","09:18:24",117400
6.76,0.17,4100,"bu","09:18:24",117200
6.76,0.17,2100,"bu","09:18:17",113100
6.76,0.17,1000,"sd","09:18:15",111000
6.76,0.17,400,"sd","09:18:15",110000
6.76,0.17,2400,"sd","09:18:15",109600
6.78,0.19,1000,"bu","09:18:00",107200
6.78,0.19,500,"bu","09:18:00",106200
6.76,0.17,2000,"sd","09:17:59",105700
6.79,0.2,400,"bu","09:17:50",103700
6.79,0.2,100,"bu","09:17:48",103300
6.79,0.2,800,"bu","09:17:38",103200
6.79,0.2,1300,"bu","09:17:37",102400
6.79,0.2,500,"bu","09:17:37",101100
6.79,0.2,100,"bu","09:17:37",100600
6.79,0.2,3100,"bu","09:17:37",100500
6.76,0.17,600,"sd","09:17:36",97400
6.79,0.2,200,"bu","09:17:17",96800
6.75,0.16,5000,"sd","09:17:14",96600
6.75,0.16,4000,"sd","09:17:12",91600
6.75,0.16,1000,"sd","09:17:12",87600
6.79,0.2,5700,"bu","09:17:11",86600
6.78,0.19,100,"bu","09:17:11",80900
6.78,0.19,2000,"bu","09:17:11",80800
6.76,0.17,2000,"bu","09:17:11",78800
6.76,0.17,200,"bu","09:17:11",76800
6.76,0.17,1800,"bu","09:17:09",76600
6.79,0.2,1000,"bu","09:16:59",74800
6.76,0.17,200,"bu","09:16:51",73800
6.76,0.17,200,"bu","09:16:51",73600
6.76,0.17,100,"bu","09:16:51",73400
6.76,0.17,500,"bu","09:16:51",73300
6.76,0.17,1000,"bu","09:16:32",72800
6.76,0.17,100,"bu","09:16:28",71800
6.76,0.17,1000,"bu","09:16:26",71700
6.8,0.21,3000,"bu","09:16:21",70700
6.8,0.21,3000,"bu","09:16:04",67700
6.8,0.21,100,"bu","09:16:04",64700
6.75,0.16,1700,"bu","09:16:04",64600
6.75,0.16,1000,"bu","09:16:04",62900
6.75,0.16,3200,"bu","09:16:04",61900
6.75,0.16,1000,"bu","09:16:04",58700
6.75,0.16,800,"bu","09:15:49",57700
6.74,0.15,4000,"bu","09:15:49",56900
6.74,0.15,200,"bu","09:15:49",52900
6.7,0.11,100,"sd","09:15:40",52700
6.7,0.11,200,"bu","09:15:24",52600
6.7,0.11,100,"bu","09:15:24",52400
6.7,0.11,1100,"bu","09:15:24",52300
6.7,0.11,1000,"bu","09:15:24",51200
6.7,0.11,700,"bu","09:15:24",50200
6.7,0.11,100,"bu","09:15:11",49500
6.7,0.11,500,"bu","09:15:10",49400
6.7,0.11,3700,"bu","09:15:06",48900
6.7,0.11,3800,"bu","09:15:06",45200
6.7,0.11,41400,"unknown","09:15:00",41400
