"price","change","match_qtty","side","time","total_vol"
9.5,0.09,60200,"sd","14:45:02",1587800
9.6,0.19,300,"bu","14:29:53",1527600
9.6,0.19,2200,"bu","14:29:53",1527300
9.6,0.19,6800,"bu","14:29:39",1525100
9.59,0.18,1600,"bu","14:29:39",1518300
9.59,0.18,900,"bu","14:29:39",1516700
9.59,0.18,100,"bu","14:29:36",1515800
9.59,0.18,300,"bu","14:29:36",1515700
9.59,0.18,400,"bu","14:29:36",1515400
9.57,0.16,1000,"bu","14:29:36",1515000
9.57,0.16,200,"bu","14:29:36",1514000
9.57,0.16,100,"bu","14:29:34",1513800
9.57,0.16,1000,"bu","14:29:33",1513700
9.57,0.16,2000,"bu","14:29:27",1512700
9.57,0.16,200,"sd","14:29:25",1510700
9.59,0.18,100,"bu","14:29:22",1510500
9.59,0.18,2000,"bu","14:29:15",1510400
9.59,0.18,200,"bu","14:29:09",1508400
9.57,0.16,100,"sd","14:28:53",1508200
9.59,0.18,1000,"bu","14:28:51",1508100
9.59,0.18,300,"bu","14:28:32",1507100
9.59,0.18,1000,"bu","14:28:32",1506800
9.59,0.18,700,"bu","14:28:32",1505800
9.59,0.18,1000,"bu","14:28:30",1505100
9.59,0.18,1900,"bu","14:28:14",1504100
9.59,0.18,100,"bu","14:28:13",1502200
9.59,0.18,100,"bu","14:27:19",1502100
9.59,0.18,600,"bu","14:27:16",1502000
9.59,0.18,1000,"sd","14:26:37",1501400
9.6,0.19,1000,"sd","14:26:02",1500400
9.6,0.19,4000,"bu","14:25:40",1499400
9.6,0.19,1000,"bu","14:25:40",1495400
9.6,0.19,200,"bu","14:25:40",1494400
9.6,0.19,200,"bu","14:25:40",1494200
9.6,0.19,100,"bu","14:25:40",1494000
9.6,0.19,1100,"bu","14:25:40",1493900
9.6,0.19,700,"bu","14:25:40",1492800
9.6,0.19,4000,"bu","14:25:40",1492100
9.6,0.19,1000,"bu","14:25:40",1488100
9.59,0.18,1000,"bu","14:25:33",1487100
9.59,0.18,1000,"bu","14:25:33",1486100
9.59,0.18,500,"bu","14:25:33",1485100
9.59,0.18,1500,"bu","14:25:33",1484600
9.59,0.18,1000,"bu","14:25:30",1483100
9.59,0.18,1000,"bu","14:25:20",1482100
9.54,0.13,100,"sd","14:24:43",1481100
9.59,0.18,1700,"bu","14:24:17",1481000
9.59,0.18,1300,"bu","14:24:17",1479300
9.55,0.14,100,"bu","14:23:58",1478000
9.55,0.14,200,"bu","14:23:58",1477900
9.54,0.13,900,"bu","14:23:32",1477700
9.5,0.09,100,"bu","14:23:09",1476800
9.5,0.09,400,"bu","14:23:09",1476700
9.5,0.09,400,"bu","14:23:09",1476300
9.5,0.09,100,"bu","14:23:03",1475900
9.49,0.08,1000,"bu","14:23:00",1475800
9.49,0.08,700,"bu","14:23:00",1474800
9.48,0.07,5000,"bu","14:22:50",1474100
9.48,0.07,1000,"bu","14:22:50",1469100
9.48,0.07,300,"bu","14:22:50",1468100
9.47,0.06,1000,"bu","14:22:42",1467800
9.46,0.05,700,"bu","14:22:37",1466800
9.46,0.05,1800,"bu","14:22:34",1466100
9.46,0.05,1500,"bu","14:22:34",1464300
9.46,0.05,200,"bu","14:22:26",1462800
9.46,0.05,1000,"bu","14:22:07",1462600
9.46,0.05,300,"bu","14:22:06",1461600
9.46,0.05,100,"bu","14:21:48",1461300
9.42,0.01,400,"sd","14:21:42",1461200
9.46,0.05,100,"bu","14:21:39",1460800
9.42,0.01,1000,"sd","14:20:50",1460700
9.42,0.01,1000,"sd","14:20:46",1459700
9.41,0,100,"sd","14:20:22",1458700
9.41,0,3000,"sd","14:20:17",1458600
9.41,0,500,"sd","14:19:55",1455600
9.41,0,1000,"sd","14:19:45",1455100
9.41,0,23600,"sd","14:18:44",1454100
9.41,0,300,"sd","14:18:44",1430500
9.41,0,5000,"sd","14:18:44",1430200
9.41,0,500,"sd","14:18:44",1425200
9.41,0,4200,"sd","14:18:44",1424700
9.42,0.01,1000,"sd","14:18:44",1420500
9.42,0.01,900,"sd","14:18:44",1419500
9.42,0.01,100,"sd","14:18:34",1418600
9.48,0.07,1500,"bu","14:17:48",1418500
9.45,0.04,100,"bu","14:17:48",1417000
9.45,0.04,400,"bu","14:17:48",1416900
9.45,0.04,600,"bu","14:17:47",1416500
9.45,0.04,400,"bu","14:17:47",1415900
9.45,0.04,100,"sd","14:17:32",1415500
9.45,0.04,100,"sd","14:17:32",1415400
9.45,0.04,100,"sd","14:17:19",1415300
9.45,0.04,300,"sd","14:17:04",1415200
9.49,0.08,300,"bu","14:16:42",1414900
9.5,0.09,500,"bu","14:16:36",1414600
9.5,0.09,7000,"sd","14:16:15",1414100
9.5,0.09,5000,"sd","14:16:15",1407100
9.5,0.09,1000,"sd","14:16:15",1402100
9.5,0.09,200,"sd","14:16:15",1401100
9.5,0.09,1000,"sd","14:16:15",1400900
9.5,0.09,300,"sd","14:16:15",1399900
9.5,0.09,100,"sd","14:16:15",1399600
9.52,0.11,500,"sd","14:16:15",1399500
9.52,0.11,2000,"sd","14:16:15",1399000
9.52,0.11,2700,"sd","14:16:15",1397000
9.55,0.14,100,"sd","14:16:13",1394300
9.55,0.14,100,"sd","14:16:08",1394200
9.58,0.17,100,"bu","14:15:56",1394100
9.58,0.17,200,"sd","14:15:47",1394000
9.59,0.18,8700,"sd","14:15:30",1393800
9.59,0.18,2000,"sd","14:15:30",1385100
9.59,0.18,1000,"sd","14:15:26",1383100
9.59,0.18,300,"sd","14:15:20",1382100
9.59,0.18,300,"sd","14:15:18",1381800
9.59,0.18,300,"sd","14:15:18",1381500
9.59,0.18,300,"sd","14:15:12",1381200
9.6,0.19,1000,"sd","14:15:04",1380900
9.6,0.19,1300,"sd","14:15:04",1379900
9.6,0.19,100,"sd","14:15:03",1378600
9.6,0.19,100,"sd","14:15:02",1378500
9.6,0.19,100,"sd","14:15:01",1378400
9.6,0.19,2000,"sd","14:14:54",1378300
9.61,0.2,100,"sd","14:14:50",1376300
9.61,0.2,500,"sd","14:14:48",1376200
9.62,0.21,100,"bu","14:14:41",1375700
9.62,0.21,5000,"bu","14:14:34",1375600
9.62,0.21,3000,"sd","14:14:30",1370600
9.62,0.21,300,"sd","14:14:30",1367600
9.62,0.21,100,"sd","14:14:24",1367300
9.62,0.21,100,"sd","14:14:21",1367200
9.62,0.21,500,"sd","14:14:20",1367100
9.62,0.21,1000,"sd","14:14:20",1366600
9.62,0.21,500,"sd","14:14:20",1365600
9.62,0.21,1000,"sd","14:14:15",1365100
9.62,0.21,600,"sd","14:14:11",1364100
9.62,0.21,1000,"sd","14:14:11",1363500
9.62,0.21,3000,"sd","14:14:11",1362500
9.62,0.21,400,"sd","14:14:11",1359500
9.64,0.23,2000,"bu","14:13:55",1359100
9.62,0.21,200,"sd","14:13:55",1357100
9.62,0.21,100,"sd","14:13:44",1356900
9.62,0.21,400,"sd","14:13:44",1356800
9.62,0.21,100,"sd","14:13:36",1356400
9.62,0.21,200,"sd","14:13:32",1356300
9.62,0.21,800,"sd","14:13:24",1356100
9.62,0.21,500,"sd","14:13:24",1355300
9.61,0.2,100,"bu","14:13:16",1354800
9.6,0.19,2000,"sd","14:13:12",1354700
9.6,0.19,200,"sd","14:13:02",1352700
9.6,0.19,6200,"sd","14:12:58",1352500
9.6,0.19,1100,"sd","14:12:58",1346300
9.6,0.19,500,"sd","14:12:49",1345200
9.6,0.19,400,"bu","14:12:47",1344700
9.6,0.19,600,"bu","14:12:47",1344300
9.6,0.19,400,"bu","14:12:47",1343700
9.6,0.19,600,"bu","14:12:47",1343300
9.6,0.19,500,"bu","14:12:47",1342700
9.6,0.19,3900,"bu","14:12:47",1342200
9.6,0.19,1000,"bu","14:12:47",1338300
9.6,0.19,2000,"bu","14:12:43",1337300
9.6,0.19,200,"bu","14:12:41",1335300
9.6,0.19,1000,"bu","14:12:41",1335100
9.6,0.19,1000,"bu","14:12:41",1334100
9.6,0.19,200,"bu","14:12:41",1333100
9.6,0.19,100,"bu","14:12:41",1332900
9.6,0.19,500,"bu","14:12:41",1332800
9.6,0.19,5000,"bu","14:12:41",1332300
9.6,0.19,1200,"bu","14:12:41",1327300
9.6,0.19,300,"bu","14:12:41",1326100
9.6,0.19,100,"bu","14:12:41",1325800
9.6,0.19,400,"bu","14:12:41",1325700
9.6,0.19,600,"bu","14:12:29",1325300
9.6,0.19,100,"bu","14:12:29",1324700
9.6,0.19,2000,"bu","14:12:29",1324600
9.6,0.19,1200,"bu","14:12:29",1322600
9.6,0.19,3000,"bu","14:12:29",1321400
9.6,0.19,500,"bu","14:12:29",1318400
9.6,0.19,1000,"bu","14:12:29",1317900
9.6,0.19,200,"bu","14:12:29",1316900
9.59,0.18,2000,"bu","14:12:27",1316700
9.59,0.18,100,"bu","14:12:27",1314700
9.59,0.18,5000,"bu","14:12:27",1314600
9.58,0.17,100,"unknown","14:12:23",1309600
9.58,0.17,100,"bu","14:12:18",1309500
9.58,0.17,800,"bu","14:12:13",1309400
9.58,0.17,1000,"bu","14:12:13",1308600
9.58,0.17,200,"bu","14:12:13",1307600
9.56,0.15,100,"sd","14:11:46",1307400
9.55,0.14,700,"bu","14:11:39",1307300
9.55,0.14,100,"bu","14:11:36",1306600
9.55,0.14,1000,"bu","14:11:28",1306500
9.55,0.14,200,"bu","14:11:10",1305500
9.52,0.11,200,"sd","14:11:06",1305300
9.54,0.13,800,"sd","14:11:06",1305100
9.54,0.13,200,"sd","14:11:05",1304300
9.55,0.14,100,"bu","14:11:03",1304100
9.55,0.14,2400,"bu","14:11:03",1304000
9.55,0.14,1200,"bu","14:11:03",1301600
9.55,0.14,500,"bu","14:11:01",1300400
9.55,0.14,300,"bu","14:10:58",1299900
9.55,0.14,500,"bu","14:10:46",1299600
9.52,0.11,1100,"sd","14:10:34",1299100
9.53,0.12,1000,"sd","14:10:34",1298000
9.55,0.14,100,"bu","14:10:33",1297000
9.53,0.12,1000,"sd","14:10:27",1296900
9.55,0.14,100,"bu","14:10:18",1295900
9.55,0.14,100,"bu","14:10:13",1295800
9.55,0.14,200,"bu","14:09:52",1295700
9.55,0.14,200,"bu","14:09:47",1295500
9.55,0.14,200,"bu","14:09:47",1295300
9.55,0.14,100,"bu","14:09:47",1295100
9.55,0.14,200,"bu","14:09:40",1295000
9.55,0.14,400,"bu","14:09:38",1294800
9.5,0.09,400,"bu","14:09:30",1294400
9.51,0.1,1000,"sd","14:09:29",1294000
9.5,0.09,600,"sd","14:09:29",1293000
9.52,0.11,100,"bu","14:09:16",1292400
9.52,0.11,100,"bu","14:09:03",1292300
9.5,0.09,400,"bu","14:08:51",1292200
9.5,0.09,200,"bu","14:08:49",1291800
9.5,0.09,300,"bu","14:08:19",1291600
9.5,0.09,4100,"sd","14:08:18",1291300
9.5,0.09,2000,"sd","14:08:16",1287200
9.5,0.09,2400,"sd","14:08:01",1285200
9.58,0.17,100,"bu","14:08:00",1282800
9.58,0.17,100,"bu","14:08:00",1282700
9.55,0.14,2700,"bu","14:08:00",1282600
9.55,0.14,300,"bu","14:08:00",1279900
9.55,0.14,1000,"bu","14:08:00",1279600
9.55,0.14,200,"bu","14:08:00",1278600
9.55,0.14,100,"bu","14:08:00",1278400
9.55,0.14,2000,"bu","14:08:00",1278300
9.55,0.14,100,"bu","14:08:00",1276300
9.52,0.11,200,"bu","14:08:00",1276200
9.52,0.11,1000,"bu","14:08:00",1276000
9.52,0.11,2200,"bu","14:08:00",1275000
9.5,0.09,100,"bu","14:08:00",1272800
9.5,0.09,300,"bu","14:08:00",1272700
9.5,0.09,1100,"bu","14:08:00",1272400
9.5,0.09,500,"bu","14:07:57",1271300
9.5,0.09,300,"sd","14:07:43",1270800
9.5,0.09,500,"sd","14:07:43",1270500
9.5,0.09,500,"sd","14:07:42",1270000
9.5,0.09,500,"sd","14:07:42",1269500
9.5,0.09,100,"sd","14:07:41",1269000
9.5,0.09,1400,"sd","14:07:40",1268900
9.5,0.09,3600,"sd","14:07:40",1267500
9.5,0.09,100,"sd","14:07:39",1263900
9.5,0.09,100,"sd","14:07:37",1263800
9.5,0.09,1000,"sd","14:07:36",1263700
9.5,0.09,1600,"sd","14:07:31",1262700
9.52,0.11,400,"bu","14:07:29",1261100
9.5,0.09,7000,"sd","14:07:25",1260700
9.52,0.11,1000,"bu","14:07:00",1253700
9.52,0.11,2000,"bu","14:06:49",1252700
9.5,0.09,500,"sd","14:06:47",1250700
9.5,0.09,500,"sd","14:06:44",1250200
9.5,0.09,1000,"bu","14:06:37",1249700
9.5,0.09,300,"bu","14:06:37",1248700
9.5,0.09,2000,"bu","14:06:37",1248400
9.5,0.09,500,"bu","14:06:37",1246400
9.5,0.09,10000,"bu","14:06:37",1245900
9.5,0.09,500,"bu","14:06:37",1235900
9.5,0.09,300,"bu","14:06:37",1235400
9.5,0.09,100,"bu","14:06:37",1235100
9.5,0.09,200,"bu","14:06:37",1235000
9.5,0.09,800,"bu","14:06:37",1234800
9.5,0.09,1000,"bu","14:06:37",1234000
9.5,0.09,800,"bu","14:06:37",1233000
9.5,0.09,200,"bu","14:06:37",1232200
9.48,0.07,300,"bu","14:06:37",1232000
9.48,0.07,15100,"bu","14:06:37",1231700
9.48,0.07,100,"bu","14:06:37",1216600
9.47,0.06,2000,"bu","14:06:37",1216500
9.46,0.05,400,"bu","14:06:37",1214500
9.46,0.05,400,"bu","14:06:23",1214100
9.46,0.05,200,"bu","14:06:18",1213700
9.45,0.04,1800,"bu","14:06:18",1213500
9.45,0.04,1200,"bu","14:06:14",1211700
9.45,0.04,200,"bu","14:06:13",1210500
9.45,0.04,100,"bu","14:06:08",1210300
9.45,0.04,200,"bu","14:06:08",1210200
9.45,0.04,100,"bu","14:06:08",1210000
9.45,0.04,500,"bu","14:06:05",1209900
9.45,0.04,1000,"bu","14:05:58",1209400
9.45,0.04,1400,"bu","14:05:49",1208400
9.45,0.04,1000,"bu","14:05:49",1207000
9.45,0.04,300,"bu","14:05:49",1206000
9.45,0.04,500,"bu","14:05:49",1205700
9.45,0.04,300,"bu","14:05:49",1205200
9.44,0.03,800,"bu","14:05:49",1204900
9.44,0.03,400,"bu","14:05:49",1204100
9.44,0.03,300,"bu","14:05:49",1203700
9.44,0.03,500,"bu","14:05:43",1203400
9.43,0.02,2000,"sd","14:05:31",1202900
9.43,0.02,100,"bu","14:05:24",1200900
9.43,0.02,200,"bu","14:05:24",1200800
9.43,0.02,4200,"bu","14:05:24",1200600
9.43,0.02,2000,"bu","14:05:19",1196400
9.43,0.02,3000,"bu","14:05:18",1194400
9.43,0.02,600,"bu","14:05:06",1191400
9.43,0.02,1000,"bu","14:04:46",1190800
9.43,0.02,9200,"bu","14:04:18",1189800
9.43,0.02,100,"bu","14:04:18",1180600
9.43,0.02,700,"bu","14:04:18",1180500
9.43,0.02,100,"bu","14:04:13",1179800
9.41,0,1800,"sd","14:04:00",1179700
9.41,0,200,"sd","14:04:00",1177900
9.41,0,700,"sd","14:04:00",1177700
9.42,0.01,500,"sd","14:04:00",1177000
9.42,0.01,500,"sd","14:04:00",1176500
9.42,0.01,500,"sd","14:04:00",1176000
9.42,0.01,1000,"sd","14:04:00",1175500
9.43,0.02,100,"sd","14:03:27",1174500
9.43,0.02,100,"sd","14:03:27",1174400
9.44,0.03,200,"bu","14:03:24",1174300
9.44,0.03,5000,"bu","14:03:22",1174100
9.44,0.03,900,"bu","14:03:15",1169100
9.44,0.03,100,"bu","14:03:15",1168200
9.44,0.03,200,"bu","14:03:15",1168100
9.44,0.03,900,"bu","14:03:15",1167900
9.44,0.03,100,"bu","14:03:15",1167000
9.44,0.03,2000,"bu","14:03:15",1166900
9.44,0.03,500,"bu","14:03:15",1164900
9.44,0.03,300,"bu","14:03:15",1164400
9.43,0.02,500,"bu","14:02:55",1164100
9.42,0.01,500,"bu","14:01:58",1163600
9.42,0.01,500,"bu","14:01:40",1163100
9.42,0.01,300,"bu","14:01:40",1162600
9.42,0.01,1000,"bu","14:01:40",1162300
9.42,0.01,200,"bu","14:01:40",1161300
9.41,0,5000,"bu","14:01:18",1161100
9.41,0,100,"bu","14:01:18",1156100
9.41,0,300,"bu","14:01:18",1156000
9.4,-0.01,200,"bu","14:01:18",1155700
9.4,-0.01,2000,"bu","14:01:18",1155500
9.4,-0.01,200,"bu","14:01:18",1153500
9.4,-0.01,1500,"bu","14:01:18",1153300
9.35,-0.06,500,"sd","13:59:38",1151800
9.35,-0.06,100,"sd","13:59:38",1151300
9.35,-0.06,700,"sd","13:59:38",1151200
9.4,-0.01,400,"bu","13:59:28",1150500
9.35,-0.06,300,"sd","13:59:07",1150100
9.35,-0.06,700,"sd","13:59:07",1149800
9.35,-0.06,200,"sd","13:59:00",1149100
9.35,-0.06,200,"sd","13:59:00",1148900
9.35,-0.06,400,"sd","13:59:00",1148700
9.35,-0.06,200,"sd","13:59:00",1148300
9.4,-0.01,700,"bu","13:57:07",1148100
9.39,-0.02,200,"bu","13:57:07",1147400
9.39,-0.02,100,"bu","13:57:07",1147200
9.4,-0.01,200,"bu","13:55:49",1147100
9.4,-0.01,1000,"sd","13:55:45",1146900
9.4,-0.01,1000,"sd","13:55:29",1145900
9.4,-0.01,100,"sd","13:55:29",1144900
9.4,-0.01,100,"sd","13:55:10",1144800
9.4,-0.01,300,"bu","13:54:43",1144700
9.4,-0.01,300,"bu","13:54:41",1144400
9.4,-0.01,300,"sd","13:54:33",1144100
9.4,-0.01,1600,"sd","13:54:33",1143800
9.4,-0.01,1000,"sd","13:54:30",1142200
9.41,0,700,"sd","13:54:21",1141200
9.42,0.01,400,"bu","13:54:08",1140500
9.42,0.01,1000,"bu","13:53:32",1140100
9.42,0.01,400,"sd","13:53:25",1139100
9.42,0.01,100,"sd","13:53:15",1138700
9.42,0.01,400,"sd","13:53:15",1138600
9.44,0.03,500,"bu","13:51:42",1138200
9.44,0.03,200,"bu","13:51:16",1137700
9.44,0.03,500,"sd","13:50:53",1137500
9.44,0.03,300,"sd","13:50:47",1137000
9.44,0.03,100,"bu","13:50:27",1136700
9.44,0.03,200,"bu","13:49:39",1136600
9.45,0.04,700,"bu","13:48:51",1136400
9.44,0.03,1000,"bu","13:48:51",1135700
9.44,0.03,200,"bu","13:48:51",1134700
9.44,0.03,100,"bu","13:48:51",1134500
9.44,0.03,1900,"bu","13:48:03",1134400
9.44,0.03,100,"bu","13:48:03",1132500
9.44,0.03,1000,"bu","13:48:03",1132400
9.44,0.03,2000,"bu","13:48:03",1131400
9.4,-0.01,8200,"bu","13:47:54",1129400
9.4,-0.01,2000,"bu","13:47:54",1121200
9.4,-0.01,5200,"bu","13:47:54",1119200
9.37,-0.04,2000,"bu","13:47:54",1114000
9.35,-0.06,600,"bu","13:46:46",1112000
9.35,-0.06,100,"bu","13:46:23",1111400
9.35,-0.06,300,"bu","13:46:10",1111300
9.35,-0.06,200,"bu","13:46:10",1111000
9.33,-0.08,400,"bu","13:45:52",1110800
9.33,-0.08,100,"sd","13:45:45",1110400
9.33,-0.08,1000,"bu","13:45:34",1110300
9.33,-0.08,2000,"bu","13:45:17",1109300
9.33,-0.08,100,"bu","13:45:10",1107300
9.33,-0.08,900,"sd","13:45:02",1107200
9.33,-0.08,600,"sd","13:44:52",1106300
9.33,-0.08,500,"bu","13:44:49",1105700
9.32,-0.09,400,"bu","13:44:46",1105200
9.32,-0.09,1600,"sd","13:44:40",1104800
9.32,-0.09,300,"sd","13:44:19",1103200
9.3,-0.11,200,"bu","13:44:12",1102900
9.3,-0.11,1300,"bu","13:44:10",1102700
9.3,-0.11,2200,"sd","13:44:01",1101400
9.31,-0.1,1000,"sd","13:44:01",1099200
9.31,-0.1,500,"sd","13:44:01",1098200
9.31,-0.1,200,"bu","13:43:44",1097700
9.3,-0.11,500,"sd","13:43:41",1097500
9.3,-0.11,1000,"unknown","13:43:38",1097000
9.3,-0.11,6300,"unknown","13:43:38",1096000
9.3,-0.11,1000,"bu","13:43:28",1089700
9.3,-0.11,200,"sd","13:43:15",1088700
9.3,-0.11,1000,"sd","13:43:15",1088500
9.3,-0.11,1000,"sd","13:43:15",1087500
9.3,-0.11,1000,"sd","13:43:15",1086500
9.3,-0.11,1000,"sd","13:43:15",1085500
9.3,-0.11,100,"sd","13:43:15",1084500
9.3,-0.11,100,"sd","13:43:15",1084400
9.3,-0.11,100,"sd","13:43:15",1084300
9.3,-0.11,300,"sd","13:43:15",1084200
9.3,-0.11,700,"sd","13:42:59",1083900
9.31,-0.1,100,"bu","13:42:50",1083200
9.31,-0.1,700,"sd","13:42:31",1083100
9.33,-0.08,1500,"bu","13:42:16",1082400
9.31,-0.1,300,"sd","13:42:06",1080900
9.31,-0.1,500,"sd","13:42:06",1080600
9.31,-0.1,500,"sd","13:42:06",1080100
9.31,-0.1,1600,"sd","13:42:06",1079600
9.31,-0.1,3400,"sd","13:41:55",1078000
9.33,-0.08,1200,"bu","13:41:47",1074600
9.33,-0.08,100,"sd","13:41:45",1073400
9.33,-0.08,5000,"sd","13:41:45",1073300
9.34,-0.07,100,"sd","13:41:45",1068300
9.35,-0.06,100,"sd","13:40:47",1068200
9.35,-0.06,200,"sd","13:40:47",1068100
9.35,-0.06,200,"sd","13:40:47",1067900
9.35,-0.06,1600,"sd","13:40:47",1067700
9.35,-0.06,1800,"sd","13:40:47",1066100
9.35,-0.06,1200,"sd","13:40:47",1064300
9.35,-0.06,500,"sd","13:40:27",1063100
9.35,-0.06,300,"sd","13:40:26",1062600
9.35,-0.06,100,"sd","13:40:26",1062300
9.35,-0.06,1000,"sd","13:40:26",1062200
9.35,-0.06,200,"sd","13:40:26",1061200
9.35,-0.06,3400,"sd","13:40:26",1061000
9.35,-0.06,1200,"sd","13:39:34",1057600
9.35,-0.06,400,"sd","13:38:49",1056400
9.35,-0.06,500,"sd","13:38:49",1056000
9.35,-0.06,900,"sd","13:38:49",1055500
9.35,-0.06,500,"sd","13:38:49",1054600
9.35,-0.06,1000,"sd","13:38:49",1054100
9.35,-0.06,700,"sd","13:38:49",1053100
9.35,-0.06,100,"sd","13:37:48",1052400
9.36,-0.05,200,"sd","13:37:34",1052300
9.35,-0.06,400,"sd","13:36:50",1052100
9.35,-0.06,4200,"sd","13:36:33",1051700
9.36,-0.05,900,"sd","13:36:33",1047500
9.36,-0.05,1000,"sd","13:36:33",1046600
9.37,-0.04,100,"bu","13:35:56",1045600
9.37,-0.04,4700,"sd","13:35:51",1045500
9.37,-0.04,300,"sd","13:35:39",1040800
9.37,-0.04,700,"sd","13:35:39",1040500
9.37,-0.04,300,"sd","13:35:16",1039800
9.38,-0.03,100,"sd","13:35:16",1039500
9.38,-0.03,200,"sd","13:35:16",1039400
9.4,-0.01,200,"bu","13:35:04",1039200
9.39,-0.02,1000,"sd","13:34:37",1039000
9.4,-0.01,100,"bu","13:33:43",1038000
9.4,-0.01,1000,"bu","13:33:40",1037900
9.38,-0.03,100,"sd","13:33:20",1036900
9.38,-0.03,200,"sd","13:33:20",1036800
9.38,-0.03,200,"sd","13:33:20",1036600
9.4,-0.01,100,"bu","13:33:13",1036400
9.4,-0.01,100,"sd","13:33:11",1036300
9.4,-0.01,200,"sd","13:33:11",1036200
9.4,-0.01,5000,"sd","13:33:11",1036000
9.4,-0.01,500,"sd","13:33:11",1031000
9.4,-0.01,5000,"sd","13:33:11",1030500
9.4,-0.01,1000,"sd","13:33:11",1025500
9.4,-0.01,200,"sd","13:33:11",1024500
9.41,0,500,"sd","13:33:11",1024300
9.41,0,900,"sd","13:33:11",1023800
9.41,0,100,"sd","13:32:59",1022900
9.44,0.03,100,"sd","13:32:43",1022800
9.41,0,500,"sd","13:32:32",1022700
9.41,0,200,"sd","13:32:32",1022200
9.42,0.01,1000,"sd","13:32:32",1022000
9.42,0.01,2700,"sd","13:32:32",1021000
9.44,0.03,200,"sd","13:32:32",1018300
9.44,0.03,100,"sd","13:32:32",1018100
9.44,0.03,100,"sd","13:32:32",1018000
9.44,0.03,100,"sd","13:32:13",1017900
9.44,0.03,300,"sd","13:32:03",1017800
9.44,0.03,2000,"sd","13:32:01",1017500
9.44,0.03,500,"sd","13:31:57",1015500
9.44,0.03,500,"sd","13:31:31",1015000
9.44,0.03,200,"sd","13:31:22",1014500
9.45,0.04,100,"bu","13:31:21",1014300
9.44,0.03,1000,"sd","13:31:19",1014200
9.45,0.04,2000,"bu","13:31:08",1013200
9.45,0.04,200,"bu","13:30:48",1011200
9.44,0.03,100,"sd","13:30:44",1011000
9.45,0.04,600,"bu","13:30:34",1010900
9.44,0.03,300,"sd","13:30:31",1010300
9.44,0.03,100,"sd","13:30:31",1010000
9.44,0.03,400,"sd","13:30:31",1009900
9.44,0.03,200,"sd","13:30:13",1009500
9.45,0.04,100,"bu","13:30:05",1009300
9.44,0.03,1000,"sd","13:29:55",1009200
9.44,0.03,400,"sd","13:29:20",1008200
9.44,0.03,500,"sd","13:28:59",1007800
9.44,0.03,1000,"bu","13:28:42",1007300
9.44,0.03,200,"bu","13:28:42",1006300
9.44,0.03,3500,"bu","13:28:42",1006100
9.44,0.03,1800,"bu","13:28:42",1002600
9.42,0.01,500,"sd","13:28:30",1000800
9.42,0.01,800,"sd","13:28:10",1000300
9.42,0.01,100,"sd","13:28:10",999500
9.42,0.01,1000,"bu","13:27:16",999400
9.42,0.01,200,"bu","13:26:59",998400
9.42,0.01,100,"bu","13:26:58",998200
9.42,0.01,100,"bu","13:26:58",998100
9.41,0,200,"bu","13:26:35",998000
9.4,-0.01,300,"bu","13:25:53",997800
9.4,-0.01,6000,"bu","13:25:53",997500
9.4,-0.01,1000,"bu","13:25:53",991500
9.4,-0.01,200,"bu","13:25:53",990500
9.4,-0.01,1000,"bu","13:25:53",990300
9.4,-0.01,200,"bu","13:25:53",989300
9.4,-0.01,18600,"bu","13:25:53",989100
9.4,-0.01,100,"bu","13:25:53",970500
9.39,-0.02,2000,"bu","13:25:53",970400
9.4,-0.01,1000,"bu","13:25:53",968400
9.4,-0.01,100,"bu","13:25:53",967400
9.4,-0.01,1700,"bu","13:25:53",967300
9.4,-0.01,300,"bu","13:25:53",965600
9.39,-0.02,2800,"bu","13:25:51",965300
9.39,-0.02,2000,"bu","13:25:44",962500
9.39,-0.02,300,"bu","13:25:44",960500
9.39,-0.02,900,"bu","13:25:35",960200
9.39,-0.02,100,"bu","13:25:35",959300
9.38,-0.03,1000,"sd","13:25:02",959200
9.38,-0.03,800,"bu","13:24:52",958200
9.38,-0.03,200,"bu","13:24:48",957400
9.38,-0.03,200,"bu","13:24:36",957200
9.38,-0.03,1000,"bu","13:24:30",957000
9.37,-0.04,500,"sd","13:23:57",956000
9.38,-0.03,1000,"bu","13:23:49",955500
9.38,-0.03,200,"bu","13:23:49",954500
9.38,-0.03,500,"bu","13:23:49",954300
9.36,-0.05,100,"sd","13:22:57",953800
9.36,-0.05,100,"sd","13:22:28",953700
9.35,-0.06,4600,"sd","13:21:47",953600
9.35,-0.06,200,"sd","13:21:47",949000
9.35,-0.06,200,"sd","13:21:47",948800
9.37,-0.04,200,"sd","13:20:34",948600
9.37,-0.04,400,"bu","13:20:33",948400
9.38,-0.03,200,"bu","13:20:19",948000
9.36,-0.05,100,"sd","13:20:15",947800
9.37,-0.04,500,"bu","13:19:25",947700
9.35,-0.06,100,"sd","13:18:37",947200
9.35,-0.06,700,"sd","13:18:14",947100
9.35,-0.06,300,"sd","13:18:14",946400
9.35,-0.06,200,"sd","13:17:34",946100
9.35,-0.06,500,"sd","13:17:34",945900
9.35,-0.06,4200,"sd","13:17:34",945400
9.36,-0.05,100,"sd","13:17:34",941200
9.37,-0.04,500,"bu","13:17:27",941100
9.36,-0.05,2500,"unknown","13:17:27",940600
9.36,-0.05,200,"bu","13:17:23",938100
9.36,-0.05,200,"sd","13:17:09",937900
9.36,-0.05,200,"sd","13:17:09",937700
9.36,-0.05,1900,"sd","13:17:09",937500
9.36,-0.05,1000,"sd","13:16:13",935600
9.36,-0.05,6500,"bu","13:16:10",934600
9.36,-0.05,600,"bu","13:16:10",928100
9.36,-0.05,1000,"bu","13:15:50",927500
9.36,-0.05,200,"bu","13:15:41",926500
9.36,-0.05,200,"bu","13:15:39",926300
9.36,-0.05,3000,"bu","13:15:04",926100
9.35,-0.06,800,"sd","13:15:01",923100
9.35,-0.06,200,"sd","13:15:01",922300
9.36,-0.05,200,"bu","13:14:57",922100
9.36,-0.05,100,"bu","13:14:56",921900
9.36,-0.05,100,"bu","13:14:45",921800
9.36,-0.05,100,"sd","13:14:39",921700
9.36,-0.05,1000,"bu","13:14:19",921600
9.36,-0.05,200,"bu","13:14:07",920600
9.36,-0.05,200,"sd","13:13:35",920400
9.36,-0.05,300,"bu","13:13:24",920200
9.36,-0.05,200,"unknown","13:13:05",919900
9.37,-0.04,100,"bu","13:12:51",919700
9.37,-0.04,400,"bu","13:12:51",919600
9.37,-0.04,200,"bu","13:11:30",919200
9.37,-0.04,200,"bu","13:11:30",919000
9.26,-0.15,4900,"sd","13:11:29",918800
9.26,-0.15,1000,"sd","13:11:29",913900
9.26,-0.15,5000,"sd","13:11:00",912900
9.26,-0.15,1000,"sd","13:11:00",907900
9.26,-0.15,200,"sd","13:11:00",906900
9.26,-0.15,100,"sd","13:11:00",906700
9.26,-0.15,2000,"sd","13:11:00",906600
9.26,-0.15,300,"sd","13:11:00",904600
9.26,-0.15,1000,"sd","13:11:00",904300
9.26,-0.15,200,"sd","13:11:00",903300
9.26,-0.15,2000,"sd","13:11:00",903100
9.26,-0.15,1000,"sd","13:11:00",901100
9.26,-0.15,1000,"sd","13:11:00",900100
9.26,-0.15,1000,"sd","13:11:00",899100
9.3,-0.11,200,"sd","13:11:00",898100
9.3,-0.11,300,"sd","13:11:00",897900
9.3,-0.11,200,"sd","13:11:00",897600
9.3,-0.11,1800,"sd","13:11:00",897400
9.31,-0.1,100,"sd","13:11:00",895600
9.35,-0.06,1000,"sd","13:11:00",895500
9.37,-0.04,100,"bu","13:11:00",894500
9.37,-0.04,100,"bu","13:10:34",894400
9.37,-0.04,200,"bu","13:10:34",894300
9.37,-0.04,100,"sd","13:10:08",894100
9.37,-0.04,400,"sd","13:09:50",894000
9.37,-0.04,100,"sd","13:09:50",893600
9.38,-0.03,100,"bu","13:09:35",893500
9.38,-0.03,400,"bu","13:09:31",893400
9.38,-0.03,1500,"bu","13:09:31",893000
9.38,-0.03,3100,"bu","13:09:31",891500
9.38,-0.03,100,"bu","13:09:13",888400
9.38,-0.03,300,"bu","13:09:12",888300
9.37,-0.04,900,"bu","13:09:00",888000
9.37,-0.04,3200,"bu","13:08:50",887100
9.37,-0.04,900,"bu","13:08:49",883900
9.37,-0.04,100,"bu","13:08:49",883000
9.37,-0.04,4900,"bu","13:08:26",882900
9.36,-0.05,100,"bu","13:08:25",878000
9.3,-0.11,200,"sd","13:08:03",877900
9.26,-0.15,500,"sd","13:07:49",877700
9.3,-0.11,100,"sd","13:07:02",877200
9.26,-0.15,500,"sd","13:06:41",877100
9.26,-0.15,400,"sd","13:06:41",876600
9.27,-0.14,100,"sd","13:06:41",876200
9.27,-0.14,100,"sd","13:06:41",876100
9.27,-0.14,400,"sd","13:06:41",876000
9.3,-0.11,1900,"sd","13:06:41",875600
9.3,-0.11,100,"sd","13:06:37",873700
9.3,-0.11,500,"sd","13:06:30",873600
9.27,-0.14,1600,"sd","13:06:03",873100
9.3,-0.11,400,"sd","13:06:03",871500
9.3,-0.11,100,"sd","13:05:35",871100
9.3,-0.11,400,"sd","13:05:35",871000
9.38,-0.03,1500,"bu","13:05:14",870600
9.38,-0.03,200,"bu","13:05:14",869100
9.37,-0.04,300,"bu","13:05:14",868900
9.36,-0.05,2000,"bu","13:05:14",868600
9.35,-0.06,1000,"bu","13:05:14",866600
9.3,-0.11,100,"sd","13:05:01",865600
9.3,-0.11,500,"sd","13:04:12",865500
9.25,-0.16,500,"sd","13:03:48",865000
9.26,-0.15,2000,"unknown","13:03:48",864500
9.28,-0.13,300,"sd","13:03:44",862500
9.25,-0.16,3500,"sd","13:03:29",862200
9.25,-0.16,500,"sd","13:03:29",858700
9.25,-0.16,11000,"sd","13:03:29",858200
9.25,-0.16,1000,"sd","13:03:25",847200
9.25,-0.16,3200,"sd","13:03:16",846200
9.25,-0.16,10000,"sd","13:03:06",843000
9.25,-0.16,4100,"sd","13:02:52",833000
9.26,-0.15,2000,"sd","13:02:52",828900
9.25,-0.16,5000,"sd","13:02:49",826900
9.25,-0.16,7000,"sd","13:02:39",821900
9.26,-0.15,200,"sd","13:02:39",814900
9.26,-0.15,200,"sd","13:02:39",814700
9.26,-0.15,1000,"sd","13:02:39",814500
9.26,-0.15,100,"sd","13:02:39",813500
9.26,-0.15,100,"sd","13:02:39",813400
9.26,-0.15,1400,"sd","13:02:39",813300
9.26,-0.15,100,"sd","13:02:22",811900
9.26,-0.15,500,"sd","13:01:56",811800
9.26,-0.15,2000,"sd","13:01:18",811300
9.3,-0.11,1000,"bu","13:00:26",809300
9.3,-0.11,500,"bu","13:00:26",808300
9.25,-0.16,8700,"sd","13:00:16",807800
9.25,-0.16,300,"sd","13:00:16",799100
9.25,-0.16,1000,"sd","13:00:16",798800
9.3,-0.11,500,"bu","13:00:13",797800
9.3,-0.11,500,"bu","13:00:13",797300
9.3,-0.11,300,"bu","13:00:12",796800
9.3,-0.11,100,"bu","13:00:12",796500
9.37,-0.04,100,"bu","13:00:12",796400
9.3,-0.11,100,"bu","13:00:11",796300
9.3,-0.11,500,"bu","13:00:10",796200
9.3,-0.11,500,"bu","13:00:09",795700
9.37,-0.04,100,"bu","13:00:09",795200
9.3,-0.11,500,"bu","13:00:09",795100
9.3,-0.11,100,"bu","13:00:08",794600
9.37,-0.04,500,"bu","13:00:08",794500
9.3,-0.11,500,"bu","13:00:08",794000
9.3,-0.11,500,"bu","13:00:08",793500
9.3,-0.11,100,"bu","13:00:08",793000
9.35,-0.06,400,"unknown","13:00:08",792900
9.3,-0.11,500,"unknown","13:00:07",792500
9.3,-0.11,1000,"sd","13:00:06",792000
9.3,-0.11,500,"sd","13:00:05",791000
9.37,-0.04,1000,"bu","13:00:05",790500
9.3,-0.11,500,"sd","13:00:04",789500
9.36,-0.05,3700,"unknown","13:00:04",789000
9.3,-0.11,500,"sd","13:00:04",785300
9.3,-0.11,1000,"sd","13:00:03",784800
9.3,-0.11,1000,"sd","13:00:03",783800
9.3,-0.11,100,"sd","13:00:03",782800
9.36,-0.05,2000,"unknown","13:00:02",782700
9.3,-0.11,1500,"sd","13:00:02",780700
9.32,-0.09,200,"sd","13:00:02",779200
9.38,-0.03,400,"bu","13:00:02",779000
9.3,-0.11,500,"sd","13:00:02",778600
9.33,-0.08,100,"sd","13:00:02",778100
9.36,-0.05,1500,"unknown","13:00:01",778000
9.35,-0.06,100,"unknown","13:00:01",776500
9.3,-0.11,600,"sd","13:00:01",776400
9.37,-0.04,200,"unknown","13:00:01",775800
9.37,-0.04,100,"unknown","13:00:01",775600
9.37,-0.04,200,"unknown","13:00:01",775500
9.3,-0.11,400,"sd","13:00:01",775300
9.37,-0.04,1000,"sd","13:00:01",774900
9.35,-0.06,3200,"sd","13:00:01",773900
9.38,-0.03,700,"sd","13:00:01",770700
9.35,-0.06,200,"sd","13:00:01",770000
9.3,-0.11,500,"sd","13:00:00",769800
9.35,-0.06,100,"sd","13:00:00",769300
9.35,-0.06,1000,"sd","13:00:00",769200
9.35,-0.06,19400,"sd","13:00:00",768200
9.35,-0.06,600,"sd","13:00:00",748800
9.3,-0.11,500,"sd","13:00:00",748200
9.36,-0.05,100,"sd","13:00:00",747700
9.36,-0.05,200,"sd","13:00:00",747600
9.3,-0.11,500,"sd","13:00:00",747400
9.36,-0.05,500,"sd","13:00:00",746900
9.38,-0.03,300,"sd","13:00:00",746400
9.39,-0.02,100,"sd","13:00:00",746100
9.4,-0.01,500,"bu","11:29:47",746000
9.38,-0.03,400,"sd","11:29:43",745500
9.38,-0.03,100,"sd","11:29:43",745100
9.4,-0.01,1000,"bu","11:29:03",745000
9.4,-0.01,500,"bu","11:28:30",744000
9.4,-0.01,600,"bu","11:28:28",743500
9.4,-0.01,100,"bu","11:26:35",742900
9.4,-0.01,100,"bu","11:23:39",742800
9.4,-0.01,10000,"bu","11:23:34",742700
9.36,-0.05,2100,"sd","11:23:23",732700
9.4,-0.01,1200,"bu","11:23:19",730600
9.4,-0.01,600,"bu","11:23:05",729400
9.4,-0.01,30000,"bu","11:22:47",728800
9.36,-0.05,500,"sd","11:22:39",698800
9.36,-0.05,200,"bu","11:22:37",698300
9.36,-0.05,300,"bu","11:22:29",698100
9.36,-0.05,4900,"sd","11:22:21",697800
9.36,-0.05,500,"sd","11:22:21",692900
9.36,-0.05,500,"sd","11:22:12",692400
9.36,-0.05,100,"sd","11:22:12",691900
9.36,-0.05,1400,"sd","11:22:12",691800
9.36,-0.05,100,"sd","11:21:28",690400
9.36,-0.05,200,"sd","11:21:28",690300
9.38,-0.03,200,"sd","11:21:28",690100
9.38,-0.03,200,"sd","11:21:28",689900
9.38,-0.03,200,"sd","11:21:28",689700
9.38,-0.03,100,"sd","11:21:28",689500
9.39,-0.02,200,"sd","11:21:04",689400
9.39,-0.02,100,"sd","11:21:04",689200
9.39,-0.02,1000,"sd","11:21:04",689100
9.4,-0.01,200,"sd","11:20:25",688100
9.4,-0.01,5000,"sd","11:20:25",687900
9.4,-0.01,500,"sd","11:20:25",682900
9.4,-0.01,1000,"sd","11:20:25",682400
9.4,-0.01,500,"sd","11:20:25",681400
9.4,-0.01,100,"sd","11:20:25",680900
9.4,-0.01,1500,"sd","11:20:25",680800
9.4,-0.01,100,"sd","11:20:25",679300
9.4,-0.01,500,"sd","11:20:25",679200
9.4,-0.01,27400,"sd","11:20:25",678700
9.41,0,400,"bu","11:20:06",651300
9.41,0,100,"sd","11:19:31",650900
9.41,0,600,"sd","11:18:52",650800
9.4,-0.01,2600,"sd","11:18:52",650200
9.41,0,100,"sd","11:18:52",647600
9.4,-0.01,500,"sd","11:18:52",647500
9.41,0,1000,"sd","11:18:52",647000
9.4,-0.01,200,"sd","11:18:52",646000
9.41,0,200,"sd","11:18:52",645800
9.4,-0.01,100,"sd","11:18:52",645600
9.41,0,500,"sd","11:18:52",645500
9.4,-0.01,1000,"sd","11:18:52",645000
9.41,0,1000,"sd","11:18:52",644000
9.41,0,200,"sd","11:18:52",643000
9.41,0,2000,"sd","11:18:52",642800
9.41,0,100,"sd","11:18:52",640800
9.42,0.01,5000,"sd","11:18:52",640700
9.41,0,100,"sd","11:18:52",635700
9.42,0.01,100,"sd","11:18:52",635600
9.42,0.01,2000,"sd","11:18:52",635500
9.41,0,500,"sd","11:18:52",633500
9.42,0.01,200,"sd","11:18:52",633000
9.41,0,100,"sd","11:18:52",632800
9.42,0.01,100,"sd","11:18:52",632700
9.41,0,500,"sd","11:18:52",632600
9.41,0,100,"sd","11:18:52",632100
9.41,0,1000,"sd","11:18:52",632000
9.41,0,200,"sd","11:18:52",631000
9.43,0.02,100,"sd","11:17:53",630800
9.43,0.02,5000,"sd","11:17:53",630700
9.43,0.02,100,"sd","11:17:53",625700
9.43,0.02,100,"sd","11:17:53",625600
9.43,0.02,300,"sd","11:17:53",625500
9.43,0.02,500,"sd","11:17:53",625200
9.43,0.02,1000,"sd","11:17:53",624700
9.43,0.02,100,"sd","11:17:53",623700
9.43,0.02,300,"sd","11:17:53",623600
9.43,0.02,500,"sd","11:17:53",623300
9.43,0.02,500,"sd","11:17:53",622800
9.43,0.02,500,"sd","11:17:53",622300
9.43,0.02,200,"sd","11:17:53",621800
9.44,0.03,5800,"sd","11:17:28",621600
9.44,0.03,900,"sd","11:17:26",615800
9.44,0.03,200,"sd","11:17:03",614900
9.44,0.03,1000,"sd","11:16:18",614700
9.44,0.03,2100,"sd","11:15:42",613700
9.44,0.03,100,"sd","11:15:42",611600
9.45,0.04,200,"sd","11:14:56",611500
9.45,0.04,200,"sd","11:14:56",611300
9.45,0.04,1100,"sd","11:14:56",611100
9.45,0.04,400,"sd","11:12:50",610000
9.45,0.04,500,"bu","11:12:44",609600
9.45,0.04,100,"sd","11:12:15",609100
9.45,0.04,200,"sd","11:12:15",609000
9.45,0.04,100,"sd","11:12:15",608800
9.45,0.04,500,"sd","11:12:15",608700
9.45,0.04,500,"sd","11:12:15",608200
9.45,0.04,1000,"sd","11:12:15",607700
9.45,0.04,100,"sd","11:12:15",606700
9.45,0.04,300,"sd","11:12:15",606600
9.45,0.04,100,"sd","11:12:15",606300
9.45,0.04,500,"sd","11:12:15",606200
9.47,0.06,1900,"bu","11:11:31",605700
9.46,0.05,600,"bu","11:11:31",603800
9.46,0.05,8200,"sd","11:11:29",603200
9.47,0.06,200,"bu","11:11:24",595000
9.46,0.05,1800,"sd","11:11:07",594800
9.46,0.05,1000,"sd","11:11:07",593000
9.47,0.06,1000,"bu","11:10:57",592000
9.46,0.05,4000,"sd","11:10:29",591000
9.46,0.05,1000,"sd","11:10:29",587000
9.46,0.05,500,"sd","11:10:05",586000
9.47,0.06,5000,"sd","11:09:50",585500
9.47,0.06,1500,"sd","11:09:50",580500
9.47,0.06,500,"sd","11:09:49",579000
9.47,0.06,500,"sd","11:09:31",578500
9.48,0.07,700,"bu","11:06:38",578000
9.48,0.07,100,"bu","11:04:21",577300
9.48,0.07,300,"bu","11:03:57",577200
9.47,0.06,500,"sd","11:03:37",576900
9.48,0.07,300,"bu","11:02:35",576400
9.47,0.06,800,"sd","11:01:27",576100
9.47,0.06,500,"sd","11:00:06",575300
9.48,0.07,200,"bu","10:57:29",574800
9.46,0.05,1400,"bu","10:57:29",574600
9.46,0.05,100,"sd","10:57:20",573200
9.46,0.05,800,"sd","10:56:49",573100
9.47,0.06,100,"bu","10:56:34",572300
9.47,0.06,1100,"bu","10:56:11",572200
9.47,0.06,300,"bu","10:55:57",571100
9.47,0.06,500,"bu","10:55:10",570800
9.46,0.05,200,"bu","10:54:24",570300
9.46,0.05,500,"bu","10:54:02",570100
9.46,0.05,600,"sd","10:53:47",569600
9.46,0.05,400,"bu","10:53:22",569000
9.46,0.05,100,"bu","10:53:13",568600
9.46,0.05,600,"sd","10:52:51",568500
9.46,0.05,200,"sd","10:52:51",567900
9.46,0.05,1500,"sd","10:52:51",567700
9.46,0.05,1600,"sd","10:52:51",566200
9.46,0.05,600,"sd","10:52:51",564600
9.48,0.07,1400,"bu","10:52:48",564000
9.48,0.07,300,"bu","10:52:11",562600
9.48,0.07,200,"bu","10:51:51",562300
9.48,0.07,100,"sd","10:48:40",562100
9.48,0.07,500,"sd","10:48:40",562000
9.48,0.07,3000,"sd","10:48:40",561500
9.48,0.07,17100,"sd","10:48:40",558500
9.48,0.07,5900,"sd","10:48:16",541400
9.48,0.07,500,"sd","10:48:16",535500
9.49,0.08,100,"sd","10:48:16",535000
9.5,0.09,200,"bu","10:47:39",534900
9.5,0.09,200,"bu","10:47:20",534700
9.5,0.09,200,"bu","10:47:15",534500
9.5,0.09,200,"sd","10:46:58",534300
9.5,0.09,1000,"sd","10:46:58",534100
9.5,0.09,1600,"sd","10:46:58",533100
9.51,0.1,4000,"sd","10:46:58",531500
9.55,0.14,200,"sd","10:46:58",527500
9.55,0.14,400,"bu","10:46:44",527300
9.5,0.09,1000,"sd","10:46:34",526900
9.5,0.09,400,"sd","10:46:34",525900
9.5,0.09,3400,"sd","10:46:34",525500
9.5,0.09,200,"sd","10:46:34",522100
9.5,0.09,1000,"sd","10:46:34",521900
9.5,0.09,100,"sd","10:46:34",520900
9.5,0.09,2000,"sd","10:46:34",520800
9.5,0.09,5000,"sd","10:46:34",518800
9.5,0.09,200,"sd","10:46:34",513800
9.5,0.09,100,"sd","10:46:34",513600
9.5,0.09,7000,"sd","10:46:34",513500
9.5,0.09,5000,"sd","10:46:34",506500
9.55,0.14,100,"bu","10:46:05",501500
9.55,0.14,100,"bu","10:46:05",501400
9.5,0.09,500,"sd","10:45:30",501300
9.5,0.09,100,"sd","10:43:39",500800
9.5,0.09,100,"sd","10:43:39",500700
9.5,0.09,2900,"sd","10:42:30",500600
9.5,0.09,1100,"sd","10:42:30",497700
9.5,0.09,1000,"sd","10:42:25",496600
9.5,0.09,300,"sd","10:41:24",495600
9.5,0.09,500,"sd","10:41:16",495300
9.5,0.09,100,"sd","10:41:02",494800
9.5,0.09,200,"sd","10:41:02",494700
9.5,0.09,100,"sd","10:41:02",494500
9.5,0.09,100,"sd","10:41:02",494400
9.5,0.09,1000,"sd","10:41:02",494300
9.5,0.09,3500,"sd","10:41:02",493300
9.5,0.09,1000,"sd","10:39:47",489800
9.5,0.09,100,"sd","10:39:47",488800
9.51,0.1,400,"sd","10:39:47",488700
9.51,0.1,1000,"sd","10:39:47",488300
9.51,0.1,1000,"sd","10:39:47",487300
9.51,0.1,500,"sd","10:39:47",486300
9.52,0.11,500,"sd","10:39:47",485800
9.52,0.11,500,"sd","10:39:47",485300
9.57,0.16,1400,"unknown","10:39:16",484800
9.57,0.16,200,"bu","10:39:16",483400
9.56,0.15,2100,"bu","10:39:16",483200
9.53,0.12,1000,"bu","10:39:16",481100
9.58,0.17,3100,"bu","10:39:16",480100
9.58,0.17,200,"bu","10:39:16",477000
9.57,0.16,1000,"bu","10:39:16",476800
9.57,0.16,1000,"bu","10:39:16",475800
9.56,0.15,100,"bu","10:39:05",474800
9.53,0.12,2000,"sd","10:37:49",474700
9.53,0.12,100,"sd","10:37:49",472700
9.53,0.12,100,"sd","10:37:49",472600
9.53,0.12,200,"sd","10:37:23",472500
9.53,0.12,500,"sd","10:36:23",472300
9.53,0.12,3900,"sd","10:36:23",471800
9.54,0.13,600,"sd","10:36:23",467900
9.54,0.13,1400,"sd","10:35:48",467300
9.57,0.16,800,"bu","10:34:35",465900
9.57,0.16,1000,"bu","10:34:13",465100
9.56,0.15,500,"sd","10:33:58",464100
9.53,0.12,300,"sd","10:33:17",463600
9.55,0.14,2500,"sd","10:33:17",463300
9.56,0.15,2200,"sd","10:33:17",460800
9.56,0.15,400,"sd","10:33:14",458600
9.56,0.15,1600,"sd","10:33:07",458200
9.57,0.16,200,"bu","10:33:01",456600
9.56,0.15,800,"sd","10:32:04",456400
9.56,0.15,100,"sd","10:32:04",455600
9.56,0.15,100,"sd","10:32:04",455500
9.56,0.15,400,"sd","10:31:54",455400
9.56,0.15,1000,"sd","10:31:23",455000
9.56,0.15,1000,"sd","10:31:18",454000
9.56,0.15,1300,"sd","10:30:55",453000
9.56,0.15,100,"sd","10:30:53",451700
9.56,0.15,1000,"sd","10:30:47",451600
9.56,0.15,7700,"sd","10:30:40",450600
9.56,0.15,900,"sd","10:30:29",442900
9.56,0.15,3400,"sd","10:30:16",442000
9.56,0.15,300,"sd","10:30:11",438600
9.56,0.15,500,"sd","10:30:01",438300
9.56,0.15,100,"sd","10:29:58",437800
9.57,0.16,100,"bu","10:29:57",437700
9.56,0.15,500,"sd","10:28:56",437600
9.56,0.15,400,"sd","10:27:50",437100
9.56,0.15,500,"sd","10:26:33",436700
9.56,0.15,200,"sd","10:26:06",436200
9.56,0.15,100,"sd","10:25:44",436000
9.56,0.15,200,"bu","10:25:29",435900
9.56,0.15,3000,"bu","10:25:29",435700
9.56,0.15,100,"bu","10:25:06",432700
9.56,0.15,500,"bu","10:24:47",432600
9.55,0.14,2400,"sd","10:24:40",432100
9.55,0.14,100,"sd","10:24:20",429700
9.55,0.14,200,"sd","10:24:20",429600
9.55,0.14,200,"sd","10:24:20",429400
9.56,0.15,900,"bu","10:22:24",429200
9.57,0.16,100,"bu","10:22:20",428300
9.56,0.15,100,"sd","10:21:55",428200
9.57,0.16,2000,"sd","10:21:24",428100
9.57,0.16,4400,"sd","10:21:24",426100
9.57,0.16,100,"sd","10:20:52",421700
9.58,0.17,100,"sd","10:20:21",421600
9.58,0.17,900,"sd","10:20:21",421500
9.58,0.17,100,"sd","10:20:21",420600
9.58,0.17,3000,"sd","10:20:21",420500
9.58,0.17,300,"sd","10:20:21",417500
9.59,0.18,200,"sd","10:20:21",417200
9.58,0.17,200,"sd","10:18:52",417000
9.58,0.17,500,"sd","10:18:30",416800
9.58,0.17,300,"sd","10:16:55",416300
9.6,0.19,100,"sd","10:16:45",416000
9.6,0.19,1000,"sd","10:16:45",415900
9.6,0.19,200,"sd","10:16:45",414900
9.6,0.19,600,"sd","10:16:45",414700
9.6,0.19,200,"sd","10:16:45",414100
9.6,0.19,1000,"sd","10:16:28",413900
9.6,0.19,2000,"sd","10:16:09",412900
9.6,0.19,6800,"sd","10:16:01",410900
9.6,0.19,3200,"sd","10:16:01",404100
9.6,0.19,2000,"sd","10:16:00",400900
9.61,0.2,200,"bu","10:15:57",398900
9.6,0.19,1500,"sd","10:15:51",398700
9.61,0.2,100,"bu","10:15:46",397200
9.6,0.19,1000,"sd","10:15:45",397100
9.6,0.19,1000,"sd","10:15:32",396100
9.61,0.2,1000,"bu","10:15:22",395100
9.61,0.2,500,"bu","10:15:20",394100
9.61,0.2,100,"bu","10:15:20",393600
9.61,0.2,100,"bu","10:15:20",393500
9.61,0.2,2000,"bu","10:15:20",393400
9.61,0.2,100,"bu","10:15:20",391400
9.61,0.2,400,"unknown","10:15:20",391300
9.61,0.2,600,"sd","10:15:20",390900
9.61,0.2,400,"sd","10:14:54",390300
9.64,0.23,1000,"bu","10:14:37",389900
9.64,0.23,2400,"bu","10:13:01",388900
9.64,0.23,1000,"sd","10:12:38",386500
9.64,0.23,100,"sd","10:12:38",385500
9.64,0.23,12200,"sd","10:12:38",385400
9.64,0.23,100,"sd","10:12:27",373200
9.64,0.23,1000,"sd","10:11:53",373100
9.64,0.23,500,"sd","10:11:34",372100
9.64,0.23,400,"sd","10:11:19",371600
9.64,0.23,100,"sd","10:11:01",371200
9.64,0.23,20000,"sd","10:10:57",371100
9.64,0.23,1000,"bu","10:10:47",351100
9.64,0.23,200,"bu","10:10:47",350100
9.61,0.2,100,"sd","10:09:39",349900
9.61,0.2,600,"sd","10:09:39",349800
9.61,0.2,700,"sd","10:09:30",349200
9.61,0.2,300,"sd","10:09:30",348500
9.61,0.2,700,"bu","10:08:52",348200
9.61,0.2,100,"bu","10:08:37",347500
9.61,0.2,100,"bu","10:08:29",347400
9.61,0.2,200,"bu","10:08:19",347300
9.6,0.19,100,"sd","10:08:12",347100
9.6,0.19,400,"sd","10:07:42",347000
9.61,0.2,5000,"bu","10:07:41",346600
9.61,0.2,3900,"sd","10:07:22",341600
9.64,0.23,100,"bu","10:07:14",337700
9.61,0.2,100,"sd","10:07:04",337600
9.61,0.2,200,"sd","10:07:04",337500
9.64,0.23,200,"sd","10:06:56",337300
9.64,0.23,200,"bu","10:06:56",337100
9.64,0.23,100,"bu","10:06:56",336900
9.64,0.23,400,"bu","10:06:26",336800
9.64,0.23,100,"bu","10:06:26",336400
9.64,0.23,1000,"bu","10:06:16",336300
9.64,0.23,500,"bu","10:06:16",335300
9.6,0.19,100,"sd","10:05:51",334800
9.6,0.19,200,"sd","10:05:50",334700
9.6,0.19,100,"sd","10:04:49",334500
9.61,0.2,200,"sd","10:04:49",334400
9.6,0.19,100,"sd","10:04:44",334200
9.6,0.19,3800,"bu","10:04:18",334100
9.6,0.19,100,"bu","10:04:10",330300
9.6,0.19,300,"bu","10:04:10",330200
9.6,0.19,1000,"bu","10:04:10",329900
9.6,0.19,100,"bu","10:04:10",328900
9.6,0.19,200,"bu","10:04:10",328800
9.6,0.19,3000,"bu","10:04:10",328600
9.6,0.19,100,"bu","10:04:10",325600
9.6,0.19,400,"bu","10:04:10",325500
9.6,0.19,3000,"bu","10:04:10",325100
9.6,0.19,500,"bu","10:04:10",322100
9.6,0.19,100,"bu","10:04:10",321600
9.6,0.19,1600,"bu","10:04:10",321500
9.6,0.19,1000,"bu","10:04:10",319900
9.6,0.19,1900,"bu","10:04:10",318900
9.59,0.18,7300,"bu","10:04:10",317000
9.59,0.18,300,"bu","10:04:10",309700
9.58,0.17,300,"sd","10:04:05",309400
9.59,0.18,400,"bu","10:02:40",309100
9.59,0.18,600,"bu","10:02:40",308700
9.59,0.18,1000,"bu","10:02:14",308100
9.59,0.18,5000,"bu","10:01:55",307100
9.59,0.18,1000,"bu","10:01:54",302100
9.58,0.17,1800,"bu","10:01:43",301100
9.57,0.16,500,"bu","10:01:29",299300
9.57,0.16,100,"bu","10:01:14",298800
9.57,0.16,100,"bu","10:01:13",298700
9.57,0.16,300,"bu","10:00:34",298600
9.57,0.16,500,"bu","10:00:34",298300
9.57,0.16,200,"bu","10:00:34",297800
9.57,0.16,300,"bu","10:00:28",297600
9.57,0.16,500,"bu","10:00:01",297300
9.57,0.16,500,"bu","10:00:01",296800
9.56,0.15,100,"bu","09:59:26",296300
9.56,0.15,200,"bu","09:59:26",296200
9.56,0.15,700,"bu","09:59:26",296000
9.55,0.14,1000,"bu","09:58:40",295300
9.55,0.14,1000,"bu","09:58:40",294300
9.54,0.13,400,"bu","09:58:40",293300
9.55,0.14,4000,"bu","09:58:40",292900
9.55,0.14,6700,"bu","09:58:40",288900
9.55,0.14,100,"bu","09:58:40",282200
9.54,0.13,300,"bu","09:58:40",282100
9.54,0.13,500,"bu","09:58:40",281800
9.54,0.13,100,"bu","09:58:25",281300
9.54,0.13,500,"bu","09:57:59",281200
9.53,0.12,800,"bu","09:57:44",280700
9.53,0.12,100,"bu","09:57:31",279900
9.53,0.12,5000,"bu","09:56:54",279800
9.52,0.11,600,"bu","09:55:24",274800
9.52,0.11,1000,"bu","09:55:24",274200
9.52,0.11,200,"bu","09:54:57",273200
9.52,0.11,100,"unknown","09:54:57",273000
9.52,0.11,400,"sd","09:54:57",272900
9.52,0.11,300,"sd","09:54:57",272500
9.53,0.12,100,"bu","09:54:33",272200
9.53,0.12,1000,"bu","09:54:26",272100
9.53,0.12,1000,"bu","09:53:44",271100
9.53,0.12,3000,"sd","09:53:22",270100
9.53,0.12,4000,"sd","09:53:22",267100
9.53,0.12,100,"sd","09:53:06",263100
9.54,0.13,100,"bu","09:52:41",263000
9.53,0.12,200,"sd","09:52:27",262900
9.53,0.12,100,"sd","09:51:14",262700
9.55,0.14,400,"bu","09:50:53",262600
9.55,0.14,100,"bu","09:50:53",262200
9.55,0.14,300,"bu","09:50:29",262100
9.55,0.14,100,"bu","09:50:29",261800
9.55,0.14,1000,"bu","09:50:02",261700
9.55,0.14,3000,"bu","09:50:02",260700
9.55,0.14,100,"bu","09:50:02",257700
9.55,0.14,500,"bu","09:50:02",257600
9.54,0.13,1000,"bu","09:50:02",257100
9.54,0.13,300,"bu","09:50:02",256100
9.53,0.12,200,"bu","09:49:55",255800
9.53,0.12,100,"bu","09:49:55",255600
9.53,0.12,5300,"bu","09:49:55",255500
9.53,0.12,100,"bu","09:49:17",250200
9.53,0.12,2000,"bu","09:47:57",250100
9.52,0.11,100,"sd","09:47:50",248100
9.52,0.11,100,"sd","09:47:50",248000
9.52,0.11,2000,"sd","09:47:38",247900
9.53,0.12,1200,"bu","09:46:59",245900
9.53,0.12,500,"sd","09:46:42",244700
9.53,0.12,1500,"sd","09:46:42",244200
9.53,0.12,500,"bu","09:46:26",242700
9.53,0.12,200,"bu","09:46:18",242200
9.53,0.12,1000,"bu","09:46:17",242000
9.53,0.12,100,"bu","09:46:08",241000
9.53,0.12,200,"bu","09:45:48",240900
9.53,0.12,500,"bu","09:45:48",240700
9.53,0.12,300,"bu","09:45:48",240200
9.53,0.12,200,"bu","09:45:39",239900
9.53,0.12,500,"bu","09:45:01",239700
9.53,0.12,1000,"bu","09:45:01",239200
9.52,0.11,100,"sd","09:44:07",238200
9.52,0.11,600,"sd","09:43:43",238100
9.52,0.11,300,"sd","09:43:22",237500
9.52,0.11,200,"sd","09:43:16",237200
9.52,0.11,1000,"sd","09:43:16",237000
9.52,0.11,5800,"sd","09:43:16",236000
9.52,0.11,1000,"sd","09:42:40",230200
9.52,0.11,100,"sd","09:42:40",229200
9.55,0.14,400,"bu","09:41:46",229100
9.55,0.14,100,"sd","09:41:28",228700
9.55,0.14,600,"sd","09:41:28",228600
9.55,0.14,3100,"sd","09:41:15",228000
9.56,0.15,1800,"sd","09:41:03",224900
9.59,0.18,500,"bu","09:40:33",223100
9.56,0.15,1000,"sd","09:40:30",222600
9.59,0.18,1900,"sd","09:40:01",221600
9.6,0.19,100,"bu","09:40:00",219700
9.59,0.18,100,"sd","09:39:51",219600
9.59,0.18,900,"sd","09:39:51",219500
9.59,0.18,100,"bu","09:39:38",218600
9.56,0.15,200,"sd","09:39:08",218500
9.59,0.18,5900,"bu","09:39:07",218300
9.59,0.18,4100,"bu","09:39:07",212400
9.59,0.18,1600,"bu","09:38:43",208300
9.58,0.17,1000,"bu","09:38:43",206700
9.58,0.17,100,"bu","09:38:43",205700
9.58,0.17,500,"bu","09:38:43",205600
9.58,0.17,900,"bu","09:38:43",205100
9.57,0.16,400,"bu","09:38:43",204200
9.57,0.16,500,"bu","09:38:43",203800
9.55,0.14,100,"sd","09:38:36",203300
9.55,0.14,900,"sd","09:38:31",203200
9.55,0.14,100,"sd","09:38:31",202300
9.55,0.14,5000,"sd","09:38:16",202200
9.54,0.13,2500,"bu","09:37:34",197200
9.54,0.13,200,"bu","09:37:34",194700
9.53,0.12,1000,"bu","09:37:34",194500
9.53,0.12,1500,"bu","09:37:34",193500
9.5,0.09,1500,"sd","09:36:43",192000
9.5,0.09,3000,"sd","09:36:31",190500
9.5,0.09,1000,"sd","09:36:00",187500
9.5,0.09,100,"sd","09:35:56",186500
9.5,0.09,4000,"sd","09:35:07",186400
9.5,0.09,500,"sd","09:35:04",182400
9.5,0.09,1000,"sd","09:34:57",181900
9.5,0.09,100,"bu","09:34:56",180900
9.5,0.09,500,"bu","09:34:56",180800
9.5,0.09,100,"bu","09:34:56",180300
9.5,0.09,1000,"bu","09:34:56",180200
9.47,0.06,100,"bu","09:34:56",179200
9.49,0.08,2000,"bu","09:34:56",179100
9.47,0.06,100,"bu","09:34:56",177100
9.48,0.07,200,"bu","09:34:56",177000
9.46,0.05,100,"sd","09:34:52",176800
9.46,0.05,3700,"bu","09:34:51",176700
9.46,0.05,600,"bu","09:34:50",173000
9.45,0.04,5600,"sd","09:34:38",172400
9.45,0.04,500,"sd","09:34:38",166800
9.46,0.05,100,"bu","09:34:26",166300
9.47,0.06,100,"bu","09:34:06",166200
9.47,0.06,200,"bu","09:33:53",166100
9.48,0.07,300,"bu","09:33:18",165900
9.48,0.07,200,"bu","09:33:02",165600
9.43,0.02,2100,"sd","09:31:39",165400
9.43,0.02,300,"sd","09:31:23",163300
9.43,0.02,500,"sd","09:31:10",163000
9.43,0.02,100,"sd","09:31:05",162500
9.43,0.02,400,"sd","09:31:05",162400
9.43,0.02,200,"sd","09:30:50",162000
9.43,0.02,200,"sd","09:30:50",161800
9.44,0.03,200,"sd","09:30:50",161600
9.44,0.03,4000,"sd","09:30:50",161400
9.44,0.03,1000,"bu","09:30:44",157400
9.43,0.02,2500,"sd","09:30:25",156400
9.44,0.03,2000,"sd","09:30:25",153900
9.44,0.03,700,"sd","09:30:25",151900
9.45,0.04,100,"sd","09:30:25",151200
9.43,0.02,2300,"sd","09:29:18",151100
9.43,0.02,200,"sd","09:29:18",148800
9.43,0.02,2800,"sd","09:29:18",148600
9.45,0.04,1000,"sd","09:29:18",145800
9.45,0.04,300,"sd","09:29:18",144800
9.45,0.04,100,"sd","09:29:18",144500
9.5,0.09,1000,"sd","09:29:18",144400
9.5,0.09,500,"sd","09:29:18",143400
9.5,0.09,1000,"sd","09:29:18",142900
9.5,0.09,1000,"sd","09:29:18",141900
9.5,0.09,1000,"sd","09:29:18",140900
9.5,0.09,400,"sd","09:29:18",139900
9.5,0.09,300,"sd","09:29:18",139500
9.5,0.09,1000,"sd","09:29:18",139200
9.55,0.14,300,"sd","09:29:18",138200
9.55,0.14,100,"sd","09:29:18",137900
9.55,0.14,900,"sd","09:29:18",137800
9.55,0.14,800,"sd","09:29:18",136900
9.57,0.16,100,"bu","09:28:41",136100
9.55,0.14,200,"sd","09:28:40",136000
9.57,0.16,400,"sd","09:28:39",135800
9.57,0.16,100,"sd","09:28:33",135400
9.57,0.16,1000,"sd","09:28:29",135300
9.58,0.17,100,"bu","09:28:26",134300
9.57,0.16,1000,"bu","09:28:23",134200
9.57,0.16,400,"bu","09:28:23",133200
9.55,0.14,1000,"sd","09:28:12",132800
9.57,0.16,200,"sd","09:27:39",131800
9.57,0.16,1000,"sd","09:27:39",131600
9.57,0.16,500,"sd","09:27:39",130600
9.57,0.16,7900,"sd","09:27:39",130100
9.57,0.16,1200,"sd","09:27:32",122200
9.57,0.16,1000,"sd","09:27:13",121000
9.58,0.17,100,"bu","09:27:02",120000
9.58,0.17,2100,"bu","09:26:58",119900
9.58,0.17,2000,"sd","09:26:44",117800
9.58,0.17,800,"sd","09:26:44",115800
9.58,0.17,200,"sd","09:26:29",115000
9.58,0.17,1000,"sd","09:26:18",114800
9.58,0.17,2000,"sd","09:26:05",113800
9.57,0.16,2400,"sd","09:25:23",111800
9.58,0.17,100,"sd","09:25:23",109400
9.58,0.17,300,"sd","09:25:23",109300
9.58,0.17,400,"sd","09:25:18",109000
9.58,0.17,1300,"sd","09:24:58",108600
9.58,0.17,2000,"sd","09:24:54",107300
9.58,0.17,6000,"sd","09:24:51",105300
9.59,0.18,100,"sd","09:24:38",99300
9.59,0.18,700,"sd","09:24:38",99200
9.6,0.19,1000,"sd","09:24:38",98500
9.6,0.19,1600,"sd","09:24:38",97500
9.6,0.19,300,"sd","09:24:38",95900
9.6,0.19,1000,"sd","09:24:29",95600
9.6,0.19,4200,"sd","09:24:29",94600
9.62,0.21,1200,"unknown","09:24:29",90400
9.62,0.21,1000,"unknown","09:24:29",89200
9.62,0.21,1100,"sd","09:24:29",88200
9.63,0.22,200,"sd","09:24:29",87100
9.63,0.22,700,"sd","09:24:29",86900
9.64,0.23,600,"sd","09:24:29",86200
9.64,0.23,400,"bu","09:24:24",85600
9.64,0.23,200,"bu","09:24:18",85200
9.64,0.23,500,"sd","09:24:15",85000
9.64,0.23,400,"sd","09:24:15",84500
9.65,0.24,100,"sd","09:24:04",84100
9.66,0.25,600,"sd","09:23:47",84000
9.68,0.27,1800,"sd","09:23:25",83400
9.7,0.29,3000,"bu","09:23:23",81600
9.68,0.27,1000,"sd","09:23:17",78600
9.7,0.29,1000,"bu","09:23:10",77600
9.7,0.29,100,"bu","09:23:10",76600
9.7,0.29,1000,"bu","09:23:10",76500
9.7,0.29,1600,"bu","09:23:10",75500
9.7,0.29,500,"bu","09:23:10",73900
9.7,0.29,1100,"bu","09:23:10",73400
9.7,0.29,100,"bu","09:23:10",72300
9.7,0.29,1700,"bu","09:23:09",72200
9.7,0.29,300,"bu","09:22:55",70500
9.7,0.29,500,"bu","09:22:46",70200
9.68,0.27,200,"bu","09:22:23",69700
9.68,0.27,800,"bu","09:22:17",69500
9.68,0.27,1000,"bu","09:22:17",68700
9.68,0.27,100,"bu","09:22:17",67700
9.68,0.27,3100,"bu","09:22:17",67600
9.68,0.27,400,"bu","09:22:16",64500
9.68,0.27,1000,"bu","09:21:56",64100
9.65,0.24,500,"bu","09:21:44",63100
9.65,0.24,100,"bu","09:21:44",62600
9.65,0.24,200,"bu","09:21:44",62500
9.65,0.24,2100,"bu","09:21:44",62300
9.65,0.24,2900,"bu","09:21:31",60200
9.65,0.24,300,"bu","09:21:31",57300
9.65,0.24,500,"bu","09:21:31",57000
9.65,0.24,3000,"bu","09:21:31",56500
9.64,0.23,600,"sd","09:20:56",53500
9.63,0.22,200,"sd","09:20:40",52900
9.63,0.22,100,"sd","09:20:28",52700
9.63,0.22,1000,"sd","09:20:22",52600
9.63,0.22,1000,"bu","09:20:12",51600
9.62,0.21,200,"bu","09:20:00",50600
9.61,0.2,200,"bu","09:20:00",50400
9.62,0.21,500,"sd","09:19:48",50200
9.62,0.21,300,"sd","09:19:26",49700
9.63,0.22,100,"sd","09:19:26",49400
9.64,0.23,1000,"sd","09:19:17",49300
9.64,0.23,200,"sd","09:19:17",48300
9.64,0.23,1000,"sd","09:19:13",48100
9.64,0.23,100,"sd","09:18:40",47100
9.65,0.24,100,"bu","09:18:40",47000
9.64,0.23,3700,"bu","09:18:27",46900
9.64,0.23,300,"bu","09:18:27",43200
9.64,0.23,500,"bu","09:18:27",42900
9.64,0.23,100,"bu","09:18:27",42400
9.64,0.23,500,"sd","09:18:19",42300
9.64,0.23,500,"sd","09:18:19",41800
9.64,0.23,500,"sd","09:18:16",41300
9.64,0.23,100,"sd","09:18:12",40800
9.64,0.23,900,"sd","09:18:00",40700
9.64,0.23,100,"sd","09:18:00",39800
9.64,0.23,200,"sd","09:18:00",39700
9.65,0.24,1000,"bu","09:17:58",39500
9.65,0.24,500,"bu","09:17:58",38500
9.64,0.23,100,"sd","09:17:58",38000
9.64,0.23,200,"sd","09:17:27",37900
9.65,0.24,400,"bu","09:17:22",37700
9.65,0.24,600,"bu","09:17:22",37300
9.65,0.24,100,"bu","09:17:18",36700
9.64,0.23,100,"sd","09:17:18",36600
9.65,0.24,300,"sd","09:16:50",36500
9.68,0.27,100,"bu","09:16:50",36200
9.68,0.27,100,"bu","09:16:50",36100
9.68,0.27,100,"bu","09:16:50",36000
9.68,0.27,100,"bu","09:16:50",35900
9.68,0.27,100,"bu","09:16:50",35800
9.6,0.19,5000,"bu","09:16:42",35700
9.6,0.19,200,"bu","09:16:42",30700
9.6,0.19,600,"bu","09:16:42",30500
9.59,0.18,100,"sd","09:16:30",29900
9.6,0.19,1000,"bu","09:16:27",29800
9.6,0.19,1500,"bu","09:16:24",28800
9.6,0.19,500,"bu","09:16:24",27300
9.6,0.19,100,"bu","09:16:10",26800
9.6,0.19,200,"bu","09:16:10",26700
9.59,0.18,300,"sd","09:15:49",26500
9.59,0.18,1000,"bu","09:15:49",26200
9.59,0.18,1000,"bu","09:15:49",25200
9.43,0.02,200,"sd","09:15:23",24200
9.43,0.02,1000,"sd","09:15:23",24000
9.43,0.02,100,"sd","09:15:23",23000
9.43,0.02,1100,"sd","09:15:23",22900
9.53,0.12,400,"sd","09:15:23",21800
9.53,0.12,300,"bu","09:15:20",21400
9.53,0.12,800,"bu","09:15:12",21100
9.51,0.1,100,"bu","09:15:12",20300
9.51,0.1,900,"bu","09:15:12",20200
9.5,0.09,200,"bu","09:15:12",19300
9.43,0.02,19100,"sd","09:15:02",19100
