"price","change","match_qtty","side","time","total_vol"
7.11,0.02,170500,"sd","14:45:02",2663400
7.18,0.09,10000,"bu","14:29:43",2492900
7.18,0.09,2000,"sd","14:29:41",2482900
7.18,0.09,2000,"sd","14:29:41",2480900
7.18,0.09,200,"sd","14:29:40",2478900
7.18,0.09,300,"sd","14:29:39",2478700
7.18,0.09,2700,"sd","14:29:39",2478400
7.18,0.09,100,"sd","14:29:34",2475700
7.18,0.09,200,"sd","14:29:17",2475600
7.18,0.09,4000,"sd","14:29:17",2475400
7.19,0.1,500,"bu","14:29:16",2471400
7.18,0.09,500,"sd","14:29:07",2470900
7.18,0.09,100,"bu","14:29:03",2470400
7.18,0.09,100,"bu","14:29:03",2470300
7.18,0.09,200,"bu","14:29:03",2470200
7.18,0.09,100,"bu","14:29:03",2470000
7.18,0.09,500,"bu","14:28:59",2469900
7.17,0.08,1000,"sd","14:28:59",2469400
7.18,0.09,300,"bu","14:28:53",2468400
7.18,0.09,1600,"bu","14:28:50",2468100
7.18,0.09,1000,"bu","14:28:50",2466500
7.18,0.09,400,"bu","14:28:50",2465500
7.18,0.09,600,"bu","14:28:49",2465100
7.18,0.09,300,"bu","14:28:49",2464500
7.18,0.09,100,"bu","14:28:49",2464200
7.18,0.09,100,"bu","14:28:43",2464100
7.18,0.09,1800,"bu","14:28:40",2464000
7.18,0.09,200,"bu","14:28:40",2462200
7.18,0.09,200,"bu","14:28:30",2462000
7.18,0.09,600,"bu","14:28:24",2461800
7.18,0.09,1400,"bu","14:28:24",2461200
7.18,0.09,100,"bu","14:28:23",2459800
7.18,0.09,400,"bu","14:28:21",2459700
7.18,0.09,500,"bu","14:28:16",2459300
7.18,0.09,600,"bu","14:28:04",2458800
7.18,0.09,2000,"bu","14:27:58",2458200
7.18,0.09,200,"bu","14:27:58",2456200
7.18,0.09,1000,"bu","14:27:58",2456000
7.18,0.09,100,"bu","14:27:58",2455000
7.18,0.09,1700,"bu","14:27:58",2454900
7.18,0.09,200,"bu","14:27:58",2453200
7.18,0.09,5000,"bu","14:27:43",2453000
7.18,0.09,1000,"bu","14:27:43",2448000
7.18,0.09,100,"bu","14:27:43",2447000
7.18,0.09,500,"bu","14:27:43",2446900
7.18,0.09,400,"bu","14:27:43",2446400
7.18,0.09,4600,"bu","14:27:43",2446000
7.18,0.09,100,"bu","14:27:43",2441400
7.18,0.09,100,"bu","14:27:43",2441300
7.18,0.09,200,"bu","14:27:43",2441200
7.17,0.08,100,"sd","14:27:42",2441000
7.17,0.08,300,"sd","14:27:42",2440900
7.17,0.08,1900,"bu","14:27:21",2440600
7.17,0.08,3100,"bu","14:27:21",2438700
7.17,0.08,4900,"bu","14:27:21",2435600
7.17,0.08,100,"bu","14:27:19",2430700
7.17,0.08,2800,"bu","14:27:02",2430600
7.17,0.08,2000,"sd","14:26:48",2427800
7.17,0.08,200,"sd","14:26:48",2425800
7.17,0.08,800,"sd","14:26:37",2425600
7.17,0.08,200,"sd","14:26:37",2424800
7.18,0.09,1000,"bu","14:26:35",2424600
7.18,0.09,1000,"bu","14:26:27",2423600
7.17,0.08,400,"sd","14:26:25",2422600
7.17,0.08,2700,"sd","14:26:25",2422200
7.17,0.08,2000,"sd","14:26:25",2419500
7.17,0.08,3900,"sd","14:26:25",2417500
7.17,0.08,100,"sd","14:26:20",2413600
7.18,0.09,1700,"sd","14:26:12",2413500
7.17,0.08,300,"bu","14:26:08",2411800
7.17,0.08,300,"bu","14:25:58",2411500
7.18,0.09,300,"sd","14:25:56",2411200
7.18,0.09,400,"sd","14:25:56",2410900
7.19,0.1,300,"bu","14:25:55",2410500
7.19,0.1,4700,"bu","14:25:55",2410200
7.18,0.09,300,"sd","14:25:51",2405500
7.18,0.09,700,"sd","14:25:51",2405200
7.19,0.1,300,"bu","14:25:51",2404500
7.19,0.1,100,"bu","14:25:51",2404200
7.19,0.1,100,"bu","14:25:49",2404100
7.18,0.09,500,"bu","14:25:43",2404000
7.18,0.09,200,"bu","14:25:43",2403500
7.18,0.09,500,"bu","14:25:43",2403300
7.18,0.09,2000,"bu","14:25:43",2402800
7.18,0.09,5800,"bu","14:25:42",2400800
7.18,0.09,2200,"bu","14:25:35",2395000
7.18,0.09,5800,"bu","14:25:35",2392800
7.15,0.06,5000,"sd","14:25:25",2387000
7.18,0.09,11200,"bu","14:25:22",2382000
7.18,0.09,4000,"bu","14:25:22",2370800
7.18,0.09,500,"bu","14:25:22",2366800
7.18,0.09,200,"bu","14:25:22",2366300
7.18,0.09,4100,"bu","14:25:22",2366100
7.15,0.06,100,"sd","14:25:18",2362000
7.15,0.06,100,"bu","14:25:12",2361900
7.15,0.06,1000,"bu","14:25:12",2361800
7.15,0.06,1000,"bu","14:25:12",2360800
7.15,0.06,1000,"bu","14:25:12",2359800
7.15,0.06,10000,"bu","14:25:12",2358800
7.15,0.06,5000,"bu","14:25:12",2348800
7.15,0.06,5000,"bu","14:25:12",2343800
7.15,0.06,20000,"bu","14:25:12",2338800
7.15,0.06,500,"bu","14:25:12",2318800
7.15,0.06,200,"bu","14:25:12",2318300
7.14,0.05,1000,"bu","14:25:05",2318100
7.14,0.05,3200,"bu","14:25:05",2317100
7.13,0.04,100,"sd","14:25:01",2313900
7.14,0.05,800,"bu","14:25:01",2313800
7.13,0.04,3300,"bu","14:24:56",2313000
7.13,0.04,1700,"bu","14:24:51",2309700
7.13,0.04,1300,"bu","14:24:51",2308000
7.12,0.03,4900,"bu","14:24:46",2306700
7.11,0.02,1300,"sd","14:24:46",2301800
7.12,0.03,100,"bu","14:24:43",2300500
7.12,0.03,400,"bu","14:24:43",2300400
7.11,0.02,500,"bu","14:24:32",2300000
7.11,0.02,100,"bu","14:24:32",2299500
7.11,0.02,200,"bu","14:24:32",2299400
7.11,0.02,3800,"bu","14:24:32",2299200
7.11,0.02,1700,"bu","14:24:32",2295400
7.11,0.02,800,"bu","14:24:10",2293700
7.1,0.01,100,"bu","14:24:10",2292900
7.11,0.02,100,"bu","14:23:43",2292800
7.09,0,1000,"sd","14:23:11",2292700
7.09,0,300,"sd","14:23:11",2291700
7.09,0,200,"sd","14:23:11",2291400
7.11,0.02,19400,"bu","14:22:43",2291200
7.11,0.02,200,"bu","14:22:43",2271800
7.11,0.02,300,"bu","14:22:43",2271600
7.11,0.02,900,"bu","14:22:43",2271300
7.1,0.01,1000,"bu","14:22:43",2270400
7.1,0.01,100,"bu","14:22:43",2269400
7.1,0.01,6000,"bu","14:22:43",2269300
7.1,0.01,3000,"bu","14:22:43",2263300
7.09,0,1000,"bu","14:22:43",2260300
7.09,0,6700,"bu","14:22:43",2259300
7.09,0,1400,"bu","14:22:43",2252600
7.09,0,1000,"bu","14:22:37",2251200
7.09,0,100,"bu","14:22:26",2250200
7.08,-0.01,300,"sd","14:22:03",2250100
7.08,-0.01,100,"sd","14:22:01",2249800
7.09,0,700,"bu","14:21:48",2249700
7.08,-0.01,1000,"sd","14:21:21",2249000
7.08,-0.01,1500,"sd","14:21:16",2248000
7.08,-0.01,1000,"bu","14:20:57",2246500
7.05,-0.04,2000,"sd","14:20:45",2245500
7.05,-0.04,100,"sd","14:19:04",2243500
7.05,-0.04,100,"sd","14:19:04",2243400
7.05,-0.04,7800,"sd","14:19:04",2243300
7.05,-0.04,500,"sd","14:19:01",2235500
7.05,-0.04,100,"sd","14:18:43",2235000
7.05,-0.04,1000,"sd","14:18:03",2234900
7.05,-0.04,200,"sd","14:17:59",2233900
7.05,-0.04,100,"sd","14:17:41",2233700
7.05,-0.04,300,"sd","14:17:08",2233600
7.05,-0.04,600,"sd","14:17:08",2233300
7.06,-0.03,1000,"sd","14:17:08",2232700
7.06,-0.03,100,"sd","14:17:08",2231700
7.09,0,200,"bu","14:17:05",2231600
7.09,0,1600,"sd","14:17:02",2231400
7.09,0,1400,"sd","14:16:54",2229800
7.09,0,900,"sd","14:16:54",2228400
7.11,0.02,400,"bu","14:16:23",2227500
7.1,0.01,3500,"bu","14:16:23",2227100
7.1,0.01,1500,"sd","14:16:22",2223600
7.1,0.01,900,"sd","14:16:16",2222100
7.1,0.01,100,"sd","14:16:16",2221200
7.1,0.01,5000,"sd","14:16:06",2221100
7.1,0.01,2000,"sd","14:16:01",2216100
7.1,0.01,100,"sd","14:15:39",2214100
7.1,0.01,200,"sd","14:15:38",2214000
7.1,0.01,100,"sd","14:15:38",2213800
7.1,0.01,1000,"sd","14:15:28",2213700
7.11,0.02,900,"unknown","14:15:13",2212700
7.11,0.02,100,"bu","14:15:07",2211800
7.11,0.02,500,"bu","14:15:07",2211700
7.11,0.02,100,"bu","14:15:07",2211200
7.11,0.02,8400,"bu","14:15:07",2211100
7.11,0.02,1600,"sd","14:14:53",2202700
7.11,0.02,8400,"bu","14:14:52",2201100
7.11,0.02,11600,"sd","14:14:50",2192700
7.11,0.02,100,"sd","14:14:39",2181100
7.11,0.02,100,"sd","14:14:36",2181000
7.11,0.02,1000,"bu","14:14:26",2180900
7.11,0.02,6700,"bu","14:14:25",2179900
7.11,0.02,4400,"bu","14:14:25",2173200
7.1,0.01,2700,"bu","14:14:25",2168800
7.1,0.01,5300,"sd","14:14:24",2166100
7.1,0.01,4700,"sd","14:14:21",2160800
7.1,0.01,300,"sd","14:14:21",2156100
7.1,0.01,1000,"sd","14:14:19",2155800
7.1,0.01,1000,"sd","14:14:15",2154800
7.11,0.02,5000,"sd","14:14:08",2153800
7.11,0.02,600,"sd","14:14:08",2148800
7.12,0.03,100,"sd","14:14:06",2148200
7.12,0.03,4900,"sd","14:14:05",2148100
7.12,0.03,100,"sd","14:14:05",2143200
7.12,0.03,9900,"sd","14:13:59",2143100
7.13,0.04,100,"sd","14:13:59",2133200
7.14,0.05,500,"sd","14:13:51",2133100
7.14,0.05,500,"sd","14:13:51",2132600
7.15,0.06,100,"bu","14:13:32",2132100
7.15,0.06,100,"bu","14:13:17",2132000
7.17,0.08,100,"sd","14:13:11",2131900
7.15,0.06,500,"sd","14:13:11",2131800
7.15,0.06,200,"sd","14:13:11",2131300
7.15,0.06,100,"sd","14:13:11",2131100
7.17,0.08,700,"sd","14:13:11",2131000
7.16,0.07,200,"bu","14:13:10",2130300
7.16,0.07,800,"sd","14:13:02",2130100
7.16,0.07,500,"sd","14:13:01",2129300
7.17,0.08,500,"sd","14:13:01",2128800
7.17,0.08,500,"bu","14:13:01",2128300
7.17,0.08,2000,"bu","14:12:52",2127800
7.16,0.07,1000,"bu","14:12:46",2125800
7.16,0.07,500,"bu","14:12:46",2124800
7.15,0.06,100,"sd","14:12:44",2124300
7.15,0.06,1000,"sd","14:12:43",2124200
7.15,0.06,100,"sd","14:12:43",2123200
7.15,0.06,1700,"bu","14:12:43",2123100
7.15,0.06,400,"bu","14:12:30",2121400
7.15,0.06,200,"bu","14:12:29",2121000
7.15,0.06,3000,"bu","14:12:29",2120800
7.15,0.06,500,"bu","14:12:29",2117800
7.14,0.05,800,"bu","14:12:29",2117300
7.15,0.06,5200,"bu","14:12:29",2116500
7.15,0.06,300,"bu","14:12:29",2111300
7.13,0.04,200,"sd","14:12:24",2111000
7.13,0.04,1000,"sd","14:12:23",2110800
7.14,0.05,1200,"bu","14:12:23",2109800
7.14,0.05,500,"bu","14:12:23",2108600
7.14,0.05,400,"bu","14:12:23",2108100
7.14,0.05,300,"bu","14:12:23",2107700
7.13,0.04,600,"sd","14:12:22",2107400
7.12,0.03,1400,"bu","14:12:13",2106800
7.12,0.03,100,"bu","14:12:08",2105400
7.12,0.03,200,"bu","14:12:08",2105300
7.11,0.02,2400,"bu","14:12:01",2105100
7.11,0.02,100,"bu","14:11:58",2102700
7.11,0.02,2500,"bu","14:11:49",2102600
7.11,0.02,100,"bu","14:11:49",2100100
7.1,0.01,1000,"bu","14:11:49",2100000
7.1,0.01,5000,"bu","14:11:48",2099000
7.1,0.01,2000,"bu","14:11:48",2094000
7.1,0.01,3500,"bu","14:11:47",2092000
7.1,0.01,1000,"bu","14:11:44",2088500
7.1,0.01,5000,"bu","14:11:44",2087500
7.1,0.01,100,"bu","14:11:44",2082500
7.1,0.01,100,"bu","14:11:44",2082400
7.1,0.01,500,"bu","14:11:43",2082300
7.1,0.01,400,"bu","14:11:42",2081800
7.1,0.01,1000,"bu","14:11:42",2081400
7.1,0.01,300,"bu","14:11:35",2080400
7.1,0.01,2100,"bu","14:11:28",2080100
7.1,0.01,300,"bu","14:11:28",2078000
7.1,0.01,700,"bu","14:11:28",2077700
7.1,0.01,1900,"bu","14:11:28",2077000
7.09,0,100,"sd","14:11:22",2075100
7.09,0,200,"bu","14:11:18",2075000
7.08,-0.01,100,"bu","14:11:08",2074800
7.08,-0.01,200,"bu","14:11:08",2074700
7.07,-0.02,3000,"bu","14:10:58",2074500
7.06,-0.03,600,"bu","14:10:48",2071500
7.06,-0.03,400,"bu","14:10:48",2070900
7.06,-0.03,500,"bu","14:10:40",2070500
7.06,-0.03,100,"bu","14:10:36",2070000
7.05,-0.04,500,"bu","14:10:36",2069900
7.05,-0.04,1000,"bu","14:10:31",2069400
7.05,-0.04,500,"bu","14:10:30",2068400
7.04,-0.05,2200,"bu","14:10:19",2067900
7.04,-0.05,4000,"bu","14:10:16",2065700
7.04,-0.05,200,"bu","14:10:12",2061700
7.04,-0.05,2000,"bu","14:10:12",2061500
7.04,-0.05,800,"bu","14:10:12",2059500
7.03,-0.06,100,"sd","14:10:08",2058700
7.03,-0.06,500,"bu","14:09:39",2058600
7.03,-0.06,200,"bu","14:09:37",2058100
7.03,-0.06,1100,"bu","14:09:34",2057900
7.03,-0.06,5000,"bu","14:09:27",2056800
7.03,-0.06,1000,"bu","14:09:08",2051800
7.02,-0.07,1000,"bu","14:09:00",2050800
7.01,-0.08,1700,"bu","14:08:31",2049800
7,-0.09,400,"sd","14:08:31",2048100
7,-0.09,200,"sd","14:08:31",2047700
7,-0.09,400,"sd","14:08:31",2047500
7.01,-0.08,1000,"bu","14:08:31",2047100
7,-0.09,2000,"sd","14:08:26",2046100
7,-0.09,100,"sd","14:07:51",2044100
7.01,-0.08,3300,"sd","14:07:32",2044000
7.01,-0.08,4800,"sd","14:07:21",2040700
7.01,-0.08,6100,"sd","14:07:18",2035900
7.01,-0.08,1900,"sd","14:07:18",2029800
7.01,-0.08,100,"sd","14:07:18",2027900
7.01,-0.08,1000,"sd","14:07:18",2027800
7.01,-0.08,100,"sd","14:07:17",2026800
7.01,-0.08,3000,"sd","14:07:10",2026700
7.01,-0.08,800,"sd","14:06:53",2023700
7.01,-0.08,4000,"sd","14:06:53",2022900
7.02,-0.07,200,"sd","14:06:53",2018900
7.03,-0.06,1000,"bu","14:06:35",2018700
7.03,-0.06,1200,"sd","14:06:34",2017700
7.03,-0.06,1000,"sd","14:06:33",2016500
7.03,-0.06,3000,"sd","14:06:21",2015500
7.03,-0.06,4800,"sd","14:06:20",2012500
7.03,-0.06,4000,"sd","14:06:20",2007700
7.04,-0.05,100,"sd","14:05:44",2003700
7.04,-0.05,2900,"sd","14:05:44",2003600
7.05,-0.04,900,"bu","14:05:44",2000700
7.05,-0.04,100,"bu","14:05:44",1999800
7.04,-0.05,100,"sd","14:05:40",1999700
7.04,-0.05,3000,"sd","14:05:22",1999600
7.05,-0.04,100,"bu","14:05:12",1996600
7.05,-0.04,300,"bu","14:04:26",1996500
7.03,-0.06,900,"bu","14:04:26",1996200
7.03,-0.06,100,"bu","14:04:21",1995300
7.03,-0.06,1000,"bu","14:04:18",1995200
7.03,-0.06,1000,"bu","14:04:15",1994200
7.03,-0.06,200,"bu","14:04:09",1993200
7.03,-0.06,100,"bu","14:04:07",1993000
7.03,-0.06,200,"bu","14:04:06",1992900
7.03,-0.06,300,"bu","14:04:04",1992700
7.03,-0.06,100,"bu","14:03:58",1992400
7.03,-0.06,1000,"bu","14:03:52",1992300
7.02,-0.07,1000,"sd","14:03:40",1991300
7.02,-0.07,6400,"sd","14:03:36",1990300
7.02,-0.07,1000,"sd","14:03:36",1983900
7.02,-0.07,2000,"sd","14:03:36",1982900
7.02,-0.07,600,"sd","14:03:36",1980900
7.02,-0.07,1000,"bu","14:03:25",1980300
7.02,-0.07,5400,"bu","14:03:25",1979300
7.02,-0.07,2000,"bu","14:03:25",1973900
7.02,-0.07,500,"bu","14:03:19",1971900
7.02,-0.07,1000,"bu","14:03:14",1971400
7.01,-0.08,400,"sd","14:02:34",1970400
7.01,-0.08,200,"bu","14:02:28",1970000
7.01,-0.08,6700,"bu","14:02:28",1969800
7.01,-0.08,2000,"bu","14:02:26",1963100
7.01,-0.08,300,"bu","14:02:21",1961100
7.01,-0.08,100,"bu","14:02:20",1960800
7.01,-0.08,10000,"bu","14:02:20",1960700
7.01,-0.08,900,"bu","14:02:07",1950700
7.01,-0.08,100,"bu","14:02:07",1949800
7,-0.09,1000,"bu","14:01:58",1949700
7,-0.09,1000,"bu","14:01:58",1948700
7,-0.09,1500,"bu","14:01:58",1947700
7,-0.09,2000,"bu","14:01:58",1946200
7,-0.09,600,"bu","14:01:58",1944200
7,-0.09,500,"bu","14:01:58",1943600
7,-0.09,200,"bu","14:01:58",1943100
7,-0.09,700,"bu","14:01:58",1942900
7,-0.09,300,"bu","14:01:39",1942200
7,-0.09,200,"bu","14:01:39",1941900
7,-0.09,800,"bu","14:01:36",1941700
7,-0.09,1000,"bu","14:01:36",1940900
7,-0.09,3200,"bu","14:01:36",1939900
6.99,-0.1,1000,"sd","14:01:34",1936700
6.99,-0.1,5000,"bu","14:01:17",1935700
6.99,-0.1,2000,"bu","14:01:17",1930700
6.99,-0.1,800,"bu","14:01:17",1928700
6.99,-0.1,200,"bu","14:01:05",1927900
6.97,-0.12,1400,"sd","14:00:17",1927700
6.97,-0.12,100,"bu","14:00:10",1926300
6.97,-0.12,5000,"bu","14:00:05",1926200
6.97,-0.12,500,"bu","14:00:05",1921200
6.97,-0.12,800,"bu","13:59:59",1920700
6.97,-0.12,200,"bu","13:59:48",1919900
6.96,-0.13,2000,"sd","13:58:17",1919700
6.96,-0.13,6200,"sd","13:58:17",1917700
6.97,-0.12,200,"unknown","13:58:02",1911500
6.97,-0.12,800,"unknown","13:58:02",1911300
6.96,-0.13,3800,"bu","13:57:56",1910500
6.96,-0.13,500,"bu","13:57:55",1906700
6.96,-0.13,500,"sd","13:57:14",1906200
6.96,-0.13,200,"sd","13:57:14",1905700
6.96,-0.13,3000,"bu","13:56:08",1905500
6.96,-0.13,100,"bu","13:55:58",1902500
6.96,-0.13,100,"bu","13:55:58",1902400
6.96,-0.13,500,"bu","13:55:46",1902300
6.96,-0.13,1300,"sd","13:55:34",1901800
6.96,-0.13,200,"bu","13:55:08",1900500
6.95,-0.14,100,"sd","13:54:57",1900300
6.95,-0.14,5000,"sd","13:54:57",1900200
6.95,-0.14,1500,"sd","13:54:57",1895200
6.96,-0.13,3400,"bu","13:54:47",1893700
6.96,-0.13,5000,"bu","13:54:47",1890300
6.96,-0.13,1600,"bu","13:54:47",1885300
6.96,-0.13,100,"bu","13:54:35",1883700
6.96,-0.13,1300,"sd","13:54:22",1883600
6.96,-0.13,2200,"bu","13:54:18",1882300
6.96,-0.13,500,"sd","13:54:16",1880100
6.96,-0.13,900,"sd","13:54:16",1879600
6.96,-0.13,2000,"sd","13:54:13",1878700
6.96,-0.13,300,"sd","13:53:58",1876700
6.96,-0.13,1800,"sd","13:53:44",1876400
6.96,-0.13,500,"sd","13:53:44",1874600
6.96,-0.13,400,"sd","13:53:44",1874100
6.96,-0.13,100,"sd","13:53:44",1873700
6.97,-0.12,5000,"sd","13:53:01",1873600
6.96,-0.13,500,"sd","13:51:19",1868600
6.99,-0.1,1000,"bu","13:51:07",1868100
6.99,-0.1,5000,"bu","13:50:23",1867100
6.99,-0.1,200,"bu","13:50:23",1862100
6.99,-0.1,100,"bu","13:49:41",1861900
6.99,-0.1,100,"bu","13:49:01",1861800
6.99,-0.1,100,"bu","13:48:45",1861700
6.99,-0.1,100,"bu","13:48:45",1861600
6.99,-0.1,200,"bu","13:48:24",1861500
6.99,-0.1,900,"bu","13:47:27",1861300
6.97,-0.12,4100,"bu","13:47:27",1860400
6.93,-0.16,3900,"sd","13:45:32",1856300
6.93,-0.16,300,"sd","13:45:32",1852400
6.94,-0.15,300,"unknown","13:45:32",1852100
6.97,-0.12,3000,"bu","13:45:25",1851800
6.94,-0.15,200,"sd","13:45:10",1848800
6.94,-0.15,100,"sd","13:45:10",1848600
6.94,-0.15,1000,"sd","13:45:10",1848500
6.94,-0.15,4700,"sd","13:45:10",1847500
6.94,-0.15,300,"bu","13:44:03",1842800
6.93,-0.16,100,"sd","13:43:46",1842500
6.94,-0.15,1000,"sd","13:43:10",1842400
6.94,-0.15,700,"sd","13:43:10",1841400
6.95,-0.14,500,"bu","13:42:35",1840700
6.94,-0.15,4300,"sd","13:42:32",1840200
6.94,-0.15,500,"sd","13:42:32",1835900
6.94,-0.15,200,"sd","13:42:32",1835400
6.95,-0.14,200,"sd","13:42:23",1835200
6.95,-0.14,700,"sd","13:42:23",1835000
6.95,-0.14,2900,"sd","13:41:50",1834300
6.95,-0.14,2000,"sd","13:41:50",1831400
6.95,-0.14,300,"sd","13:41:50",1829400
6.95,-0.14,100,"sd","13:41:50",1829100
6.95,-0.14,300,"sd","13:41:50",1829000
6.95,-0.14,100,"sd","13:41:50",1828700
6.95,-0.14,500,"sd","13:41:50",1828600
6.95,-0.14,100,"sd","13:41:50",1828100
6.95,-0.14,1000,"sd","13:41:50",1828000
6.95,-0.14,500,"sd","13:41:50",1827000
6.95,-0.14,5000,"sd","13:41:50",1826500
6.95,-0.14,1000,"sd","13:41:50",1821500
6.95,-0.14,6200,"sd","13:41:50",1820500
6.95,-0.14,100,"sd","13:41:37",1814300
6.97,-0.12,100,"bu","13:41:36",1814200
6.95,-0.14,3700,"sd","13:41:30",1814100
6.95,-0.14,300,"sd","13:41:30",1810400
6.95,-0.14,1000,"sd","13:41:04",1810100
6.95,-0.14,500,"sd","13:41:03",1809100
6.95,-0.14,1000,"sd","13:40:57",1808600
6.95,-0.14,500,"sd","13:40:57",1807600
6.96,-0.13,500,"sd","13:40:57",1807100
6.95,-0.14,1400,"sd","13:40:48",1806600
6.96,-0.13,1000,"sd","13:40:41",1805200
6.95,-0.14,300,"sd","13:40:32",1804200
6.95,-0.14,500,"sd","13:40:32",1803900
6.96,-0.13,500,"unknown","13:40:20",1803400
6.96,-0.13,500,"sd","13:40:10",1802900
6.96,-0.13,900,"sd","13:40:02",1802400
6.96,-0.13,100,"sd","13:40:02",1801500
6.96,-0.13,1000,"sd","13:40:02",1801400
6.96,-0.13,5000,"sd","13:40:02",1800400
6.96,-0.13,1000,"sd","13:39:47",1795400
6.96,-0.13,7000,"sd","13:39:47",1794400
6.96,-0.13,3000,"sd","13:39:44",1787400
6.97,-0.12,100,"bu","13:39:34",1784400
6.97,-0.12,2700,"sd","13:39:34",1784300
6.97,-0.12,2300,"sd","13:39:20",1781600
6.97,-0.12,5000,"sd","13:39:20",1779300
6.97,-0.12,1100,"sd","13:39:20",1774300
6.97,-0.12,900,"sd","13:39:19",1773200
6.97,-0.12,100,"sd","13:39:19",1772300
6.98,-0.11,1000,"sd","13:38:50",1772200
6.98,-0.11,100,"sd","13:38:50",1771200
6.98,-0.11,5300,"sd","13:38:50",1771100
6.98,-0.11,5000,"sd","13:38:15",1765800
6.98,-0.11,100,"sd","13:37:26",1760800
7,-0.09,100,"bu","13:36:57",1760700
6.98,-0.11,300,"sd","13:36:48",1760600
7,-0.09,100,"bu","13:36:45",1760300
7,-0.09,6400,"bu","13:36:22",1760200
7,-0.09,700,"bu","13:36:22",1753800
7,-0.09,2000,"bu","13:36:22",1753100
7,-0.09,900,"bu","13:36:22",1751100
6.98,-0.11,500,"sd","13:35:46",1750200
6.98,-0.11,8600,"bu","13:35:27",1749700
6.97,-0.12,200,"bu","13:35:27",1741100
6.97,-0.12,200,"bu","13:35:27",1740900
6.97,-0.12,600,"bu","13:35:25",1740700
6.97,-0.12,2400,"bu","13:35:25",1740100
6.97,-0.12,1500,"bu","13:35:05",1737700
6.97,-0.12,1000,"sd","13:34:43",1736200
6.98,-0.11,100,"bu","13:34:41",1735200
6.98,-0.11,100,"bu","13:34:33",1735100
6.98,-0.11,5000,"sd","13:34:09",1735000
6.98,-0.11,10000,"sd","13:34:09",1730000
6.98,-0.11,200,"sd","13:34:09",1720000
6.99,-0.1,100,"sd","13:34:09",1719800
6.99,-0.1,5000,"sd","13:34:09",1719700
6.99,-0.1,900,"sd","13:34:09",1714700
7,-0.09,100,"bu","13:34:05",1713800
6.99,-0.1,100,"sd","13:33:59",1713700
6.99,-0.1,3000,"sd","13:33:34",1713600
6.99,-0.1,200,"sd","13:33:34",1710600
6.99,-0.1,500,"sd","13:33:34",1710400
6.99,-0.1,1200,"sd","13:33:34",1709900
6.99,-0.1,1200,"sd","13:33:34",1708700
6.99,-0.1,500,"sd","13:33:31",1707500
6.99,-0.1,8000,"sd","13:33:13",1707000
7,-0.09,100,"bu","13:32:50",1699000
7,-0.09,1500,"sd","13:32:49",1698900
7,-0.09,7000,"sd","13:32:49",1697400
7,-0.09,1000,"sd","13:32:49",1690400
7,-0.09,1000,"sd","13:32:48",1689400
7,-0.09,100,"sd","13:32:48",1688400
7,-0.09,100,"sd","13:32:48",1688300
7,-0.09,5000,"sd","13:32:48",1688200
7,-0.09,3200,"sd","13:32:48",1683200
7,-0.09,6800,"sd","13:32:23",1680000
7,-0.09,600,"sd","13:32:23",1673200
7,-0.09,400,"sd","13:32:23",1672600
7.01,-0.08,700,"sd","13:32:23",1672200
7.01,-0.08,1500,"sd","13:32:23",1671500
7.01,-0.08,500,"sd","13:32:16",1670000
7.01,-0.08,2000,"sd","13:31:59",1669500
7.01,-0.08,3000,"sd","13:31:59",1667500
7.01,-0.08,7000,"bu","13:31:40",1664500
7.01,-0.08,1000,"bu","13:31:40",1657500
7.01,-0.08,400,"bu","13:31:31",1656500
7.01,-0.08,1600,"sd","13:31:18",1656100
7.01,-0.08,1100,"sd","13:30:50",1654500
7.01,-0.08,500,"bu","13:30:40",1653400
7.01,-0.08,1800,"bu","13:30:40",1652900
7,-0.09,1000,"sd","13:30:38",1651100
7.01,-0.08,100,"bu","13:30:27",1650100
7.01,-0.08,100,"bu","13:30:16",1650000
7.01,-0.08,100,"bu","13:30:07",1649900
7.01,-0.08,1900,"sd","13:30:07",1649800
7.01,-0.08,900,"sd","13:29:33",1647900
7.02,-0.07,4200,"bu","13:29:16",1647000
7.01,-0.08,100,"sd","13:29:12",1642800
7.01,-0.08,2000,"sd","13:29:12",1642700
7.02,-0.07,2300,"bu","13:29:11",1640700
7.02,-0.07,2000,"bu","13:29:11",1638400
7.02,-0.07,2700,"bu","13:29:11",1636400
7.01,-0.08,5100,"sd","13:29:06",1633700
7.01,-0.08,100,"sd","13:29:06",1628600
7.01,-0.08,1000,"sd","13:29:06",1628500
7.02,-0.07,500,"bu","13:28:49",1627500
7.02,-0.07,6800,"bu","13:28:42",1627000
7.02,-0.07,5200,"bu","13:28:42",1620200
7.02,-0.07,3000,"bu","13:28:42",1615000
7.02,-0.07,100,"bu","13:28:01",1612000
7.02,-0.07,100,"bu","13:27:57",1611900
7.02,-0.07,100,"sd","13:27:47",1611800
7.02,-0.07,1700,"sd","13:27:47",1611700
7.02,-0.07,200,"sd","13:27:40",1610000
7.02,-0.07,100,"sd","13:27:36",1609800
7.02,-0.07,500,"sd","13:27:36",1609700
7.02,-0.07,500,"sd","13:27:36",1609200
7,-0.09,8600,"sd","13:27:34",1608700
7,-0.09,300,"sd","13:27:34",1600100
7,-0.09,1100,"sd","13:27:34",1599800
7.02,-0.07,500,"bu","13:27:26",1598700
7.02,-0.07,2000,"bu","13:27:07",1598200
7,-0.09,500,"sd","13:26:56",1596200
7,-0.09,3400,"sd","13:26:51",1595700
7,-0.09,2000,"sd","13:26:51",1592300
7,-0.09,2600,"sd","13:26:51",1590300
7,-0.09,7400,"sd","13:26:45",1587700
7,-0.09,100,"sd","13:26:45",1580300
7,-0.09,2400,"sd","13:26:45",1580200
7.01,-0.08,100,"sd","13:26:45",1577800
7.01,-0.08,1000,"bu","13:26:28",1577700
7,-0.09,2600,"sd","13:26:11",1576700
7,-0.09,1000,"bu","13:26:08",1574100
7,-0.09,1400,"bu","13:26:06",1573100
7,-0.09,300,"bu","13:26:06",1571700
7,-0.09,3300,"bu","13:26:06",1571400
7,-0.09,100,"bu","13:26:06",1568100
7,-0.09,1000,"bu","13:26:05",1568000
7,-0.09,500,"bu","13:25:59",1567000
7,-0.09,100,"bu","13:25:58",1566500
7,-0.09,400,"bu","13:25:58",1566400
7,-0.09,600,"bu","13:25:53",1566000
7,-0.09,300,"bu","13:25:53",1565400
7,-0.09,100,"bu","13:25:53",1565100
6.99,-0.1,100,"sd","13:25:45",1565000
6.99,-0.1,10200,"bu","13:25:32",1564900
6.95,-0.14,1000,"sd","13:24:40",1554700
6.95,-0.14,400,"sd","13:24:40",1553700
6.95,-0.14,1000,"sd","13:24:40",1553300
6.95,-0.14,1000,"sd","13:24:40",1552300
6.98,-0.11,4500,"unknown","13:24:40",1551300
6.98,-0.11,300,"bu","13:24:27",1546800
6.97,-0.12,200,"bu","13:24:27",1546500
6.95,-0.14,5000,"bu","13:24:11",1546300
6.95,-0.14,500,"bu","13:24:01",1541300
6.95,-0.14,1000,"bu","13:23:56",1540800
6.95,-0.14,3000,"bu","13:23:56",1539800
6.95,-0.14,200,"bu","13:23:51",1536800
6.95,-0.14,2000,"bu","13:23:46",1536600
6.94,-0.15,1500,"sd","13:23:46",1534600
6.95,-0.14,5000,"bu","13:23:40",1533100
6.95,-0.14,1000,"bu","13:23:39",1528100
6.95,-0.14,5000,"bu","13:23:29",1527100
6.95,-0.14,100,"bu","13:23:18",1522100
6.95,-0.14,1000,"bu","13:23:03",1522000
6.95,-0.14,100,"bu","13:22:59",1521000
6.95,-0.14,600,"bu","13:22:51",1520900
6.95,-0.14,500,"sd","13:22:50",1520300
6.95,-0.14,5000,"sd","13:22:46",1519800
6.95,-0.14,5000,"sd","13:22:41",1514800
6.95,-0.14,10000,"sd","13:22:41",1509800
6.95,-0.14,10000,"bu","13:22:32",1499800
6.94,-0.15,3300,"bu","13:21:47",1489800
6.93,-0.16,4600,"sd","13:21:16",1486500
6.93,-0.16,1000,"bu","13:20:49",1481900
6.93,-0.16,100,"bu","13:20:48",1480900
6.93,-0.16,500,"bu","13:20:45",1480800
6.93,-0.16,200,"bu","13:20:18",1480300
6.93,-0.16,1600,"bu","13:20:18",1480100
6.93,-0.16,200,"sd","13:20:05",1478500
6.93,-0.16,500,"sd","13:20:05",1478300
6.93,-0.16,1000,"sd","13:20:05",1477800
6.93,-0.16,1000,"sd","13:20:05",1476800
6.93,-0.16,500,"sd","13:20:05",1475800
6.93,-0.16,200,"sd","13:20:05",1475300
6.93,-0.16,700,"sd","13:20:05",1475100
6.93,-0.16,9300,"sd","13:20:05",1474400
6.93,-0.16,700,"sd","13:20:03",1465100
6.93,-0.16,200,"sd","13:20:03",1464400
6.93,-0.16,500,"sd","13:20:03",1464200
6.93,-0.16,5000,"sd","13:20:03",1463700
6.93,-0.16,500,"sd","13:20:03",1458700
6.93,-0.16,100,"sd","13:20:03",1458200
6.93,-0.16,3000,"sd","13:20:03",1458100
6.94,-0.15,3400,"bu","13:20:01",1455100
6.94,-0.15,200,"bu","13:19:57",1451700
6.94,-0.15,300,"sd","13:19:03",1451500
6.94,-0.15,4500,"bu","13:19:00",1451200
6.94,-0.15,500,"sd","13:18:49",1446700
6.94,-0.15,300,"sd","13:18:33",1446200
6.94,-0.15,2000,"sd","13:18:15",1445900
6.94,-0.15,7700,"bu","13:18:15",1443900
6.94,-0.15,1000,"bu","13:18:11",1436200
6.94,-0.15,1300,"sd","13:17:37",1435200
6.94,-0.15,8700,"sd","13:17:35",1433900
6.94,-0.15,1300,"sd","13:17:34",1425200
6.94,-0.15,400,"sd","13:17:16",1423900
6.94,-0.15,5000,"sd","13:17:11",1423500
6.94,-0.15,200,"sd","13:17:10",1418500
6.94,-0.15,3100,"bu","13:16:53",1418300
6.94,-0.15,200,"bu","13:16:47",1415200
6.94,-0.15,1000,"bu","13:16:23",1415000
6.94,-0.15,700,"bu","13:16:23",1414000
6.94,-0.15,200,"bu","13:16:17",1413300
6.94,-0.15,1000,"bu","13:16:13",1413100
6.94,-0.15,3000,"sd","13:16:05",1412100
6.97,-0.12,200,"bu","13:15:47",1409100
6.97,-0.12,100,"bu","13:15:47",1408900
6.97,-0.12,100,"bu","13:15:47",1408800
6.95,-0.14,4600,"bu","13:15:47",1408700
6.95,-0.14,2000,"sd","13:15:17",1404100
6.95,-0.14,2000,"sd","13:15:17",1402100
6.95,-0.14,1300,"sd","13:15:17",1400100
6.96,-0.13,100,"sd","13:15:17",1398800
6.97,-0.12,200,"bu","13:15:14",1398700
6.97,-0.12,1000,"bu","13:14:27",1398500
6.97,-0.12,1000,"bu","13:14:27",1397500
6.95,-0.14,700,"sd","13:14:19",1396500
6.95,-0.14,100,"sd","13:14:19",1395800
6.95,-0.14,2000,"sd","13:14:19",1395700
6.95,-0.14,500,"sd","13:14:19",1393700
6.95,-0.14,1700,"sd","13:14:19",1393200
6.95,-0.14,200,"sd","13:14:15",1391500
6.95,-0.14,7000,"bu","13:13:32",1391300
6.95,-0.14,1100,"bu","13:13:32",1384300
6.95,-0.14,3400,"bu","13:13:01",1383200
6.95,-0.14,1000,"bu","13:13:01",1379800
6.95,-0.14,6600,"bu","13:13:01",1378800
6.93,-0.16,700,"sd","13:13:01",1372200
6.94,-0.15,1000,"sd","13:13:01",1371500
6.94,-0.15,100,"sd","13:13:01",1370500
6.94,-0.15,700,"sd","13:13:01",1370400
6.95,-0.14,10000,"bu","13:13:00",1369700
6.95,-0.14,1000,"bu","13:12:36",1359700
6.95,-0.14,100,"bu","13:12:30",1358700
6.95,-0.14,5000,"bu","13:12:30",1358600
6.95,-0.14,100,"bu","13:12:30",1353600
6.95,-0.14,1000,"bu","13:12:30",1353500
6.95,-0.14,3000,"bu","13:12:30",1352500
6.95,-0.14,1000,"bu","13:12:30",1349500
6.95,-0.14,100,"bu","13:12:30",1348500
6.95,-0.14,1100,"bu","13:12:30",1348400
6.97,-0.12,2000,"bu","13:12:30",1347300
6.95,-0.14,100,"sd","13:12:08",1345300
6.95,-0.14,3800,"bu","13:11:37",1345200
6.95,-0.14,200,"bu","13:11:34",1341400
6.95,-0.14,500,"bu","13:11:34",1341200
6.95,-0.14,500,"bu","13:11:26",1340700
6.94,-0.15,300,"sd","13:11:18",1340200
6.94,-0.15,100,"sd","13:11:18",1339900
6.93,-0.16,1300,"sd","13:10:38",1339800
6.93,-0.16,600,"sd","13:10:38",1338500
6.94,-0.15,5000,"sd","13:10:20",1337900
6.94,-0.15,22000,"sd","13:10:20",1332900
6.95,-0.14,100,"bu","13:10:02",1310900
6.94,-0.15,5200,"bu","13:09:55",1310800
6.93,-0.16,600,"sd","13:09:52",1305600
6.93,-0.16,800,"bu","13:09:39",1305000
6.92,-0.17,1000,"sd","13:09:34",1304200
6.92,-0.17,4900,"sd","13:09:23",1303200
6.93,-0.16,1000,"sd","13:09:14",1298300
6.94,-0.15,100,"unknown","13:09:14",1297300
6.97,-0.12,100,"bu","13:08:03",1297200
6.98,-0.11,700,"bu","13:07:20",1297100
6.95,-0.14,4000,"bu","13:07:20",1296400
6.95,-0.14,300,"bu","13:07:20",1292400
6.91,-0.18,500,"bu","13:06:10",1292100
6.9,-0.19,100,"sd","13:05:55",1291600
6.9,-0.19,1800,"bu","13:05:43",1291500
6.9,-0.19,200,"sd","13:05:29",1289700
6.9,-0.19,100,"sd","13:04:41",1289500
6.9,-0.19,100,"sd","13:04:40",1289400
6.9,-0.19,2500,"sd","13:04:40",1289300
6.9,-0.19,100,"sd","13:04:40",1286800
6.9,-0.19,300,"sd","13:04:40",1286700
6.9,-0.19,5000,"sd","13:04:40",1286400
6.9,-0.19,100,"sd","13:04:40",1281400
6.9,-0.19,500,"sd","13:04:40",1281300
6.9,-0.19,200,"sd","13:04:40",1280800
6.9,-0.19,1000,"sd","13:04:40",1280600
6.9,-0.19,100,"sd","13:04:40",1279600
6.95,-0.14,300,"bu","13:04:19",1279500
6.95,-0.14,200,"bu","13:04:14",1279200
6.9,-0.19,200,"sd","13:04:08",1279000
6.9,-0.19,400,"sd","13:04:08",1278800
6.9,-0.19,100,"sd","13:04:07",1278400
6.9,-0.19,1000,"sd","13:04:07",1278300
6.9,-0.19,1000,"sd","13:04:07",1277300
6.9,-0.19,100,"sd","13:04:07",1276300
6.9,-0.19,1200,"sd","13:04:07",1276200
6.9,-0.19,1600,"sd","13:04:07",1275000
6.9,-0.19,8400,"sd","13:03:28",1273400
6.91,-0.18,500,"unknown","13:03:28",1265000
6.91,-0.18,5000,"unknown","13:03:28",1264500
6.91,-0.18,100,"unknown","13:03:28",1259500
6.91,-0.18,200,"unknown","13:03:28",1259400
6.95,-0.14,200,"unknown","13:03:28",1259200
6.95,-0.14,10000,"unknown","13:03:28",1259000
6.95,-0.14,5000,"unknown","13:03:28",1249000
6.95,-0.14,1000,"unknown","13:03:28",1244000
6.95,-0.14,100,"unknown","13:03:28",1243000
6.95,-0.14,200,"unknown","13:03:28",1242900
6.95,-0.14,100,"sd","13:01:59",1242700
6.95,-0.14,5500,"sd","13:01:59",1242600
6.96,-0.13,4600,"sd","13:01:59",1237100
6.96,-0.13,300,"sd","13:01:55",1232500
6.96,-0.13,100,"unknown","13:01:45",1232200
6.96,-0.13,500,"bu","13:01:43",1232100
6.96,-0.13,500,"bu","13:01:26",1231600
6.96,-0.13,500,"bu","13:01:26",1231100
6.95,-0.14,500,"sd","13:01:03",1230600
6.96,-0.13,300,"sd","13:00:32",1230100
6.96,-0.13,200,"sd","13:00:32",1229800
7,-0.09,1500,"bu","13:00:21",1229600
7,-0.09,200,"bu","13:00:21",1228100
7.01,-0.08,400,"bu","13:00:18",1227900
7,-0.09,100,"bu","13:00:18",1227500
7,-0.09,600,"bu","13:00:16",1227400
7,-0.09,600,"bu","13:00:16",1226800
7.01,-0.08,8200,"bu","13:00:14",1226200
7,-0.09,5000,"bu","13:00:14",1218000
7.01,-0.08,1000,"bu","13:00:13",1213000
7,-0.09,900,"bu","13:00:12",1212000
7,-0.09,100,"bu","13:00:10",1211100
7,-0.09,8000,"bu","13:00:10",1211000
7,-0.09,600,"bu","13:00:08",1203000
7,-0.09,1100,"bu","13:00:07",1202400
7.01,-0.08,1000,"bu","13:00:07",1201300
7.01,-0.08,100,"bu","13:00:07",1200300
7,-0.09,3400,"bu","13:00:07",1200200
7,-0.09,3000,"bu","13:00:06",1196800
7,-0.09,500,"bu","13:00:06",1193800
7.01,-0.08,600,"bu","13:00:06",1193300
6.95,-0.14,1000,"sd","13:00:05",1192700
7,-0.09,500,"bu","13:00:04",1191700
7,-0.09,100,"unknown","13:00:04",1191200
7,-0.09,600,"sd","13:00:04",1191100
7,-0.09,100,"unknown","13:00:03",1190500
7,-0.09,600,"sd","13:00:02",1190400
7,-0.09,1800,"sd","13:00:02",1189800
7.01,-0.08,5100,"sd","13:00:01",1188000
7.01,-0.08,13000,"sd","13:00:01",1182900
7.01,-0.08,100,"sd","13:00:01",1169900
7,-0.09,100,"sd","13:00:01",1169800
7,-0.09,600,"sd","13:00:00",1169700
7,-0.09,600,"sd","13:00:00",1169100
7,-0.09,5100,"sd","13:00:00",1168500
7,-0.09,600,"sd","13:00:00",1163400
7,-0.09,5000,"sd","13:00:00",1162800
7,-0.09,1000,"sd","13:00:00",1157800
7,-0.09,1700,"sd","13:00:00",1156800
7,-0.09,400,"sd","13:00:00",1155100
7,-0.09,1300,"sd","13:00:00",1154700
7.01,-0.08,2400,"sd","13:00:00",1153400
7,-0.09,500,"sd","13:00:00",1151000
7,-0.09,200,"sd","13:00:00",1150500
7,-0.09,500,"sd","13:00:00",1150300
7,-0.09,200,"sd","13:00:00",1149800
7,-0.09,500,"sd","13:00:00",1149600
7,-0.09,1000,"sd","13:00:00",1149100
7.01,-0.08,1200,"sd","13:00:00",1148100
7,-0.09,400,"sd","13:00:00",1146900
7.01,-0.08,600,"sd","13:00:00",1146500
7.01,-0.08,200,"sd","11:29:56",1145900
7.01,-0.08,3600,"sd","11:29:56",1145700
7.02,-0.07,800,"sd","11:29:56",1142100
7.02,-0.07,1000,"sd","11:29:56",1141300
7.02,-0.07,1700,"sd","11:29:56",1140300
7.03,-0.06,100,"bu","11:29:53",1138600
7.02,-0.07,3300,"sd","11:28:27",1138500
7.02,-0.07,2000,"sd","11:28:27",1135200
7.02,-0.07,100,"sd","11:28:27",1133200
7.02,-0.07,5600,"sd","11:28:27",1133100
7.03,-0.06,2900,"bu","11:28:11",1127500
7.03,-0.06,100,"bu","11:27:39",1124600
7.03,-0.06,200,"bu","11:27:18",1124500
7.03,-0.06,100,"bu","11:27:10",1124300
7.03,-0.06,5000,"bu","11:26:43",1124200
7.03,-0.06,100,"bu","11:26:27",1119200
7.02,-0.07,2000,"sd","11:26:23",1119100
7.03,-0.06,100,"bu","11:25:54",1117100
7.03,-0.06,200,"bu","11:25:42",1117000
7.02,-0.07,1000,"sd","11:25:41",1116800
7.03,-0.06,100,"bu","11:24:34",1115800
7.02,-0.07,1400,"bu","11:24:24",1115700
7.02,-0.07,300,"bu","11:24:19",1114300
7.02,-0.07,1000,"bu","11:24:19",1114000
7.02,-0.07,100,"bu","11:24:19",1113000
7.02,-0.07,2000,"bu","11:24:19",1112900
7.02,-0.07,200,"bu","11:24:19",1110900
7.02,-0.07,5000,"bu","11:24:19",1110700
7.03,-0.06,2000,"bu","11:24:19",1105700
7.03,-0.06,2800,"bu","11:24:17",1103700
7.02,-0.07,1000,"sd","11:23:50",1100900
7.02,-0.07,400,"sd","11:23:19",1099900
7.02,-0.07,1000,"sd","11:23:12",1099500
7.02,-0.07,300,"sd","11:23:03",1098500
7.02,-0.07,2300,"sd","11:22:54",1098200
7.02,-0.07,500,"sd","11:22:54",1095900
7.02,-0.07,200,"sd","11:22:54",1095400
7.03,-0.06,3000,"bu","11:22:53",1095200
7.03,-0.06,1000,"bu","11:22:08",1092200
7.03,-0.06,100,"bu","11:20:55",1091200
7.05,-0.04,500,"sd","11:20:52",1091100
7.05,-0.04,5000,"sd","11:20:52",1090600
7.05,-0.04,200,"sd","11:20:52",1085600
7.05,-0.04,5000,"sd","11:20:52",1085400
7.05,-0.04,500,"sd","11:20:52",1080400
7.05,-0.04,5000,"sd","11:20:52",1079900
7.05,-0.04,200,"sd","11:20:52",1074900
7.05,-0.04,500,"sd","11:20:52",1074700
7.05,-0.04,2000,"sd","11:20:52",1074200
7.06,-0.03,300,"sd","11:20:52",1072200
7.06,-0.03,5000,"sd","11:20:52",1071900
7.06,-0.03,1600,"sd","11:20:52",1066900
7.07,-0.02,1000,"bu","11:20:50",1065300
7.07,-0.02,6000,"bu","11:20:39",1064300
7.07,-0.02,1600,"sd","11:20:30",1058300
7.07,-0.02,200,"bu","11:19:25",1056700
7.07,-0.02,5400,"sd","11:18:33",1056500
7.07,-0.02,200,"sd","11:18:33",1051100
7.07,-0.02,4400,"bu","11:17:48",1050900
7.07,-0.02,600,"bu","11:17:39",1046500
7.07,-0.02,200,"sd","11:17:17",1045900
7.07,-0.02,1200,"sd","11:16:47",1045700
7.07,-0.02,1000,"sd","11:15:59",1044500
7.1,0.01,100,"bu","11:15:03",1043500
7.1,0.01,100,"bu","11:14:20",1043400
7.06,-0.03,1400,"sd","11:14:16",1043300
7.07,-0.02,1000,"sd","11:13:22",1041900
7.07,-0.02,3000,"sd","11:13:22",1040900
7.07,-0.02,100,"sd","11:13:22",1037900
7.07,-0.02,200,"sd","11:13:22",1037800
7.07,-0.02,900,"sd","11:13:22",1037600
7.07,-0.02,1000,"sd","11:12:49",1036700
7.07,-0.02,700,"sd","11:12:22",1035700
7.07,-0.02,200,"sd","11:12:18",1035000
7.07,-0.02,100,"sd","11:11:14",1034800
7.07,-0.02,100,"sd","11:11:14",1034700
7.07,-0.02,1500,"sd","11:11:14",1034600
7.07,-0.02,500,"sd","11:10:21",1033100
7.07,-0.02,3500,"sd","11:10:21",1032600
7.08,-0.01,800,"sd","11:10:21",1029100
7.09,0,100,"bu","11:09:38",1028300
7.08,-0.01,4200,"sd","11:08:31",1028200
7.08,-0.01,800,"sd","11:08:31",1024000
7.09,0,1900,"sd","11:07:54",1023200
7.09,0,100,"sd","11:07:40",1021300
7.1,0.01,3400,"sd","11:06:42",1021200
7.1,0.01,5000,"sd","11:06:11",1017800
7.1,0.01,100,"bu","11:05:55",1012800
7.08,-0.01,1200,"bu","11:04:32",1012700
7.08,-0.01,400,"bu","11:04:23",1011500
7.08,-0.01,3000,"bu","11:04:12",1011100
7.08,-0.01,100,"bu","11:03:51",1008100
7.08,-0.01,500,"bu","11:03:48",1008000
7.08,-0.01,7500,"bu","11:03:26",1007500
7.08,-0.01,27000,"bu","11:03:24",1000000
7.07,-0.02,100,"sd","11:03:07",973000
7.07,-0.02,700,"sd","11:03:07",972900
7.07,-0.02,500,"sd","11:03:07",972200
7.07,-0.02,1600,"sd","11:03:07",971700
7.07,-0.02,3400,"sd","10:58:54",970100
7.07,-0.02,1600,"sd","10:58:54",966700
7.07,-0.02,400,"sd","10:58:23",965100
7.07,-0.02,100,"sd","10:58:23",964700
7.07,-0.02,100,"sd","10:58:23",964600
7.07,-0.02,100,"sd","10:58:23",964500
7.07,-0.02,100,"sd","10:58:23",964400
7.07,-0.02,100,"sd","10:58:23",964300
7.07,-0.02,100,"sd","10:58:23",964200
7.07,-0.02,100,"sd","10:58:01",964100
7.08,-0.01,100,"bu","10:57:34",964000
7.08,-0.01,5000,"bu","10:57:08",963900
7.08,-0.01,4500,"bu","10:55:54",958900
7.07,-0.02,300,"sd","10:54:55",954400
7.07,-0.02,100,"sd","10:54:37",954100
7.07,-0.02,9400,"sd","10:54:18",954000
7.07,-0.02,200,"sd","10:54:18",944600
7.07,-0.02,100,"sd","10:54:18",944400
7.07,-0.02,300,"sd","10:54:18",944300
7.08,-0.01,7500,"sd","10:53:16",944000
7.08,-0.01,300,"sd","10:53:16",936500
7.08,-0.01,5000,"sd","10:53:16",936200
7.08,-0.01,3000,"sd","10:53:16",931200
7.08,-0.01,200,"sd","10:53:16",928200
7.08,-0.01,100,"sd","10:53:16",928000
7.08,-0.01,10000,"sd","10:53:15",927900
7.08,-0.01,500,"sd","10:53:15",917900
7.08,-0.01,200,"sd","10:53:15",917400
7.09,0,1000,"sd","10:53:15",917200
7.09,0,3000,"sd","10:53:15",916200
7.09,0,7500,"sd","10:53:15",913200
7.09,0,1800,"sd","10:53:15",905700
7.09,0,10000,"sd","10:53:15",903900
7.09,0,600,"sd","10:53:15",893900
7.09,0,1000,"sd","10:52:55",893300
7.09,0,8400,"sd","10:52:42",892300
7.09,0,1400,"sd","10:52:42",883900
7.1,0.01,5000,"sd","10:52:42",882500
7.1,0.01,2000,"sd","10:52:42",877500
7.1,0.01,3200,"sd","10:52:42",875500
7.12,0.03,100,"bu","10:50:21",872300
7.11,0.02,100,"bu","10:50:14",872200
7.11,0.02,200,"bu","10:49:55",872100
7.11,0.02,100,"bu","10:49:41",871900
7.11,0.02,500,"bu","10:49:34",871800
7.11,0.02,2000,"bu","10:49:17",871300
7.1,0.01,6000,"sd","10:48:13",869300
7.1,0.01,800,"bu","10:47:54",863300
7.1,0.01,200,"sd","10:46:54",862500
7.1,0.01,100,"bu","10:45:37",862300
7.09,0,8600,"bu","10:44:12",862200
7.09,0,1000,"bu","10:44:11",853600
7.09,0,1000,"bu","10:44:07",852600
7.09,0,2000,"bu","10:44:01",851600
7.09,0,100,"bu","10:43:43",849600
7.09,0,100,"sd","10:43:20",849500
7.09,0,500,"sd","10:43:20",849400
7.09,0,100,"sd","10:43:20",848900
7.09,0,1000,"sd","10:43:20",848800
7.09,0,200,"sd","10:43:20",847800
7.09,0,15000,"sd","10:43:20",847600
7.09,0,500,"sd","10:43:20",832600
7.09,0,9800,"sd","10:43:20",832100
7.1,0.01,1000,"sd","10:43:20",822300
7.1,0.01,9100,"sd","10:43:20",821300
7.1,0.01,800,"sd","10:43:08",812200
7.1,0.01,100,"sd","10:41:07",811400
7.09,0,600,"sd","10:38:48",811300
7.1,0.01,500,"sd","10:38:48",810700
7.1,0.01,100,"sd","10:38:48",810200
7.1,0.01,1400,"sd","10:38:48",810100
7.1,0.01,300,"bu","10:37:43",808700
7.1,0.01,500,"bu","10:37:43",808400
7.1,0.01,1800,"bu","10:37:43",807900
7.1,0.01,1000,"bu","10:37:21",806100
7.1,0.01,5000,"bu","10:37:03",805100
7.1,0.01,500,"bu","10:35:38",800100
7.09,0,300,"sd","10:35:37",799600
7.1,0.01,10000,"sd","10:34:55",799300
7.1,0.01,300,"sd","10:34:55",789300
7.1,0.01,1400,"sd","10:34:55",789000
7.11,0.02,400,"sd","10:34:00",787600
7.11,0.02,100,"bu","10:33:41",787200
7.1,0.01,2400,"sd","10:33:26",787100
7.1,0.01,500,"sd","10:33:14",784700
7.11,0.02,100,"bu","10:32:41",784200
7.11,0.02,3000,"bu","10:32:29",784100
7.1,0.01,700,"sd","10:32:20",781100
7.1,0.01,50000,"sd","10:32:20",780400
7.1,0.01,500,"sd","10:32:20",730400
7.1,0.01,2000,"sd","10:32:20",729900
7.1,0.01,100,"sd","10:32:20",727900
7.1,0.01,1000,"sd","10:32:20",727800
7.1,0.01,5000,"sd","10:32:20",726800
7.1,0.01,100,"sd","10:32:20",721800
7.1,0.01,100,"sd","10:32:20",721700
7.1,0.01,500,"sd","10:32:20",721600
7.11,0.02,1800,"bu","10:32:06",721100
7.11,0.02,200,"bu","10:32:06",719300
7.11,0.02,2000,"bu","10:32:06",719100
7.11,0.02,1000,"bu","10:31:39",717100
7.11,0.02,100,"bu","10:31:07",716100
7.1,0.01,500,"sd","10:30:50",716000
7.1,0.01,4600,"sd","10:30:50",715500
7.11,0.02,400,"sd","10:30:47",710900
7.11,0.02,2500,"sd","10:30:47",710500
7.11,0.02,500,"bu","10:28:09",708000
7.11,0.02,2000,"bu","10:28:09",707500
7.11,0.02,1000,"bu","10:28:07",705500
7.11,0.02,500,"sd","10:27:16",704500
7.11,0.02,1500,"sd","10:27:16",704000
7.11,0.02,500,"sd","10:27:04",702500
7.11,0.02,200,"sd","10:27:04",702000
7.11,0.02,300,"sd","10:27:02",701800
7.11,0.02,1000,"bu","10:26:56",701500
7.11,0.02,500,"bu","10:26:56",700500
7.11,0.02,500,"bu","10:26:46",700000
7.11,0.02,1500,"bu","10:26:46",699500
7.11,0.02,200,"bu","10:26:33",698000
7.1,0.01,100,"sd","10:26:22",697800
7.1,0.01,1500,"sd","10:26:15",697700
7.11,0.02,600,"bu","10:25:39",696200
7.11,0.02,100,"sd","10:25:34",695600
7.1,0.01,900,"sd","10:25:05",695500
7.1,0.01,400,"sd","10:24:41",694600
7.11,0.02,500,"sd","10:24:41",694200
7.11,0.02,100,"sd","10:24:41",693700
7.11,0.02,1000,"sd","10:24:41",693600
7.11,0.02,1000,"sd","10:24:41",692600
7.11,0.02,2400,"sd","10:24:41",691600
7.12,0.03,800,"sd","10:24:41",689200
7.12,0.03,100,"sd","10:24:41",688400
7.12,0.03,100,"sd","10:24:41",688300
7.12,0.03,500,"sd","10:24:41",688200
7.12,0.03,200,"sd","10:24:41",687700
7.12,0.03,900,"sd","10:24:41",687500
7.13,0.04,2000,"sd","10:24:41",686600
7.13,0.04,100,"sd","10:24:41",684600
7.13,0.04,100,"sd","10:24:41",684500
7.14,0.05,300,"sd","10:24:41",684400
7.15,0.06,1300,"sd","10:23:08",684100
7.16,0.07,300,"sd","10:23:08",682800
7.15,0.06,200,"bu","10:22:14",682500
7.15,0.06,300,"bu","10:22:14",682300
7.15,0.06,200,"bu","10:22:14",682000
7.15,0.06,600,"bu","10:22:14",681800
7.15,0.06,1000,"bu","10:21:33",681200
7.15,0.06,400,"bu","10:21:08",680200
7.14,0.05,4700,"sd","10:21:00",679800
7.14,0.05,11600,"sd","10:21:00",675100
7.15,0.06,3700,"bu","10:20:40",663500
7.15,0.06,500,"bu","10:20:40",659800
7.15,0.06,10800,"bu","10:20:40",659300
7.14,0.05,800,"sd","10:20:29",648500
7.14,0.05,5000,"sd","10:20:18",647700
7.14,0.05,800,"bu","10:19:54",642700
7.14,0.05,1800,"bu","10:19:54",641900
7.14,0.05,100,"sd","10:19:19",640100
7.15,0.06,5000,"sd","10:18:57",640000
7.15,0.06,10000,"sd","10:18:57",635000
7.15,0.06,1000,"sd","10:18:57",625000
7.15,0.06,1000,"sd","10:18:57",624000
7.15,0.06,100,"sd","10:18:57",623000
7.15,0.06,2000,"sd","10:18:57",622900
7.15,0.06,100,"sd","10:18:57",620900
7.17,0.08,200,"bu","10:17:19",620800
7.15,0.06,100,"sd","10:17:11",620600
7.15,0.06,100,"sd","10:17:11",620500
7.18,0.09,1000,"bu","10:15:03",620400
7.16,0.07,1000,"bu","10:15:03",619400
7.18,0.09,13100,"bu","10:14:49",618400
7.17,0.08,3000,"bu","10:14:49",605300
7.17,0.08,3400,"bu","10:14:49",602300
7.16,0.07,500,"bu","10:14:49",598900
7.16,0.07,100,"sd","10:14:42",598400
7.16,0.07,900,"sd","10:14:37",598300
7.16,0.07,100,"sd","10:14:37",597400
7.17,0.08,100,"sd","10:14:09",597300
7.17,0.08,1000,"sd","10:14:09",597200
7.17,0.08,500,"sd","10:14:09",596200
7.18,0.09,700,"bu","10:14:08",595700
7.18,0.09,1000,"sd","10:13:31",595000
7.18,0.09,100,"sd","10:13:31",594000
7.19,0.1,100,"sd","10:12:58",593900
7.19,0.1,100,"bu","10:12:52",593800
7.19,0.1,200,"bu","10:12:52",593700
7.19,0.1,4700,"bu","10:12:52",593500
7.18,0.09,2200,"sd","10:12:46",588800
7.18,0.09,300,"sd","10:12:46",586600
7.19,0.1,200,"bu","10:12:33",586300
7.19,0.1,100,"bu","10:12:33",586100
7.19,0.1,500,"bu","10:12:33",586000
7.19,0.1,2100,"bu","10:12:33",585500
7.19,0.1,300,"bu","10:12:33",583400
7.19,0.1,1000,"bu","10:12:33",583100
7.19,0.1,500,"bu","10:12:33",582100
7.19,0.1,300,"bu","10:12:33",581600
7.18,0.09,1100,"bu","10:10:57",581300
7.18,0.09,1500,"bu","10:10:57",580200
7.17,0.08,500,"sd","10:10:57",578700
7.18,0.09,500,"bu","10:10:47",578200
7.18,0.09,200,"bu","10:10:35",577700
7.18,0.09,200,"bu","10:10:17",577500
7.18,0.09,200,"bu","10:10:17",577300
7.18,0.09,100,"sd","10:09:36",577100
7.18,0.09,200,"sd","10:09:36",577000
7.18,0.09,500,"sd","10:09:29",576800
7.18,0.09,300,"sd","10:09:25",576300
7.18,0.09,5700,"sd","10:09:25",576000
7.18,0.09,1000,"sd","10:09:15",570300
7.19,0.1,5000,"bu","10:08:13",569300
7.19,0.1,200,"bu","10:08:07",564300
7.19,0.1,500,"bu","10:08:06",564100
7.19,0.1,800,"bu","10:08:02",563600
7.19,0.1,3000,"bu","10:07:54",562800
7.18,0.09,100,"sd","10:07:36",559800
7.18,0.09,1000,"sd","10:07:36",559700
7.18,0.09,2200,"sd","10:07:36",558700
7.18,0.09,800,"bu","10:07:31",556500
7.18,0.09,200,"bu","10:07:31",555700
7.18,0.09,200,"bu","10:07:20",555500
7.18,0.09,100,"bu","10:07:08",555300
7.18,0.09,5000,"bu","10:07:08",555200
7.17,0.08,100,"bu","10:07:08",550200
7.17,0.08,1000,"bu","10:07:08",550100
7.17,0.08,1000,"bu","10:07:08",549100
7.17,0.08,2800,"bu","10:07:08",548100
7.17,0.08,200,"bu","10:06:54",545300
7.17,0.08,300,"bu","10:06:54",545100
7.17,0.08,500,"bu","10:06:33",544800
7.17,0.08,300,"bu","10:06:24",544300
7.17,0.08,100,"bu","10:06:11",544000
7.17,0.08,1000,"bu","10:05:44",543900
7.17,0.08,300,"bu","10:05:24",542900
7.16,0.07,100,"bu","10:05:24",542600
7.16,0.07,400,"bu","10:05:24",542500
7.15,0.06,200,"sd","10:05:12",542100
7.16,0.07,100,"bu","10:05:07",541900
7.16,0.07,5000,"bu","10:04:11",541800
7.16,0.07,300,"bu","10:04:11",536800
7.16,0.07,200,"bu","10:04:11",536500
7.16,0.07,5000,"bu","10:04:11",536300
7.16,0.07,1500,"bu","10:04:11",531300
7.16,0.07,3000,"bu","10:04:11",529800
7.16,0.07,5000,"bu","10:04:11",526800
7.15,0.06,1000,"sd","10:03:55",521800
7.15,0.06,1100,"bu","10:03:54",520800
7.15,0.06,1900,"bu","10:03:53",519700
7.15,0.06,1000,"bu","10:03:53",517800
7.15,0.06,100,"bu","10:03:53",516800
7.15,0.06,2000,"bu","10:03:49",516700
7.14,0.05,4000,"sd","10:03:47",514700
7.14,0.05,1000,"sd","10:03:14",510700
7.15,0.06,2900,"bu","10:03:07",509700
7.15,0.06,10000,"bu","10:03:07",506800
7.15,0.06,500,"bu","10:03:07",496800
7.15,0.06,400,"bu","10:03:07",496300
7.15,0.06,1000,"bu","10:03:07",495900
7.15,0.06,300,"bu","10:03:07",494900
7.15,0.06,2000,"bu","10:03:07",494600
7.15,0.06,1000,"bu","10:03:07",492600
7.15,0.06,8800,"bu","10:03:07",491600
7.14,0.05,2000,"bu","10:03:07",482800
7.14,0.05,500,"bu","10:03:07",480800
7.14,0.05,20600,"bu","10:03:07",480300
7.14,0.05,600,"bu","10:02:32",459700
7.14,0.05,2000,"bu","10:02:15",459100
7.14,0.05,200,"bu","10:00:40",457100
7.14,0.05,1000,"sd","09:59:15",456900
7.14,0.05,600,"sd","09:59:15",455900
7.15,0.06,1000,"bu","09:58:45",455300
7.14,0.05,400,"sd","09:58:45",454300
7.14,0.05,600,"sd","09:58:45",453900
7.14,0.05,400,"sd","09:57:37",453300
7.14,0.05,600,"sd","09:57:37",452900
7.14,0.05,100,"sd","09:57:26",452300
7.14,0.05,200,"sd","09:57:15",452200
7.14,0.05,1000,"sd","09:57:06",452000
7.15,0.06,200,"bu","09:56:17",451000
7.15,0.06,100,"bu","09:56:17",450800
7.15,0.06,2100,"bu","09:55:52",450700
7.15,0.06,5000,"bu","09:55:52",448600
7.15,0.06,2900,"bu","09:55:52",443600
7.14,0.05,100,"sd","09:55:21",440700
7.12,0.03,100,"sd","09:55:00",440600
7.12,0.03,100,"sd","09:54:51",440500
7.15,0.06,500,"bu","09:54:51",440400
7.14,0.05,1000,"bu","09:54:51",439900
7.14,0.05,500,"bu","09:54:51",438900
7.12,0.03,100,"sd","09:54:41",438400
7.12,0.03,200,"bu","09:52:51",438300
7.12,0.03,200,"bu","09:52:40",438100
7.12,0.03,1800,"bu","09:52:27",437900
7.12,0.03,600,"bu","09:52:27",436100
7.12,0.03,300,"bu","09:52:27",435500
7.12,0.03,300,"bu","09:52:27",435200
7.11,0.02,100,"sd","09:52:20",434900
7.12,0.03,500,"bu","09:51:19",434800
7.12,0.03,100,"bu","09:50:53",434300
7.12,0.03,5000,"bu","09:50:51",434200
7.1,0.01,1000,"sd","09:49:49",429200
7.1,0.01,100,"sd","09:49:28",428200
7.1,0.01,800,"sd","09:49:15",428100
7.1,0.01,1500,"sd","09:48:20",427300
7.11,0.02,100,"bu","09:47:16",425800
7.11,0.02,200,"bu","09:47:16",425700
7.11,0.02,300,"bu","09:47:16",425500
7.12,0.03,1500,"bu","09:46:30",425200
7.12,0.03,100,"bu","09:46:27",423700
7.12,0.03,1000,"bu","09:45:27",423600
7.11,0.02,900,"sd","09:44:09",422600
7.11,0.02,2700,"sd","09:43:46",421700
7.12,0.03,100,"sd","09:43:46",419000
7.12,0.03,500,"sd","09:43:46",418900
7.12,0.03,100,"sd","09:43:46",418400
7.12,0.03,2200,"sd","09:43:46",418300
7.13,0.04,1700,"sd","09:43:46",416100
7.13,0.04,300,"sd","09:43:46",414400
7.12,0.03,1500,"sd","09:43:10",414100
7.12,0.03,100,"sd","09:42:33",412600
7.15,0.06,1000,"bu","09:42:27",412500
7.12,0.03,100,"sd","09:42:25",411500
7.12,0.03,100,"bu","09:42:11",411400
7.12,0.03,1000,"bu","09:42:11",411300
7.12,0.03,5000,"bu","09:41:47",410300
7.11,0.02,700,"bu","09:41:40",405300
7.11,0.02,500,"bu","09:41:40",404600
7.11,0.02,3000,"bu","09:41:21",404100
7.11,0.02,500,"bu","09:41:15",401100
7.11,0.02,300,"bu","09:41:13",400600
7.1,0.01,100,"sd","09:40:58",400300
7.1,0.01,100,"bu","09:40:36",400200
7.1,0.01,100,"bu","09:40:36",400100
7.1,0.01,100,"bu","09:40:36",400000
7.1,0.01,1000,"bu","09:40:36",399900
7.1,0.01,300,"bu","09:40:36",398900
7.1,0.01,300,"bu","09:40:36",398600
7.1,0.01,5000,"bu","09:40:36",398300
7.1,0.01,100,"bu","09:40:36",393300
7.1,0.01,1000,"bu","09:40:36",393200
7.1,0.01,3500,"bu","09:40:36",392200
7.1,0.01,1000,"bu","09:40:01",388700
7.1,0.01,200,"bu","09:39:54",387700
7.1,0.01,300,"bu","09:39:52",387500
7.1,0.01,200,"bu","09:39:52",387200
7.1,0.01,3000,"bu","09:39:31",387000
7.1,0.01,5000,"bu","09:39:12",384000
7.1,0.01,500,"bu","09:38:52",379000
7.09,0,500,"sd","09:38:45",378500
7.1,0.01,1300,"bu","09:38:40",378000
7.1,0.01,200,"bu","09:38:40",376700
7.1,0.01,500,"bu","09:38:40",376500
7.09,0,1000,"sd","09:37:56",376000
7.09,0,600,"sd","09:37:26",375000
7.09,0,5000,"sd","09:37:16",374400
7.09,0,600,"bu","09:36:32",369400
7.09,0,500,"bu","09:36:32",368800
7.09,0,300,"bu","09:36:32",368300
7.09,0,800,"bu","09:36:32",368000
7.09,0,100,"bu","09:35:48",367200
7.09,0,1000,"bu","09:35:41",367100
7.09,0,1000,"bu","09:35:25",366100
7.09,0,1000,"bu","09:35:21",365100
7.08,-0.01,500,"bu","09:34:54",364100
7.08,-0.01,500,"bu","09:34:49",363600
7.09,0,17200,"bu","09:34:44",363100
7.09,0,100,"bu","09:34:32",345900
7.08,-0.01,2000,"bu","09:34:31",327800
7.09,0,18000,"bu","09:34:31",345800
7.09,0,2000,"bu","09:32:51",325800
7.09,0,500,"bu","09:30:53",323800
7.09,0,6300,"bu","09:30:53",323300
7.09,0,1000,"sd","09:30:53",317000
7.09,0,500,"sd","09:30:53",316000
7.09,0,500,"sd","09:30:53",315500
7.09,0,1000,"sd","09:30:48",315000
7.09,0,2700,"sd","09:29:38",314000
7.09,0,200,"sd","09:29:38",311300
7.09,0,2100,"sd","09:29:38",311100
7.09,0,200,"sd","09:28:56",309000
7.09,0,300,"sd","09:28:37",308800
7.09,0,2400,"sd","09:28:09",308500
7.09,0,7600,"sd","09:28:09",306100
7.09,0,200,"sd","09:28:07",298500
7.09,0,2000,"sd","09:27:24",298300
7.09,0,200,"bu","09:26:57",296300
7.09,0,10000,"bu","09:26:49",296100
7.07,-0.02,100,"sd","09:26:25",286100
7.09,0,100,"bu","09:26:23",286000
7.09,0,1000,"bu","09:25:48",285900
7.09,0,3000,"sd","09:25:31",284900
7.09,0,5000,"sd","09:25:31",281900
7.09,0,10000,"sd","09:25:31",276900
7.09,0,10000,"sd","09:25:31",266900
7.09,0,2000,"sd","09:25:31",256900
7.09,0,5000,"sd","09:25:31",254900
7.09,0,200,"sd","09:25:31",249900
7.09,0,3500,"sd","09:25:31",249700
7.1,0.01,5000,"bu","09:25:12",246200
7.1,0.01,500,"bu","09:24:58",241200
7.1,0.01,10000,"bu","09:24:58",240700
7.1,0.01,1300,"bu","09:24:58",230700
7.1,0.01,500,"bu","09:24:58",229400
7.1,0.01,500,"bu","09:24:58",228900
7.1,0.01,1000,"bu","09:24:58",228400
7.11,0.02,500,"bu","09:24:58",227400
7.11,0.02,10000,"bu","09:24:58",226900
7.12,0.03,100,"bu","09:24:58",216900
7.12,0.03,5000,"bu","09:24:58",216800
7.13,0.04,5300,"bu","09:24:58",211800
7.14,0.05,300,"bu","09:24:58",206500
7.14,0.05,500,"sd","09:24:58",206200
7.14,0.05,1000,"sd","09:24:58",205700
7.14,0.05,200,"sd","09:24:58",204700
7.15,0.06,300,"sd","09:24:58",204500
7.15,0.06,100,"sd","09:24:58",204200
7.15,0.06,300,"sd","09:24:58",204100
7.16,0.07,300,"sd","09:24:57",203800
7.17,0.08,200,"bu","09:24:56",203500
7.17,0.08,1200,"bu","09:24:43",203300
7.17,0.08,1000,"bu","09:24:31",202100
7.16,0.07,200,"sd","09:24:29",201100
7.17,0.08,100,"bu","09:24:25",200900
7.19,0.1,200,"unknown","09:22:23",200800
7.19,0.1,5000,"unknown","09:22:23",200600
7.19,0.1,1000,"unknown","09:22:23",195600
7.19,0.1,2200,"unknown","09:22:23",194600
7.2,0.11,1000,"bu","09:22:13",192400
7.2,0.11,100,"bu","09:22:12",191400
7.2,0.11,500,"bu","09:21:56",191300
7.2,0.11,600,"sd","09:21:44",190800
7.2,0.11,4400,"sd","09:21:32",190200
7.2,0.11,2600,"sd","09:21:32",185800
7.2,0.11,100,"sd","09:21:30",183200
7.2,0.11,100,"sd","09:21:26",183100
7.2,0.11,500,"sd","09:21:23",183000
7.2,0.11,200,"sd","09:21:05",182500
7.21,0.12,100,"bu","09:20:26",182300
7.21,0.12,100,"bu","09:20:26",182200
7.21,0.12,200,"bu","09:20:22",182100
7.21,0.12,800,"bu","09:20:22",181900
7.21,0.12,200,"bu","09:19:58",181100
7.21,0.12,100,"bu","09:19:58",180900
7.2,0.11,300,"sd","09:19:56",180800
7.2,0.11,200,"sd","09:19:47",180500
7.2,0.11,100,"sd","09:19:47",180300
7.2,0.11,200,"sd","09:19:39",180200
7.2,0.11,1400,"sd","09:19:37",180000
7.2,0.11,3000,"bu","09:19:35",178600
7.2,0.11,1300,"bu","09:19:35",175600
7.19,0.1,500,"sd","09:19:30",174300
7.2,0.11,200,"sd","09:19:26",173800
7.2,0.11,500,"sd","09:19:26",173600
7.21,0.12,100,"bu","09:19:20",173100
7.21,0.12,100,"bu","09:19:20",173000
7.21,0.12,100,"bu","09:19:20",172900
7.2,0.11,2000,"sd","09:19:19",172800
7.2,0.11,500,"sd","09:19:15",170800
7.21,0.12,100,"bu","09:19:11",170300
7.2,0.11,200,"bu","09:19:02",170200
7.2,0.11,5000,"bu","09:19:02",170000
7.2,0.11,100,"bu","09:19:02",165000
7.2,0.11,100,"bu","09:19:01",164900
7.2,0.11,100,"bu","09:19:01",164800
7.2,0.11,100,"bu","09:19:01",164700
7.2,0.11,9700,"bu","09:19:01",164600
7.19,0.1,200,"sd","09:18:46",154900
7.2,0.11,300,"bu","09:18:38",154700
7.2,0.11,1000,"bu","09:18:38",154400
7.2,0.11,1000,"bu","09:18:38",153400
7.2,0.11,2700,"bu","09:18:38",152400
7.2,0.11,2300,"bu","09:18:29",149700
7.2,0.11,1200,"bu","09:18:29",147400
7.2,0.11,1000,"bu","09:18:29",146200
7.2,0.11,1000,"bu","09:18:29",145200
7.2,0.11,4500,"bu","09:18:29",144200
7.19,0.1,500,"sd","09:18:27",139700
7.19,0.1,1800,"sd","09:18:18",139200
7.19,0.1,16600,"sd","09:18:18",137400
7.19,0.1,1600,"sd","09:18:18",120800
7.2,0.11,1000,"bu","09:18:14",119200
7.2,0.11,1000,"bu","09:18:06",118200
7.19,0.1,200,"sd","09:18:03",117200
7.19,0.1,1800,"sd","09:18:03",117000
7.2,0.11,500,"bu","09:17:53",115200
7.2,0.11,3000,"bu","09:17:44",114700
7.2,0.11,2000,"bu","09:17:44",111700
7.19,0.1,1200,"bu","09:17:38",109700
7.19,0.1,3300,"bu","09:17:34",108500
7.19,0.1,100,"bu","09:17:34",105200
7.19,0.1,200,"bu","09:17:34",105100
7.19,0.1,5000,"bu","09:17:34",104900
7.19,0.1,1400,"bu","09:17:34",99900
7.19,0.1,2000,"bu","09:17:32",98500
7.19,0.1,300,"bu","09:17:20",96500
7.16,0.07,2600,"sd","09:17:16",96200
7.16,0.07,900,"sd","09:17:06",93600
7.16,0.07,200,"sd","09:17:06",92700
7.16,0.07,300,"sd","09:17:01",92500
7.16,0.07,3000,"unknown","09:16:47",92200
7.14,0.05,2800,"sd","09:16:18",89200
7.14,0.05,1800,"sd","09:16:18",86400
7.14,0.05,5000,"sd","09:16:07",84600
7.19,0.1,500,"bu","09:16:06",79600
7.19,0.1,800,"bu","09:16:00",79100
7.19,0.1,100,"bu","09:16:00",78300
7.18,0.09,100,"bu","09:16:00",78200
7.14,0.05,5000,"sd","09:15:32",78100
7.14,0.05,5000,"bu","09:15:31",73100
7.12,0.03,1000,"bu","09:15:06",68100
7.12,0.03,3700,"bu","09:15:06",67100
7.12,0.03,63400,"bu","09:15:01",63400
