"price","change","match_qtty","side","time","total_vol"
10.7,0.25,243900,"unknown","14:45:03",6755200
10.8,0.35,100,"bu","14:29:37",6511300
10.75,0.3,4000,"sd","14:29:31",6511200
10.8,0.35,1000,"bu","14:29:30",6507200
10.8,0.35,1500,"bu","14:29:26",6506200
10.8,0.35,500,"bu","14:29:26",6504700
10.8,0.35,500,"bu","14:29:26",6504200
10.8,0.35,17500,"bu","14:29:26",6503700
10.8,0.35,1000,"bu","14:29:25",6486200
10.8,0.35,100,"bu","14:29:10",6485200
10.8,0.35,1900,"bu","14:29:10",6485100
10.8,0.35,7600,"bu","14:29:10",6483200
10.8,0.35,1000,"bu","14:29:10",6475600
10.8,0.35,6000,"bu","14:29:10",6474600
10.8,0.35,3000,"bu","14:29:10",6468600
10.8,0.35,100,"bu","14:29:10",6465600
10.8,0.35,100,"bu","14:29:10",6465500
10.8,0.35,200,"bu","14:29:10",6465400
10.8,0.35,200,"bu","14:29:02",6465200
10.8,0.35,200,"bu","14:29:01",6465000
10.75,0.3,9300,"sd","14:29:01",6464800
10.75,0.3,500,"sd","14:29:01",6455500
10.75,0.3,100,"sd","14:29:01",6455000
10.75,0.3,100,"sd","14:29:01",6454900
10.8,0.35,2000,"bu","14:28:58",6454800
10.8,0.35,500,"bu","14:28:58",6452800
10.8,0.35,100,"bu","14:28:58",6452300
10.8,0.35,3300,"bu","14:28:58",6452200
10.8,0.35,1100,"bu","14:28:58",6448900
10.8,0.35,2000,"bu","14:28:57",6447800
10.8,0.35,1000,"bu","14:28:52",6445800
10.8,0.35,10000,"bu","14:28:47",6444800
10.75,0.3,1000,"sd","14:28:46",6434800
10.8,0.35,2000,"bu","14:28:40",6433800
10.8,0.35,100,"bu","14:28:23",6431800
10.8,0.35,2900,"bu","14:28:22",6431700
10.8,0.35,900,"bu","14:28:19",6428800
10.8,0.35,1100,"bu","14:28:19",6427900
10.8,0.35,800,"bu","14:28:13",6426800
10.8,0.35,500,"bu","14:28:04",6426000
10.8,0.35,600,"bu","14:28:04",6425500
10.8,0.35,400,"bu","14:28:04",6424900
10.8,0.35,500,"bu","14:27:45",6424500
10.8,0.35,200,"bu","14:27:39",6424000
10.8,0.35,500,"bu","14:27:25",6423800
10.8,0.35,200,"bu","14:27:24",6423300
10.8,0.35,5000,"bu","14:27:24",6423100
10.8,0.35,400,"bu","14:27:24",6418100
10.85,0.4,1900,"bu","14:27:21",6417700
10.8,0.35,5000,"sd","14:27:14",6415800
10.8,0.35,100,"sd","14:27:14",6410800
10.8,0.35,4900,"sd","14:27:14",6410700
10.85,0.4,1200,"bu","14:27:08",6405800
10.85,0.4,100,"bu","14:27:08",6404600
10.85,0.4,300,"bu","14:27:08",6404500
10.85,0.4,3800,"bu","14:27:08",6404200
10.85,0.4,800,"bu","14:27:08",6400400
10.85,0.4,500,"bu","14:27:08",6399600
10.85,0.4,100,"bu","14:27:08",6399100
10.85,0.4,500,"bu","14:27:08",6399000
10.85,0.4,2000,"bu","14:27:08",6398500
10.85,0.4,200,"bu","14:27:08",6396500
10.85,0.4,500,"bu","14:27:08",6396300
10.8,0.35,5100,"sd","14:27:08",6395800
10.8,0.35,4900,"sd","14:27:08",6390700
10.8,0.35,400,"sd","14:27:02",6385800
10.8,0.35,15000,"bu","14:26:53",6385400
10.8,0.35,5000,"bu","14:26:52",6370400
10.85,0.4,1000,"bu","14:26:49",6365400
10.8,0.35,3000,"bu","14:26:48",6364400
10.8,0.35,500,"bu","14:26:44",6361400
10.8,0.35,100,"bu","14:26:44",6360900
10.8,0.35,200,"sd","14:26:42",6360800
10.8,0.35,2600,"sd","14:26:42",6360600
10.8,0.35,100,"sd","14:26:42",6358000
10.8,0.35,1000,"sd","14:26:42",6357900
10.8,0.35,1000,"sd","14:26:42",6356900
10.8,0.35,100,"sd","14:26:42",6355900
10.8,0.35,100,"sd","14:26:39",6355800
10.8,0.35,400,"sd","14:26:39",6355700
10.8,0.35,4200,"sd","14:26:37",6355300
10.8,0.35,100,"sd","14:26:37",6351100
10.85,0.4,3500,"bu","14:26:34",6351000
10.85,0.4,1000,"bu","14:26:34",6347500
10.85,0.4,100,"bu","14:26:34",6346500
10.85,0.4,400,"bu","14:26:34",6346400
10.8,0.35,200,"sd","14:26:26",6346000
10.8,0.35,300,"sd","14:26:26",6345800
10.8,0.35,2000,"sd","14:26:25",6345500
10.8,0.35,200,"sd","14:26:23",6343500
10.8,0.35,1000,"sd","14:25:57",6343300
10.8,0.35,1500,"sd","14:25:57",6342300
10.8,0.35,7300,"bu","14:25:55",6340800
10.8,0.35,200,"bu","14:25:54",6333500
10.8,0.35,1500,"bu","14:25:53",6333300
10.8,0.35,1000,"bu","14:25:52",6331800
10.8,0.35,900,"bu","14:25:49",6330800
10.8,0.35,500,"bu","14:25:49",6329900
10.8,0.35,100,"bu","14:25:49",6329400
10.8,0.35,1000,"bu","14:25:49",6329300
10.8,0.35,2500,"bu","14:25:49",6328300
10.8,0.35,1500,"bu","14:25:43",6325800
10.8,0.35,100,"bu","14:25:43",6324300
10.8,0.35,100,"bu","14:25:43",6324200
10.8,0.35,1500,"bu","14:25:43",6324100
10.8,0.35,500,"bu","14:25:43",6322600
10.8,0.35,1000,"bu","14:25:43",6322100
10.8,0.35,2000,"bu","14:25:43",6321100
10.8,0.35,200,"bu","14:25:43",6319100
10.8,0.35,1000,"bu","14:25:43",6318900
10.8,0.35,1000,"bu","14:25:43",6317900
10.8,0.35,100,"bu","14:25:43",6316900
10.8,0.35,1000,"bu","14:25:43",6316800
10.8,0.35,300,"bu","14:25:41",6315800
10.8,0.35,100,"bu","14:25:41",6315500
10.8,0.35,100,"bu","14:25:38",6315400
10.8,0.35,100,"bu","14:25:38",6315300
10.8,0.35,100,"bu","14:25:38",6315200
10.8,0.35,1000,"bu","14:25:38",6315100
10.8,0.35,100,"bu","14:25:38",6314100
10.8,0.35,1000,"bu","14:25:38",6314000
10.8,0.35,2500,"bu","14:25:38",6313000
10.8,0.35,800,"bu","14:25:35",6310500
10.75,0.3,100,"sd","14:25:34",6309700
10.8,0.35,500,"bu","14:25:34",6309600
10.8,0.35,5000,"bu","14:25:25",6309100
10.8,0.35,800,"bu","14:25:24",6304100
10.8,0.35,40400,"bu","14:25:17",6303300
10.8,0.35,200,"bu","14:25:17",6262900
10.8,0.35,1000,"bu","14:25:17",6262700
10.8,0.35,100,"bu","14:25:17",6261700
10.8,0.35,22000,"bu","14:25:17",6261600
10.8,0.35,100,"bu","14:25:17",6239600
10.8,0.35,5000,"bu","14:25:17",6239500
10.8,0.35,1000,"bu","14:25:17",6234500
10.8,0.35,1000,"bu","14:25:17",6233500
10.8,0.35,19200,"bu","14:25:17",6232500
10.8,0.35,1000,"bu","14:25:16",6213300
10.8,0.35,800,"bu","14:25:13",6212300
10.8,0.35,800,"bu","14:25:04",6211500
10.8,0.35,5000,"bu","14:25:03",6210700
10.8,0.35,2000,"bu","14:24:54",6205700
10.8,0.35,500,"bu","14:24:27",6203700
10.8,0.35,700,"bu","14:24:24",6203200
10.8,0.35,1000,"bu","14:24:24",6202500
10.8,0.35,300,"bu","14:24:24",6201500
10.8,0.35,400,"bu","14:24:19",6201200
10.8,0.35,200,"bu","14:24:19",6200800
10.75,0.3,1000,"sd","14:24:16",6200600
10.75,0.3,400,"sd","14:24:14",6199600
10.75,0.3,3000,"sd","14:24:14",6199200
10.75,0.3,2000,"sd","14:24:06",6196200
10.75,0.3,1000,"sd","14:23:51",6194200
10.75,0.3,2400,"sd","14:23:44",6193200
10.75,0.3,500,"sd","14:23:37",6190800
10.75,0.3,100,"sd","14:23:37",6190300
10.75,0.3,400,"sd","14:23:19",6190200
10.75,0.3,100,"sd","14:23:19",6189800
10.75,0.3,100,"sd","14:23:01",6189700
10.75,0.3,2000,"bu","14:22:55",6189600
10.75,0.3,1000,"bu","14:22:55",6187600
10.75,0.3,1000,"bu","14:22:55",6186600
10.75,0.3,200,"bu","14:22:55",6185600
10.75,0.3,600,"bu","14:22:52",6185400
10.75,0.3,200,"bu","14:22:52",6184800
10.75,0.3,800,"bu","14:22:52",6184600
10.75,0.3,100,"bu","14:22:52",6183800
10.75,0.3,2000,"bu","14:22:52",6183700
10.75,0.3,100,"bu","14:22:52",6181700
10.75,0.3,100,"bu","14:22:52",6181600
10.75,0.3,500,"bu","14:22:52",6181500
10.75,0.3,100,"bu","14:22:52",6181000
10.75,0.3,400,"bu","14:22:52",6180900
10.75,0.3,100,"bu","14:22:52",6180500
10.75,0.3,500,"bu","14:22:52",6180400
10.75,0.3,200,"bu","14:22:52",6179900
10.75,0.3,100,"bu","14:22:52",6179700
10.75,0.3,1000,"bu","14:22:52",6179600
10.75,0.3,500,"bu","14:22:51",6178600
10.75,0.3,500,"bu","14:22:51",6178100
10.75,0.3,100,"bu","14:22:51",6177600
10.75,0.3,200,"bu","14:22:51",6177500
10.75,0.3,200,"bu","14:22:51",6177300
10.75,0.3,500,"bu","14:22:46",6177100
10.75,0.3,200,"bu","14:22:39",6176600
10.75,0.3,100,"bu","14:22:38",6176400
10.75,0.3,300,"bu","14:22:37",6176300
10.75,0.3,800,"bu","14:22:34",6176000
10.75,0.3,900,"bu","14:22:26",6175200
10.75,0.3,5000,"bu","14:22:24",6174300
10.75,0.3,800,"bu","14:22:06",6169300
10.75,0.3,200,"bu","14:21:49",6168500
10.75,0.3,5000,"bu","14:21:46",6168300
10.75,0.3,1000,"bu","14:21:25",6163300
10.75,0.3,10000,"bu","14:21:12",6162300
10.7,0.25,200,"sd","14:21:03",6152300
10.7,0.25,200,"sd","14:20:35",6152100
10.7,0.25,2600,"bu","14:20:09",6151900
10.7,0.25,1000,"bu","14:20:03",6149300
10.7,0.25,1400,"bu","14:19:58",6148300
10.7,0.25,1500,"bu","14:19:58",6146900
10.7,0.25,100,"bu","14:19:57",6145400
10.7,0.25,2400,"bu","14:19:51",6145300
10.7,0.25,100,"bu","14:19:51",6142900
10.7,0.25,500,"bu","14:19:51",6142800
10.7,0.25,100,"bu","14:19:37",6142300
10.7,0.25,200,"bu","14:19:36",6142200
10.7,0.25,1900,"bu","14:19:29",6142000
10.7,0.25,100,"bu","14:19:29",6140100
10.7,0.25,2000,"bu","14:19:17",6140000
10.65,0.2,500,"sd","14:19:12",6138000
10.7,0.25,500,"bu","14:19:00",6137500
10.65,0.2,100,"sd","14:18:59",6137000
10.7,0.25,300,"bu","14:18:55",6136900
10.65,0.2,800,"sd","14:18:45",6136600
10.7,0.25,200,"sd","14:18:40",6135800
10.7,0.25,100,"sd","14:18:40",6135600
10.7,0.25,200,"sd","14:18:40",6135500
10.7,0.25,1800,"sd","14:18:40",6135300
10.7,0.25,1000,"sd","14:18:38",6133500
10.7,0.25,1000,"sd","14:18:34",6132500
10.7,0.25,200,"sd","14:18:29",6131500
10.7,0.25,5000,"sd","14:18:26",6131300
10.7,0.25,200,"sd","14:18:22",6126300
10.7,0.25,10000,"sd","14:18:22",6126100
10.7,0.25,800,"sd","14:18:21",6116100
10.7,0.25,3000,"sd","14:18:05",6115300
10.7,0.25,200,"sd","14:17:55",6112300
10.7,0.25,5000,"sd","14:17:47",6112100
10.7,0.25,200,"sd","14:17:40",6107100
10.7,0.25,500,"sd","14:17:31",6106900
10.7,0.25,4000,"sd","14:17:29",6106400
10.7,0.25,200,"bu","14:17:22",6102400
10.7,0.25,16900,"bu","14:17:22",6102200
10.7,0.25,100,"sd","14:17:14",6085300
10.7,0.25,2000,"sd","14:17:14",6085200
10.7,0.25,200,"sd","14:17:14",6083200
10.7,0.25,100,"sd","14:17:14",6083000
10.7,0.25,1000,"sd","14:17:14",6082900
10.7,0.25,1000,"sd","14:17:14",6081900
10.7,0.25,1000,"sd","14:17:14",6080900
10.7,0.25,21700,"sd","14:17:14",6079900
10.7,0.25,300,"sd","14:17:14",6058200
10.7,0.25,100,"sd","14:17:14",6057900
10.7,0.25,300,"sd","14:17:14",6057800
10.7,0.25,100,"sd","14:17:14",6057500
10.7,0.25,5200,"sd","14:17:14",6057400
10.7,0.25,100,"sd","14:16:49",6052200
10.7,0.25,10000,"sd","14:16:38",6052100
10.7,0.25,100,"sd","14:16:34",6042100
10.7,0.25,500,"sd","14:16:23",6042000
10.7,0.25,500,"sd","14:16:18",6041500
10.7,0.25,1500,"sd","14:16:16",6041000
10.7,0.25,1000,"sd","14:16:02",6039500
10.7,0.25,5000,"sd","14:15:52",6038500
10.75,0.3,2000,"bu","14:15:49",6033500
10.75,0.3,3000,"bu","14:15:25",6031500
10.75,0.3,1000,"bu","14:15:25",6028500
10.75,0.3,1000,"bu","14:15:25",6027500
10.75,0.3,1000,"bu","14:15:03",6026500
10.7,0.25,800,"sd","14:14:55",6025500
10.7,0.25,5000,"sd","14:14:50",6024700
10.7,0.25,7000,"sd","14:14:41",6019700
10.75,0.3,300,"bu","14:14:33",6012700
10.75,0.3,100,"bu","14:14:13",6012400
10.75,0.3,800,"bu","14:14:12",6012300
10.75,0.3,2100,"bu","14:14:12",6011500
10.75,0.3,100,"bu","14:14:01",6009400
10.75,0.3,500,"bu","14:13:52",6009300
10.75,0.3,200,"bu","14:13:21",6008800
10.75,0.3,100,"bu","14:13:11",6008600
10.75,0.3,1000,"bu","14:13:07",6008500
10.75,0.3,100,"bu","14:13:00",6007500
10.75,0.3,1000,"bu","14:12:56",6007400
10.75,0.3,500,"bu","14:12:49",6006400
10.75,0.3,144400,"sd","14:12:45",6005900
10.8,0.35,100,"bu","14:12:42",5861500
10.8,0.35,5000,"bu","14:12:38",5861400
10.8,0.35,100,"bu","14:12:30",5856400
10.8,0.35,200,"bu","14:12:30",5856300
10.8,0.35,100,"bu","14:12:28",5856100
10.8,0.35,200,"bu","14:12:26",5856000
10.8,0.35,500,"bu","14:12:26",5855800
10.8,0.35,300,"bu","14:12:25",5855300
10.8,0.35,1000,"sd","14:12:25",5855000
10.8,0.35,80900,"sd","14:12:25",5854000
10.8,0.35,19100,"bu","14:12:19",5773100
10.8,0.35,20000,"bu","14:12:16",5754000
10.8,0.35,10000,"sd","14:12:09",5734000
10.8,0.35,600,"sd","14:12:09",5724000
10.8,0.35,300,"sd","14:12:09",5723400
10.85,0.4,2600,"bu","14:11:57",5723100
10.85,0.4,500,"bu","14:11:57",5720500
10.85,0.4,100,"bu","14:11:57",5720000
10.85,0.4,2000,"bu","14:11:57",5719900
10.85,0.4,2000,"bu","14:11:57",5717900
10.85,0.4,200,"bu","14:11:57",5715900
10.85,0.4,100,"bu","14:11:57",5715700
10.85,0.4,100,"bu","14:11:57",5715600
10.85,0.4,100,"bu","14:11:57",5715500
10.85,0.4,500,"bu","14:11:57",5715400
10.85,0.4,100,"bu","14:11:57",5714900
10.85,0.4,100,"bu","14:11:57",5714800
10.85,0.4,1000,"bu","14:11:57",5714700
10.85,0.4,100,"bu","14:11:57",5713700
10.85,0.4,500,"bu","14:11:57",5713600
10.8,0.35,1000,"sd","14:11:54",5713100
10.85,0.4,500,"bu","14:11:48",5712100
10.85,0.4,1500,"bu","14:11:48",5711600
10.85,0.4,200,"bu","14:11:48",5710100
10.85,0.4,200,"bu","14:11:48",5709900
10.85,0.4,200,"bu","14:11:48",5709700
10.85,0.4,400,"bu","14:11:48",5709500
10.85,0.4,3000,"bu","14:11:46",5709100
10.85,0.4,9000,"bu","14:11:43",5706100
10.85,0.4,5000,"bu","14:11:41",5697100
10.8,0.35,50000,"sd","14:11:41",5692100
10.85,0.4,2000,"bu","14:11:37",5642100
10.8,0.35,2000,"sd","14:11:35",5640100
10.8,0.35,100,"sd","14:11:32",5638100
10.85,0.4,100,"bu","14:11:29",5638000
10.8,0.35,500,"sd","14:11:29",5637900
10.8,0.35,500,"sd","14:11:27",5637400
10.85,0.4,500,"bu","14:11:27",5636900
10.8,0.35,1000,"sd","14:11:22",5636400
10.8,0.35,100,"bu","14:11:18",5635400
10.8,0.35,1000,"bu","14:11:18",5635300
10.8,0.35,500,"bu","14:11:18",5634300
10.8,0.35,100,"bu","14:11:18",5633800
10.8,0.35,1000,"bu","14:11:18",5633700
10.8,0.35,1000,"bu","14:11:18",5632700
10.8,0.35,1000,"bu","14:11:18",5631700
10.8,0.35,100,"bu","14:11:18",5630700
10.8,0.35,800,"bu","14:11:18",5630600
10.8,0.35,1000,"bu","14:11:18",5629800
10.8,0.35,100,"bu","14:11:18",5628800
10.8,0.35,10000,"bu","14:11:18",5628700
10.8,0.35,500,"bu","14:11:18",5618700
10.8,0.35,1000,"bu","14:11:18",5618200
10.8,0.35,500,"bu","14:11:18",5617200
10.8,0.35,6000,"bu","14:11:18",5616700
10.8,0.35,100,"bu","14:11:18",5610700
10.8,0.35,2500,"bu","14:11:18",5610600
10.8,0.35,400,"bu","14:11:18",5608100
10.8,0.35,100,"bu","14:11:18",5607700
10.8,0.35,500,"bu","14:11:18",5607600
10.8,0.35,4000,"bu","14:11:18",5607100
10.8,0.35,50200,"bu","14:11:18",5603100
10.8,0.35,4000,"bu","14:11:18",5552900
10.8,0.35,2300,"bu","14:11:18",5548900
10.8,0.35,3100,"bu","14:11:18",5546600
10.8,0.35,100,"bu","14:11:18",5543500
10.8,0.35,1000,"bu","14:11:18",5543400
10.8,0.35,5400,"bu","14:11:18",5542400
10.8,0.35,300,"bu","14:11:18",5537000
10.8,0.35,100,"bu","14:11:18",5536700
10.8,0.35,5200,"bu","14:11:18",5536600
10.8,0.35,100,"bu","14:11:18",5531400
10.8,0.35,300,"bu","14:11:18",5531300
10.8,0.35,5000,"bu","14:11:17",5531000
10.8,0.35,1000,"bu","14:11:17",5526000
10.8,0.35,100,"bu","14:11:17",5525000
10.8,0.35,1100,"bu","14:11:17",5524900
10.8,0.35,20000,"bu","14:11:17",5523800
10.8,0.35,2000,"bu","14:11:17",5503800
10.8,0.35,2000,"bu","14:11:17",5501800
10.8,0.35,100,"bu","14:11:17",5499800
10.8,0.35,5000,"bu","14:11:17",5499700
10.8,0.35,100,"bu","14:11:17",5494700
10.8,0.35,1000,"bu","14:11:17",5494600
10.8,0.35,3000,"bu","14:11:17",5493600
10.8,0.35,100,"bu","14:11:17",5490600
10.75,0.3,500,"sd","14:11:14",5490500
10.75,0.3,2100,"sd","14:11:11",5490000
10.8,0.35,700,"bu","14:11:09",5487900
10.8,0.35,100,"bu","14:11:09",5487200
10.8,0.35,200,"bu","14:11:09",5487100
10.75,0.3,500,"bu","14:10:57",5486900
10.75,0.3,100,"bu","14:10:57",5486400
10.75,0.3,6600,"bu","14:10:57",5486300
10.75,0.3,1000,"bu","14:10:57",5479700
10.75,0.3,100,"bu","14:10:57",5478700
10.75,0.3,100,"bu","14:10:57",5478600
10.75,0.3,5000,"bu","14:10:57",5478500
10.75,0.3,200,"bu","14:10:57",5473500
10.75,0.3,500,"bu","14:10:57",5473300
10.75,0.3,3000,"bu","14:10:57",5472800
10.75,0.3,5000,"bu","14:10:57",5469800
10.75,0.3,200,"bu","14:10:57",5464800
10.75,0.3,200,"bu","14:10:57",5464600
10.75,0.3,1000,"bu","14:10:57",5464400
10.75,0.3,1000,"bu","14:10:57",5463400
10.75,0.3,2000,"bu","14:10:57",5462400
10.75,0.3,1000,"bu","14:10:57",5460400
10.75,0.3,1400,"bu","14:10:57",5459400
10.75,0.3,20000,"bu","14:10:57",5458000
10.75,0.3,1000,"bu","14:10:57",5438000
10.75,0.3,30000,"bu","14:10:57",5437000
10.75,0.3,100,"bu","14:10:57",5407000
10.75,0.3,100,"bu","14:10:57",5406900
10.75,0.3,22900,"bu","14:10:57",5406800
10.75,0.3,77100,"bu","14:10:48",5383900
10.75,0.3,300,"bu","14:10:48",5306800
10.75,0.3,1500,"bu","14:10:48",5306500
10.75,0.3,400,"bu","14:10:48",5305000
10.75,0.3,200,"bu","14:10:48",5304600
10.75,0.3,100,"bu","14:10:48",5304400
10.75,0.3,100,"bu","14:10:48",5304300
10.75,0.3,300,"bu","14:10:48",5304200
10.75,0.3,500,"bu","14:10:48",5303900
10.75,0.3,1600,"bu","14:10:48",5303400
10.75,0.3,200,"bu","14:10:48",5301800
10.75,0.3,100,"bu","14:10:48",5301600
10.75,0.3,100,"bu","14:10:48",5301500
10.75,0.3,7000,"bu","14:10:48",5301400
10.75,0.3,100,"bu","14:10:48",5294400
10.75,0.3,100,"bu","14:10:48",5294300
10.75,0.3,9700,"bu","14:10:48",5294200
10.75,0.3,500,"bu","14:10:48",5284500
10.75,0.3,100,"bu","14:10:48",5284000
10.7,0.25,1000,"sd","14:10:43",5283900
10.7,0.25,12300,"bu","14:10:28",5282900
10.7,0.25,5000,"bu","14:10:26",5270600
10.7,0.25,2700,"bu","14:10:26",5265600
10.7,0.25,100,"bu","14:10:26",5262900
10.7,0.25,1000,"bu","14:10:26",5262800
10.7,0.25,200,"bu","14:10:26",5261800
10.7,0.25,200,"bu","14:10:23",5261600
10.7,0.25,100,"bu","14:10:22",5261400
10.7,0.25,1000,"bu","14:10:03",5261300
10.7,0.25,200,"sd","14:09:59",5260300
10.7,0.25,800,"sd","14:09:59",5260100
10.7,0.25,1000,"sd","14:09:59",5259300
10.7,0.25,100,"sd","14:09:59",5258300
10.7,0.25,200,"sd","14:09:59",5258200
10.7,0.25,1300,"sd","14:09:59",5258000
10.7,0.25,3700,"sd","14:09:48",5256700
10.7,0.25,100,"sd","14:09:48",5253000
10.7,0.25,100,"sd","14:09:48",5252900
10.7,0.25,100,"sd","14:09:48",5252800
10.7,0.25,300,"sd","14:09:45",5252700
10.7,0.25,500,"sd","14:09:41",5252400
10.7,0.25,200,"sd","14:09:40",5251900
10.7,0.25,400,"sd","14:09:35",5251700
10.7,0.25,100,"sd","14:09:27",5251300
10.7,0.25,100,"sd","14:09:15",5251200
10.75,0.3,500,"bu","14:09:00",5251100
10.7,0.25,500,"sd","14:09:00",5250600
10.75,0.3,100,"bu","14:08:57",5250100
10.75,0.3,3800,"bu","14:08:57",5250000
10.75,0.3,100,"bu","14:08:57",5246200
10.7,0.25,24000,"sd","14:08:51",5246100
10.7,0.25,16000,"sd","14:08:51",5222100
10.7,0.25,100,"sd","14:08:43",5206100
10.7,0.25,2000,"sd","14:08:41",5206000
10.7,0.25,100,"sd","14:08:30",5204000
10.7,0.25,200,"bu","14:08:19",5203900
10.7,0.25,500,"bu","14:08:19",5203700
10.7,0.25,7000,"bu","14:08:19",5203200
10.7,0.25,10000,"bu","14:08:19",5196200
10.7,0.25,5000,"bu","14:08:19",5186200
10.7,0.25,100,"bu","14:08:19",5181200
10.7,0.25,1000,"bu","14:08:19",5181100
10.7,0.25,500,"bu","14:08:19",5180100
10.7,0.25,800,"bu","14:08:19",5179600
10.7,0.25,5000,"bu","14:08:19",5178800
10.7,0.25,1600,"bu","14:08:19",5173800
10.7,0.25,7500,"bu","14:08:19",5172200
10.7,0.25,100,"bu","14:08:19",5164700
10.7,0.25,42500,"bu","14:08:19",5164600
10.7,0.25,3200,"bu","14:08:17",5122100
10.7,0.25,4300,"bu","14:08:16",5118900
10.7,0.25,3000,"bu","14:08:16",5114600
10.7,0.25,100,"bu","14:08:16",5111600
10.7,0.25,1600,"bu","14:08:16",5111500
10.7,0.25,400,"bu","14:08:07",5109900
10.7,0.25,2000,"bu","14:08:07",5109500
10.7,0.25,2400,"bu","14:08:07",5107500
10.65,0.2,200,"sd","14:07:58",5105100
10.65,0.2,1000,"bu","14:07:54",5104900
10.65,0.2,300,"bu","14:07:54",5103900
10.65,0.2,100,"bu","14:07:54",5103600
10.65,0.2,50000,"bu","14:07:54",5103500
10.65,0.2,100,"bu","14:07:51",5053500
10.65,0.2,400,"bu","14:07:35",5053400
10.65,0.2,400,"bu","14:07:35",5053000
10.65,0.2,100,"bu","14:07:34",5052600
10.65,0.2,200,"bu","14:07:14",5052500
10.65,0.2,100,"bu","14:07:12",5052300
10.65,0.2,200,"sd","14:06:51",5052200
10.65,0.2,100,"sd","14:06:43",5052000
10.65,0.2,100,"sd","14:06:39",5051900
10.65,0.2,500,"bu","14:06:28",5051800
10.65,0.2,100,"bu","14:06:28",5051300
10.65,0.2,100,"bu","14:06:22",5051200
10.6,0.15,3800,"sd","14:06:16",5051100
10.65,0.2,200,"sd","14:06:16",5047300
10.65,0.2,1000,"sd","14:06:14",5047100
10.65,0.2,800,"sd","14:06:03",5046100
10.65,0.2,1200,"sd","14:06:03",5045300
10.65,0.2,100,"sd","14:05:59",5044100
10.65,0.2,300,"sd","14:05:59",5044000
10.65,0.2,800,"sd","14:05:59",5043700
10.65,0.2,100,"sd","14:05:47",5042900
10.65,0.2,4800,"sd","14:05:46",5042800
10.65,0.2,200,"sd","14:05:46",5038000
10.7,0.25,5000,"bu","14:05:36",5037800
10.65,0.2,300,"sd","14:05:35",5032800
10.65,0.2,700,"sd","14:05:35",5032500
10.7,0.25,10000,"bu","14:05:34",5031800
10.65,0.2,300,"sd","14:05:34",5021800
10.65,0.2,800,"sd","14:05:33",5021500
10.65,0.2,200,"sd","14:05:33",5020700
10.65,0.2,10000,"sd","14:05:33",5020500
10.65,0.2,50000,"sd","14:05:29",5010500
10.65,0.2,200,"sd","14:05:27",4960500
10.65,0.2,800,"sd","14:05:21",4960300
10.65,0.2,200,"sd","14:05:18",4959500
10.65,0.2,800,"sd","14:05:10",4959300
10.7,0.25,2600,"bu","14:05:07",4958500
10.7,0.25,5000,"bu","14:05:07",4955900
10.7,0.25,100,"bu","14:05:07",4950900
10.7,0.25,1000,"bu","14:05:07",4950800
10.7,0.25,200,"bu","14:05:07",4949800
10.7,0.25,1100,"bu","14:05:07",4949600
10.65,0.2,100,"sd","14:04:59",4948500
10.65,0.2,800,"sd","14:04:55",4948400
10.7,0.25,100,"bu","14:04:54",4947600
10.65,0.2,800,"sd","14:04:42",4947500
10.7,0.25,1000,"bu","14:04:35",4946700
10.7,0.25,2000,"sd","14:04:26",4945700
10.7,0.25,5000,"sd","14:04:26",4943700
10.7,0.25,800,"sd","14:04:26",4938700
10.7,0.25,200,"sd","14:04:25",4937900
10.7,0.25,800,"sd","14:04:25",4937700
10.7,0.25,100,"sd","14:04:24",4936900
10.75,0.3,300,"bu","14:04:23",4936800
10.7,0.25,800,"sd","14:04:23",4936500
10.7,0.25,300,"sd","14:04:21",4935700
10.7,0.25,1200,"sd","14:04:21",4935400
10.7,0.25,500,"sd","14:04:15",4934200
10.7,0.25,10000,"sd","14:04:13",4933700
10.7,0.25,5500,"sd","14:04:09",4923700
10.7,0.25,400,"sd","14:03:50",4918200
10.7,0.25,5000,"sd","14:03:43",4917800
10.7,0.25,2000,"sd","14:03:40",4912800
10.7,0.25,300,"sd","14:03:33",4910800
10.7,0.25,100,"sd","14:03:31",4910500
10.7,0.25,1200,"sd","14:03:30",4910400
10.75,0.3,900,"bu","14:03:28",4909200
10.75,0.3,100,"bu","14:03:27",4908300
10.7,0.25,800,"sd","14:03:23",4908200
10.75,0.3,2000,"bu","14:03:23",4907400
10.7,0.25,13000,"bu","14:03:18",4905400
10.7,0.25,300,"bu","14:03:18",4892400
10.7,0.25,500,"bu","14:03:18",4892100
10.7,0.25,100,"bu","14:03:18",4891600
10.7,0.25,300,"bu","14:03:18",4891500
10.7,0.25,2000,"bu","14:03:18",4891200
10.7,0.25,500,"bu","14:03:18",4889200
10.7,0.25,200,"bu","14:03:18",4888700
10.7,0.25,500,"bu","14:03:18",4888500
10.7,0.25,5000,"bu","14:03:18",4888000
10.7,0.25,1000,"bu","14:03:18",4883000
10.7,0.25,5000,"bu","14:03:18",4882000
10.7,0.25,100,"bu","14:03:18",4877000
10.7,0.25,200,"bu","14:03:18",4876900
10.7,0.25,2500,"bu","14:03:18",4876700
10.7,0.25,10000,"bu","14:03:18",4874200
10.7,0.25,500,"bu","14:03:18",4864200
10.7,0.25,100,"bu","14:03:18",4863700
10.7,0.25,500,"bu","14:03:18",4863600
10.7,0.25,1200,"bu","14:03:18",4863100
10.7,0.25,2500,"bu","14:03:18",4861900
10.7,0.25,2000,"bu","14:03:18",4859400
10.7,0.25,400,"bu","14:03:18",4857400
10.7,0.25,200,"bu","14:03:18",4857000
10.7,0.25,50000,"bu","14:03:18",4856800
10.7,0.25,1400,"bu","14:03:18",4806800
10.7,0.25,500,"bu","14:03:18",4805400
10.7,0.25,3000,"bu","14:03:18",4804900
10.7,0.25,100,"bu","14:03:18",4801900
10.7,0.25,4200,"bu","14:03:18",4801800
10.7,0.25,2000,"bu","14:03:18",4797600
10.7,0.25,1000,"bu","14:03:18",4795600
10.7,0.25,1000,"bu","14:03:18",4794600
10.7,0.25,3500,"bu","14:03:18",4793600
10.7,0.25,500,"bu","14:03:18",4790100
10.7,0.25,100,"bu","14:03:18",4789600
10.7,0.25,1000,"bu","14:03:18",4789500
10.7,0.25,100,"bu","14:03:18",4788500
10.7,0.25,200,"bu","14:03:18",4788400
10.7,0.25,1000,"bu","14:03:18",4788200
10.7,0.25,400,"bu","14:03:18",4787200
10.7,0.25,200,"bu","14:03:18",4786800
10.7,0.25,1200,"bu","14:03:18",4786600
10.7,0.25,100,"bu","14:03:18",4785400
10.7,0.25,1500,"bu","14:03:18",4785300
10.7,0.25,200,"bu","14:03:18",4783800
10.7,0.25,100,"bu","14:03:18",4783600
10.7,0.25,500,"bu","14:03:18",4783500
10.7,0.25,100,"bu","14:03:18",4783000
10.7,0.25,500,"bu","14:03:18",4782900
10.7,0.25,500,"bu","14:03:17",4782400
10.7,0.25,900,"bu","14:03:17",4781900
10.7,0.25,10000,"bu","14:03:17",4781000
10.7,0.25,500,"bu","14:03:17",4771000
10.7,0.25,1000,"bu","14:03:17",4770500
10.7,0.25,300,"bu","14:03:17",4769500
10.7,0.25,100,"bu","14:03:17",4769200
10.7,0.25,1000,"bu","14:03:17",4769100
10.7,0.25,100,"bu","14:03:17",4768100
10.7,0.25,100,"bu","14:03:17",4767500
10.7,0.25,500,"bu","14:03:17",4768000
10.65,0.2,1200,"sd","14:03:11",4767400
10.65,0.2,1000,"bu","14:02:58",4766200
10.65,0.2,500,"bu","14:02:58",4765200
10.65,0.2,500,"bu","14:02:58",4764700
10.65,0.2,100,"bu","14:02:58",4764200
10.65,0.2,1000,"bu","14:02:58",4764100
10.65,0.2,500,"bu","14:02:58",4763100
10.65,0.2,500,"bu","14:02:58",4762600
10.65,0.2,100,"bu","14:02:58",4762100
10.65,0.2,300,"bu","14:02:58",4762000
10.65,0.2,3000,"bu","14:02:58",4761700
10.65,0.2,5000,"bu","14:02:58",4758700
10.65,0.2,100,"bu","14:02:58",4753700
10.65,0.2,100,"bu","14:02:58",4753600
10.65,0.2,2000,"bu","14:02:58",4753500
10.65,0.2,200,"bu","14:02:58",4751500
10.65,0.2,16000,"bu","14:02:58",4751300
10.65,0.2,200,"bu","14:02:58",4735300
10.65,0.2,100,"bu","14:02:58",4735100
10.65,0.2,10000,"bu","14:02:58",4735000
10.65,0.2,2000,"bu","14:02:58",4725000
10.65,0.2,3500,"bu","14:02:58",4723000
10.65,0.2,500,"bu","14:02:58",4719500
10.65,0.2,100,"bu","14:02:58",4719000
10.65,0.2,100,"bu","14:02:58",4718900
10.65,0.2,200,"bu","14:02:58",4718800
10.65,0.2,500,"bu","14:02:58",4718600
10.65,0.2,10000,"bu","14:02:58",4718100
10.65,0.2,500,"bu","14:02:58",4708100
10.65,0.2,500,"bu","14:02:58",4707600
10.65,0.2,100000,"bu","14:02:58",4707100
10.65,0.2,700,"bu","14:02:58",4607100
10.65,0.2,100,"bu","14:02:58",4606400
10.65,0.2,1000,"bu","14:02:58",4606300
10.65,0.2,72200,"bu","14:02:58",4605300
10.65,0.2,7800,"bu","14:02:55",4533100
10.65,0.2,5000,"bu","14:02:55",4525300
10.65,0.2,500,"bu","14:02:55",4520300
10.65,0.2,3000,"bu","14:02:55",4519800
10.65,0.2,2000,"bu","14:02:55",4516800
10.65,0.2,1800,"bu","14:02:55",4514800
10.65,0.2,10000,"bu","14:02:55",4513000
10.65,0.2,5000,"bu","14:02:55",4503000
10.65,0.2,500,"bu","14:02:55",4498000
10.65,0.2,100,"bu","14:02:55",4497500
10.65,0.2,1800,"bu","14:02:55",4497400
10.65,0.2,300,"bu","14:02:55",4495600
10.65,0.2,200,"bu","14:02:55",4495300
10.65,0.2,5000,"bu","14:02:55",4495100
10.65,0.2,2000,"bu","14:02:55",4490100
10.65,0.2,800,"bu","14:02:55",4488100
10.65,0.2,700,"bu","14:02:55",4487300
10.65,0.2,1400,"bu","14:02:55",4486600
10.65,0.2,400,"bu","14:02:55",4485200
10.65,0.2,100,"bu","14:02:55",4484800
10.65,0.2,1600,"bu","14:02:55",4484700
10.65,0.2,1000,"bu","14:02:54",4483100
10.65,0.2,6400,"bu","14:02:50",4482100
10.65,0.2,15000,"bu","14:02:50",4475700
10.65,0.2,10000,"bu","14:02:50",4460700
10.65,0.2,300,"bu","14:02:50",4450700
10.65,0.2,4000,"bu","14:02:50",4450400
10.65,0.2,200,"bu","14:02:50",4446400
10.65,0.2,500,"bu","14:02:50",4446200
10.65,0.2,2000,"bu","14:02:50",4445700
10.65,0.2,500,"bu","14:02:50",4443700
10.65,0.2,1000,"bu","14:02:50",4443200
10.65,0.2,10000,"bu","14:02:50",4442200
10.65,0.2,100,"bu","14:02:50",4432200
10.65,0.2,400,"bu","14:02:46",4432100
10.65,0.2,500,"bu","14:02:46",4431700
10.65,0.2,100,"bu","14:02:46",4431200
10.65,0.2,200,"bu","14:02:08",4431100
10.65,0.2,300,"bu","14:02:08",4430900
10.6,0.15,2000,"sd","14:02:04",4430600
10.6,0.15,2000,"sd","14:01:48",4428600
10.65,0.2,100,"bu","14:01:44",4426600
10.65,0.2,800,"bu","14:01:33",4426500
10.6,0.15,100,"bu","14:01:30",4425700
10.6,0.15,10000,"bu","14:01:30",4425600
10.6,0.15,500,"bu","14:01:30",4415600
10.6,0.15,100,"bu","14:01:30",4415100
10.6,0.15,200,"bu","14:01:30",4415000
10.6,0.15,1000,"bu","14:01:30",4414800
10.6,0.15,1000,"bu","14:01:30",4413800
10.6,0.15,5000,"bu","14:01:30",4412800
10.6,0.15,100,"bu","14:01:30",4407800
10.6,0.15,6900,"bu","14:01:30",4407700
10.6,0.15,600,"bu","14:01:30",4400800
10.6,0.15,1500,"bu","14:01:30",4400200
10.6,0.15,3000,"bu","14:01:30",4398700
10.6,0.15,5000,"bu","14:01:30",4395700
10.6,0.15,1000,"bu","14:01:30",4390700
10.6,0.15,400,"bu","14:01:30",4389700
10.6,0.15,500,"bu","14:01:30",4389300
10.6,0.15,200,"bu","14:01:30",4388800
10.6,0.15,300,"bu","14:01:30",4388600
10.6,0.15,500,"bu","14:01:30",4388300
10.6,0.15,1000,"bu","14:01:30",4387800
10.6,0.15,16000,"bu","14:01:30",4386800
10.6,0.15,500,"bu","14:01:30",4370800
10.6,0.15,2100,"bu","14:01:30",4370300
10.6,0.15,500,"bu","14:01:30",4368200
10.6,0.15,100,"bu","14:01:30",4367700
10.6,0.15,10100,"bu","14:01:30",4367600
10.6,0.15,1100,"bu","14:01:30",4357500
10.6,0.15,200,"bu","14:01:30",4356400
10.6,0.15,500,"bu","14:01:30",4356200
10.6,0.15,100,"bu","14:01:30",4355700
10.6,0.15,10000,"bu","14:01:30",4355600
10.6,0.15,500,"bu","14:01:30",4345600
10.6,0.15,1000,"bu","14:01:30",4345100
10.6,0.15,1000,"bu","14:01:30",4344100
10.6,0.15,1000,"bu","14:01:30",4343100
10.6,0.15,1700,"bu","14:01:30",4342100
10.6,0.15,400,"bu","14:01:30",4340400
10.6,0.15,1000,"bu","14:01:30",4340000
10.6,0.15,2000,"bu","14:01:30",4339000
10.6,0.15,500,"bu","14:01:30",4337000
10.6,0.15,3000,"bu","14:01:30",4336500
10.6,0.15,200,"bu","14:01:30",4333500
10.6,0.15,1100,"bu","14:01:30",4333300
10.6,0.15,400,"bu","14:01:30",4332200
10.6,0.15,1200,"bu","14:01:30",4331800
10.6,0.15,23000,"bu","14:01:30",4330600
10.6,0.15,200,"bu","14:01:30",4307600
10.6,0.15,200,"bu","14:01:30",4307400
10.6,0.15,200,"bu","14:01:30",4307200
10.6,0.15,100,"bu","14:01:30",4307000
10.6,0.15,100,"bu","14:01:30",4306900
10.6,0.15,500,"bu","14:01:30",4306800
10.6,0.15,100,"bu","14:01:30",4306300
10.6,0.15,800,"bu","14:01:30",4306200
10.6,0.15,100,"bu","14:01:30",4305400
10.6,0.15,800,"bu","14:01:26",4305300
10.55,0.1,100,"sd","14:01:21",4304500
10.6,0.15,800,"bu","14:01:17",4304400
10.55,0.1,100,"sd","14:01:14",4303600
10.6,0.15,800,"bu","14:01:07",4303500
10.6,0.15,800,"bu","14:00:59",4302700
10.55,0.1,1500,"sd","14:00:54",4301900
10.55,0.1,300,"sd","14:00:54",4300400
10.55,0.1,500,"sd","14:00:54",4300100
10.55,0.1,500,"bu","14:00:54",4299600
10.55,0.1,2600,"bu","14:00:54",4299100
10.55,0.1,2000,"bu","14:00:54",4296500
10.55,0.1,200,"bu","14:00:54",4294500
10.55,0.1,5000,"bu","14:00:54",4294300
10.55,0.1,2000,"bu","14:00:54",4289300
10.55,0.1,100,"bu","14:00:54",4287300
10.55,0.1,5000,"bu","14:00:54",4287200
10.55,0.1,5000,"bu","14:00:54",4282200
10.55,0.1,1000,"bu","14:00:54",4277200
10.55,0.1,5000,"bu","14:00:54",4276200
10.55,0.1,1000,"bu","14:00:54",4271200
10.55,0.1,5000,"bu","14:00:54",4270200
10.55,0.1,2000,"bu","14:00:54",4265200
10.55,0.1,500,"bu","14:00:54",4263200
10.55,0.1,500,"bu","14:00:52",4262700
10.55,0.1,300,"bu","14:00:52",4262200
10.55,0.1,1500,"bu","14:00:51",4261900
10.55,0.1,500,"bu","14:00:51",4260400
10.55,0.1,1000,"bu","14:00:47",4259900
10.55,0.1,800,"bu","14:00:43",4258900
10.55,0.1,700,"bu","14:00:38",4258100
10.55,0.1,300,"bu","14:00:38",4257400
10.55,0.1,800,"bu","14:00:32",4257100
10.55,0.1,100,"bu","14:00:28",4256300
10.55,0.1,800,"bu","14:00:17",4256200
10.5,0.05,1000,"sd","14:00:09",4255400
10.5,0.05,300,"sd","13:59:45",4254400
10.5,0.05,48200,"sd","13:59:45",4254100
10.5,0.05,1800,"sd","13:59:45",4205900
10.5,0.05,200,"sd","13:58:47",4204100
10.5,0.05,1000,"sd","13:58:47",4203900
10.5,0.05,300,"sd","13:58:22",4202900
10.5,0.05,500,"bu","13:58:05",4202600
10.5,0.05,200,"bu","13:58:05",4202100
10.5,0.05,3000,"bu","13:57:58",4201900
10.5,0.05,1800,"sd","13:57:58",4198900
10.5,0.05,1200,"bu","13:57:54",4197100
10.5,0.05,100,"bu","13:57:54",4195900
10.5,0.05,1000,"bu","13:57:54",4195800
10.5,0.05,100,"bu","13:57:54",4194800
10.5,0.05,500,"bu","13:57:54",4194700
10.5,0.05,300,"bu","13:57:54",4194200
10.5,0.05,100,"bu","13:57:53",4193900
10.5,0.05,600,"bu","13:57:50",4193800
10.5,0.05,2000,"bu","13:57:45",4193200
10.5,0.05,2000,"bu","13:57:37",4191200
10.5,0.05,2000,"bu","13:57:33",4189200
10.5,0.05,200,"bu","13:57:31",4187200
10.45,0,1000,"sd","13:57:26",4187000
10.5,0.05,2000,"bu","13:57:25",4186000
10.5,0.05,1500,"bu","13:57:09",4184000
10.5,0.05,500,"bu","13:57:09",4182500
10.5,0.05,1000,"bu","13:57:09",4182000
10.5,0.05,300,"bu","13:57:03",4181000
10.45,0,300,"sd","13:56:38",4180700
10.5,0.05,3000,"bu","13:56:38",4180400
10.45,0,200,"sd","13:56:35",4177400
10.45,0,100,"sd","13:56:02",4177200
10.5,0.05,200,"bu","13:55:53",4177100
10.5,0.05,100,"bu","13:55:53",4176900
10.5,0.05,100,"bu","13:55:48",4176800
10.45,0,1000,"sd","13:55:41",4176700
10.5,0.05,500,"bu","13:54:44",4175700
10.5,0.05,500,"bu","13:54:42",4175200
10.45,0,3800,"sd","13:54:21",4174700
10.5,0.05,1000,"bu","13:53:55",4170900
10.5,0.05,500,"bu","13:53:37",4169900
10.45,0,1600,"sd","13:53:33",4169400
10.5,0.05,4500,"bu","13:53:30",4167800
10.5,0.05,2000,"bu","13:53:23",4163300
10.5,0.05,100,"bu","13:53:20",4161300
10.5,0.05,500,"bu","13:53:17",4161200
10.45,0,8300,"sd","13:53:10",4160700
10.5,0.05,100,"sd","13:53:10",4152400
10.5,0.05,1000,"sd","13:53:10",4152300
10.5,0.05,400,"sd","13:53:10",4151300
10.5,0.05,200,"sd","13:53:10",4150900
10.5,0.05,100,"sd","13:53:08",4150700
10.5,0.05,500,"sd","13:53:07",4150600
10.5,0.05,200,"sd","13:53:06",4150100
10.5,0.05,200,"sd","13:53:00",4149900
10.5,0.05,100,"sd","13:52:50",4149700
10.5,0.05,1800,"sd","13:52:50",4149600
10.5,0.05,2100,"sd","13:52:49",4147800
10.5,0.05,7900,"sd","13:52:49",4145700
10.5,0.05,800,"sd","13:52:42",4137800
10.5,0.05,1000,"bu","13:52:27",4137000
10.5,0.05,100,"bu","13:52:27",4136000
10.5,0.05,200,"bu","13:52:27",4135900
10.5,0.05,100,"bu","13:52:25",4135700
10.5,0.05,300,"bu","13:52:25",4135600
10.5,0.05,100,"bu","13:52:25",4135300
10.45,0,800,"sd","13:52:23",4135200
10.45,0,100,"sd","13:52:20",4134400
10.45,0,200,"sd","13:52:19",4134300
10.45,0,22200,"sd","13:52:19",4134100
10.45,0,500,"sd","13:52:19",4111900
10.45,0,100,"sd","13:52:19",4111400
10.45,0,100,"sd","13:52:19",4111300
10.45,0,100,"sd","13:52:19",4111200
10.45,0,1000,"sd","13:52:19",4111100
10.45,0,100,"sd","13:52:19",4110100
10.45,0,5000,"sd","13:52:19",4110000
10.45,0,2000,"sd","13:52:19",4105000
10.45,0,300,"sd","13:52:19",4103000
10.45,0,100,"sd","13:52:19",4102700
10.45,0,1000,"sd","13:52:19",4102600
10.45,0,14000,"sd","13:52:19",4101600
10.45,0,500,"sd","13:52:19",4087600
10.45,0,500,"sd","13:52:19",4087100
10.45,0,6800,"sd","13:52:19",4086600
10.45,0,500,"sd","13:52:19",4079800
10.45,0,500,"sd","13:52:19",4079300
10.45,0,100,"sd","13:52:19",4078800
10.45,0,500,"sd","13:52:19",4078700
10.45,0,800,"sd","13:51:58",4078200
10.45,0,800,"sd","13:51:33",4077400
10.5,0.05,5000,"bu","13:51:26",4076600
10.5,0.05,2000,"sd","13:50:47",4071600
10.5,0.05,500,"sd","13:50:47",4069600
10.5,0.05,100,"sd","13:50:47",4069100
10.5,0.05,500,"sd","13:50:47",4069000
10.5,0.05,10000,"sd","13:50:47",4068500
10.5,0.05,10000,"sd","13:50:46",4058500
10.5,0.05,5000,"sd","13:50:46",4048500
10.5,0.05,1000,"sd","13:50:46",4043500
10.5,0.05,100,"sd","13:50:46",4042500
10.5,0.05,500,"sd","13:50:46",4042400
10.5,0.05,500,"sd","13:50:46",4041900
10.5,0.05,5000,"sd","13:50:46",4041400
10.5,0.05,2000,"sd","13:50:46",4036400
10.5,0.05,1000,"sd","13:50:46",4034400
10.5,0.05,700,"sd","13:50:46",4033400
10.5,0.05,300,"sd","13:50:39",4032700
10.5,0.05,2000,"sd","13:50:38",4032400
10.5,0.05,100,"sd","13:50:16",4030400
10.5,0.05,500,"sd","13:49:57",4030300
10.5,0.05,1200,"sd","13:48:50",4029800
10.5,0.05,100,"bu","13:48:42",4028600
10.5,0.05,100,"bu","13:48:42",4028500
10.5,0.05,700,"bu","13:48:40",4028400
10.5,0.05,500,"bu","13:48:40",4027700
10.5,0.05,700,"bu","13:48:40",4027200
10.5,0.05,4000,"bu","13:48:40",4026500
10.5,0.05,100,"bu","13:48:40",4022500
10.45,0,500,"sd","13:48:07",4022400
10.5,0.05,2000,"bu","13:48:04",4021900
10.5,0.05,900,"bu","13:48:02",4019900
10.5,0.05,100,"bu","13:48:02",4019000
10.45,0,41100,"sd","13:48:01",4018900
10.45,0,100,"sd","13:48:00",3977800
10.45,0,30000,"sd","13:48:00",3977700
10.45,0,1000,"sd","13:48:00",3947700
10.45,0,300,"sd","13:48:00",3946700
10.45,0,500,"sd","13:48:00",3946400
10.45,0,300,"sd","13:48:00",3945900
10.45,0,5000,"sd","13:48:00",3945600
10.45,0,100,"sd","13:48:00",3940600
10.45,0,300,"sd","13:48:00",3940500
10.45,0,5000,"sd","13:48:00",3940200
10.45,0,200,"sd","13:48:00",3935200
10.45,0,37000,"sd","13:48:00",3935000
10.45,0,100,"sd","13:47:10",3898000
10.45,0,10000,"sd","13:47:05",3897900
10.45,0,800,"sd","13:46:32",3887900
10.5,0.05,100,"bu","13:46:18",3887100
10.5,0.05,100,"bu","13:46:09",3887000
10.5,0.05,1000,"bu","13:46:03",3886900
10.5,0.05,100,"bu","13:45:51",3885900
10.5,0.05,200,"bu","13:45:34",3885800
10.5,0.05,200,"bu","13:45:32",3885600
10.5,0.05,10000,"bu","13:45:17",3885400
10.5,0.05,4400,"sd","13:45:17",3875400
10.5,0.05,200,"bu","13:45:01",3871000
10.5,0.05,100,"bu","13:45:01",3870800
10.5,0.05,300,"bu","13:45:01",3870700
10.5,0.05,100,"bu","13:44:57",3870400
10.5,0.05,100,"bu","13:44:56",3870300
10.5,0.05,4500,"bu","13:44:53",3870200
10.5,0.05,500,"bu","13:44:53",3865700
10.5,0.05,1000,"bu","13:44:53",3865200
10.5,0.05,1000,"bu","13:44:50",3864200
10.5,0.05,200,"bu","13:44:41",3863200
10.5,0.05,200,"bu","13:44:39",3863000
10.5,0.05,600,"bu","13:44:13",3862800
10.5,0.05,400,"bu","13:44:13",3862200
10.5,0.05,900,"bu","13:44:01",3861800
10.5,0.05,700,"bu","13:43:37",3860900
10.5,0.05,300,"bu","13:43:37",3860200
10.5,0.05,1900,"bu","13:43:31",3859900
10.5,0.05,300,"bu","13:43:29",3858000
10.5,0.05,100,"bu","13:43:26",3857700
10.5,0.05,100,"bu","13:43:24",3857600
10.45,0,400,"sd","13:43:23",3857500
10.45,0,1700,"sd","13:42:05",3857100
10.45,0,500,"sd","13:42:05",3855400
10.45,0,500,"sd","13:42:05",3854900
10.45,0,100,"sd","13:42:05",3854400
10.45,0,200,"sd","13:42:05",3854300
10.5,0.05,100,"bu","13:42:03",3854100
10.5,0.05,100,"bu","13:41:57",3854000
10.5,0.05,400,"bu","13:41:34",3853900
10.5,0.05,100,"sd","13:41:25",3853500
10.5,0.05,1000,"sd","13:41:25",3853400
10.5,0.05,5000,"sd","13:41:25",3852400
10.5,0.05,500,"sd","13:41:25",3847400
10.5,0.05,400,"sd","13:41:25",3846900
10.5,0.05,2000,"sd","13:41:25",3846500
10.5,0.05,700,"sd","13:41:25",3844500
10.5,0.05,500,"sd","13:41:25",3843800
10.5,0.05,1000,"sd","13:41:25",3843300
10.5,0.05,1000,"sd","13:41:25",3842300
10.5,0.05,600,"sd","13:41:25",3841300
10.5,0.05,100,"sd","13:41:25",3840700
10.5,0.05,500,"sd","13:41:25",3840600
10.5,0.05,2000,"sd","13:41:25",3840100
10.5,0.05,100,"sd","13:41:25",3838100
10.5,0.05,3000,"sd","13:41:25",3838000
10.5,0.05,100,"sd","13:41:25",3835000
10.5,0.05,30000,"sd","13:41:25",3834900
10.5,0.05,1200,"sd","13:41:25",3804900
10.5,0.05,500,"sd","13:41:25",3803700
10.5,0.05,500,"sd","13:41:25",3803200
10.5,0.05,200,"sd","13:41:25",3802700
10.5,0.05,500,"sd","13:41:25",3802500
10.5,0.05,17700,"sd","13:41:25",3802000
10.5,0.05,500,"sd","13:41:20",3784300
10.5,0.05,1000,"sd","13:41:16",3783800
10.5,0.05,2900,"sd","13:40:42",3782800
10.5,0.05,10000,"sd","13:40:25",3779900
10.5,0.05,500,"sd","13:40:19",3769900
10.5,0.05,800,"sd","13:39:42",3769400
10.5,0.05,100,"sd","13:39:38",3768600
10.5,0.05,800,"sd","13:39:37",3768500
10.5,0.05,1000,"sd","13:39:22",3767700
10.5,0.05,1900,"sd","13:39:21",3766700
10.5,0.05,1000,"sd","13:38:56",3764800
10.55,0.1,1000,"bu","13:38:43",3763800
10.5,0.05,800,"sd","13:38:30",3762800
10.5,0.05,1000,"sd","13:38:14",3762000
10.5,0.05,500,"sd","13:38:02",3761000
10.5,0.05,500,"sd","13:37:58",3760500
10.5,0.05,800,"sd","13:37:46",3760000
10.5,0.05,800,"sd","13:37:17",3759200
10.55,0.1,3000,"bu","13:37:10",3758400
10.5,0.05,1200,"sd","13:36:45",3755400
10.5,0.05,1200,"sd","13:36:29",3754200
10.5,0.05,500,"sd","13:35:42",3753000
10.5,0.05,800,"sd","13:35:33",3752500
10.55,0.1,400,"sd","13:35:33",3751700
10.55,0.1,300,"bu","13:35:13",3751300
10.55,0.1,100,"bu","13:35:13",3751000
10.55,0.1,400,"bu","13:34:59",3750900
10.55,0.1,3100,"bu","13:34:59",3750500
10.55,0.1,2000,"bu","13:34:34",3747400
10.55,0.1,1500,"bu","13:34:34",3745400
10.55,0.1,1500,"bu","13:34:34",3743900
10.55,0.1,100,"bu","13:34:33",3742400
10.55,0.1,200,"bu","13:34:01",3742300
10.55,0.1,900,"bu","13:33:45",3742100
10.55,0.1,300,"bu","13:33:45",3741200
10.6,0.15,100,"bu","13:33:19",3740900
10.55,0.1,300,"bu","13:33:19",3740800
10.55,0.1,2000,"bu","13:33:09",3740500
10.5,0.05,3700,"sd","13:32:54",3738500
10.5,0.05,1000,"sd","13:32:54",3734800
10.5,0.05,1500,"sd","13:32:54",3733800
10.5,0.05,400,"sd","13:32:54",3732300
10.55,0.1,100,"bu","13:32:22",3731900
10.45,0,300,"sd","13:32:04",3731800
10.45,0,4000,"sd","13:32:04",3731500
10.5,0.05,50000,"bu","13:31:57",3727500
10.5,0.05,500,"bu","13:31:53",3677500
10.5,0.05,100,"bu","13:31:43",3677000
10.5,0.05,50000,"bu","13:31:43",3676900
10.5,0.05,600,"bu","13:31:43",3626900
10.5,0.05,300,"bu","13:31:43",3626300
10.5,0.05,100,"bu","13:31:43",3626000
10.5,0.05,700,"bu","13:31:43",3625900
10.5,0.05,30000,"unknown","13:31:43",3625200
10.55,0.1,400,"sd","13:31:43",3595200
10.5,0.05,50000,"sd","13:31:43",3594800
10.55,0.1,200,"sd","13:31:43",3544800
10.55,0.1,9000,"sd","13:31:43",3544600
10.5,0.05,100,"sd","13:31:43",3535600
10.5,0.05,100,"sd","13:31:43",3535500
10.55,0.1,200,"sd","13:31:43",3535400
10.5,0.05,1000,"sd","13:31:43",3535200
10.5,0.05,5000,"sd","13:31:43",3534200
10.55,0.1,24000,"sd","13:31:43",3529200
10.5,0.05,1000,"sd","13:31:43",3505200
10.5,0.05,200,"sd","13:31:43",3504200
10.5,0.05,400,"sd","13:31:43",3504000
10.55,0.1,5000,"sd","13:31:43",3503600
10.5,0.05,1600,"sd","13:31:43",3498600
10.5,0.05,100,"sd","13:31:43",3497000
10.55,0.1,500,"sd","13:31:43",3496900
10.5,0.05,200,"sd","13:31:43",3496400
10.5,0.05,100,"sd","13:31:43",3496200
10.55,0.1,100,"sd","13:31:43",3496100
10.5,0.05,500,"sd","13:31:43",3496000
10.5,0.05,2000,"sd","13:31:43",3495500
10.55,0.1,1000,"sd","13:31:43",3493500
10.5,0.05,1000,"sd","13:31:43",3492500
10.55,0.1,63900,"sd","13:31:43",3491500
10.55,0.1,100,"sd","13:31:43",3427600
10.6,0.15,2000,"bu","13:31:01",3427500
10.55,0.1,500,"sd","13:30:39",3425500
10.6,0.15,100,"bu","13:30:38",3425000
10.6,0.15,100,"bu","13:30:21",3424900
10.6,0.15,1000,"bu","13:30:08",3424800
10.6,0.15,2700,"bu","13:30:05",3423800
10.6,0.15,300,"bu","13:30:05",3421100
10.55,0.1,100,"sd","13:30:04",3420800
10.55,0.1,4800,"sd","13:30:04",3420700
10.6,0.15,500,"bu","13:29:51",3415900
10.6,0.15,1000,"bu","13:29:47",3415400
10.6,0.15,800,"bu","13:29:33",3414400
10.6,0.15,100,"bu","13:29:20",3413600
10.55,0.1,200,"sd","13:29:09",3413500
10.55,0.1,1000,"sd","13:29:02",3413300
10.55,0.1,2000,"sd","13:29:01",3412300
10.6,0.15,200,"bu","13:28:48",3410300
10.55,0.1,100,"sd","13:28:03",3410100
10.6,0.15,200,"bu","13:27:57",3410000
10.6,0.15,100,"bu","13:27:50",3409800
10.6,0.15,800,"bu","13:27:47",3409700
10.6,0.15,200,"bu","13:27:47",3408900
10.6,0.15,300,"bu","13:27:13",3408700
10.6,0.15,100,"bu","13:27:13",3408400
10.6,0.15,2600,"bu","13:27:13",3408300
10.6,0.15,2400,"bu","13:27:02",3405700
10.6,0.15,1000,"bu","13:27:02",3403300
10.6,0.15,300,"bu","13:27:02",3402300
10.6,0.15,2000,"bu","13:27:02",3402000
10.6,0.15,500,"bu","13:27:02",3400000
10.6,0.15,2000,"bu","13:27:02",3399500
10.6,0.15,1000,"bu","13:27:02",3397500
10.6,0.15,500,"bu","13:27:02",3396500
10.6,0.15,2500,"bu","13:27:02",3396000
10.6,0.15,30000,"bu","13:27:02",3393500
10.6,0.15,100,"bu","13:27:02",3363500
10.6,0.15,500,"bu","13:27:02",3363400
10.6,0.15,100,"bu","13:27:02",3362900
10.6,0.15,3000,"bu","13:27:02",3362800
10.6,0.15,2000,"bu","13:27:02",3359800
10.6,0.15,100,"bu","13:27:02",3357800
10.6,0.15,2000,"bu","13:27:02",3357700
10.55,0.1,6400,"sd","13:26:57",3355700
10.55,0.1,1700,"sd","13:26:51",3349300
10.55,0.1,1200,"bu","13:26:51",3347600
10.55,0.1,900,"bu","13:26:51",3346400
10.55,0.1,1000,"bu","13:26:51",3345500
10.55,0.1,200,"bu","13:26:51",3344500
10.55,0.1,200,"bu","13:26:48",3344300
10.55,0.1,3100,"bu","13:26:47",3344100
10.55,0.1,400,"bu","13:26:47",3341000
10.55,0.1,1500,"bu","13:26:47",3340600
10.55,0.1,1000,"bu","13:26:39",3339100
10.55,0.1,800,"bu","13:26:39",3338100
10.55,0.1,400,"bu","13:26:39",3337300
10.55,0.1,1000,"bu","13:26:39",3336900
10.55,0.1,100,"bu","13:26:39",3335900
10.55,0.1,2000,"bu","13:26:39",3335800
10.55,0.1,1000,"bu","13:26:39",3333800
10.55,0.1,4700,"bu","13:26:39",3332800
10.55,0.1,100,"bu","13:26:37",3328100
10.55,0.1,22800,"bu","13:26:37",3328000
10.55,0.1,2000,"bu","13:26:33",3305200
10.55,0.1,5000,"bu","13:26:30",3303200
10.55,0.1,10000,"bu","13:26:23",3298200
10.55,0.1,1000,"bu","13:26:12",3288200
10.5,0.05,1800,"sd","13:25:53",3287200
10.55,0.1,4400,"bu","13:25:39",3285400
10.55,0.1,100,"bu","13:25:39",3281000
10.55,0.1,4300,"bu","13:25:39",3280900
10.55,0.1,500,"bu","13:25:39",3276600
10.55,0.1,700,"bu","13:25:39",3276100
10.55,0.1,100,"bu","13:25:32",3275400
10.55,0.1,200,"bu","13:25:29",3275300
10.55,0.1,1000,"bu","13:25:29",3275100
10.55,0.1,200,"bu","13:25:29",3274100
10.55,0.1,100,"bu","13:25:29",3273900
10.55,0.1,1000,"bu","13:25:29",3273800
10.55,0.1,300,"bu","13:25:29",3272800
10.55,0.1,2500,"bu","13:25:29",3272500
10.55,0.1,4200,"bu","13:25:29",3270000
10.5,0.05,200,"sd","13:25:20",3265800
10.55,0.1,5800,"bu","13:25:15",3265600
10.55,0.1,500,"bu","13:25:15",3259800
10.55,0.1,500,"bu","13:25:15",3259300
10.55,0.1,1500,"bu","13:25:15",3258800
10.55,0.1,800,"bu","13:25:15",3257300
10.55,0.1,900,"bu","13:25:15",3256500
10.55,0.1,1000,"bu","13:24:59",3255600
10.55,0.1,1100,"bu","13:24:28",3254600
10.55,0.1,1000,"bu","13:24:28",3253500
10.55,0.1,800,"bu","13:24:05",3252500
10.5,0.05,100,"sd","13:23:59",3251700
10.5,0.05,1000,"sd","13:23:58",3251600
10.5,0.05,2800,"sd","13:23:56",3250600
10.5,0.05,2000,"sd","13:23:53",3247800
10.5,0.05,3000,"sd","13:22:55",3245800
10.5,0.05,1000,"sd","13:22:55",3242800
10.5,0.05,500,"sd","13:22:55",3241800
10.5,0.05,3600,"sd","13:22:55",3241300
10.5,0.05,100,"bu","13:22:51",3237700
10.5,0.05,2000,"bu","13:22:48",3237600
10.45,0,1000,"sd","13:22:32",3235600
10.45,0,100,"sd","13:22:32",3234600
10.45,0,200,"sd","13:22:32",3234500
10.5,0.05,4300,"bu","13:22:27",3234300
10.5,0.05,1000,"bu","13:22:27",3230000
10.5,0.05,100,"bu","13:22:27",3229000
10.5,0.05,14600,"bu","13:22:27",3228900
10.5,0.05,600,"bu","13:22:27",3214300
10.5,0.05,900,"bu","13:22:25",3213700
10.5,0.05,200,"bu","13:22:06",3212800
10.45,0,300,"sd","13:22:00",3212600
10.5,0.05,3700,"bu","13:22:00",3212300
10.5,0.05,800,"bu","13:22:00",3208600
10.45,0,100,"sd","13:21:46",3207800
10.5,0.05,2000,"bu","13:21:37",3207700
10.5,0.05,100,"bu","13:21:30",3205700
10.5,0.05,800,"bu","13:21:22",3205600
10.45,0,1200,"sd","13:21:11",3204800
10.45,0,300,"sd","13:21:11",3203600
10.45,0,500,"sd","13:21:11",3203300
10.5,0.05,100,"bu","13:21:08",3202800
10.5,0.05,800,"bu","13:21:08",3202700
10.5,0.05,100,"bu","13:21:00",3201900
10.5,0.05,100,"bu","13:20:54",3201800
10.5,0.05,200,"bu","13:20:44",3201700
10.5,0.05,600,"bu","13:20:44",3201500
10.5,0.05,100,"bu","13:20:42",3200900
10.5,0.05,100,"bu","13:20:40",3200800
10.5,0.05,500,"bu","13:20:26",3200700
10.5,0.05,300,"bu","13:20:26",3200200
10.5,0.05,100,"bu","13:20:14",3199900
10.5,0.05,1000,"bu","13:19:57",3199800
10.5,0.05,1000,"bu","13:19:53",3198800
10.5,0.05,900,"bu","13:19:38",3197800
10.5,0.05,1100,"bu","13:19:38",3196900
10.45,0,100,"sd","13:19:37",3195800
10.45,0,100,"sd","13:19:37",3195700
10.45,0,800,"sd","13:19:37",3195600
10.5,0.05,1000,"bu","13:19:32",3194800
10.5,0.05,900,"bu","13:19:11",3193800
10.5,0.05,100,"bu","13:19:11",3192900
10.5,0.05,100,"bu","13:17:59",3192800
10.5,0.05,400,"bu","13:17:52",3192700
10.5,0.05,2000,"bu","13:17:41",3192300
10.5,0.05,100,"bu","13:17:39",3190300
10.5,0.05,100,"bu","13:17:10",3190200
10.5,0.05,1100,"bu","13:17:02",3190100
10.5,0.05,3000,"bu","13:16:29",3189000
10.5,0.05,1000,"bu","13:16:28",3186000
10.5,0.05,200,"sd","13:16:28",3185000
10.5,0.05,300,"sd","13:16:28",3184800
10.5,0.05,100,"sd","13:16:28",3184500
10.5,0.05,300,"sd","13:16:28",3184400
10.5,0.05,10000,"sd","13:16:28",3184100
10.5,0.05,200,"sd","13:16:28",3174100
10.5,0.05,2000,"sd","13:16:28",3173900
10.5,0.05,200,"sd","13:16:28",3171900
10.5,0.05,500,"sd","13:16:28",3171700
10.5,0.05,200,"sd","13:16:28",3171200
10.5,0.05,1000,"sd","13:16:28",3171000
10.5,0.05,100,"sd","13:16:28",3170000
10.5,0.05,1000,"sd","13:16:28",3169900
10.5,0.05,2000,"sd","13:16:28",3168900
10.5,0.05,2000,"sd","13:16:28",3166900
10.5,0.05,1000,"sd","13:16:17",3164900
10.5,0.05,100,"sd","13:16:15",3163900
10.5,0.05,300,"sd","13:16:15",3163800
10.5,0.05,500,"sd","13:16:15",3163500
10.5,0.05,100,"sd","13:16:15",3163000
10.5,0.05,1000,"sd","13:15:57",3162900
10.5,0.05,1300,"sd","13:15:50",3161900
10.5,0.05,400,"sd","13:15:41",3160600
10.5,0.05,1000,"sd","13:15:33",3160200
10.5,0.05,2000,"sd","13:15:32",3159200
10.5,0.05,4200,"sd","13:15:05",3157200
10.5,0.05,5000,"sd","13:15:05",3153000
10.5,0.05,1000,"sd","13:15:05",3148000
10.5,0.05,9800,"sd","13:15:05",3147000
10.5,0.05,1000,"sd","13:14:35",3137200
10.5,0.05,1200,"sd","13:14:06",3136200
10.5,0.05,200,"sd","13:13:53",3135000
10.5,0.05,300,"sd","13:13:44",3134800
10.5,0.05,100,"sd","13:13:36",3134500
10.5,0.05,1000,"sd","13:12:23",3134400
10.5,0.05,500,"bu","13:12:16",3133400
10.5,0.05,50000,"bu","13:12:16",3132900
10.5,0.05,500,"bu","13:12:16",3082900
10.5,0.05,10000,"bu","13:12:16",3082400
10.5,0.05,1000,"bu","13:12:16",3072400
10.5,0.05,500,"bu","13:12:16",3071400
10.5,0.05,500,"bu","13:12:16",3070900
10.5,0.05,5900,"bu","13:12:16",3070400
10.5,0.05,100,"bu","13:12:16",3064500
10.5,0.05,3000,"bu","13:12:16",3064400
10.5,0.05,2000,"bu","13:12:16",3061400
10.5,0.05,100,"bu","13:12:16",3059400
10.5,0.05,100,"bu","13:12:16",3059300
10.5,0.05,800,"bu","13:12:16",3059200
10.5,0.05,8000,"bu","13:12:16",3058400
10.5,0.05,100,"bu","13:12:16",3050400
10.5,0.05,2200,"bu","13:12:16",3050300
10.5,0.05,500,"bu","13:12:16",3048100
10.5,0.05,600,"bu","13:12:16",3047600
10.5,0.05,200,"bu","13:12:11",3047000
10.5,0.05,5000,"bu","13:11:25",3046800
10.45,0,1000,"sd","13:11:25",3041800
10.45,0,100,"sd","13:10:54",3040800
10.45,0,1000,"sd","13:10:41",3040700
10.45,0,2100,"sd","13:10:33",3039700
10.45,0,2000,"sd","13:10:33",3037600
10.45,0,100,"sd","13:10:33",3035600
10.45,0,1000,"sd","13:10:33",3035500
10.45,0,2000,"sd","13:10:33",3034500
10.45,0,2000,"sd","13:10:33",3032500
10.45,0,500,"sd","13:10:33",3030500
10.45,0,200,"sd","13:10:33",3030000
10.45,0,1000,"sd","13:10:33",3029800
10.45,0,1900,"sd","13:10:33",3028800
10.45,0,100,"sd","13:10:33",3026900
10.45,0,200,"sd","13:10:33",3026800
10.45,0,900,"sd","13:10:33",3026600
10.5,0.05,100,"bu","13:10:26",3025700
10.45,0,100,"sd","13:10:15",3025600
10.45,0,500,"sd","13:10:15",3025500
10.45,0,600,"sd","13:09:34",3025000
10.45,0,100,"sd","13:09:34",3024400
10.45,0,100,"sd","13:09:34",3024300
10.45,0,100,"sd","13:09:34",3024200
10.45,0,1500,"sd","13:09:34",3024100
10.45,0,100,"sd","13:08:21",3022600
10.45,0,600,"sd","13:08:17",3022500
10.45,0,200,"sd","13:08:17",3021900
10.45,0,300,"sd","13:08:17",3021700
10.45,0,1000,"sd","13:08:17",3021400
10.45,0,100,"sd","13:08:17",3020400
10.45,0,200,"sd","13:08:17",3020300
10.45,0,600,"sd","13:08:17",3020100
10.45,0,1500,"sd","13:07:32",3019500
10.45,0,2900,"sd","13:07:08",3018000
10.45,0,100,"sd","13:07:08",3015100
10.45,0,1000,"sd","13:06:49",3015000
10.45,0,4000,"sd","13:06:49",3014000
10.45,0,100,"sd","13:06:46",3010000
10.45,0,200,"sd","13:06:10",3009900
10.5,0.05,1000,"bu","13:06:00",3009700
10.5,0.05,500,"bu","13:05:13",3008700
10.45,0,2000,"sd","13:05:11",3008200
10.5,0.05,200,"bu","13:04:34",3006200
10.5,0.05,100,"bu","13:04:25",3006000
10.5,0.05,100,"bu","13:03:24",3005900
10.5,0.05,500,"bu","13:03:23",3005800
10.45,0,500,"sd","13:03:16",3005300
10.45,0,700,"sd","13:03:01",3004800
10.45,0,400,"sd","13:02:53",3004100
10.45,0,1700,"sd","13:02:49",3003700
10.45,0,400,"sd","13:02:39",3002000
10.45,0,100,"sd","13:02:39",3001600
10.45,0,9900,"sd","13:02:37",3001500
10.45,0,100,"sd","13:02:37",2991600
10.45,0,900,"sd","13:02:19",2991500
10.45,0,3100,"sd","13:02:19",2990600
10.45,0,500,"sd","13:02:13",2987500
10.45,0,6000,"sd","13:02:13",2987000
10.45,0,500,"sd","13:02:09",2981000
10.45,0,4900,"sd","13:02:02",2980500
10.45,0,500,"sd","13:02:02",2975600
10.45,0,500,"sd","13:02:02",2975100
10.45,0,500,"sd","13:02:02",2974600
10.45,0,3300,"sd","13:02:02",2974100
10.45,0,300,"sd","13:02:02",2970800
10.45,0,4700,"sd","13:02:01",2970500
10.45,0,2300,"sd","13:02:01",2965800
10.45,0,2000,"sd","13:01:46",2963500
10.45,0,100,"sd","13:01:46",2961500
10.45,0,100,"sd","13:01:46",2961400
10.45,0,100,"sd","13:01:46",2961300
10.45,0,1000,"sd","13:01:46",2961200
10.45,0,10100,"sd","13:01:46",2960200
10.45,0,200,"sd","13:01:46",2950100
10.45,0,2000,"sd","13:01:46",2949900
10.45,0,1000,"sd","13:01:46",2947900
10.45,0,300,"sd","13:01:46",2946900
10.45,0,1000,"sd","13:01:46",2946600
10.45,0,1000,"sd","13:01:46",2945600
10.45,0,1000,"sd","13:01:46",2944600
10.45,0,10000,"sd","13:01:46",2943600
10.45,0,100,"sd","13:01:46",2933600
10.45,0,15000,"sd","13:01:46",2933500
10.45,0,500,"sd","13:01:46",2918500
10.45,0,600,"sd","13:01:46",2918000
10.45,0,24700,"sd","13:01:46",2917400
10.45,0,10000,"sd","13:01:46",2892700
10.45,0,400,"sd","13:01:46",2882700
10.45,0,1700,"sd","13:01:46",2882300
10.45,0,200,"sd","13:01:46",2880600
10.45,0,5200,"sd","13:01:46",2880400
10.45,0,2500,"sd","13:01:46",2875200
10.45,0,1000,"sd","13:01:46",2872700
10.45,0,50000,"sd","13:01:46",2871700
10.45,0,2500,"sd","13:01:46",2821700
10.45,0,100,"sd","13:01:46",2819200
10.45,0,100,"sd","13:01:46",2819100
10.45,0,100,"sd","13:01:46",2819000
10.45,0,500,"sd","13:01:46",2818900
10.45,0,5700,"sd","13:01:46",2818400
10.45,0,600,"sd","13:01:46",2812700
10.45,0,600,"sd","13:01:46",2812100
10.45,0,1000,"sd","13:01:46",2811500
10.45,0,51000,"sd","13:01:46",2810500
10.45,0,1000,"sd","13:01:46",2759500
10.45,0,9700,"sd","13:01:46",2758500
10.45,0,100,"sd","13:01:46",2748800
10.45,0,200,"sd","13:01:46",2748700
10.45,0,85000,"sd","13:01:46",2748500
10.45,0,1000,"sd","13:01:45",2663500
10.45,0,1000,"sd","13:01:26",2662500
10.45,0,2500,"sd","13:01:24",2661500
10.45,0,800,"sd","13:00:37",2659000
10.45,0,10000,"sd","13:00:24",2658200
10.5,0.05,100,"bu","13:00:20",2648200
10.5,0.05,1000,"bu","13:00:17",2648100
10.45,0,600,"sd","13:00:16",2647100
10.5,0.05,300,"bu","13:00:14",2646500
10.45,0,100,"sd","13:00:14",2646200
10.45,0,300,"sd","13:00:13",2646100
10.45,0,100,"sd","13:00:13",2645800
10.5,0.05,200,"bu","13:00:13",2645700
10.5,0.05,1100,"bu","13:00:13",2645500
10.5,0.05,100,"bu","13:00:10",2644400
10.5,0.05,2400,"bu","13:00:10",2644300
10.5,0.05,100,"bu","13:00:09",2641900
10.5,0.05,2000,"bu","13:00:08",2641800
10.5,0.05,200,"bu","13:00:07",2639800
10.45,0,100,"sd","13:00:07",2639600
10.5,0.05,2000,"bu","13:00:06",2639500
10.5,0.05,100,"bu","13:00:06",2637500
10.5,0.05,800,"bu","13:00:06",2637400
10.5,0.05,8000,"bu","13:00:06",2636600
10.5,0.05,500,"bu","13:00:05",2628600
10.5,0.05,500,"bu","13:00:05",2628100
10.5,0.05,5800,"bu","13:00:05",2627600
10.5,0.05,100,"bu","13:00:04",2621800
10.5,0.05,200,"bu","13:00:04",2621700
10.5,0.05,1000,"bu","13:00:03",2621500
10.5,0.05,2000,"bu","13:00:00",2620500
10.5,0.05,100,"bu","13:00:00",2618500
10.5,0.05,1500,"bu","11:28:47",2618400
10.5,0.05,6600,"bu","11:28:44",2616900
10.5,0.05,400,"bu","11:28:44",2610300
10.5,0.05,100,"bu","11:28:39",2609900
10.5,0.05,900,"bu","11:27:44",2609800
10.5,0.05,100,"bu","11:27:43",2608900
10.5,0.05,200,"sd","11:26:22",2608800
10.5,0.05,2100,"sd","11:26:22",2608600
10.5,0.05,900,"sd","11:26:22",2606500
10.5,0.05,2000,"sd","11:26:22",2605600
10.5,0.05,1000,"sd","11:26:22",2603600
10.5,0.05,100,"sd","11:26:22",2602600
10.55,0.1,200,"bu","11:25:32",2602500
10.5,0.05,2900,"sd","11:25:29",2602300
10.5,0.05,100,"sd","11:25:29",2599400
10.5,0.05,100,"sd","11:25:29",2599300
10.5,0.05,700,"sd","11:25:22",2599200
10.5,0.05,100,"sd","11:25:22",2598500
10.55,0.1,5500,"bu","11:25:19",2598400
10.5,0.05,300,"sd","11:25:05",2592900
10.5,0.05,1100,"sd","11:25:05",2592600
10.5,0.05,600,"sd","11:25:05",2591500
10.5,0.05,2700,"sd","11:25:05",2590900
10.55,0.1,100,"bu","11:24:53",2588200
10.5,0.05,2800,"sd","11:24:28",2588100
10.5,0.05,1000,"sd","11:24:10",2585300
10.5,0.05,3400,"sd","11:23:47",2584300
10.5,0.05,100,"sd","11:22:17",2580900
10.5,0.05,900,"sd","11:22:17",2580800
10.5,0.05,200,"sd","11:22:17",2579900
10.5,0.05,1800,"sd","11:22:17",2579700
10.55,0.1,800,"bu","11:22:02",2577900
10.55,0.1,800,"bu","11:21:47",2577100
10.55,0.1,800,"bu","11:21:33",2576300
10.55,0.1,500,"bu","11:21:29",2575500
10.55,0.1,500,"bu","11:21:29",2575000
10.55,0.1,300,"bu","11:21:01",2574500
10.5,0.05,300,"sd","11:20:27",2574200
10.5,0.05,200,"sd","11:20:27",2573900
10.5,0.05,1000,"sd","11:20:10",2573700
10.55,0.1,1600,"bu","11:20:02",2572700
10.5,0.05,700,"bu","11:19:32",2571100
10.5,0.05,300,"bu","11:19:32",2570400
10.5,0.05,400,"bu","11:19:32",2570100
10.5,0.05,500,"bu","11:19:32",2569700
10.5,0.05,4000,"bu","11:19:32",2569200
10.5,0.05,1900,"bu","11:19:32",2565200
10.5,0.05,3000,"bu","11:19:32",2563300
10.5,0.05,6000,"bu","11:19:32",2560300
10.5,0.05,1900,"bu","11:19:31",2554300
10.5,0.05,500,"bu","11:18:57",2552400
10.5,0.05,500,"bu","11:18:13",2551900
10.5,0.05,100,"bu","11:17:56",2551400
10.45,0,200,"sd","11:17:10",2551300
10.45,0,500,"sd","11:17:10",2551100
10.45,0,100,"sd","11:17:10",2550600
10.45,0,100,"sd","11:17:10",2550500
10.45,0,1000,"sd","11:17:10",2550400
10.45,0,200,"sd","11:17:10",2549400
10.45,0,200,"sd","11:17:10",2549200
10.45,0,200,"sd","11:17:10",2549000
10.45,0,200,"sd","11:17:10",2548800
10.45,0,300,"sd","11:17:10",2548600
10.45,0,100,"sd","11:17:10",2548300
10.45,0,100,"sd","11:17:10",2548200
10.45,0,100,"sd","11:17:10",2548100
10.45,0,100,"sd","11:17:10",2548000
10.45,0,100,"sd","11:17:10",2547900
10.45,0,100,"sd","11:17:10",2547800
10.45,0,100,"sd","11:16:48",2547700
10.45,0,1900,"sd","11:16:48",2547600
10.45,0,3100,"sd","11:15:46",2545700
10.45,0,400,"sd","11:15:46",2542600
10.45,0,100,"sd","11:15:46",2542200
10.45,0,100,"sd","11:15:46",2542100
10.45,0,200,"sd","11:15:46",2542000
10.45,0,2000,"sd","11:15:46",2541800
10.45,0,1000,"sd","11:15:46",2539800
10.45,0,400,"sd","11:15:46",2538800
10.45,0,100,"sd","11:15:46",2538400
10.45,0,500,"sd","11:15:46",2538300
10.45,0,200,"sd","11:15:46",2537800
10.45,0,500,"sd","11:15:46",2537600
10.45,0,200,"sd","11:15:46",2537100
10.45,0,200,"sd","11:15:46",2536900
10.45,0,100,"sd","11:15:46",2536700
10.45,0,2000,"sd","11:15:46",2536600
10.45,0,100,"sd","11:15:46",2534600
10.45,0,300,"sd","11:15:46",2534500
10.45,0,1000,"sd","11:15:46",2534200
10.45,0,100,"sd","11:15:46",2533200
10.45,0,300,"sd","11:15:46",2533100
10.45,0,100,"sd","11:15:46",2532800
10.45,0,1000,"sd","11:15:46",2532700
10.45,0,100,"sd","11:15:46",2531700
10.45,0,100,"sd","11:15:46",2531600
10.45,0,100,"sd","11:15:46",2531500
10.45,0,100,"sd","11:15:46",2531400
10.45,0,300,"sd","11:15:46",2531300
10.45,0,100,"sd","11:15:46",2531000
10.5,0.05,100,"sd","11:15:46",2530900
10.45,0,100,"sd","11:15:46",2530800
10.5,0.05,3200,"sd","11:15:46",2530700
10.45,0,1000,"sd","11:15:46",2527500
10.45,0,20000,"sd","11:15:46",2526500
10.45,0,2000,"sd","11:15:46",2506500
10.45,0,1000,"sd","11:15:46",2504500
10.45,0,6100,"sd","11:15:46",2503500
10.5,0.05,100,"sd","11:15:46",2497400
10.5,0.05,300,"sd","11:15:46",2497300
10.5,0.05,1300,"sd","11:15:46",2497000
10.5,0.05,1000,"sd","11:15:05",2495700
10.55,0.1,300,"bu","11:14:53",2494700
10.5,0.05,3800,"sd","11:14:18",2494400
10.5,0.05,1000,"sd","11:13:53",2490600
10.5,0.05,1000,"sd","11:13:50",2489600
10.5,0.05,600,"sd","11:13:50",2488600
10.5,0.05,300,"sd","11:13:50",2488000
10.5,0.05,200,"sd","11:13:50",2487700
10.5,0.05,800,"sd","11:13:50",2487500
10.5,0.05,200,"sd","11:13:31",2486700
10.5,0.05,2800,"sd","11:13:31",2486500
10.5,0.05,5000,"sd","11:13:28",2483700
10.5,0.05,200,"sd","11:13:02",2478700
10.5,0.05,400,"sd","11:13:02",2478500
10.5,0.05,800,"sd","11:13:02",2478100
10.5,0.05,200,"sd","11:12:18",2477300
10.5,0.05,200,"sd","11:12:18",2477100
10.55,0.1,300,"bu","11:12:05",2476900
10.55,0.1,200,"bu","11:12:05",2476600
10.55,0.1,500,"bu","11:11:45",2476400
10.55,0.1,300,"bu","11:11:34",2475900
10.55,0.1,400,"bu","11:11:33",2475600
10.5,0.05,100,"sd","11:11:01",2475200
10.5,0.05,300,"sd","11:11:01",2475100
10.45,0,3900,"sd","11:10:25",2474800
10.45,0,100,"sd","11:10:25",2470900
10.45,0,100,"sd","11:10:25",2470800
10.45,0,500,"sd","11:10:25",2470700
10.45,0,100,"sd","11:10:25",2470200
10.45,0,1300,"sd","11:10:25",2470100
10.45,0,500,"sd","11:10:25",2468800
10.45,0,100,"sd","11:10:25",2468300
10.45,0,3700,"sd","11:10:25",2468200
10.5,0.05,100,"sd","11:10:25",2464500
10.5,0.05,400,"sd","11:10:25",2464400
10.5,0.05,2000,"sd","11:09:56",2464000
10.5,0.05,1600,"sd","11:09:39",2462000
10.5,0.05,100,"sd","11:09:36",2460400
10.5,0.05,900,"sd","11:09:31",2460300
10.5,0.05,3700,"sd","11:09:31",2459400
10.5,0.05,2000,"unknown","11:09:26",2455700
10.5,0.05,4300,"bu","11:09:26",2453700
10.5,0.05,2300,"bu","11:09:25",2449400
10.5,0.05,2700,"bu","11:09:25",2447100
10.5,0.05,2300,"bu","11:09:10",2444400
10.5,0.05,42700,"bu","11:09:10",2442100
10.45,0,6300,"sd","11:09:04",2399400
10.45,0,500,"sd","11:09:04",2393100
10.45,0,100,"sd","11:09:04",2392600
10.45,0,4000,"sd","11:09:04",2392500
10.45,0,100,"sd","11:09:04",2388500
10.5,0.05,10000,"bu","11:09:03",2388400
10.5,0.05,10000,"bu","11:08:52",2378400
10.5,0.05,8500,"sd","11:08:16",2368400
10.5,0.05,200,"sd","11:08:16",2359900
10.5,0.05,400,"sd","11:08:16",2359700
10.5,0.05,100,"sd","11:08:16",2359300
10.5,0.05,400,"sd","11:08:16",2359200
10.5,0.05,300,"sd","11:08:16",2358800
10.5,0.05,1000,"sd","11:08:15",2358500
10.5,0.05,200,"sd","11:08:15",2357500
10.5,0.05,500,"sd","11:08:15",2357300
10.5,0.05,600,"sd","11:08:15",2356800
10.5,0.05,100,"sd","11:08:15",2356200
10.5,0.05,100,"sd","11:08:15",2356100
10.5,0.05,500,"sd","11:08:15",2356000
10.5,0.05,500,"sd","11:08:15",2355500
10.5,0.05,5000,"sd","11:08:15",2355000
10.5,0.05,52000,"sd","11:08:15",2350000
10.5,0.05,10000,"sd","11:08:15",2298000
10.5,0.05,1000,"sd","11:08:15",2288000
10.5,0.05,50000,"sd","11:08:15",2287000
10.5,0.05,100,"sd","11:08:15",2237000
10.5,0.05,100,"sd","11:08:15",2236900
10.5,0.05,100,"sd","11:08:15",2236800
10.5,0.05,500,"sd","11:08:15",2236700
10.5,0.05,1000,"sd","11:08:15",2236200
10.5,0.05,500,"sd","11:08:15",2235200
10.5,0.05,200,"sd","11:08:15",2234700
10.5,0.05,2000,"sd","11:08:15",2234500
10.5,0.05,1000,"sd","11:08:15",2232500
10.5,0.05,400,"sd","11:08:15",2231500
10.5,0.05,100,"sd","11:07:08",2231100
10.5,0.05,500,"sd","11:06:59",2231000
10.5,0.05,300,"sd","11:06:59",2230500
10.55,0.1,100,"bu","11:06:50",2230200
10.5,0.05,100,"sd","11:06:00",2230100
10.5,0.05,200,"sd","11:06:00",2230000
10.5,0.05,100,"sd","11:06:00",2229800
10.5,0.05,300,"sd","11:06:00",2229700
10.5,0.05,100,"sd","11:06:00",2229400
10.55,0.1,500,"bu","11:05:34",2229300
10.55,0.1,200,"bu","11:05:20",2228800
10.5,0.05,400,"sd","11:03:37",2228600
10.5,0.05,1000,"sd","11:03:24",2228200
10.5,0.05,2500,"sd","11:02:22",2227200
10.5,0.05,1500,"sd","11:01:08",2224700
10.5,0.05,500,"sd","11:01:08",2223200
10.5,0.05,500,"sd","11:00:37",2222700
10.5,0.05,2500,"sd","11:00:37",2222200
10.5,0.05,500,"sd","10:59:06",2219700
10.5,0.05,100,"sd","10:59:06",2219200
10.5,0.05,400,"sd","10:59:06",2219100
10.5,0.05,100,"sd","10:59:06",2218700
10.5,0.05,100,"sd","10:59:06",2218600
10.5,0.05,300,"sd","10:59:06",2218500
10.5,0.05,700,"sd","10:59:06",2218200
10.5,0.05,1100,"sd","10:59:06",2217500
10.5,0.05,1000,"sd","10:58:43",2216400
10.5,0.05,100,"sd","10:57:21",2215400
10.5,0.05,7800,"sd","10:55:06",2215300
10.5,0.05,2200,"sd","10:55:06",2207500
10.5,0.05,2800,"sd","10:54:46",2205300
10.5,0.05,500,"sd","10:54:46",2202500
10.5,0.05,100,"sd","10:54:46",2202000
10.5,0.05,1000,"sd","10:54:46",2201900
10.5,0.05,300,"sd","10:54:46",2200900
10.5,0.05,3800,"sd","10:54:46",2200600
10.5,0.05,1000,"sd","10:54:46",2196800
10.5,0.05,100,"sd","10:54:46",2195800
10.5,0.05,2000,"sd","10:54:46",2195700
10.5,0.05,2000,"sd","10:54:46",2193700
10.5,0.05,1000,"sd","10:54:46",2191700
10.5,0.05,2000,"sd","10:54:46",2190700
10.5,0.05,15000,"sd","10:54:46",2188700
10.5,0.05,200,"sd","10:54:46",2173700
10.5,0.05,400,"sd","10:54:46",2173500
10.5,0.05,200,"sd","10:54:46",2173100
10.5,0.05,400,"sd","10:54:46",2172900
10.5,0.05,2000,"sd","10:54:46",2172500
10.5,0.05,500,"sd","10:54:46",2170500
10.5,0.05,2000,"sd","10:54:46",2170000
10.5,0.05,100,"sd","10:54:46",2168000
10.5,0.05,100,"sd","10:54:46",2167900
10.5,0.05,1000,"sd","10:54:46",2167800
10.5,0.05,100,"sd","10:54:46",2166800
10.5,0.05,20000,"sd","10:54:46",2166700
10.5,0.05,100,"sd","10:54:46",2146700
10.5,0.05,200,"sd","10:54:46",2146600
10.5,0.05,1500,"sd","10:54:46",2146400
10.5,0.05,1000,"sd","10:54:46",2144900
10.5,0.05,200,"sd","10:54:46",2143900
10.5,0.05,1000,"sd","10:54:46",2143700
10.5,0.05,500,"sd","10:54:46",2142700
10.5,0.05,100,"sd","10:54:46",2142200
10.5,0.05,200,"sd","10:54:46",2142100
10.5,0.05,1000,"sd","10:54:46",2141900
10.5,0.05,300,"sd","10:54:46",2140900
10.5,0.05,500,"sd","10:54:46",2140600
10.5,0.05,200,"sd","10:54:46",2140100
10.5,0.05,500,"sd","10:54:46",2139900
10.5,0.05,300,"sd","10:54:46",2139400
10.5,0.05,2000,"sd","10:54:46",2139100
10.5,0.05,100,"sd","10:54:46",2137100
10.5,0.05,100,"sd","10:54:46",2137000
10.5,0.05,100,"sd","10:54:46",2136900
10.5,0.05,2000,"sd","10:54:46",2136800
10.5,0.05,3000,"sd","10:54:46",2134800
10.5,0.05,200,"sd","10:54:46",2131800
10.5,0.05,1300,"sd","10:54:46",2131600
10.5,0.05,300,"sd","10:54:46",2130300
10.5,0.05,800,"sd","10:54:46",2130000
10.5,0.05,1000,"sd","10:54:46",2129200
10.5,0.05,200,"sd","10:54:46",2128200
10.5,0.05,100,"sd","10:54:46",2128000
10.5,0.05,1000,"sd","10:54:46",2127900
10.5,0.05,21600,"sd","10:54:46",2126900
10.55,0.1,700,"bu","10:54:45",2105300
10.5,0.05,100,"sd","10:54:02",2104600
10.5,0.05,2300,"sd","10:53:53",2104500
10.55,0.1,1000,"bu","10:53:40",2102200
10.5,0.05,3000,"sd","10:53:33",2101200
10.55,0.1,1500,"bu","10:53:14",2098200
10.55,0.1,500,"bu","10:53:14",2096700
10.5,0.05,900,"sd","10:53:13",2096200
10.5,0.05,1000,"sd","10:52:43",2095300
10.55,0.1,500,"bu","10:52:31",2094300
10.55,0.1,500,"bu","10:52:11",2093800
10.55,0.1,100,"bu","10:51:26",2093300
10.55,0.1,100,"bu","10:50:58",2093200
10.55,0.1,100,"bu","10:50:46",2093100
10.55,0.1,300,"bu","10:50:37",2093000
10.55,0.1,100,"bu","10:49:59",2092700
10.55,0.1,200,"bu","10:49:15",2092600
10.55,0.1,500,"bu","10:49:00",2092400
10.55,0.1,2900,"bu","10:48:56",2091900
10.55,0.1,100,"bu","10:48:45",2089000
10.55,0.1,100,"bu","10:48:24",2088900
10.55,0.1,3000,"bu","10:48:16",2088800
10.55,0.1,500,"bu","10:48:02",2085800
10.5,0.05,50000,"sd","10:47:33",2085300
10.5,0.05,100,"sd","10:47:31",2035300
10.5,0.05,100,"sd","10:47:31",2035200
10.5,0.05,100,"sd","10:47:31",2035100
10.5,0.05,200,"sd","10:47:31",2035000
10.5,0.05,1100,"sd","10:47:31",2034800
10.55,0.1,100,"bu","10:47:03",2033700
10.5,0.05,300,"sd","10:46:35",2033600
10.5,0.05,400,"sd","10:46:35",2033300
10.5,0.05,100,"sd","10:46:35",2032900
10.5,0.05,200,"sd","10:46:35",2032800
10.55,0.1,100,"bu","10:46:31",2032600
10.55,0.1,300,"bu","10:46:31",2032500
10.55,0.1,500,"bu","10:46:31",2032200
10.55,0.1,200,"bu","10:46:31",2031700
10.55,0.1,200,"bu","10:46:30",2031500
10.55,0.1,200,"bu","10:46:25",2031300
10.55,0.1,100,"bu","10:46:02",2031100
10.5,0.05,100,"sd","10:45:30",2031000
10.5,0.05,200,"sd","10:45:30",2030900
10.55,0.1,500,"sd","10:45:06",2030700
10.55,0.1,100,"sd","10:45:06",2030200
10.55,0.1,600,"sd","10:45:06",2030100
10.55,0.1,300,"sd","10:45:06",2029500
10.55,0.1,5000,"sd","10:45:06",2029200
10.55,0.1,500,"sd","10:45:06",2024200
10.55,0.1,1000,"sd","10:45:06",2023700
10.55,0.1,2300,"sd","10:45:06",2022700
10.55,0.1,100,"sd","10:44:54",2020400
10.55,0.1,5100,"sd","10:44:15",2020300
10.55,0.1,2500,"sd","10:44:10",2015200
10.55,0.1,100,"sd","10:44:10",2012700
10.55,0.1,2000,"sd","10:44:10",2012600
10.55,0.1,400,"sd","10:44:10",2010600
10.55,0.1,800,"sd","10:44:08",2010200
10.55,0.1,300,"sd","10:43:34",2009400
10.55,0.1,100,"sd","10:42:39",2009100
10.55,0.1,200,"sd","10:42:39",2009000
10.55,0.1,1000,"sd","10:42:32",2008800
10.55,0.1,2000,"sd","10:41:39",2007800
10.6,0.15,100,"bu","10:41:38",2005800
10.55,0.1,1500,"sd","10:41:36",2005700
10.55,0.1,300,"sd","10:41:25",2004200
10.6,0.15,100,"bu","10:41:21",2003900
10.55,0.1,100,"sd","10:41:20",2003800
10.55,0.1,100,"sd","10:41:15",2003700
10.55,0.1,3200,"sd","10:40:55",2003600
10.55,0.1,6000,"sd","10:40:55",2000400
10.55,0.1,500,"sd","10:40:55",1994400
10.55,0.1,10000,"sd","10:40:55",1993900
10.55,0.1,300,"sd","10:40:55",1983900
10.55,0.1,500,"sd","10:40:50",1983600
10.6,0.15,100,"bu","10:40:46",1983100
10.6,0.15,400,"bu","10:40:46",1983000
10.55,0.1,900,"sd","10:40:36",1982600
10.55,0.1,100,"sd","10:40:36",1981700
10.55,0.1,10000,"sd","10:40:36",1981600
10.55,0.1,1000,"sd","10:40:36",1971600
10.55,0.1,100,"sd","10:40:36",1970600
10.55,0.1,100,"sd","10:40:36",1970500
10.55,0.1,200,"sd","10:40:36",1970400
10.55,0.1,3600,"sd","10:40:36",1970200
10.55,0.1,800,"sd","10:40:23",1966600
10.55,0.1,600,"sd","10:40:18",1965800
10.55,0.1,500,"sd","10:40:18",1965200
10.55,0.1,800,"sd","10:40:17",1964700
10.55,0.1,1100,"sd","10:39:29",1963900
10.55,0.1,1100,"sd","10:39:18",1962800
10.55,0.1,1100,"sd","10:39:10",1961700
10.55,0.1,1100,"sd","10:38:59",1960600
10.55,0.1,1100,"sd","10:38:50",1959500
10.55,0.1,1100,"sd","10:38:40",1958400
10.6,0.15,2600,"bu","10:38:29",1957300
10.6,0.15,10000,"bu","10:38:29",1954700
10.6,0.15,5000,"bu","10:38:29",1944700
10.6,0.15,2000,"bu","10:38:29",1939700
10.6,0.15,800,"bu","10:38:29",1937700
10.6,0.15,100,"bu","10:38:29",1936900
10.6,0.15,15000,"bu","10:38:29",1936800
10.6,0.15,100,"bu","10:38:29",1921800
10.6,0.15,9000,"bu","10:38:29",1921700
10.6,0.15,1000,"bu","10:38:29",1912700
10.6,0.15,5000,"bu","10:38:29",1911700
10.6,0.15,5000,"bu","10:38:29",1906700
10.6,0.15,5000,"bu","10:38:29",1901700
10.6,0.15,10000,"bu","10:38:29",1896700
10.6,0.15,100,"bu","10:38:29",1886700
10.6,0.15,100,"bu","10:38:29",1886600
10.6,0.15,200,"bu","10:38:29",1886500
10.6,0.15,5000,"bu","10:38:29",1886300
10.6,0.15,1900,"bu","10:38:29",1881300
10.6,0.15,4000,"bu","10:38:29",1879400
10.6,0.15,4000,"bu","10:38:29",1875400
10.6,0.15,500,"bu","10:38:29",1871400
10.6,0.15,20000,"bu","10:38:29",1870900
10.6,0.15,2500,"bu","10:38:29",1850900
10.6,0.15,1000,"bu","10:38:29",1848400
10.6,0.15,100,"bu","10:38:29",1847400
10.6,0.15,100,"bu","10:37:53",1847300
10.55,0.1,200,"sd","10:37:40",1847200
10.55,0.1,400,"sd","10:37:29",1847000
10.6,0.15,500,"bu","10:37:27",1846600
10.55,0.1,2000,"sd","10:36:08",1846100
10.55,0.1,3000,"sd","10:35:21",1844100
10.55,0.1,4100,"sd","10:34:04",1841100
10.55,0.1,600,"sd","10:33:47",1837000
10.55,0.1,200,"sd","10:33:25",1836400
10.55,0.1,1600,"bu","10:33:21",1836200
10.55,0.1,2000,"bu","10:33:06",1834600
10.55,0.1,200,"bu","10:32:57",1832600
10.55,0.1,100,"bu","10:32:45",1832400
10.55,0.1,500,"bu","10:32:45",1832300
10.55,0.1,1000,"bu","10:32:45",1831800
10.55,0.1,1000,"sd","10:32:44",1830800
10.55,0.1,100,"sd","10:32:44",1829800
10.55,0.1,1000,"sd","10:32:44",1829700
10.55,0.1,900,"sd","10:32:44",1828700
10.55,0.1,100,"sd","10:32:41",1827800
10.55,0.1,3900,"sd","10:32:41",1827700
10.55,0.1,100,"sd","10:32:38",1823800
10.55,0.1,700,"sd","10:32:38",1823700
10.6,0.15,100,"bu","10:32:08",1823000
10.55,0.1,300,"bu","10:32:07",1822900
10.55,0.1,200,"sd","10:32:03",1822600
10.55,0.1,200,"sd","10:32:03",1822400
10.55,0.1,100,"sd","10:32:03",1822200
10.55,0.1,100,"sd","10:32:03",1822100
10.55,0.1,500,"sd","10:32:03",1822000
10.55,0.1,600,"sd","10:32:03",1821500
10.55,0.1,400,"sd","10:31:48",1820900
10.55,0.1,100,"sd","10:31:48",1820500
10.55,0.1,100,"sd","10:31:48",1820400
10.55,0.1,200,"sd","10:31:48",1820300
10.55,0.1,1200,"sd","10:31:48",1820100
10.55,0.1,3000,"sd","10:31:42",1818900
10.55,0.1,300,"sd","10:31:25",1815900
10.55,0.1,500,"sd","10:31:25",1815600
10.55,0.1,4200,"sd","10:31:25",1815100
10.55,0.1,800,"sd","10:31:13",1810900
10.55,0.1,100,"sd","10:31:13",1810100
10.55,0.1,100,"sd","10:31:13",1810000
10.6,0.15,200,"bu","10:31:02",1809900
10.55,0.1,100,"sd","10:30:42",1809700
10.55,0.1,2500,"sd","10:30:29",1809600
10.55,0.1,2300,"sd","10:29:17",1807100
10.55,0.1,300,"sd","10:29:17",1804800
10.55,0.1,800,"sd","10:28:52",1804500
10.55,0.1,800,"sd","10:28:34",1803700
10.6,0.15,1300,"bu","10:28:23",1802900
10.6,0.15,10000,"bu","10:28:23",1801600
10.6,0.15,1000,"bu","10:28:23",1791600
10.6,0.15,200,"bu","10:28:23",1790600
10.6,0.15,4000,"bu","10:28:23",1790400
10.6,0.15,100,"bu","10:28:23",1786400
10.6,0.15,600,"bu","10:28:23",1786300
10.6,0.15,1000,"bu","10:28:23",1785700
10.6,0.15,400,"bu","10:28:23",1784700
10.6,0.15,1400,"bu","10:28:23",1784300
10.6,0.15,100,"bu","10:27:55",1782900
10.6,0.15,100,"bu","10:27:41",1782800
10.55,0.1,100,"sd","10:27:28",1782700
10.55,0.1,100,"sd","10:27:28",1782600
10.55,0.1,500,"sd","10:27:28",1782500
10.55,0.1,100,"sd","10:27:28",1782000
10.6,0.15,100,"bu","10:27:01",1781900
10.55,0.1,200,"sd","10:26:46",1781800
10.55,0.1,500,"sd","10:26:31",1781600
10.55,0.1,1000,"sd","10:25:17",1781100
10.55,0.1,800,"sd","10:25:06",1780100
10.55,0.1,2000,"sd","10:25:00",1779300
10.55,0.1,1700,"sd","10:24:52",1777300
10.55,0.1,600,"sd","10:23:58",1775600
10.55,0.1,800,"sd","10:23:58",1775000
10.55,0.1,12200,"sd","10:23:44",1774200
10.55,0.1,100,"sd","10:23:44",1762000
10.55,0.1,2000,"sd","10:23:44",1761900
10.55,0.1,100,"sd","10:23:44",1759900
10.55,0.1,100,"sd","10:23:44",1759800
10.55,0.1,500,"sd","10:23:44",1759700
10.55,0.1,1000,"sd","10:23:40",1759200
10.55,0.1,600,"sd","10:23:40",1758200
10.55,0.1,1400,"sd","10:23:36",1757600
10.55,0.1,100,"sd","10:23:36",1756200
10.55,0.1,100,"sd","10:23:36",1756100
10.55,0.1,200,"sd","10:23:36",1756000
10.55,0.1,500,"sd","10:23:36",1755800
10.55,0.1,500,"sd","10:23:36",1755300
10.55,0.1,100,"sd","10:23:36",1754800
10.55,0.1,100,"sd","10:23:36",1754700
10.55,0.1,100,"sd","10:23:36",1754600
10.55,0.1,100,"sd","10:23:36",1754500
10.55,0.1,100,"sd","10:23:36",1754400
10.55,0.1,500,"sd","10:23:36",1754300
10.55,0.1,500,"sd","10:23:36",1753800
10.55,0.1,5000,"sd","10:23:36",1753300
10.55,0.1,100,"sd","10:23:36",1748300
10.55,0.1,600,"sd","10:23:36",1748200
10.55,0.1,600,"sd","10:23:36",1747600
10.55,0.1,2000,"sd","10:23:36",1747000
10.55,0.1,100,"sd","10:23:36",1745000
10.55,0.1,100,"sd","10:23:36",1744900
10.55,0.1,10000,"sd","10:23:35",1744800
10.55,0.1,3000,"sd","10:23:35",1734800
10.55,0.1,200,"sd","10:23:35",1731800
10.55,0.1,100,"sd","10:23:35",1731600
10.55,0.1,400,"sd","10:23:35",1731500
10.55,0.1,100,"sd","10:23:35",1731100
10.55,0.1,100,"sd","10:23:35",1731000
10.55,0.1,10000,"sd","10:23:35",1730900
10.55,0.1,1500,"sd","10:23:35",1720900
10.55,0.1,100,"sd","10:23:35",1719400
10.55,0.1,2000,"sd","10:23:35",1719300
10.55,0.1,3000,"sd","10:23:35",1717300
10.55,0.1,200,"sd","10:23:35",1714300
10.55,0.1,1000,"sd","10:23:35",1714100
10.55,0.1,100,"sd","10:23:35",1713100
10.55,0.1,100,"sd","10:23:35",1713000
10.55,0.1,300,"sd","10:23:35",1712900
10.55,0.1,100,"sd","10:23:35",1712600
10.55,0.1,1000,"sd","10:23:35",1712500
10.55,0.1,2000,"sd","10:23:35",1711500
10.55,0.1,1900,"sd","10:23:35",1709500
10.55,0.1,500,"sd","10:23:23",1707600
10.55,0.1,800,"sd","10:23:21",1707100
10.55,0.1,800,"sd","10:23:10",1706300
10.55,0.1,1600,"sd","10:23:10",1705500
10.6,0.15,300,"bu","10:22:57",1703900
10.55,0.1,1700,"sd","10:22:57",1703600
10.55,0.1,1800,"sd","10:22:44",1701900
10.55,0.1,2000,"sd","10:22:31",1700100
10.55,0.1,1800,"sd","10:22:29",1698100
10.55,0.1,1600,"sd","10:22:04",1696300
10.55,0.1,1000,"sd","10:21:58",1694700
10.55,0.1,800,"sd","10:21:57",1693700
10.55,0.1,1600,"sd","10:21:38",1692900
10.55,0.1,800,"sd","10:21:20",1691300
10.6,0.15,1000,"bu","10:21:18",1690500
10.55,0.1,1700,"sd","10:21:17",1689500
10.55,0.1,1700,"sd","10:21:00",1687800
10.6,0.15,100,"bu","10:20:50",1686100
10.55,0.1,1800,"sd","10:20:45",1686000
10.55,0.1,800,"sd","10:20:42",1684200
10.55,0.1,1500,"sd","10:20:29",1683400
10.6,0.15,5000,"bu","10:20:21",1681900
10.6,0.15,2400,"bu","10:20:20",1676900
10.55,0.1,1700,"sd","10:20:14",1674500
10.55,0.1,1700,"sd","10:20:01",1672800
10.6,0.15,3000,"bu","10:19:58",1671100
10.55,0.1,1700,"sd","10:19:45",1668100
10.6,0.15,100,"bu","10:17:36",1666400
10.6,0.15,5000,"bu","10:17:30",1666300
10.6,0.15,100,"bu","10:17:10",1661300
10.55,0.1,800,"sd","10:17:10",1661200
10.55,0.1,1100,"sd","10:16:32",1660400
10.55,0.1,800,"sd","10:16:13",1659300
10.6,0.15,1000,"sd","10:15:32",1658500
10.6,0.15,6300,"sd","10:15:32",1657500
10.6,0.15,1500,"sd","10:15:23",1651200
10.6,0.15,1700,"sd","10:15:17",1649700
10.6,0.15,1100,"sd","10:15:14",1648000
10.6,0.15,4400,"sd","10:15:09",1646900
10.6,0.15,100,"sd","10:15:09",1642500
10.6,0.15,2000,"sd","10:15:09",1642400
10.6,0.15,10000,"sd","10:15:09",1640400
10.6,0.15,200,"sd","10:15:09",1630400
10.6,0.15,400,"sd","10:15:09",1630200
10.6,0.15,100,"sd","10:15:09",1629800
10.6,0.15,200,"sd","10:15:09",1629700
10.6,0.15,500,"sd","10:15:09",1629500
10.6,0.15,100,"sd","10:15:09",1629000
10.6,0.15,3000,"sd","10:15:09",1628900
10.6,0.15,1500,"sd","10:15:09",1625900
10.6,0.15,300,"sd","10:15:09",1624400
10.6,0.15,5700,"sd","10:15:09",1624100
10.6,0.15,500,"sd","10:15:09",1618400
10.6,0.15,1000,"sd","10:15:09",1617900
10.6,0.15,2500,"sd","10:15:07",1616900
10.6,0.15,1600,"sd","10:14:55",1614400
10.6,0.15,1100,"sd","10:14:52",1612800
10.6,0.15,1100,"sd","10:14:42",1611700
10.6,0.15,1100,"sd","10:14:32",1610600
10.6,0.15,900,"sd","10:14:14",1609500
10.6,0.15,100,"sd","10:14:14",1608600
10.6,0.15,100,"sd","10:14:14",1608500
10.6,0.15,1100,"sd","10:14:05",1608400
10.6,0.15,800,"sd","10:14:03",1607300
10.6,0.15,800,"sd","10:14:02",1606500
10.6,0.15,200,"sd","10:13:51",1605700
10.6,0.15,100,"sd","10:13:51",1605500
10.6,0.15,800,"sd","10:13:51",1605400
10.65,0.2,100,"bu","10:13:49",1604600
10.6,0.15,1200,"sd","10:13:40",1604500
10.6,0.15,200,"sd","10:13:40",1603300
10.6,0.15,300,"sd","10:13:40",1603100
10.6,0.15,200,"sd","10:13:30",1602800
10.65,0.2,100,"bu","10:13:24",1602600
10.6,0.15,300,"sd","10:12:51",1602500
10.6,0.15,1500,"sd","10:12:51",1602200
10.6,0.15,800,"sd","10:12:48",1600700
10.6,0.15,100,"sd","10:12:44",1599900
10.6,0.15,500,"sd","10:12:23",1599800
10.6,0.15,100,"sd","10:12:15",1599300
10.6,0.15,900,"sd","10:12:12",1599200
10.6,0.15,800,"sd","10:12:04",1598300
10.6,0.15,300,"sd","10:11:44",1597500
10.65,0.2,200,"bu","10:11:37",1597200
10.65,0.2,5000,"bu","10:11:01",1597000
10.6,0.15,500,"sd","10:10:08",1592000
10.6,0.15,100,"sd","10:10:08",1591500
10.6,0.15,8000,"sd","10:10:08",1591400
10.6,0.15,100,"sd","10:10:08",1583400
10.6,0.15,1300,"sd","10:10:08",1583300
10.6,0.15,3700,"sd","10:09:29",1582000
10.6,0.15,13300,"sd","10:09:29",1578300
10.65,0.2,100,"bu","10:09:20",1565000
10.6,0.15,1500,"bu","10:08:58",1564900
10.6,0.15,5200,"bu","10:08:58",1563400
10.6,0.15,1000,"bu","10:08:40",1558200
10.6,0.15,12000,"bu","10:08:37",1557200
10.6,0.15,200,"sd","10:08:29",1545200
10.6,0.15,100,"sd","10:08:29",1545000
10.6,0.15,300,"sd","10:08:29",1544900
10.6,0.15,100,"sd","10:08:29",1544600
10.6,0.15,1000,"sd","10:08:29",1544500
10.6,0.15,100,"sd","10:08:29",1543500
10.6,0.15,200,"sd","10:08:23",1543400
10.6,0.15,15300,"sd","10:08:23",1543200
10.6,0.15,400,"sd","10:08:23",1527900
10.6,0.15,500,"sd","10:08:23",1527500
10.6,0.15,10000,"sd","10:08:23",1527000
10.6,0.15,1000,"sd","10:08:23",1517000
10.6,0.15,1000,"sd","10:08:23",1516000
10.6,0.15,200,"sd","10:08:23",1515000
10.6,0.15,200,"sd","10:08:23",1514800
10.6,0.15,1000,"sd","10:08:23",1514600
10.6,0.15,31000,"sd","10:08:23",1513600
10.6,0.15,100,"sd","10:08:23",1482600
10.6,0.15,10000,"sd","10:08:23",1482500
10.6,0.15,200,"sd","10:08:23",1472500
10.6,0.15,500,"sd","10:08:23",1472300
10.6,0.15,9000,"sd","10:08:23",1471800
10.6,0.15,100,"sd","10:08:23",1462800
10.6,0.15,100,"sd","10:08:23",1462700
10.6,0.15,29200,"sd","10:08:23",1462600
10.6,0.15,100,"sd","10:08:13",1433400
10.65,0.2,100,"bu","10:07:59",1433300
10.65,0.2,1300,"bu","10:07:58",1433200
10.6,0.15,800,"sd","10:07:47",1431900
10.6,0.15,1000,"sd","10:07:41",1431100
10.6,0.15,1100,"sd","10:07:31",1430100
10.6,0.15,1100,"sd","10:07:23",1429000
10.6,0.15,1000,"sd","10:07:18",1427900
10.6,0.15,1100,"sd","10:07:13",1426900
10.6,0.15,800,"sd","10:06:11",1425800
10.65,0.2,10000,"bu","10:06:02",1425000
10.65,0.2,2000,"bu","10:05:49",1415000
10.65,0.2,500,"bu","10:05:49",1413000
10.65,0.2,7500,"bu","10:05:49",1412500
10.65,0.2,1000,"bu","10:04:37",1405000
10.6,0.15,13800,"sd","10:04:24",1404000
10.6,0.15,200,"sd","10:04:24",1390200
10.65,0.2,300,"bu","10:04:07",1390000
10.6,0.15,500,"sd","10:03:44",1389700
10.6,0.15,1500,"sd","10:03:44",1389200
10.6,0.15,200,"sd","10:03:41",1387700
10.6,0.15,1000,"sd","10:03:29",1387500
10.6,0.15,1400,"bu","10:03:27",1386500
10.6,0.15,1900,"bu","10:03:27",1385100
10.6,0.15,1000,"bu","10:03:26",1383200
10.6,0.15,100,"sd","10:03:13",1382200
10.6,0.15,1000,"sd","10:03:13",1382100
10.6,0.15,1000,"sd","10:03:13",1381100
10.6,0.15,2000,"sd","10:03:13",1380100
10.6,0.15,900,"sd","10:03:13",1378100
10.6,0.15,2000,"sd","10:03:13",1377200
10.6,0.15,40100,"sd","10:03:13",1375200
10.65,0.2,200,"bu","10:03:07",1335100
10.65,0.2,1000,"bu","10:02:30",1334900
10.65,0.2,1000,"bu","10:02:30",1333900
10.6,0.15,1000,"sd","10:02:16",1332900
10.6,0.15,7500,"sd","10:02:16",1331900
10.6,0.15,1400,"bu","10:02:16",1324400
10.6,0.15,200,"bu","10:02:11",1323000
10.6,0.15,500,"bu","10:02:04",1322800
10.6,0.15,10000,"bu","10:02:03",1322300
10.6,0.15,1000,"sd","10:01:48",1312300
10.6,0.15,100,"sd","10:01:48",1311300
10.6,0.15,10700,"sd","10:01:48",1311200
10.6,0.15,9300,"bu","10:01:38",1300500
10.6,0.15,700,"bu","10:01:36",1291200
10.6,0.15,3000,"bu","10:01:36",1290500
10.6,0.15,1800,"bu","10:01:36",1287500
10.6,0.15,1000,"bu","10:01:23",1285700
10.6,0.15,1000,"bu","10:01:21",1284700
10.6,0.15,1000,"bu","10:01:17",1283700
10.6,0.15,10000,"bu","10:01:09",1282700
10.6,0.15,1000,"bu","10:01:04",1272700
10.6,0.15,500,"bu","10:00:39",1271700
10.6,0.15,3700,"bu","10:00:23",1271200
10.6,0.15,300,"bu","10:00:23",1267500
10.55,0.1,1100,"sd","09:59:28",1267200
10.6,0.15,100,"sd","09:59:28",1266100
10.6,0.15,1200,"sd","09:59:28",1266000
10.65,0.2,400,"bu","09:59:20",1264800
10.6,0.15,500,"bu","09:58:59",1264400
10.6,0.15,100,"bu","09:58:59",1263900
10.6,0.15,200,"bu","09:58:59",1263800
10.6,0.15,100,"bu","09:58:53",1263600
10.6,0.15,600,"bu","09:58:45",1263500
10.6,0.15,100,"bu","09:58:40",1262900
10.6,0.15,300,"bu","09:58:39",1262800
10.6,0.15,1400,"bu","09:58:39",1262500
10.6,0.15,3300,"bu","09:58:39",1261100
10.6,0.15,4700,"bu","09:58:32",1257800
10.6,0.15,300,"bu","09:58:32",1253100
10.6,0.15,700,"bu","09:58:05",1252800
10.6,0.15,1000,"bu","09:58:05",1252100
10.6,0.15,1300,"bu","09:58:05",1251100
10.6,0.15,1000,"bu","09:58:05",1249800
10.6,0.15,1200,"bu","09:58:05",1248800
10.6,0.15,7000,"bu","09:58:05",1247600
10.6,0.15,200,"bu","09:58:05",1240600
10.6,0.15,200,"bu","09:58:05",1240400
10.6,0.15,100,"bu","09:58:05",1240200
10.6,0.15,100,"bu","09:58:05",1240100
10.6,0.15,7200,"bu","09:58:05",1240000
10.55,0.1,4000,"sd","09:58:02",1232800
10.6,0.15,400,"bu","09:57:53",1228800
10.55,0.1,10000,"sd","09:57:43",1228400
10.55,0.1,200,"sd","09:57:41",1218400
10.55,0.1,100,"sd","09:57:33",1218200
10.55,0.1,700,"sd","09:56:58",1218100
10.55,0.1,500,"sd","09:56:58",1217400
10.55,0.1,1000,"sd","09:56:58",1216900
10.55,0.1,200,"sd","09:56:58",1215900
10.55,0.1,300,"sd","09:56:58",1215700
10.55,0.1,100,"sd","09:56:58",1215400
10.55,0.1,400,"sd","09:56:58",1215300
10.55,0.1,400,"sd","09:56:58",1214900
10.55,0.1,100,"sd","09:56:58",1214500
10.55,0.1,100,"sd","09:56:58",1214400
10.55,0.1,1200,"sd","09:56:58",1214300
10.55,0.1,300,"sd","09:56:13",1213100
10.55,0.1,500,"sd","09:55:48",1212800
10.55,0.1,200,"sd","09:55:48",1212300
10.55,0.1,300,"sd","09:55:48",1212100
10.6,0.15,100,"bu","09:55:36",1211800
10.55,0.1,600,"sd","09:55:32",1211700
10.55,0.1,1100,"sd","09:55:24",1211100
10.6,0.15,100,"bu","09:55:20",1210000
10.55,0.1,2500,"sd","09:55:15",1209900
10.55,0.1,1000,"sd","09:55:15",1207400
10.55,0.1,5000,"sd","09:55:15",1206400
10.55,0.1,500,"sd","09:55:15",1201400
10.55,0.1,300,"sd","09:55:15",1200900
10.55,0.1,100,"sd","09:55:15",1200600
10.55,0.1,5000,"sd","09:55:15",1200500
10.55,0.1,5600,"sd","09:55:15",1195500
10.55,0.1,400,"sd","09:54:35",1189900
10.55,0.1,3000,"sd","09:54:24",1189500
10.6,0.15,100,"bu","09:53:43",1186500
10.6,0.15,100,"bu","09:53:39",1186400
10.55,0.1,1000,"sd","09:53:38",1186300
10.6,0.15,100,"bu","09:53:34",1185300
10.6,0.15,100,"bu","09:53:10",1185200
10.5,0.05,200,"sd","09:53:09",1185100
10.5,0.05,200,"sd","09:53:09",1184900
10.5,0.05,300,"sd","09:53:09",1184700
10.5,0.05,100,"sd","09:53:09",1184400
10.5,0.05,2000,"sd","09:53:09",1184300
10.5,0.05,3300,"sd","09:53:09",1182300
10.5,0.05,1000,"sd","09:53:09",1179000
10.5,0.05,100,"sd","09:53:09",1178000
10.5,0.05,1000,"sd","09:53:09",1177900
10.5,0.05,100,"sd","09:53:09",1176900
10.5,0.05,200,"sd","09:53:09",1176800
10.5,0.05,22200,"sd","09:53:09",1176600
10.5,0.05,100,"sd","09:53:09",1154400
10.5,0.05,100,"sd","09:53:09",1154300
10.5,0.05,1000,"sd","09:53:09",1154200
10.5,0.05,100,"sd","09:53:09",1153200
10.5,0.05,500,"sd","09:53:09",1153100
10.5,0.05,2000,"sd","09:53:09",1152600
10.5,0.05,300,"sd","09:53:09",1150600
10.5,0.05,2000,"sd","09:53:09",1150300
10.5,0.05,5000,"sd","09:53:09",1148300
10.5,0.05,5000,"sd","09:53:09",1143300
10.5,0.05,12100,"sd","09:53:09",1138300
10.5,0.05,1000,"sd","09:53:09",1126200
10.5,0.05,100,"sd","09:53:09",1125200
10.5,0.05,300,"sd","09:53:09",1125100
10.5,0.05,1000,"sd","09:53:09",1124800
10.55,0.1,2000,"sd","09:53:09",1123800
10.5,0.05,1000,"sd","09:53:09",1121800
10.5,0.05,1000,"sd","09:53:09",1120800
10.55,0.1,100,"sd","09:53:09",1119800
10.5,0.05,100,"sd","09:53:09",1119700
10.5,0.05,1500,"sd","09:53:09",1119600
10.55,0.1,900,"sd","09:53:09",1118100
10.5,0.05,5200,"sd","09:53:09",1117200
10.5,0.05,1200,"sd","09:53:09",1112000
10.5,0.05,1000,"sd","09:53:09",1110800
10.5,0.05,400,"sd","09:53:09",1109800
10.5,0.05,1000,"sd","09:53:09",1109400
10.55,0.1,4500,"sd","09:53:09",1108400
10.5,0.05,200,"sd","09:53:09",1103900
10.5,0.05,100,"sd","09:53:09",1103700
10.55,0.1,1800,"sd","09:53:09",1103600
10.5,0.05,300,"sd","09:53:09",1101800
10.5,0.05,100,"sd","09:53:09",1101500
10.5,0.05,100,"sd","09:53:09",1101400
10.55,0.1,10000,"sd","09:53:09",1101300
10.5,0.05,1000,"sd","09:53:09",1091300
10.5,0.05,100,"sd","09:53:09",1090300
10.55,0.1,91900,"sd","09:53:09",1090200
10.5,0.05,300,"sd","09:53:09",998300
10.55,0.1,1800,"sd","09:53:09",998000
10.5,0.05,3000,"sd","09:53:09",996200
10.55,0.1,100,"sd","09:53:09",993200
10.55,0.1,500,"sd","09:53:09",993100
10.55,0.1,100,"sd","09:53:09",992600
10.55,0.1,500,"sd","09:53:09",992500
10.55,0.1,500,"sd","09:53:09",992000
10.55,0.1,4300,"sd","09:53:09",991500
10.55,0.1,100,"sd","09:53:09",987200
10.55,0.1,2000,"sd","09:53:09",987100
10.6,0.15,100,"bu","09:53:04",985100
10.6,0.15,2000,"bu","09:52:58",985000
10.6,0.15,500,"bu","09:52:29",983000
10.6,0.15,200,"bu","09:52:29",982500
10.6,0.15,1000,"bu","09:52:20",982300
10.55,0.1,200,"sd","09:52:16",981300
10.6,0.15,1000,"bu","09:52:16",981100
10.6,0.15,500,"bu","09:52:16",980100
10.6,0.15,1000,"bu","09:52:11",979600
10.6,0.15,1000,"bu","09:51:52",978600
10.6,0.15,4500,"bu","09:51:46",977600
10.6,0.15,500,"bu","09:51:46",973100
10.6,0.15,300,"bu","09:51:44",972600
10.6,0.15,700,"bu","09:51:26",972300
10.6,0.15,300,"bu","09:51:26",971600
10.6,0.15,1000,"bu","09:51:26",971300
10.6,0.15,400,"bu","09:51:26",970300
10.6,0.15,1000,"bu","09:51:26",969900
10.6,0.15,400,"bu","09:51:26",968900
10.6,0.15,500,"bu","09:51:26",968500
10.6,0.15,100,"bu","09:51:26",968000
10.6,0.15,1500,"bu","09:51:26",967900
10.6,0.15,5000,"bu","09:51:26",966400
10.6,0.15,3500,"bu","09:51:26",961400
10.6,0.15,1000,"bu","09:51:26",957900
10.6,0.15,9600,"bu","09:51:26",956900
10.6,0.15,1400,"bu","09:51:22",947300
10.6,0.15,11200,"bu","09:51:22",945900
10.6,0.15,400,"bu","09:51:22",934700
10.6,0.15,800,"bu","09:51:22",934300
10.6,0.15,600,"bu","09:51:22",933500
10.6,0.15,200,"bu","09:51:22",932900
10.6,0.15,200,"bu","09:51:22",932700
10.6,0.15,200,"bu","09:51:22",932500
10.6,0.15,2000,"bu","09:51:12",932300
10.6,0.15,200,"bu","09:51:10",930300
10.6,0.15,400,"bu","09:50:55",930100
10.6,0.15,100,"bu","09:50:31",929700
10.6,0.15,1000,"bu","09:50:28",929600
10.6,0.15,100,"bu","09:49:53",928600
10.6,0.15,9500,"bu","09:49:36",928500
10.55,0.1,1000,"sd","09:49:15",919000
10.6,0.15,4000,"bu","09:49:00",918000
10.6,0.15,1000,"bu","09:47:55",914000
10.6,0.15,500,"bu","09:47:40",913000
10.55,0.1,4500,"sd","09:47:37",912500
10.6,0.15,4200,"bu","09:47:37",908000
10.55,0.1,3000,"sd","09:46:09",903800
10.55,0.1,1000,"sd","09:46:09",900800
10.55,0.1,1000,"sd","09:46:09",899800
10.6,0.15,100,"bu","09:46:06",898800
10.55,0.1,100,"sd","09:45:43",898700
10.55,0.1,1000,"sd","09:45:21",898600
10.55,0.1,200,"sd","09:45:14",897600
10.55,0.1,500,"sd","09:45:13",897400
10.55,0.1,5000,"sd","09:45:08",896900
10.55,0.1,100,"sd","09:45:08",891900
10.55,0.1,2100,"sd","09:44:44",891800
10.55,0.1,500,"sd","09:44:44",889700
10.55,0.1,400,"sd","09:44:44",889200
10.55,0.1,500,"sd","09:44:41",888800
10.55,0.1,100,"sd","09:44:37",888300
10.6,0.15,500,"bu","09:44:22",888200
10.55,0.1,1700,"sd","09:44:01",887700
10.55,0.1,500,"bu","09:44:00",886000
10.55,0.1,1400,"bu","09:44:00",885500
10.55,0.1,400,"bu","09:44:00",884100
10.55,0.1,800,"sd","09:43:31",883700
10.55,0.1,200,"sd","09:43:31",882900
10.55,0.1,800,"sd","09:43:31",882700
10.55,0.1,200,"sd","09:43:31",881900
10.55,0.1,100,"sd","09:43:31",881700
10.55,0.1,500,"sd","09:43:31",881600
10.55,0.1,100,"sd","09:43:31",881100
10.55,0.1,2000,"sd","09:43:31",881000
10.55,0.1,200,"sd","09:43:31",879000
10.55,0.1,800,"sd","09:43:31",878800
10.55,0.1,100,"sd","09:43:31",878000
10.55,0.1,800,"sd","09:43:31",877900
10.55,0.1,100,"sd","09:43:31",877100
10.55,0.1,1000,"sd","09:43:31",877000
10.55,0.1,500,"sd","09:43:31",876000
10.55,0.1,400,"sd","09:43:31",875500
10.55,0.1,1000,"sd","09:43:31",875100
10.55,0.1,200,"sd","09:43:26",874100
10.55,0.1,400,"sd","09:42:53",873900
10.55,0.1,300,"sd","09:42:53",873500
10.55,0.1,1300,"sd","09:42:53",873200
10.6,0.15,400,"bu","09:42:50",871900
10.55,0.1,600,"sd","09:41:39",871500
10.55,0.1,500,"sd","09:40:54",870900
10.6,0.15,200,"bu","09:40:44",870400
10.6,0.15,200,"bu","09:40:36",870200
10.6,0.15,200,"bu","09:40:18",870000
10.55,0.1,500,"sd","09:39:40",869800
10.55,0.1,100,"sd","09:39:32",869300
10.55,0.1,200,"sd","09:39:32",869200
10.55,0.1,700,"sd","09:39:32",869000
10.55,0.1,300,"sd","09:39:23",868300
10.6,0.15,200,"bu","09:39:14",868000
10.55,0.1,600,"sd","09:39:10",867800
10.55,0.1,300,"sd","09:38:46",867200
10.55,0.1,2000,"sd","09:38:41",866900
10.55,0.1,700,"sd","09:38:41",864900
10.55,0.1,600,"sd","09:38:41",864200
10.55,0.1,200,"sd","09:38:41",863600
10.55,0.1,500,"sd","09:38:41",863400
10.55,0.1,700,"sd","09:38:41",862900
10.55,0.1,400,"sd","09:38:41",862200
10.55,0.1,100,"sd","09:38:41",861800
10.55,0.1,1700,"sd","09:38:41",861700
10.55,0.1,100,"sd","09:38:41",860000
10.55,0.1,3000,"sd","09:38:41",859900
10.6,0.15,100,"bu","09:38:40",856900
10.55,0.1,100,"sd","09:38:35",856800
10.55,0.1,10000,"sd","09:38:26",856700
10.55,0.1,1000,"sd","09:38:11",846700
10.55,0.1,1300,"sd","09:38:06",845700
10.55,0.1,600,"sd","09:38:05",844400
10.55,0.1,4000,"sd","09:37:39",843800
10.55,0.1,2200,"sd","09:37:39",839800
10.55,0.1,10000,"sd","09:37:39",837600
10.55,0.1,100,"sd","09:37:39",827600
10.55,0.1,3700,"sd","09:37:39",827500
10.55,0.1,2300,"sd","09:36:56",823800
10.55,0.1,2400,"sd","09:36:19",821500
10.55,0.1,1000,"sd","09:35:40",819100
10.55,0.1,500,"sd","09:35:39",818100
10.55,0.1,1300,"sd","09:35:29",817600
10.55,0.1,2000,"sd","09:35:03",816300
10.55,0.1,300,"sd","09:34:11",814300
10.6,0.15,800,"bu","09:33:46",814000
10.6,0.15,1000,"bu","09:33:45",813200
10.6,0.15,900,"bu","09:33:41",812200
10.6,0.15,1000,"bu","09:33:28",811300
10.6,0.15,800,"bu","09:33:23",810300
10.55,0.1,5000,"bu","09:33:18",809500
10.55,0.1,100,"bu","09:33:18",804500
10.55,0.1,500,"bu","09:33:18",804400
10.55,0.1,1000,"bu","09:33:18",803900
10.55,0.1,300,"bu","09:33:18",802900
10.55,0.1,1500,"bu","09:33:18",802600
10.55,0.1,24900,"bu","09:33:18",801100
10.55,0.1,2500,"bu","09:33:18",776200
10.55,0.1,300,"bu","09:33:18",773700
10.55,0.1,400,"bu","09:33:18",773400
10.55,0.1,100,"bu","09:33:17",773000
10.55,0.1,4000,"bu","09:33:14",772900
10.5,0.05,100,"sd","09:33:07",768900
10.55,0.1,500,"bu","09:33:07",768800
10.55,0.1,2000,"bu","09:33:05",768300
10.55,0.1,200000,"bu","09:32:55",766300
10.55,0.1,3000,"bu","09:32:43",566300
10.5,0.05,8500,"sd","09:32:04",563300
10.5,0.05,1000,"sd","09:32:04",554800
10.5,0.05,200,"sd","09:32:04",553800
10.5,0.05,200,"sd","09:32:04",553600
10.5,0.05,100,"sd","09:32:04",553400
10.5,0.05,1000,"sd","09:32:04",553300
10.5,0.05,500,"sd","09:32:04",552300
10.5,0.05,400,"sd","09:32:04",551800
10.5,0.05,1000,"sd","09:32:04",551400
10.5,0.05,4900,"sd","09:32:04",550400
10.5,0.05,1200,"sd","09:32:04",545500
10.5,0.05,100,"sd","09:31:21",544300
10.55,0.1,100,"bu","09:31:08",544200
10.55,0.1,100,"bu","09:31:01",544100
10.55,0.1,5000,"bu","09:30:42",544000
10.5,0.05,400,"sd","09:30:20",539000
10.55,0.1,200,"bu","09:29:52",538600
10.55,0.1,400,"bu","09:29:49",538400
10.55,0.1,100,"bu","09:29:48",538000
10.55,0.1,500,"bu","09:29:32",537900
10.55,0.1,200,"bu","09:29:32",537400
10.55,0.1,2000,"bu","09:29:27",537200
10.55,0.1,100,"bu","09:29:17",535200
10.5,0.05,1400,"sd","09:29:08",535100
10.5,0.05,1200,"sd","09:29:08",533700
10.5,0.05,5000,"sd","09:29:04",532500
10.5,0.05,1000,"sd","09:28:56",527500
10.5,0.05,100,"sd","09:28:32",526500
10.5,0.05,100,"sd","09:28:31",526400
10.5,0.05,100,"sd","09:28:24",526300
10.5,0.05,2500,"sd","09:28:21",526200
10.5,0.05,10000,"sd","09:28:21",523700
10.5,0.05,1000,"sd","09:28:21",513700
10.5,0.05,1000,"sd","09:28:21",512700
10.5,0.05,500,"sd","09:28:21",511700
10.5,0.05,2000,"sd","09:28:21",511200
10.5,0.05,1900,"sd","09:28:21",509200
10.5,0.05,3000,"sd","09:28:21",507300
10.5,0.05,500,"sd","09:28:21",504300
10.5,0.05,1000,"sd","09:28:21",503800
10.5,0.05,100,"sd","09:28:21",502800
10.5,0.05,3000,"sd","09:28:21",502700
10.5,0.05,3500,"sd","09:28:21",499700
10.5,0.05,500,"sd","09:28:18",496200
10.5,0.05,1000,"sd","09:28:18",495700
10.55,0.1,3000,"bu","09:28:17",494700
10.55,0.1,100,"bu","09:28:01",491700
10.55,0.1,400,"bu","09:27:57",491600
10.55,0.1,100,"bu","09:27:54",491200
10.55,0.1,2000,"bu","09:27:29",491100
10.55,0.1,20000,"sd","09:27:16",489100
10.55,0.1,1000,"sd","09:27:16",469100
10.55,0.1,100,"sd","09:27:16",468100
10.55,0.1,200,"sd","09:27:16",468000
10.55,0.1,500,"sd","09:27:16",467800
10.55,0.1,21700,"sd","09:27:16",467300
10.55,0.1,1000,"sd","09:27:16",445600
10.55,0.1,1000,"sd","09:27:16",444600
10.55,0.1,5000,"sd","09:27:16",443600
10.55,0.1,100,"sd","09:27:16",438600
10.55,0.1,100,"sd","09:27:16",438500
10.55,0.1,500,"sd","09:27:16",438400
10.6,0.15,200,"bu","09:27:13",437900
10.55,0.1,1000,"sd","09:27:01",437700
10.6,0.15,500,"bu","09:26:48",436700
10.55,0.1,27300,"sd","09:26:46",436200
10.55,0.1,100,"sd","09:26:46",408900
10.55,0.1,5200,"sd","09:26:46",408800
10.55,0.1,500,"sd","09:26:46",403600
10.6,0.15,2700,"bu","09:26:40",403100
10.55,0.1,500,"sd","09:26:30",400400
10.55,0.1,1000,"sd","09:26:30",399900
10.6,0.15,1000,"bu","09:26:27",398900
10.55,0.1,100,"sd","09:26:27",397900
10.55,0.1,100,"sd","09:26:27",397800
10.55,0.1,100,"sd","09:26:27",397700
10.55,0.1,500,"sd","09:26:27",397600
10.6,0.15,1000,"bu","09:26:25",397100
10.6,0.15,1500,"bu","09:26:16",396100
10.55,0.1,100,"sd","09:26:07",394600
10.6,0.15,300,"bu","09:25:59",394500
10.6,0.15,5000,"bu","09:25:43",394200
10.6,0.15,100,"bu","09:25:37",389200
10.6,0.15,1000,"bu","09:25:29",389100
10.6,0.15,200,"bu","09:25:06",388100
10.6,0.15,1100,"bu","09:25:06",387900
10.55,0.1,100,"sd","09:25:02",386800
10.6,0.15,300,"bu","09:24:47",386700
10.55,0.1,300,"sd","09:24:40",386400
10.55,0.1,2200,"sd","09:24:40",386100
10.6,0.15,200,"bu","09:24:37",383900
10.6,0.15,100,"bu","09:24:33",383700
10.6,0.15,100,"sd","09:24:26",383600
10.6,0.15,500,"sd","09:24:26",383500
10.6,0.15,1000,"sd","09:24:26",383000
10.6,0.15,400,"sd","09:24:26",382000
10.6,0.15,200,"sd","09:24:26",381600
10.6,0.15,1000,"sd","09:24:26",381400
10.6,0.15,50000,"sd","09:24:26",380400
10.6,0.15,1000,"sd","09:24:26",330400
10.6,0.15,500,"sd","09:24:26",329400
10.6,0.15,1600,"sd","09:24:26",328900
10.6,0.15,5000,"sd","09:24:26",327300
10.6,0.15,100,"sd","09:24:26",322300
10.6,0.15,100,"sd","09:24:26",322200
10.6,0.15,1000,"sd","09:24:26",322100
10.6,0.15,1400,"sd","09:24:26",321100
10.6,0.15,200,"sd","09:24:26",319700
10.6,0.15,100,"sd","09:24:26",319500
10.6,0.15,1900,"sd","09:24:26",319400
10.6,0.15,100,"sd","09:24:26",317500
10.6,0.15,25000,"sd","09:24:26",317400
10.6,0.15,1000,"sd","09:24:26",292400
10.6,0.15,100,"sd","09:24:26",291400
10.6,0.15,5000,"sd","09:24:26",291300
10.6,0.15,2400,"sd","09:24:26",286300
10.6,0.15,300,"sd","09:24:26",283900
10.6,0.15,200,"sd","09:24:26",283600
10.6,0.15,200,"sd","09:24:19",283400
10.65,0.2,100,"bu","09:23:46",283200
10.65,0.2,200,"bu","09:23:46",283100
10.65,0.2,1000,"bu","09:23:43",282900
10.65,0.2,100,"bu","09:23:42",281900
10.6,0.15,100,"sd","09:23:40",281800
10.6,0.15,400,"sd","09:23:40",281700
10.6,0.15,100,"sd","09:23:40",281300
10.6,0.15,1000,"sd","09:23:39",281200
10.65,0.2,3500,"bu","09:23:37",280200
10.65,0.2,14000,"bu","09:23:20",276700
10.65,0.2,100,"bu","09:23:20",262700
10.65,0.2,500,"sd","09:23:15",262600
10.65,0.2,600,"sd","09:23:15",262100
10.65,0.2,1000,"bu","09:23:12",261500
10.65,0.2,400,"bu","09:23:12",260500
10.65,0.2,100,"bu","09:23:02",260100
10.65,0.2,2500,"bu","09:22:57",260000
10.65,0.2,1500,"bu","09:22:57",257500
10.65,0.2,8400,"bu","09:22:57",256000
10.65,0.2,100,"bu","09:22:52",247600
10.6,0.15,100,"sd","09:22:50",247500
10.65,0.2,300,"bu","09:22:45",247400
10.65,0.2,500,"bu","09:22:36",247100
10.65,0.2,700,"bu","09:22:25",246600
10.65,0.2,300,"sd","09:22:21",245900
10.65,0.2,100,"sd","09:22:21",245600
10.65,0.2,1100,"sd","09:22:21",245500
10.65,0.2,1000,"sd","09:22:12",244400
10.65,0.2,2900,"sd","09:22:04",243400
10.65,0.2,300,"sd","09:22:04",240500
10.65,0.2,100,"sd","09:22:04",240200
10.65,0.2,6700,"sd","09:22:04",240100
10.65,0.2,900,"sd","09:21:54",233400
10.65,0.2,10000,"bu","09:21:54",232500
10.65,0.2,1000,"bu","09:21:54",222500
10.65,0.2,200,"bu","09:21:54",221500
10.65,0.2,100,"bu","09:21:48",221300
10.65,0.2,300,"bu","09:21:47",221200
10.6,0.15,200,"sd","09:21:47",220900
10.6,0.15,100,"sd","09:21:47",220700
10.6,0.15,700,"sd","09:21:47",220600
10.65,0.2,1000,"bu","09:21:45",219900
10.65,0.2,200,"bu","09:21:38",218900
10.65,0.2,1000,"bu","09:21:28",218700
10.65,0.2,6500,"bu","09:21:25",217700
10.65,0.2,900,"bu","09:21:25",211200
10.65,0.2,1000,"bu","09:21:25",210300
10.65,0.2,500,"bu","09:21:25",209300
10.65,0.2,1100,"bu","09:21:25",208800
10.6,0.15,300,"sd","09:21:23",207700
10.6,0.15,100,"sd","09:21:23",207400
10.6,0.15,2000,"sd","09:21:23",207300
10.6,0.15,1000,"sd","09:21:23",205300
10.6,0.15,300,"sd","09:21:23",204300
10.6,0.15,1300,"sd","09:21:23",204000
10.65,0.2,1000,"bu","09:21:23",202700
10.65,0.2,200,"bu","09:21:06",201700
10.65,0.2,200,"bu","09:21:05",201500
10.65,0.2,100,"bu","09:21:03",201300
10.65,0.2,1500,"bu","09:21:01",201200
10.65,0.2,500,"bu","09:20:54",199700
10.65,0.2,500,"bu","09:20:52",199200
10.65,0.2,300,"bu","09:20:38",198700
10.65,0.2,400,"bu","09:20:31",198400
10.65,0.2,300,"bu","09:20:27",198000
10.65,0.2,1000,"bu","09:19:58",197700
10.6,0.15,100,"sd","09:19:50",196700
10.65,0.2,500,"bu","09:19:49",196600
10.65,0.2,1000,"bu","09:19:44",196100
10.65,0.2,400,"bu","09:19:39",195100
10.6,0.15,100,"sd","09:19:38",194700
10.65,0.2,500,"bu","09:19:38",194600
10.65,0.2,100,"bu","09:19:34",194100
10.65,0.2,400,"bu","09:19:31",194000
10.65,0.2,5000,"bu","09:19:31",193600
10.65,0.2,600,"bu","09:19:31",188600
10.65,0.2,100,"bu","09:19:30",188000
10.65,0.2,300,"bu","09:19:25",187900
10.65,0.2,100,"bu","09:19:25",187600
10.65,0.2,600,"bu","09:19:25",187500
10.65,0.2,100,"bu","09:19:20",186900
10.65,0.2,100,"bu","09:19:19",186800
10.65,0.2,700,"bu","09:19:19",186700
10.65,0.2,1300,"bu","09:19:19",186000
10.65,0.2,300,"bu","09:19:13",184700
10.65,0.2,200,"bu","09:19:13",184400
10.65,0.2,2500,"bu","09:19:13",184200
10.65,0.2,500,"bu","09:19:10",181700
10.65,0.2,1000,"bu","09:19:00",181200
10.65,0.2,400,"bu","09:18:53",180200
10.65,0.2,4000,"bu","09:18:50",179800
10.65,0.2,100,"bu","09:18:44",175800
10.65,0.2,500,"bu","09:18:42",175700
10.65,0.2,1000,"bu","09:18:38",175200
10.65,0.2,300,"bu","09:18:36",174200
10.65,0.2,2000,"bu","09:18:29",173900
10.65,0.2,400,"bu","09:18:25",171900
10.65,0.2,2000,"bu","09:18:21",171500
10.65,0.2,2000,"bu","09:18:20",169500
10.65,0.2,100,"bu","09:18:07",167500
10.65,0.2,5000,"bu","09:17:54",167400
10.65,0.2,1000,"bu","09:17:51",162400
10.65,0.2,16000,"bu","09:17:47",161400
10.65,0.2,600,"bu","09:17:31",145400
10.6,0.15,1000,"sd","09:17:25",144800
10.65,0.2,10000,"bu","09:17:14",143800
10.65,0.2,600,"bu","09:17:12",133800
10.65,0.2,100,"bu","09:17:12",133200
10.65,0.2,300,"bu","09:17:12",133100
