"price","change","match_qtty","side","time","total_vol"
48200,700,5400,"bu","14:44:59",65600
47100,-400,1000,"unknown","14:25:57",60200
47100,-400,100,"unknown","14:25:57",59200
47200,-300,500,"unknown","14:25:57",59100
47300,-200,1000,"unknown","14:25:57",58600
47550,50,500,"sd","14:25:25",57600
47550,50,200,"sd","14:11:22",57100
47550,50,600,"sd","14:01:44",56900
47600,100,500,"sd","14:01:44",56300
48200,700,200,"bu","13:56:25",55800
48200,700,2400,"bu","13:50:18",55600
48150,650,5000,"bu","13:50:11",53200
48350,850,500,"bu","13:43:23",48200
48300,800,100,"bu","13:43:23",47700
48300,800,1000,"bu","13:43:23",47600
48300,800,600,"bu","13:43:23",46600
48100,600,300,"bu","13:43:23",46000
48100,600,200,"bu","13:43:23",45700
48100,600,100,"bu","13:39:42",45500
48000,500,4900,"unknown","13:39:18",45400
48000,500,2000,"bu","13:31:40",40500
48000,500,400,"bu","13:31:40",38500
48000,500,1600,"sd","13:20:50",38100
48000,500,200,"sd","13:20:22",36500
48000,500,500,"bu","13:19:01",35300
48000,500,1000,"bu","13:19:01",36300
47950,450,600,"bu","13:19:01",34800
47900,400,500,"bu","13:19:01",34200
47700,200,100,"bu","13:19:01",33700
47500,0,5000,"sd","13:14:41",33600
47600,100,1000,"bu","13:08:09",28600
47600,100,500,"bu","13:08:09",27600
47500,0,100,"bu","11:27:44",27100
47500,0,2500,"bu","11:27:44",27000
47450,-50,100,"bu","11:09:16",24500
47500,0,2500,"sd","11:02:30",24400
47500,0,100,"sd","11:00:48",21900
47500,0,2900,"sd","11:00:38",21800
47500,0,4500,"bu","10:58:54",18900
47500,0,4600,"sd","10:58:31",14400
47500,0,200,"sd","10:57:45",9800
47600,100,100,"bu","10:57:42",9600
47500,0,200,"bu","10:56:32",9500
47050,-450,100,"sd","10:51:21",9300
47500,0,100,"sd","10:51:21",9200
47500,0,200,"sd","10:51:09",9100
47500,0,3500,"sd","10:50:47",8900
47500,0,100,"sd","10:48:33",5400
47500,0,100,"bu","10:46:56",5300
47000,-500,100,"sd","10:40:40",5200
47000,-500,100,"sd","10:40:40",5100
47050,-450,200,"sd","10:40:27",5000
47050,-450,200,"sd","10:40:18",4800
47050,-450,200,"sd","10:40:07",4600
47500,0,500,"sd","10:40:01",4400
47500,0,400,"sd","10:40:01",3900
47500,0,200,"sd","10:39:25",3500
47500,0,200,"sd","10:39:09",3300
47500,0,200,"sd","10:38:48",3100
47500,0,200,"sd","10:38:30",2900
47500,0,200,"sd","10:38:12",2700
47500,0,200,"sd","10:37:51",2500
47500,0,200,"sd","10:36:41",2300
47500,0,200,"sd","10:36:07",2100
47600,100,100,"bu","10:33:21",1900
47500,0,500,"sd","10:31:47",1800
47500,0,200,"sd","10:30:39",1300
47500,0,200,"sd","10:28:55",1100
47500,0,100,"bu","10:27:33",900
47500,0,100,"bu","10:27:33",800
47500,0,100,"bu","10:01:15",700
47500,0,100,"sd","09:45:54",600
47250,-250,200,"bu","09:16:47",500
47250,-250,100,"bu","09:16:02",300
47250,-250,100,"bu","09:15:57",200
47250,-250,100,"bu","09:14:59",100
