"price","change","match_qtty","side","time","total_vol"
29150,450,41600,"unknown","14:44:59",1901900
29150,450,1000,"sd","14:29:25",1860300
29150,450,2000,"sd","14:29:04",1859300
29150,450,500,"sd","14:29:00",1857300
29150,450,1000,"sd","14:28:18",1856800
29200,500,1000,"bu","14:28:03",1855800
29150,450,100,"sd","14:27:47",1854800
29150,450,1500,"sd","14:27:46",1854700
29200,500,200,"bu","14:27:41",1853200
29150,450,4000,"sd","14:27:24",1853000
29150,450,1500,"sd","14:27:12",1849000
29150,450,1200,"sd","14:27:05",1847500
29200,500,2000,"bu","14:26:53",1846300
29200,500,200,"bu","14:26:52",1844300
29150,450,100,"sd","14:26:52",1844100
29150,450,500,"sd","14:26:51",1844000
29150,450,2000,"sd","14:26:46",1843500
29150,450,500,"sd","14:26:37",1841500
29150,450,8700,"sd","14:26:26",1841000
29150,450,200,"sd","14:26:26",1832300
29150,450,100,"sd","14:26:26",1832100
29150,450,1000,"sd","14:26:26",1832000
29150,450,100,"sd","14:26:22",1831000
29150,450,100,"sd","14:26:04",1830900
29150,450,900,"sd","14:25:42",1830800
29150,450,100,"sd","14:25:42",1829900
29150,450,1000,"sd","14:25:30",1829800
29150,450,500,"sd","14:25:30",1828800
29150,450,1000,"sd","14:25:26",1828300
29150,450,1200,"sd","14:25:02",1827300
29150,450,1200,"sd","14:24:58",1826100
29150,450,700,"sd","14:24:43",1824900
29150,450,500,"sd","14:24:43",1824200
29150,450,100,"sd","14:24:42",1823700
29150,450,400,"sd","14:24:42",1823600
29150,450,5000,"sd","14:24:26",1823200
29200,500,700,"bu","14:24:23",1818200
29200,500,1200,"bu","14:24:23",1817500
29150,450,10000,"sd","14:23:59",1816300
29150,450,1000,"sd","14:23:48",1806300
29150,450,100,"sd","14:23:40",1805300
29150,450,500,"bu","14:23:31",1805200
29150,450,500,"bu","14:23:31",1804700
29150,450,2500,"bu","14:23:31",1804200
29150,450,200,"bu","14:23:31",1801700
29150,450,2000,"bu","14:23:21",1801500
29150,450,3000,"bu","14:23:21",1799500
29150,450,100,"sd","14:23:01",1796500
29150,450,900,"sd","14:23:01",1796400
29150,450,1000,"sd","14:23:01",1795500
29150,450,100,"sd","14:23:01",1794500
29150,450,4900,"sd","14:23:01",1794400
29150,450,2000,"sd","14:23:01",1789500
29150,450,400,"sd","14:22:52",1787500
29150,450,300,"sd","14:22:43",1787100
29150,450,2000,"sd","14:22:39",1786800
29150,450,1100,"sd","14:22:36",1784800
29150,450,1000,"sd","14:22:31",1783700
29150,450,5000,"sd","14:22:29",1782700
29150,450,200,"sd","14:22:10",1777700
29150,450,100,"sd","14:22:10",1777500
29150,450,1000,"sd","14:21:59",1777400
29150,450,500,"sd","14:21:58",1776400
29150,450,7900,"bu","14:21:25",1775900
29150,450,300,"bu","14:21:25",1768000
29150,450,2800,"bu","14:21:25",1767700
29150,450,500,"bu","14:21:25",1764900
29150,450,100,"bu","14:21:19",1764400
29150,450,100,"sd","14:20:34",1764300
29150,450,100,"sd","14:20:34",1764200
29150,450,1900,"sd","14:20:34",1764100
29150,450,1000,"sd","14:20:34",1762200
29150,450,1000,"sd","14:20:25",1761200
29150,450,500,"sd","14:20:18",1760200
29150,450,5000,"sd","14:20:10",1759700
29150,450,2000,"sd","14:20:05",1754700
29150,450,100,"sd","14:19:56",1752700
29150,450,300,"sd","14:19:49",1752600
29150,450,1000,"sd","14:19:46",1752300
29150,450,1000,"bu","14:19:33",1751300
29150,450,100,"bu","14:19:33",1750300
29150,450,2200,"bu","14:19:33",1750200
29150,450,3900,"bu","14:19:33",1748000
29150,450,6100,"bu","14:19:23",1744100
29150,450,2200,"bu","14:19:23",1738000
29150,450,2200,"bu","14:19:23",1735800
29150,450,1500,"bu","14:19:23",1733600
29150,450,500,"bu","14:18:19",1732100
29150,450,1000,"bu","14:18:07",1731600
29150,450,100,"bu","14:18:07",1730600
29150,450,18900,"bu","14:18:07",1730500
29150,450,500,"bu","14:17:37",1711600
29150,450,100,"sd","14:17:21",1711100
29150,450,500,"sd","14:17:21",1711000
29150,450,100,"sd","14:17:21",1710500
29150,450,400,"bu","14:16:48",1710400
29150,450,100,"bu","14:16:47",1710000
29150,450,100,"sd","14:16:46",1709900
29150,450,100,"sd","14:16:46",1709800
29150,450,3200,"sd","14:16:46",1709700
29150,450,100,"sd","14:16:46",1706500
29150,450,200,"sd","14:16:40",1706400
29150,450,100,"sd","14:16:10",1706200
29150,450,500,"sd","14:16:07",1706100
29150,450,100,"sd","14:15:44",1705600
29150,450,100,"sd","14:15:44",1705500
29150,450,100,"sd","14:15:44",1705400
29150,450,100,"sd","14:15:24",1705300
29150,450,400,"sd","14:15:24",1705200
29150,450,9500,"sd","14:15:24",1704800
29150,450,200,"sd","14:15:07",1695300
29150,450,1000,"sd","14:14:43",1695100
29150,450,300,"sd","14:14:38",1694100
29150,450,100,"sd","14:14:24",1693800
29150,450,3600,"sd","14:13:49",1693700
29150,450,5000,"sd","14:13:40",1690100
29150,450,200,"sd","14:13:15",1685100
29200,500,1700,"bu","14:13:11",1684900
29150,450,300,"sd","14:13:04",1683200
29150,450,1000,"sd","14:12:55",1682900
29150,450,1500,"sd","14:11:19",1681900
29150,450,500,"sd","14:11:09",1680400
29150,450,900,"sd","14:10:22",1679900
29200,500,100,"bu","14:10:21",1679000
29200,500,200,"bu","14:10:21",1678900
29200,500,100,"bu","14:10:21",1678700
29200,500,300,"bu","14:10:21",1678600
29200,500,500,"bu","14:10:21",1678300
29200,500,100,"bu","14:10:21",1677800
29200,500,100,"bu","14:10:21",1677700
29200,500,1000,"bu","14:10:21",1677600
29200,500,3000,"bu","14:10:21",1676600
29200,500,600,"bu","14:10:21",1673600
29200,500,1000,"bu","14:10:07",1673000
29200,500,100,"bu","14:10:07",1672000
29200,500,100,"bu","14:10:07",1671900
29150,450,100,"bu","14:10:03",1671800
29150,450,5000,"bu","14:10:03",1671700
29150,450,400,"bu","14:10:03",1666700
29150,450,5000,"bu","14:10:03",1666300
29150,450,200,"bu","14:10:03",1661300
29150,450,1000,"bu","14:10:03",1661100
29150,450,1000,"bu","14:10:03",1660100
29150,450,100,"bu","14:10:03",1659100
29150,450,2000,"bu","14:10:03",1659000
29150,450,1000,"bu","14:10:03",1657000
29150,450,2000,"bu","14:10:03",1656000
29150,450,8100,"bu","14:10:03",1654000
29150,450,1200,"bu","14:09:56",1645900
29150,450,1200,"bu","14:09:49",1644700
29150,450,1000,"bu","14:09:42",1643500
29150,450,100,"bu","14:09:42",1642500
29150,450,100,"bu","14:09:42",1642400
29100,400,1000,"bu","14:09:16",1642300
29100,400,100,"bu","14:09:16",1641300
29100,400,300,"bu","14:09:16",1641200
29100,400,1000,"bu","14:09:16",1640900
29100,400,5000,"bu","14:09:16",1639900
29100,400,2000,"bu","14:09:16",1634900
29100,400,400,"bu","14:09:16",1632900
29100,400,200,"bu","14:09:16",1632500
29100,400,200,"bu","14:09:16",1632300
29100,400,5000,"bu","14:09:16",1632100
29100,400,200,"bu","14:09:16",1627100
29100,400,3500,"bu","14:09:16",1626900
29100,400,200,"bu","14:09:16",1623400
29100,400,100,"bu","14:09:16",1623200
29100,400,1000,"bu","14:09:16",1623100
29100,400,2000,"bu","14:09:16",1622100
29100,400,100,"bu","14:09:16",1620100
29100,400,100,"bu","14:09:16",1620000
29100,400,1000,"bu","14:09:16",1619900
29100,400,1300,"bu","14:09:16",1618900
29100,400,100,"bu","14:09:16",1617600
29100,400,200,"bu","14:09:16",1617500
29100,400,1200,"bu","14:09:14",1617300
29100,400,1200,"bu","14:09:06",1616100
29100,400,1200,"bu","14:08:59",1614900
29050,350,300,"bu","14:08:58",1613700
29050,350,400,"bu","14:08:58",1613400
29050,350,500,"bu","14:08:58",1613000
29050,350,500,"bu","14:08:58",1612500
29050,350,500,"bu","14:08:58",1612000
29050,350,200,"bu","14:08:58",1611500
29050,350,500,"bu","14:08:58",1611300
29050,350,2200,"bu","14:08:58",1610800
29050,350,300,"bu","14:08:58",1608600
29050,350,600,"bu","14:08:54",1608300
29050,350,600,"bu","14:08:54",1607700
29050,350,1000,"bu","14:08:47",1607100
29050,350,400,"bu","14:08:46",1606100
29050,350,800,"bu","14:08:46",1605700
29050,350,4200,"bu","14:08:40",1604900
29050,350,800,"bu","14:08:40",1600700
29050,350,200,"bu","14:08:38",1599900
29050,350,1000,"bu","14:08:38",1599700
29050,350,2000,"bu","14:08:22",1598700
29050,350,400,"bu","14:08:22",1596700
29050,350,2600,"bu","14:08:22",1596300
29050,350,1900,"bu","14:08:22",1593700
29050,350,400,"bu","14:08:22",1591800
29050,350,100,"bu","14:08:22",1591400
29050,350,300,"bu","14:07:21",1591300
29050,350,800,"bu","14:06:43",1591000
29050,350,1000,"bu","14:06:43",1590200
29050,350,100,"bu","14:06:43",1589200
29050,350,500,"bu","14:06:43",1589100
29050,350,900,"bu","14:05:37",1588600
29050,350,100,"bu","14:05:25",1587700
29050,350,1000,"bu","14:01:05",1587600
29000,300,700,"sd","14:00:48",1586600
29050,350,100,"bu","14:00:21",1585900
29000,300,1000,"sd","14:00:10",1585800
29000,300,100,"sd","13:59:44",1584800
29050,350,100,"bu","13:59:14",1584700
29050,350,300,"bu","13:58:11",1584600
29050,350,200,"bu","13:58:11",1584300
29050,350,500,"bu","13:58:11",1584100
29050,350,100,"bu","13:57:49",1583600
29050,350,100,"bu","13:57:31",1583500
29050,350,2300,"bu","13:57:30",1583400
29050,350,2700,"bu","13:57:30",1581100
29050,350,1000,"bu","13:57:10",1578400
29050,350,100,"bu","13:57:05",1577400
29050,350,1200,"bu","13:56:46",1577300
29050,350,800,"bu","13:56:46",1576100
29050,350,1000,"bu","13:56:41",1575300
29050,350,500,"bu","13:56:39",1574300
29050,350,1200,"bu","13:56:21",1573800
29000,300,100,"sd","13:55:46",1572600
29000,300,400,"sd","13:55:43",1572500
29000,300,2000,"sd","13:55:23",1572100
29000,300,100,"sd","13:55:12",1570100
29000,300,6000,"sd","13:55:11",1570000
29000,300,100,"sd","13:55:03",1564000
29000,300,1200,"sd","13:54:57",1563900
29000,300,1000,"sd","13:54:57",1562700
29000,300,1000,"sd","13:54:46",1561700
29000,300,200,"sd","13:54:37",1560700
29000,300,300,"sd","13:54:07",1560500
29050,350,200,"bu","13:54:05",1560200
29000,300,200,"sd","13:53:41",1560000
29000,300,200,"sd","13:53:37",1559800
29000,300,1000,"sd","13:52:24",1559600
29000,300,300,"sd","13:52:19",1558600
29050,350,600,"bu","13:52:16",1558300
29050,350,700,"bu","13:51:55",1557700
29000,300,1000,"sd","13:51:27",1557000
29000,300,500,"sd","13:51:20",1556000
29000,300,800,"sd","13:51:06",1555500
29000,300,500,"sd","13:51:06",1554700
29000,300,800,"sd","13:50:36",1554200
29000,300,1900,"sd","13:50:18",1553400
29000,300,2200,"sd","13:50:18",1551500
29000,300,2200,"sd","13:50:08",1549300
29050,350,1000,"sd","13:50:07",1547100
29050,350,500,"sd","13:50:07",1546100
29050,350,700,"sd","13:50:07",1545600
29050,350,2000,"sd","13:50:02",1544900
29050,350,200,"sd","13:50:02",1542900
29050,350,2600,"sd","13:49:59",1542700
29050,350,400,"sd","13:49:59",1540100
29050,350,800,"sd","13:49:53",1539700
29050,350,2000,"sd","13:49:51",1538900
29050,350,500,"sd","13:49:31",1536900
29050,350,300,"sd","13:49:22",1536400
29050,350,500,"sd","13:49:14",1536100
29050,350,1000,"sd","13:49:00",1535600
29050,350,2200,"sd","13:48:56",1534600
29050,350,3000,"bu","13:48:56",1532400
29050,350,500,"sd","13:48:54",1529400
29050,350,1500,"sd","13:48:54",1528900
29050,350,3500,"sd","13:48:42",1527400
29050,350,200,"sd","13:48:42",1523900
29050,350,200,"sd","13:48:42",1523700
29050,350,1000,"sd","13:48:42",1523500
29050,350,100,"sd","13:48:42",1522500
29050,350,100,"sd","13:48:29",1522400
29050,350,100,"sd","13:48:19",1522300
29050,350,200,"sd","13:48:11",1522200
29050,350,100,"sd","13:47:44",1522000
29050,350,100,"sd","13:47:44",1521900
29050,350,9800,"sd","13:47:44",1521800
29050,350,500,"sd","13:47:29",1512000
29050,350,100,"sd","13:47:28",1511500
29050,350,2200,"sd","13:47:17",1511400
29050,350,100,"sd","13:47:10",1509200
29050,350,1000,"sd","13:47:06",1509100
29050,350,100,"sd","13:46:51",1508100
29050,350,1100,"sd","13:45:12",1508000
29100,400,1000,"sd","13:44:42",1506900
29100,400,100,"sd","13:44:42",1505900
29100,400,100,"sd","13:44:42",1505800
29100,400,5000,"sd","13:44:42",1505700
29100,400,500,"sd","13:44:42",1500700
29100,400,700,"sd","13:44:42",1500200
29100,400,200,"sd","13:44:42",1499500
29100,400,100,"sd","13:44:42",1499300
29100,400,200,"sd","13:44:42",1499200
29100,400,7200,"sd","13:44:42",1499000
29150,450,100,"bu","13:44:29",1491800
29100,400,1000,"sd","13:44:27",1491700
29100,400,3000,"sd","13:44:23",1490700
29100,400,500,"sd","13:44:06",1487700
29150,450,1000,"bu","13:43:42",1487200
29150,450,200,"bu","13:43:23",1486200
29150,450,2600,"bu","13:43:12",1486000
29150,450,100,"bu","13:43:11",1483400
29150,450,5000,"bu","13:43:11",1483300
29150,450,2300,"bu","13:43:11",1478300
29150,450,200,"bu","13:42:54",1476000
29150,450,100,"bu","13:42:49",1475800
29150,450,400,"bu","13:42:20",1475700
29150,450,4000,"bu","13:42:20",1475300
29150,450,200,"bu","13:42:20",1471300
29150,450,500,"bu","13:42:20",1471100
29150,450,1000,"bu","13:42:20",1470600
29150,450,100,"bu","13:42:20",1469600
29150,450,200,"bu","13:42:20",1469500
29150,450,200,"bu","13:42:20",1469300
29150,450,2500,"bu","13:42:20",1469100
29150,450,700,"bu","13:42:20",1466600
29100,400,3000,"sd","13:42:15",1465900
29100,400,200,"sd","13:42:12",1462900
29100,400,10000,"sd","13:42:04",1462700
29100,400,1600,"bu","13:41:56",1452700
29100,400,300,"bu","13:41:56",1451100
29100,400,5000,"bu","13:41:56",1450800
29100,400,300,"bu","13:41:56",1445800
29100,400,100,"bu","13:41:56",1445500
29100,400,400,"bu","13:41:56",1445400
29100,400,1000,"bu","13:41:56",1445000
29100,400,200,"bu","13:41:56",1444000
29100,400,200,"bu","13:41:56",1443800
29100,400,100,"bu","13:41:56",1443600
29100,400,2000,"bu","13:41:56",1443500
29100,400,1000,"bu","13:41:56",1441500
29100,400,2000,"bu","13:41:56",1440500
29100,400,200,"bu","13:41:56",1438500
29100,400,1000,"bu","13:41:56",1438300
29100,400,500,"bu","13:41:56",1437300
29100,400,500,"bu","13:41:56",1436800
29100,400,5000,"bu","13:41:56",1436300
29100,400,1500,"bu","13:41:56",1431300
29100,400,100,"bu","13:41:56",1429800
29100,400,2100,"bu","13:41:56",1429700
29050,350,2600,"sd","13:41:38",1427600
29050,350,500,"sd","13:40:55",1425000
29050,350,1000,"sd","13:40:48",1424500
29050,350,1000,"sd","13:40:48",1423500
29050,350,200,"sd","13:40:48",1422500
29050,350,300,"sd","13:40:39",1422300
29050,350,200,"sd","13:40:39",1422000
29100,400,400,"bu","13:40:33",1421800
29100,400,600,"bu","13:40:33",1421400
29050,350,100,"sd","13:40:30",1420800
29050,350,400,"bu","13:39:57",1420700
29050,350,100,"bu","13:39:57",1420300
29050,350,200,"bu","13:39:57",1420200
29050,350,300,"bu","13:39:56",1420000
29050,350,300,"bu","13:39:56",1419700
29050,350,400,"bu","13:39:56",1419400
29050,350,300,"bu","13:39:51",1419000
29050,350,100,"bu","13:39:45",1418700
29050,350,200,"sd","13:39:25",1418600
29050,350,500,"sd","13:39:15",1418400
29050,350,200,"bu","13:39:02",1417900
29050,350,100,"bu","13:39:02",1417700
29050,350,1900,"bu","13:38:52",1417600
29050,350,100,"bu","13:38:52",1415700
29050,350,1000,"bu","13:38:52",1415600
29050,350,1000,"bu","13:38:18",1414600
29050,350,500,"bu","13:38:14",1413600
29000,300,200,"sd","13:37:57",1413100
29000,300,500,"sd","13:37:57",1412900
29000,300,5000,"sd","13:37:57",1412400
29000,300,2000,"sd","13:37:57",1407400
29000,300,5000,"bu","13:37:57",1405400
29000,300,200,"bu","13:37:57",1400400
29000,300,100,"bu","13:37:57",1400200
29000,300,100,"bu","13:37:57",1400100
29000,300,100,"bu","13:37:57",1400000
29000,300,500,"bu","13:37:57",1399900
29000,300,100,"bu","13:37:57",1399400
29000,300,100,"bu","13:37:57",1399300
29000,300,2200,"bu","13:37:57",1399200
29000,300,200,"bu","13:37:57",1397000
29000,300,500,"bu","13:37:57",1396800
29000,300,100,"bu","13:37:57",1396300
29000,300,1800,"bu","13:37:57",1396200
29000,300,200,"bu","13:37:57",1394400
29000,300,100,"bu","13:37:57",1394200
29000,300,100,"bu","13:37:57",1394100
29000,300,2100,"bu","13:37:57",1394000
29000,300,200,"bu","13:37:57",1391900
29000,300,200,"bu","13:37:57",1391700
29000,300,2000,"bu","13:37:57",1391500
29000,300,900,"bu","13:37:57",1389500
29000,300,900,"bu","13:37:57",1388600
29000,300,2000,"bu","13:37:57",1387700
29000,300,5000,"bu","13:37:57",1385700
29000,300,500,"bu","13:37:57",1380700
29000,300,100,"bu","13:37:57",1380200
29000,300,500,"bu","13:37:57",1380100
29000,300,3200,"bu","13:37:57",1379600
29000,300,100,"bu","13:37:57",1376400
29000,300,100,"bu","13:37:57",1376300
29000,300,5000,"bu","13:37:57",1376200
29000,300,100,"bu","13:37:57",1371200
29000,300,200,"bu","13:37:57",1371100
29000,300,2000,"bu","13:37:57",1370900
29000,300,41700,"bu","13:37:57",1368900
29000,300,8300,"bu","13:37:43",1327200
29000,300,100,"bu","13:37:43",1318900
29000,300,1000,"bu","13:37:43",1318800
29000,300,100,"bu","13:37:43",1317800
29000,300,500,"bu","13:37:43",1317700
28950,250,100,"sd","13:37:23",1317200
28950,250,100,"sd","13:37:17",1317100
28950,250,100,"sd","13:37:17",1317000
29000,300,2000,"bu","13:36:28",1316900
29000,300,100,"bu","13:36:28",1314900
29000,300,500,"bu","13:36:28",1314800
28950,250,300,"bu","13:36:28",1314300
28950,250,1100,"bu","13:36:28",1314000
28950,250,100,"bu","13:35:20",1312900
28950,250,2200,"bu","13:35:20",1312800
28950,250,100,"bu","13:35:20",1310600
28950,250,100,"bu","13:35:20",1310500
28950,250,500,"bu","13:35:20",1310400
28950,250,1000,"bu","13:35:20",1309900
28950,250,5000,"bu","13:35:20",1308900
28950,250,5000,"bu","13:35:20",1303900
28950,250,200,"bu","13:35:20",1298900
28950,250,200,"bu","13:35:20",1298700
28950,250,1000,"bu","13:35:20",1298500
28950,250,9600,"bu","13:35:20",1297500
28950,250,2000,"bu","13:35:15",1287900
28950,250,400,"bu","13:34:32",1285900
28950,250,2000,"bu","13:34:03",1285500
28950,250,15000,"bu","13:33:56",1283500
28950,250,1000,"bu","13:32:27",1268500
28950,250,1000,"bu","13:32:27",1267500
28900,200,2200,"sd","13:32:21",1266500
28900,200,100,"sd","13:31:37",1264300
28900,200,400,"sd","13:30:04",1264200
28900,200,100,"sd","13:30:04",1263800
28900,200,500,"sd","13:30:04",1263700
28900,200,1000,"sd","13:29:44",1263200
28900,200,1000,"sd","13:29:27",1262200
28900,200,200,"sd","13:29:27",1261200
28900,200,1000,"sd","13:29:27",1261000
28900,200,100,"sd","13:29:27",1260000
28900,200,100,"sd","13:29:27",1259900
28900,200,500,"sd","13:29:27",1259800
28900,200,300,"sd","13:29:27",1259300
28900,200,100,"sd","13:29:27",1259000
28900,200,1100,"sd","13:29:27",1258900
28900,200,2000,"sd","13:29:27",1257800
28900,200,400,"sd","13:29:27",1255800
28900,200,100,"sd","13:29:27",1255400
28900,200,3600,"sd","13:29:27",1255300
28900,200,100,"bu","13:29:27",1251700
28900,200,200,"bu","13:29:27",1251600
28900,200,500,"bu","13:29:27",1251400
28900,200,2000,"bu","13:29:27",1250900
28900,200,8000,"bu","13:29:27",1248900
28900,200,5000,"bu","13:29:27",1240900
28900,200,100,"bu","13:29:27",1235900
28900,200,200,"bu","13:29:27",1235800
28900,200,500,"bu","13:29:27",1235600
28900,200,6400,"bu","13:29:27",1235100
28900,200,1000,"bu","13:29:02",1228700
28850,150,1600,"sd","13:28:27",1227700
28900,200,2600,"bu","13:28:24",1226100
28900,200,100,"bu","13:28:24",1223500
28900,200,1000,"bu","13:28:24",1223400
28900,200,200,"bu","13:28:24",1222400
28900,200,1100,"bu","13:28:24",1222200
28900,200,200,"bu","13:28:24",1221100
28900,200,500,"bu","13:28:24",1220900
28900,200,4000,"bu","13:28:24",1220400
28900,200,300,"bu","13:28:24",1216400
28900,200,200,"bu","13:28:10",1216100
28900,200,200,"bu","13:27:57",1215900
28900,200,100,"bu","13:27:57",1215700
28900,200,5000,"bu","13:27:57",1215600
28900,200,400,"bu","13:27:57",1210600
28900,200,200,"bu","13:27:57",1210200
28900,200,1000,"bu","13:27:57",1210000
28900,200,200,"bu","13:27:57",1209000
28900,200,100,"bu","13:27:57",1208800
28900,200,2800,"bu","13:27:57",1208700
28900,200,200,"bu","13:27:38",1205900
28900,200,100,"bu","13:27:38",1205700
28900,200,400,"bu","13:27:38",1205600
28900,200,100,"bu","13:27:38",1205200
28900,200,10000,"bu","13:27:38",1205100
28900,200,3000,"bu","13:27:29",1195100
28900,200,20000,"bu","13:27:21",1192100
28850,150,2000,"sd","13:26:54",1172100
28850,150,100,"sd","13:26:52",1170100
28850,150,2100,"sd","13:26:47",1170000
28850,150,100,"sd","13:26:47",1167900
28850,150,2800,"sd","13:26:47",1167800
28900,200,200,"bu","13:26:41",1165000
28850,150,700,"sd","13:26:29",1164800
28900,200,300,"bu","13:26:16",1164100
28850,150,300,"sd","13:26:04",1163800
28850,150,6200,"sd","13:26:02",1163500
28850,150,1000,"sd","13:26:02",1157300
28850,150,800,"sd","13:26:02",1156300
28850,150,200,"sd","13:25:34",1155500
28850,150,100,"sd","13:25:34",1155300
28850,150,200,"sd","13:25:28",1155200
28850,150,4700,"sd","13:24:39",1155000
28850,150,16000,"sd","13:24:39",1150300
28850,150,1900,"sd","13:24:37",1134300
28850,150,100,"sd","13:23:46",1132400
28850,150,500,"sd","13:23:03",1132300
28850,150,100,"sd","13:22:43",1131800
28850,150,300,"sd","13:21:49",1131700
28850,150,1000,"sd","13:20:34",1131400
28900,200,500,"bu","13:19:57",1130400
28900,200,1000,"bu","13:18:15",1129900
28850,150,1900,"sd","13:18:08",1128900
28850,150,1900,"sd","13:17:43",1127000
28850,150,1000,"bu","13:17:30",1125100
28850,150,25300,"bu","13:17:30",1124100
28850,150,2000,"bu","13:16:33",1098800
28850,150,2700,"bu","13:16:04",1096800
28850,150,2200,"bu","13:16:04",1094100
28850,150,1100,"bu","13:16:04",1091900
28850,150,100,"bu","13:15:05",1090800
28850,150,100,"bu","13:14:49",1090700
28850,150,8700,"sd","13:14:36",1090600
28850,150,1300,"sd","13:14:09",1081900
28800,100,1800,"sd","13:12:54",1080600
28800,100,1800,"sd","13:12:54",1078800
28850,150,100,"bu","13:12:54",1077000
28850,150,100,"bu","13:12:54",1076900
28850,150,100,"bu","13:12:54",1076800
28800,100,200,"sd","13:12:51",1076700
28800,100,3600,"sd","13:12:39",1076500
28800,100,3000,"sd","13:11:26",1072900
28850,150,100,"bu","13:11:23",1069900
28850,150,500,"bu","13:11:01",1069800
28850,150,2000,"bu","13:10:59",1069300
28800,100,100,"sd","13:10:44",1067300
28850,150,4400,"sd","13:09:36",1067200
28850,150,400,"bu","13:09:07",1062800
28850,150,5200,"bu","13:09:07",1062400
28850,150,10000,"bu","13:08:58",1057200
28850,150,4800,"sd","13:08:02",1047200
28850,150,2000,"sd","13:07:10",1042400
28850,150,1000,"sd","13:07:04",1040400
28850,150,500,"sd","13:07:03",1039400
28850,150,1700,"bu","13:06:39",1038900
28850,150,300,"sd","13:06:30",1037200
28850,150,200,"sd","13:06:11",1036900
28850,150,1000,"sd","13:06:09",1036700
28850,150,200,"sd","13:06:05",1035700
28850,150,1000,"sd","13:06:01",1035500
28850,150,1900,"sd","13:05:49",1034500
28850,150,500,"sd","13:05:15",1032600
28850,150,900,"bu","13:05:14",1032100
28850,150,5000,"bu","13:05:14",1031200
28850,150,5000,"bu","13:05:14",1026200
28800,100,1100,"sd","13:03:23",1021200
28800,100,300,"sd","13:03:13",1020100
28850,150,200,"sd","13:03:13",1019800
28800,100,1500,"sd","13:02:37",1019600
28850,150,3500,"sd","13:02:37",1018100
28850,150,5000,"sd","13:02:21",1014600
28850,150,1000,"sd","13:02:16",1009600
28850,150,1000,"sd","13:01:36",1008600
28850,150,700,"bu","13:00:50",1007600
28850,150,1800,"bu","13:00:50",1006900
28850,150,1600,"bu","13:00:50",1005100
28850,150,1000,"bu","13:00:50",1003500
28850,150,4400,"bu","13:00:50",1002500
28850,150,300,"bu","13:00:19",998100
28850,150,300,"bu","13:00:17",997800
28850,150,500,"bu","13:00:17",997500
28800,100,100,"sd","13:00:11",997000
28850,150,100,"bu","13:00:08",996900
28850,150,200,"bu","13:00:08",996800
28850,150,1600,"bu","13:00:02",996600
28800,100,10000,"sd","13:00:01",995000
28850,150,1000,"bu","13:00:00",985000
28850,150,1600,"bu","12:59:59",984000
28850,150,400,"bu","12:59:59",982400
28850,150,100,"sd","11:29:44",982000
28850,150,700,"sd","11:29:44",981900
28850,150,100,"sd","11:29:36",981200
28800,100,600,"sd","11:25:23",981100
28850,150,400,"sd","11:25:23",980500
28850,150,1100,"sd","11:24:58",980100
28850,150,1000,"sd","11:24:25",979000
28850,150,100,"sd","11:24:06",978000
28850,150,200,"bu","11:23:50",977900
28850,150,400,"bu","11:23:50",977700
28850,150,200,"bu","11:23:50",977300
28850,150,1600,"bu","11:23:50",977100
28850,150,100,"bu","11:22:56",975500
28800,100,1100,"sd","11:21:41",975400
28800,100,1900,"sd","11:21:31",974300
28800,100,10000,"sd","11:21:30",972400
28800,100,3800,"sd","11:21:02",962400
28800,100,1000,"sd","11:18:48",958600
28800,100,3800,"sd","11:18:24",957600
28800,100,3600,"sd","11:16:10",953800
28850,150,100,"bu","11:15:20",950200
28850,150,2000,"bu","11:15:15",950100
28850,150,1000,"bu","11:14:41",948100
28850,150,100,"sd","11:14:40",947100
28850,150,2300,"sd","11:14:40",947000
28850,150,2000,"sd","11:14:29",944700
28850,150,1600,"bu","11:14:14",942700
28850,150,2100,"bu","11:14:14",941100
28800,100,2500,"sd","11:13:42",939000
28800,100,100,"sd","11:13:42",936500
28800,100,300,"sd","11:13:42",936400
28800,100,100,"sd","11:13:42",936100
28800,100,600,"sd","11:13:42",936000
28850,150,900,"bu","11:13:32",935400
28850,150,100,"bu","11:13:23",934500
28850,150,100,"bu","11:12:06",934400
28850,150,200,"bu","11:12:06",934300
28850,150,200,"bu","11:12:06",934100
28850,150,500,"bu","11:12:06",933900
28800,100,1100,"sd","11:11:17",933400
28800,100,1100,"sd","11:10:20",932300
28800,100,3600,"sd","11:10:06",931200
28850,150,200,"bu","11:09:44",927600
28800,100,200,"sd","11:08:46",927400
28800,100,600,"sd","11:08:33",927200
28850,150,300,"sd","11:07:55",926600
28850,150,2400,"sd","11:07:53",926300
28850,150,5000,"sd","11:07:26",923900
28850,150,300,"sd","11:07:26",918900
28850,150,400,"sd","11:07:26",918600
28850,150,400,"bu","11:07:26",918200
28850,150,1200,"bu","11:07:26",917800
28800,100,3600,"sd","11:06:32",916600
28850,150,1400,"bu","11:06:30",913000
28850,150,1000,"bu","11:03:46",911600
28800,100,3600,"sd","11:03:18",910600
28800,100,2300,"sd","11:03:06",907000
28800,100,100,"sd","11:02:58",904700
28850,150,1000,"sd","11:02:53",904600
28850,150,1200,"sd","11:02:53",903600
28850,150,300,"sd","11:02:40",902400
28850,150,200,"sd","11:02:22",902100
28850,150,300,"sd","11:01:41",901900
28850,150,900,"sd","11:01:20",901600
28850,150,700,"sd","11:01:06",900700
28850,150,1600,"sd","11:01:06",900000
28850,150,100,"sd","11:00:49",898400
28900,200,500,"bu","11:00:45",898300
28850,150,300,"sd","11:00:25",897800
28850,150,800,"sd","11:00:17",897500
28850,150,2800,"sd","11:00:16",896700
28850,150,1900,"sd","11:00:13",893900
28850,150,500,"sd","10:58:52",892000
28850,150,1000,"sd","10:58:32",891500
28850,150,500,"sd","10:58:32",890500
28850,150,1000,"sd","10:58:32",890000
28850,150,4500,"sd","10:58:32",889000
28850,150,100,"bu","10:58:25",884500
28800,100,500,"sd","10:57:58",884400
28800,100,100,"sd","10:57:55",883900
28800,100,500,"sd","10:57:00",883800
28800,100,2800,"sd","10:56:23",883300
28800,100,1000,"sd","10:56:15",880500
28800,100,1100,"sd","10:56:07",879500
28800,100,2500,"sd","10:55:57",878400
28800,100,300,"sd","10:55:50",875900
28850,150,200,"sd","10:55:48",875600
28850,150,1000,"sd","10:55:48",875400
28850,150,9900,"sd","10:55:48",874400
28850,150,900,"sd","10:55:48",864500
28850,150,100,"sd","10:55:48",863600
28850,150,200,"sd","10:55:48",863500
28850,150,100,"sd","10:55:48",863300
28850,150,3000,"sd","10:55:48",863200
28850,150,400,"sd","10:55:44",860200
28850,150,600,"sd","10:55:41",859800
28850,150,1000,"sd","10:55:33",859200
28850,150,1300,"sd","10:55:33",858200
28850,150,1200,"sd","10:55:19",856900
28850,150,200,"sd","10:55:18",855700
28850,150,2800,"sd","10:55:10",855500
28850,150,1100,"sd","10:54:51",852700
28850,150,100,"sd","10:54:43",851600
28850,150,100,"sd","10:54:33",851500
28850,150,2300,"sd","10:54:32",851400
28850,150,2200,"sd","10:54:25",849100
28850,150,700,"sd","10:54:10",846900
28850,150,2200,"sd","10:54:02",846200
28900,200,5000,"bu","10:53:43",844000
28900,200,3300,"bu","10:53:40",839000
28900,200,5000,"bu","10:52:19",835700
28900,200,100,"bu","10:51:59",830700
28900,200,600,"bu","10:51:40",830600
28900,200,500,"bu","10:51:07",830000
28850,150,1900,"sd","10:51:03",829500
28850,150,100,"sd","10:50:58",827600
28850,150,2700,"sd","10:50:51",827500
28850,150,200,"sd","10:50:43",824800
28850,150,1100,"sd","10:50:43",824600
28850,150,200,"sd","10:50:32",823500
28850,150,500,"sd","10:50:31",823300
28850,150,500,"sd","10:50:25",822800
28850,150,1100,"sd","10:49:49",822300
28850,150,300,"sd","10:49:47",821200
28850,150,1900,"sd","10:49:40",820900
28850,150,2000,"sd","10:49:38",819000
28850,150,2700,"sd","10:49:26",817000
28850,150,200,"sd","10:49:20",814300
28850,150,100,"bu","10:48:58",814100
28850,150,200,"bu","10:48:58",814000
28850,150,500,"bu","10:48:58",813800
28850,150,10000,"bu","10:48:58",813300
28850,150,500,"bu","10:48:58",803300
28850,150,9100,"bu","10:48:58",802800
28800,100,1000,"sd","10:48:14",793700
28850,150,1000,"bu","10:47:47",792700
28800,100,300,"sd","10:47:44",791700
28800,100,2300,"sd","10:47:34",791400
28800,100,400,"sd","10:47:23",789100
28800,100,10000,"sd","10:45:48",788700
28800,100,10000,"sd","10:44:42",778700
28800,100,100,"sd","10:42:54",768700
28800,100,100,"sd","10:42:51",768600
28800,100,200,"bu","10:42:48",768500
28800,100,800,"sd","10:42:41",768300
28800,100,1700,"bu","10:42:33",767500
28800,100,300,"bu","10:42:27",765800
28800,100,8300,"bu","10:41:54",765500
28800,100,1100,"bu","10:41:54",757200
28800,100,600,"bu","10:41:54",756100
28750,50,200,"sd","10:41:52",755500
28800,100,400,"bu","10:41:30",755300
28800,100,100,"bu","10:41:30",754900
28800,100,1000,"bu","10:40:43",754800
28800,100,1000,"sd","10:40:01",753800
28800,100,100,"sd","10:40:01",752800
28800,100,100,"sd","10:40:01",752700
28800,100,200,"sd","10:40:01",752600
28800,100,200,"sd","10:40:01",752400
28800,100,100,"sd","10:40:01",752200
28800,100,200,"sd","10:40:01",752100
28800,100,100,"sd","10:40:01",751900
28800,100,400,"sd","10:40:01",751800
28800,100,100,"sd","10:40:01",751400
28800,100,3100,"sd","10:39:59",751300
28800,100,100,"sd","10:39:44",748200
28800,100,900,"sd","10:39:14",748100
28850,150,5000,"bu","10:39:08",747200
28800,100,2600,"sd","10:39:04",742200
28800,100,30000,"sd","10:39:03",739600
28800,100,1000,"sd","10:38:51",709600
28800,100,500,"sd","10:38:39",708600
28800,100,2000,"sd","10:38:19",708100
28850,150,500,"bu","10:37:58",706100
28800,100,9700,"sd","10:37:57",705600
28800,100,100,"sd","10:37:57",695900
28800,100,100,"sd","10:37:57",695800
28800,100,100,"sd","10:37:57",695700
28800,100,100,"sd","10:37:52",695600
28800,100,200,"sd","10:37:43",695500
28800,100,1100,"sd","10:36:35",695300
28800,100,1900,"sd","10:36:27",694200
28800,100,2500,"sd","10:36:21",692300
28800,100,3600,"sd","10:36:08",689800
28800,100,100,"sd","10:36:08",686200
28800,100,400,"sd","10:35:41",686100
28800,100,1000,"sd","10:35:41",685700
28800,100,1000,"sd","10:35:41",684700
28850,150,4400,"bu","10:35:38",683700
28850,150,3600,"bu","10:35:38",679300
28850,150,100,"bu","10:34:57",675700
28850,150,100,"bu","10:34:49",675600
28850,150,500,"bu","10:34:12",675500
28850,150,100,"bu","10:33:56",675000
28850,150,1200,"bu","10:33:47",674900
28850,150,3800,"bu","10:33:36",673700
28850,150,1000,"bu","10:33:28",669900
28850,150,4000,"sd","10:33:24",668900
28850,150,5600,"sd","10:33:24",664900
28850,150,1100,"sd","10:33:21",659300
28850,150,2500,"sd","10:32:59",658200
28850,150,800,"sd","10:32:50",655700
28850,150,1500,"sd","10:32:50",654900
28850,150,1000,"sd","10:32:50",653400
28850,150,300,"sd","10:32:50",652400
28850,150,1100,"bu","10:32:30",652100
28850,150,2900,"bu","10:32:30",651000
28850,150,400,"bu","10:32:00",648100
28850,150,6700,"bu","10:31:58",647700
28850,150,18300,"bu","10:31:58",641000
28850,150,100,"bu","10:31:33",622700
28850,150,200,"bu","10:31:18",622600
28850,150,500,"bu","10:31:03",622400
28800,100,5700,"sd","10:30:49",621900
28800,100,10000,"sd","10:30:49",616200
28800,100,100,"sd","10:30:49",606200
28800,100,1000,"sd","10:30:49",606100
28800,100,1000,"sd","10:30:49",605100
28800,100,2200,"sd","10:30:49",604100
28850,150,900,"bu","10:30:34",601900
28850,150,100,"bu","10:30:34",601000
28800,100,1000,"sd","10:30:24",600900
28800,100,1000,"sd","10:30:23",599900
28850,150,200,"bu","10:30:13",598900
28850,150,200,"bu","10:30:13",598700
28850,150,200,"bu","10:30:13",598500
28850,150,100,"bu","10:30:13",598300
28850,150,200,"bu","10:29:23",598200
28850,150,100,"bu","10:29:19",598000
28850,150,100,"bu","10:29:19",597900
28800,100,1900,"sd","10:29:12",597800
28800,100,1900,"sd","10:28:59",595900
28800,100,1900,"sd","10:28:46",594000
28800,100,2500,"bu","10:27:56",592100
28800,100,2400,"bu","10:27:56",589600
28800,100,100,"bu","10:27:56",587200
28800,100,2400,"bu","10:27:56",587100
28800,100,2400,"bu","10:27:56",584700
28800,100,400,"bu","10:27:56",582300
28800,100,2400,"bu","10:27:56",581900
28800,100,2400,"bu","10:27:56",579500
28800,100,2000,"bu","10:27:56",577100
28800,100,200,"bu","10:27:56",575100
28800,100,200,"bu","10:27:56",574900
28800,100,1000,"bu","10:27:56",574700
28800,100,400,"bu","10:27:56",573700
28800,100,900,"bu","10:27:56",573300
28800,100,300,"bu","10:27:56",572400
28800,100,10000,"bu","10:27:56",572100
28800,100,100,"bu","10:27:56",562100
28800,100,500,"bu","10:27:56",562000
28800,100,100,"bu","10:27:56",561500
28750,50,500,"sd","10:26:32",561400
28800,100,100,"bu","10:26:08",560900
28800,100,1900,"bu","10:26:08",560800
28750,50,100,"sd","10:25:56",558900
28750,50,4000,"sd","10:25:46",558800
28750,50,100,"sd","10:25:16",554800
28750,50,1900,"sd","10:25:12",554700
28750,50,1900,"sd","10:24:54",552800
28750,50,100,"sd","10:24:50",550900
28800,100,10000,"bu","10:24:39",550800
28750,50,1900,"sd","10:23:33",540800
28750,50,300,"sd","10:22:28",538900
28750,50,400,"sd","10:22:22",538600
28750,50,1900,"sd","10:21:07",538200
28750,50,1700,"sd","10:21:02",536300
28750,50,1900,"sd","10:20:52",534600
28750,50,1700,"sd","10:20:44",532700
28800,100,300,"bu","10:20:32",531000
28750,50,3800,"sd","10:20:28",530700
28750,50,1700,"sd","10:20:22",526900
28750,50,300,"sd","10:20:07",525200
28750,50,3300,"sd","10:20:07",524900
28750,50,1700,"sd","10:20:01",521600
28800,100,100,"bu","10:19:45",519900
28750,50,1700,"sd","10:19:44",519800
28800,100,5300,"bu","10:18:58",518100
28750,50,3300,"bu","10:18:16",512800
28750,50,1000,"bu","10:18:04",509500
28750,50,700,"bu","10:17:58",508500
28750,50,200,"bu","10:17:55",507800
28750,50,3300,"bu","10:17:54",507600
28750,50,500,"bu","10:17:52",504300
28750,50,5000,"sd","10:17:50",503800
28750,50,1000,"sd","10:17:50",498800
28750,50,4500,"sd","10:17:33",497800
28750,50,4500,"bu","10:17:20",493300
28750,50,1000,"bu","10:17:18",488800
28750,50,700,"bu","10:16:52",487800
28750,50,500,"sd","10:16:38",487100
28750,50,8000,"sd","10:16:38",486600
28750,50,300,"sd","10:16:38",478600
28750,50,300,"bu","10:15:48",478300
28750,50,100,"bu","10:15:48",478000
28750,50,400,"bu","10:15:48",477900
28750,50,200,"bu","10:15:48",477500
28750,50,4400,"bu","10:15:47",477300
28750,50,200,"bu","10:15:47",472900
28750,50,400,"bu","10:15:47",472700
28750,50,100,"bu","10:15:39",472300
28750,50,100,"bu","10:15:37",472200
28750,50,1400,"bu","10:15:33",472100
28750,50,3600,"bu","10:15:33",470700
28750,50,200,"bu","10:15:33",467100
28750,50,1500,"bu","10:15:33",466900
28750,50,1200,"bu","10:15:33",465400
28750,50,100,"bu","10:15:33",464200
28750,50,1100,"bu","10:15:15",464100
28750,50,900,"bu","10:15:15",463000
28750,50,100,"bu","10:15:08",462100
28750,50,100,"bu","10:15:05",462000
28750,50,100,"bu","10:15:05",461900
28750,50,300,"bu","10:15:05",461800
28750,50,500,"bu","10:14:57",461500
28750,50,200,"bu","10:14:57",461000
28750,50,1300,"bu","10:14:57",460800
28750,50,100,"bu","10:14:36",459500
28750,50,100,"bu","10:13:57",459400
28750,50,200,"bu","10:13:19",459300
28750,50,3000,"bu","10:13:16",459100
28750,50,200,"bu","10:12:34",456100
28750,50,3000,"bu","10:12:08",455900
28750,50,1000,"bu","10:12:01",452900
28750,50,100,"bu","10:11:45",451900
28750,50,3000,"bu","10:11:30",451800
28750,50,200,"bu","10:09:46",448800
28700,0,700,"sd","10:09:39",448600
28750,50,2000,"bu","10:09:04",447900
28700,0,2200,"sd","10:09:02",445900
28700,0,100,"sd","10:09:02",443700
28700,0,1000,"sd","10:09:02",443600
28700,0,1000,"sd","10:09:02",442600
28700,0,1000,"sd","10:09:02",441600
28700,0,200,"sd","10:09:02",440600
28700,0,4200,"sd","10:09:02",440400
28700,0,300,"sd","10:09:02",436200
28700,0,300,"sd","10:07:11",435900
28700,0,3600,"sd","10:06:51",435600
28700,0,4000,"sd","10:06:37",432000
28700,0,500,"sd","10:05:24",428000
28700,0,1200,"sd","10:05:08",427500
28750,50,100,"bu","10:04:48",426300
28700,0,9200,"sd","10:04:23",426200
28700,0,900,"sd","10:03:59",417000
28700,0,300,"sd","10:03:59",416100
28700,0,500,"sd","10:03:59",415800
28700,0,1900,"sd","10:03:59",415300
28750,50,100,"bu","10:03:41",413400
28750,50,100,"sd","10:01:22",413300
28750,50,400,"sd","10:01:22",413200
28750,50,100,"sd","10:01:22",412800
28750,50,5000,"sd","10:01:22",412700
28750,50,500,"bu","10:00:48",407700
28750,50,2900,"bu","10:00:48",407200
28750,50,100,"bu","10:00:48",404300
28750,50,100,"bu","10:00:48",404200
28750,50,200,"bu","10:00:48",404100
28750,50,200,"bu","10:00:48",403900
28750,50,100,"bu","10:00:48",403700
28750,50,200,"bu","10:00:48",403600
28750,50,8400,"bu","10:00:48",403400
28750,50,100,"bu","10:00:23",395000
28750,50,2000,"bu","10:00:11",394900
28750,50,5200,"bu","09:59:24",392900
28750,50,1000,"bu","09:58:17",387700
28700,0,200,"sd","09:58:06",386700
28700,0,5000,"sd","09:57:48",386500
28750,50,3000,"bu","09:57:14",381500
28750,50,100,"bu","09:56:56",378500
28700,0,500,"sd","09:56:51",378400
28700,0,700,"sd","09:55:50",377900
28750,50,100,"bu","09:55:35",377200
28750,50,100,"bu","09:55:07",377100
28700,0,6200,"sd","09:55:02",377000
28700,0,1000,"sd","09:52:49",370800
28700,0,4200,"sd","09:51:14",369800
28700,0,300,"sd","09:50:47",365600
28700,0,300,"sd","09:50:47",365300
28700,0,200,"sd","09:50:47",365000
28700,0,100,"sd","09:50:47",364800
28700,0,100,"sd","09:50:47",364700
28700,0,900,"sd","09:50:47",364600
28700,0,100,"sd","09:50:47",363700
28700,0,100,"sd","09:50:47",363600
28700,0,300,"sd","09:50:39",363500
28700,0,100,"sd","09:48:42",363200
28700,0,1000,"sd","09:48:42",363100
28700,0,500,"sd","09:48:42",362100
28700,0,2000,"sd","09:48:42",361600
28700,0,3800,"sd","09:48:41",359600
28700,0,1200,"sd","09:48:36",355800
28700,0,1100,"sd","09:48:11",354600
28700,0,3800,"sd","09:47:48",353500
28700,0,1200,"sd","09:47:47",349700
28700,0,1200,"sd","09:47:43",348500
28700,0,1200,"sd","09:47:36",347300
28700,0,1200,"sd","09:47:20",346100
28700,0,1200,"sd","09:46:47",344900
28700,0,2100,"sd","09:46:05",343700
28700,0,1700,"sd","09:46:05",341600
28700,0,1200,"sd","09:46:03",339900
28700,0,1200,"sd","09:45:45",338700
28700,0,3800,"sd","09:45:41",337500
28700,0,2100,"sd","09:45:22",333700
28700,0,200,"sd","09:45:22",331600
28700,0,100,"sd","09:45:22",331400
28750,50,100,"sd","09:45:01",331300
28750,50,1000,"sd","09:45:01",331200
28750,50,1500,"sd","09:45:01",330200
28750,50,500,"sd","09:44:54",328700
28750,50,1900,"sd","09:44:54",328200
28750,50,2400,"sd","09:44:30",326300
28750,50,2400,"sd","09:44:15",323900
28750,50,3800,"sd","09:44:07",321500
28750,50,3800,"sd","09:43:28",317700
28750,50,5700,"sd","09:42:55",313900
28750,50,200,"sd","09:42:55",308200
28750,50,100,"sd","09:42:55",308000
28750,50,100,"sd","09:42:27",307900
28750,50,1000,"sd","09:42:27",307800
28750,50,900,"sd","09:42:27",306800
28750,50,200,"sd","09:41:04",305900
28750,50,2000,"sd","09:40:42",305700
28800,100,300,"bu","09:40:33",303700
28750,50,400,"bu","09:39:52",303400
28750,50,8000,"bu","09:39:52",303000
28750,50,1000,"bu","09:39:52",295000
28750,50,400,"bu","09:39:52",294000
28750,50,3100,"bu","09:39:52",293600
28700,0,100,"sd","09:39:17",290500
28700,0,1000,"sd","09:39:17",290400
28700,0,2500,"sd","09:39:17",289400
28750,50,500,"bu","09:39:13",286900
28700,0,2000,"sd","09:38:30",286400
28700,0,2400,"sd","09:36:13",284400
28700,0,2400,"sd","09:36:09",282000
28700,0,700,"sd","09:35:40",279600
28700,0,100,"sd","09:35:40",278900
28700,0,100,"sd","09:35:40",278800
28700,0,700,"sd","09:35:40",278700
28700,0,200,"sd","09:35:40",278000
28700,0,600,"sd","09:35:40",277800
28800,100,2000,"bu","09:35:27",277200
28700,0,400,"sd","09:35:27",275200
28700,0,1500,"sd","09:35:27",274800
28700,0,1700,"sd","09:35:01",273300
28700,0,900,"sd","09:34:43",271600
28750,50,800,"sd","09:34:43",270700
28750,50,600,"sd","09:34:27",269900
28750,50,500,"sd","09:34:27",269300
28750,50,500,"sd","09:34:08",268800
28750,50,1400,"sd","09:34:08",268300
28750,50,2400,"bu","09:33:30",266900
28750,50,1000,"bu","09:33:30",264500
28750,50,2400,"bu","09:33:30",263500
28750,50,2800,"bu","09:33:30",261100
28750,50,600,"bu","09:33:30",258300
28750,50,9600,"bu","09:33:06",257700
28750,50,300,"bu","09:33:06",248100
28750,50,100,"bu","09:33:06",247800
28750,50,200,"bu","09:33:03",247700
28750,50,2100,"bu","09:32:46",247500
28750,50,2400,"bu","09:32:46",245400
28750,50,1000,"bu","09:32:46",243000
28750,50,3800,"bu","09:32:46",242000
28750,50,9000,"bu","09:32:46",238200
28750,50,3800,"bu","09:32:46",229200
28750,50,7900,"bu","09:32:46",225400
28700,0,1500,"sd","09:32:29",217500
28700,0,8200,"sd","09:32:13",216000
28700,0,700,"sd","09:32:13",207800
28700,0,300,"sd","09:32:13",207100
28700,0,1200,"sd","09:32:13",206800
28700,0,3000,"sd","09:32:13",205600
28700,0,6000,"sd","09:32:13",202600
28700,0,200,"sd","09:32:13",196600
28700,0,5000,"sd","09:32:13",196400
28700,0,600,"sd","09:32:13",191400
28700,0,300,"sd","09:32:13",190800
28700,0,14400,"sd","09:32:13",190500
28700,0,100,"sd","09:32:13",176100
28750,50,100,"bu","09:32:03",176000
28700,0,1000,"sd","09:32:00",175900
28700,0,100,"sd","09:31:50",174900
28750,50,100,"bu","09:31:29",174800
28750,50,100,"bu","09:31:00",174700
28750,50,1000,"bu","09:30:16",174600
28750,50,100,"bu","09:30:13",173600
28750,50,2500,"bu","09:29:58",173500
28750,50,400,"bu","09:29:55",171000
28750,50,1000,"bu","09:29:54",170600
28750,50,5000,"bu","09:29:45",169600
28750,50,100,"bu","09:29:21",164600
28700,0,100,"sd","09:29:02",164500
28700,0,200,"sd","09:28:19",164400
28700,0,1000,"sd","09:28:11",164200
28750,50,1700,"bu","09:28:07",163200
28700,0,17300,"sd","09:27:13",161500
28700,0,1000,"sd","09:27:13",144200
28700,0,1700,"sd","09:27:13",143200
28750,50,200,"bu","09:27:13",141500
28750,50,3900,"bu","09:27:13",141300
28750,50,400,"bu","09:27:13",137400
28750,50,400,"bu","09:27:13",137000
28750,50,100,"bu","09:27:13",136600
28700,0,1800,"sd","09:27:02",136500
28700,0,200,"sd","09:27:02",134700
28700,0,300,"bu","09:26:36",134500
28700,0,200,"bu","09:26:35",134200
28700,0,4000,"bu","09:26:20",134000
28700,0,500,"sd","09:26:07",130000
28700,0,300,"sd","09:25:47",129500
28700,0,8000,"sd","09:25:47",129200
28700,0,500,"sd","09:25:47",121200
28700,0,800,"sd","09:25:47",120700
28700,0,400,"bu","09:24:16",119900
28700,0,400,"bu","09:24:16",119500
28700,0,2400,"bu","09:24:16",119100
28700,0,200,"bu","09:24:09",116700
28650,-50,2700,"sd","09:23:21",116500
28650,-50,100,"sd","09:23:21",113800
28650,-50,200,"sd","09:23:21",113700
28650,-50,1000,"sd","09:23:21",113500
28650,-50,1000,"sd","09:23:21",112500
28700,0,3000,"sd","09:22:11",111500
28700,0,900,"sd","09:22:11",108500
28700,0,4000,"sd","09:22:11",107600
28700,0,2000,"sd","09:22:11",103600
28700,0,500,"sd","09:22:11",101600
28700,0,2400,"sd","09:22:11",101100
28700,0,200,"sd","09:22:11",98700
28700,0,200,"sd","09:22:11",98500
28700,0,800,"sd","09:21:52",98300
28700,0,2400,"sd","09:21:52",97500
28700,0,200,"sd","09:21:52",95100
28700,0,200,"sd","09:21:52",94900
28700,0,200,"sd","09:21:29",94700
28750,50,100,"bu","09:20:57",94500
28700,0,2600,"sd","09:20:52",94400
28700,0,300,"sd","09:20:52",91800
28700,0,300,"sd","09:20:52",91500
28700,0,3400,"sd","09:20:52",91200
28750,50,2000,"bu","09:20:49",87800
28750,50,2100,"sd","09:20:32",85800
28750,50,1900,"sd","09:20:24",83700
28750,50,2200,"unknown","09:20:16",81800
28750,50,800,"unknown","09:20:16",79600
28700,0,4000,"sd","09:19:47",78800
28700,0,2000,"sd","09:19:45",74800
28700,0,7500,"sd","09:19:32",72800
28750,50,300,"sd","09:19:25",65300
28750,50,500,"sd","09:19:25",65000
28750,50,100,"sd","09:19:25",64500
28750,50,100,"sd","09:19:25",64400
28750,50,1500,"sd","09:19:25",64300
28750,50,1000,"sd","09:19:15",62800
28750,50,25500,"sd","09:19:08",61800
28750,50,5000,"sd","09:19:07",36300
28750,50,1200,"sd","09:18:52",31300
28750,50,1900,"sd","09:18:30",30100
28750,50,1000,"bu","09:18:06",28200
28750,50,2900,"bu","09:18:06",27200
28700,0,1100,"sd","09:17:57",24300
28700,0,800,"sd","09:17:57",23200
28700,0,2200,"sd","09:17:51",22400
28700,0,1400,"sd","09:17:51",20200
28700,0,3600,"sd","09:17:40",18800
28750,50,200,"bu","09:17:33",15200
28750,50,300,"bu","09:17:13",15000
28750,50,100,"bu","09:17:10",14700
28750,50,100,"bu","09:17:03",14600
28800,100,100,"bu","09:16:52",14500
28700,0,1200,"sd","09:16:39",14400
28700,0,800,"sd","09:16:18",13200
28700,0,2000,"sd","09:16:18",12400
28700,0,800,"sd","09:16:18",10400
28700,0,100,"bu","09:15:45",9600
28700,0,100,"bu","09:15:45",9500
28650,-50,9400,"unknown","09:14:59",9400
