"price","change","match_qtty","side","time","total_vol"
5100,0,100,"bu","14:35:12",218200
5000,-100,2000,"sd","14:28:48",218100
5100,0,100,"bu","14:18:44",216100
5100,0,700,"bu","14:15:49",216000
5100,0,200,"bu","14:15:39",215300
5000,-100,200,"sd","14:11:35",215100
5000,-100,300,"sd","14:02:51",214900
5000,-100,1000,"sd","14:01:34",214600
5000,-100,1000,"sd","14:00:23",213600
5000,-100,10000,"sd","13:59:05",212600
5000,-100,4300,"sd","13:56:01",202600
5000,-100,100,"bu","13:55:49",198300
5000,-100,75600,"sd","13:55:47",198200
5000,-100,6100,"sd","13:54:47",122600
5000,-100,1600,"sd","13:53:30",116500
5100,0,100,"bu","13:46:15",114900
5100,0,700,"bu","13:44:33",114800
5100,0,100,"bu","13:37:02",114100
5100,0,100,"bu","13:36:49",114000
5100,0,100,"bu","13:22:11",113900
5100,0,1300,"bu","13:17:39",113800
5100,0,1100,"bu","13:16:32",112500
5100,0,600,"bu","13:15:59",111400
5000,-100,500,"sd","13:04:11",110800
5100,0,100,"bu","11:21:30",110300
5000,-100,1000,"sd","11:12:58",110200
5000,-100,20000,"sd","11:06:50",109200
5100,0,200,"bu","10:47:52",89200
5100,0,100,"bu","10:47:12",89000
5100,0,600,"bu","10:45:07",88900
5000,-100,300,"sd","10:44:12",88300
5000,-100,11000,"sd","10:39:45",88000
5000,-100,3600,"sd","10:38:44",77000
5000,-100,2400,"sd","10:35:57",73400
5000,-100,18600,"sd","10:34:00",71000
5000,-100,1000,"sd","10:31:47",52400
5100,0,100,"bu","10:27:08",51400
5100,0,400,"bu","10:22:48",51300
5100,0,100,"bu","10:15:47",50900
5000,-100,4200,"sd","10:14:17",50800
5100,0,200,"bu","10:12:40",46600
5100,0,2000,"bu","10:09:28",46400
5100,0,5000,"bu","09:42:27",44400
5100,0,1000,"sd","09:31:00",39400
5100,0,6000,"sd","09:30:58",38400
5100,0,500,"sd","09:30:46",32400
5100,0,1000,"sd","09:29:36",31900
5100,0,500,"sd","09:24:11",30900
5100,0,5300,"sd","09:23:54",30400
5100,0,300,"sd","09:23:36",25100
5100,0,4000,"sd","09:22:04",24800
5200,100,1000,"bu","09:10:46",20800
5100,0,800,"sd","09:10:25",19800
5200,100,500,"bu","09:09:10",19000
5200,100,8500,"bu","09:08:18",18500
5000,-100,10000,"sd","09:00:16",10000
