"price","change","match_qtty","side","time","total_vol"
5340,40,7500,"sd","14:45:01",207500
5340,40,4000,"sd","14:29:17",200000
5340,40,6000,"sd","14:29:17",196000
5350,50,2400,"bu","14:28:51",190000
5350,50,100,"sd","14:28:47",187600
5350,50,300,"sd","14:28:47",187500
5350,50,100,"sd","14:28:47",187200
5350,50,100,"sd","14:28:29",187100
5360,60,2000,"bu","14:28:18",187000
5360,60,500,"bu","14:26:14",185000
5360,60,600,"sd","14:24:19",184500
5360,60,2400,"sd","14:24:19",183900
5360,60,2000,"sd","14:22:11",181500
5360,60,400,"sd","14:21:24",179500
5360,60,600,"bu","14:21:23",179100
5360,60,400,"bu","14:20:50",178500
5360,60,100,"bu","14:20:50",178100
5360,60,900,"bu","14:19:58",178000
5360,60,100,"bu","14:19:58",177100
5360,60,1600,"bu","14:19:58",177000
5350,50,700,"sd","14:19:22",175400
5350,50,100,"sd","14:18:27",174700
5350,50,300,"sd","14:18:27",174600
5360,60,100,"bu","14:16:40",174300
5360,60,600,"bu","14:16:15",174200
5360,60,700,"bu","14:14:38",173600
5360,60,100,"bu","14:14:38",172900
5360,60,100,"bu","14:14:16",172800
5360,60,500,"bu","14:14:12",172700
5360,60,200,"bu","14:12:41",172200
5360,60,800,"bu","14:12:06",172000
5360,60,1800,"bu","14:09:13",171200
5350,50,100,"sd","14:07:35",169400
5350,50,100,"sd","14:07:35",169300
5360,60,500,"bu","14:00:53",169200
5360,60,1000,"bu","13:56:30",168700
5360,60,500,"bu","13:56:30",167700
5360,60,100,"bu","13:54:47",167200
5350,50,500,"bu","13:54:47",167100
5360,60,1100,"bu","13:48:46",166600
5360,60,300,"bu","13:45:50",165500
5360,60,500,"bu","13:45:50",165200
5360,60,400,"bu","13:45:50",164700
5350,50,1000,"bu","13:45:03",164300
5350,50,400,"bu","13:45:03",163300
5350,50,100,"bu","13:43:39",162900
5350,50,100,"bu","13:43:14",162800
5340,40,500,"sd","13:35:20",162700
5350,50,300,"bu","13:33:57",162200
5350,50,1400,"bu","13:33:57",161900
5350,50,3300,"bu","13:31:01",160500
5350,50,600,"bu","13:31:01",157200
5350,50,600,"bu","13:31:01",156600
5350,50,500,"bu","13:31:01",156000
5340,40,4000,"sd","13:30:28",155500
5340,40,1000,"bu","13:29:42",151500
5340,40,8500,"bu","13:29:42",150500
5340,40,6000,"bu","13:29:11",142000
5340,40,2000,"bu","13:28:55",136000
5340,40,1100,"bu","13:27:50",134000
5340,40,100,"bu","13:27:44",132900
5340,40,200,"bu","13:26:45",132800
5330,30,100,"sd","13:26:44",132600
5330,30,1000,"sd","13:26:15",132500
5340,40,100,"bu","13:25:47",131500
5340,40,100,"bu","13:25:10",131400
5340,40,100,"bu","13:23:31",131300
5330,30,2300,"bu","13:23:13",131200
5320,20,100,"sd","13:21:25",128900
5320,20,2300,"sd","13:21:25",128800
5340,40,600,"bu","13:20:34",126500
5320,20,700,"bu","13:17:35",125900
5320,20,500,"bu","13:16:57",125200
5320,20,100,"bu","13:16:08",124700
5320,20,200,"sd","13:14:31",124600
5320,20,3500,"sd","13:14:31",124400
5340,40,100,"bu","13:14:02",120900
5340,40,2000,"bu","13:13:36",120800
5340,40,300,"bu","13:13:30",118800
5320,20,100,"bu","13:08:01",118500
5320,20,1000,"bu","13:08:01",118400
5320,20,400,"bu","13:08:01",117400
5310,10,100,"sd","13:07:42",117000
5320,20,100,"bu","13:07:04",116900
5320,20,500,"bu","13:06:13",116800
5320,20,100,"bu","13:06:13",116300
5320,20,400,"bu","13:06:13",116200
5320,20,1000,"bu","13:04:32",115800
5320,20,100,"bu","13:02:58",114800
5310,10,600,"sd","13:00:01",114700
5310,10,100,"bu","13:00:00",114100
5310,10,100,"bu","13:00:00",114000
5310,10,100,"sd","11:27:33",113900
5350,50,100,"bu","11:23:58",113800
5350,50,5000,"bu","11:02:54",113700
5300,0,200,"sd","11:00:22",108700
5300,0,200,"sd","11:00:22",108500
5300,0,100,"sd","11:00:22",108300
5300,0,1000,"sd","11:00:22",108200
5300,0,500,"sd","11:00:22",107200
5300,0,2000,"sd","11:00:22",106700
5300,0,200,"sd","11:00:22",104700
5300,0,700,"sd","11:00:22",104500
5310,10,200,"sd","11:00:22",103800
5320,20,2000,"sd","11:00:22",103600
5320,20,1000,"sd","11:00:22",101600
5320,20,600,"sd","11:00:22",100600
5330,30,2300,"bu","10:56:06",100000
5330,30,200,"sd","10:52:09",97700
5330,30,100,"sd","10:52:09",97500
5330,30,5900,"sd","10:52:09",97400
5340,40,100,"sd","10:52:09",91500
5340,40,100,"sd","10:52:09",91400
5340,40,1500,"sd","10:52:09",91300
5340,40,200,"sd","10:52:09",89800
5340,40,5900,"sd","10:52:09",89600
5340,40,100,"sd","10:49:13",83700
5340,40,9000,"sd","10:42:33",83600
5340,40,1000,"sd","10:42:33",74600
5360,60,100,"bu","10:40:26",73600
5350,50,300,"sd","10:36:45",73500
5350,50,100,"sd","10:36:34",73200
5360,60,500,"bu","10:36:13",73100
5360,60,1000,"bu","10:35:51",72600
5350,50,200,"sd","10:35:37",71600
5360,60,500,"bu","10:35:01",71400
5360,60,600,"bu","10:32:44",70900
5360,60,300,"bu","10:32:44",70300
5360,60,3500,"bu","10:31:42",70000
5360,60,2000,"bu","10:31:38",66500
5360,60,100,"bu","10:31:33",64500
5360,60,1000,"bu","10:31:01",64400
5360,60,1500,"bu","10:26:20",63400
5360,60,200,"bu","10:26:09",61900
5360,60,1100,"bu","10:26:00",61700
5360,60,1000,"bu","10:25:40",60600
5330,30,200,"sd","10:24:01",59600
5330,30,400,"sd","10:21:36",59400
5330,30,600,"sd","10:21:35",59000
5330,30,400,"bu","10:21:25",58400
5330,30,400,"bu","10:20:43",58000
5330,30,500,"bu","10:20:12",57600
5330,30,400,"bu","10:19:53",57100
5330,30,100,"bu","10:18:42",56700
5330,30,2000,"bu","10:17:47",56600
5330,30,1000,"sd","10:17:44",54600
5330,30,400,"sd","10:17:44",53600
5330,30,5000,"sd","10:17:44",53200
5330,30,8000,"sd","10:17:44",48200
5340,40,100,"sd","10:17:44",40200
5340,40,1000,"sd","10:17:44",40100
5340,40,100,"sd","10:17:44",39100
5350,50,1000,"sd","10:15:43",39000
5360,60,3300,"bu","10:15:29",38000
5360,60,1000,"bu","10:15:29",34700
5360,60,700,"bu","10:15:29",33700
5350,50,200,"sd","10:14:29",33000
5360,60,1000,"bu","10:14:06",32800
5350,50,1000,"sd","10:12:23",31800
5350,50,2500,"sd","10:12:23",30800
5360,60,500,"bu","10:11:30",28300
5360,60,100,"bu","10:10:23",27800
5360,60,100,"sd","10:03:23",27700
5360,60,100,"bu","09:59:05",27600
5360,60,200,"bu","09:57:46",27500
5340,40,100,"sd","09:57:16",27300
5350,50,200,"sd","09:56:51",27200
5350,50,100,"sd","09:56:50",27000
5350,50,200,"sd","09:56:50",26900
5350,50,500,"sd","09:56:50",26700
5370,70,400,"bu","09:56:11",26200
5370,70,100,"bu","09:56:11",25800
5360,60,100,"sd","09:56:09",25700
5370,70,400,"bu","09:51:12",25600
5370,70,300,"bu","09:50:40",25200
5370,70,100,"bu","09:50:11",24900
5350,50,5000,"sd","09:44:33",24800
5400,100,900,"bu","09:43:17",19800
5400,100,2100,"bu","09:43:17",18900
5400,100,200,"bu","09:42:42",16800
5400,100,300,"bu","09:42:07",16600
5400,100,900,"bu","09:40:18",16300
5360,60,100,"bu","09:40:18",15400
5330,30,2000,"sd","09:38:06",15300
5320,20,100,"sd","09:35:40",13300
5320,20,100,"sd","09:35:40",13200
5320,20,800,"sd","09:35:40",13100
5320,20,100,"bu","09:31:31",12300
5300,0,300,"bu","09:29:48",12200
5300,0,100,"sd","09:29:25",11900
5300,0,1600,"sd","09:29:25",11800
5300,0,1400,"bu","09:28:22",10200
5300,0,600,"sd","09:27:41",8800
5300,0,200,"bu","09:27:36",8200
5300,0,200,"bu","09:27:36",8000
5300,0,1000,"sd","09:24:47",7800
5300,0,500,"bu","09:23:36",6800
5300,0,1000,"bu","09:19:38",6300
5300,0,1000,"bu","09:18:45",5300
5300,0,800,"bu","09:18:13",4300
5300,0,200,"bu","09:17:11",3500
5300,0,500,"bu","09:15:55",3300
5300,0,2800,"bu","09:15:01",2800
