"price","change","match_qtty","side","time","total_vol"
4000,-240,632200,"bu","14:45:02",8965100
4020,-220,700,"sd","14:29:59",8332900
4020,-220,2000,"bu","14:29:46",8332200
4020,-220,1800,"bu","14:29:46",8330200
4020,-220,100,"bu","14:29:41",8328400
4020,-220,800,"bu","14:29:34",8328300
4020,-220,900,"bu","14:29:34",8327500
4020,-220,100,"bu","14:29:34",8326600
4010,-230,400,"sd","14:29:27",8326500
4020,-220,1900,"bu","14:29:18",8326100
4020,-220,1000,"bu","14:29:17",8324200
4020,-220,200,"bu","14:29:13",8323200
4010,-230,7500,"sd","14:29:02",8323000
4020,-220,1000,"bu","14:29:02",8315500
4020,-220,200,"bu","14:28:59",8314500
4020,-220,100,"unknown","14:28:53",8314300
4020,-220,500,"unknown","14:28:53",8314200
4010,-230,13300,"sd","14:28:52",8313700
4010,-230,2000,"sd","14:28:52",8300400
4010,-230,300,"sd","14:28:52",8298400
4010,-230,500,"sd","14:28:52",8298100
4010,-230,3000,"sd","14:28:52",8297600
4010,-230,300,"sd","14:28:52",8294600
4010,-230,500,"sd","14:28:52",8294300
4010,-230,700,"sd","14:28:52",8293800
4020,-220,1000,"sd","14:28:52",8293100
4020,-220,2400,"sd","14:28:52",8292100
4030,-210,2000,"bu","14:28:49",8289700
4020,-220,600,"sd","14:28:48",8287700
4020,-220,300,"sd","14:28:48",8287100
4020,-220,1900,"sd","14:28:48",8286800
4020,-220,500,"sd","14:28:48",8284900
4020,-220,1700,"sd","14:28:48",8284400
4030,-210,500,"bu","14:28:45",8282700
4030,-210,1000,"bu","14:28:43",8282200
4020,-220,1300,"sd","14:28:42",8281200
4020,-220,3000,"sd","14:28:42",8279900
4020,-220,700,"sd","14:28:42",8276900
4020,-220,100,"sd","14:28:42",8276200
4020,-220,1700,"sd","14:28:42",8276100
4020,-220,300,"sd","14:28:42",8274400
4020,-220,2900,"sd","14:28:42",8274100
4030,-210,400,"bu","14:28:39",8271200
4030,-210,5000,"bu","14:28:35",8270800
4030,-210,5000,"bu","14:28:34",8265800
4030,-210,300,"bu","14:28:24",8260800
4030,-210,1000,"bu","14:28:23",8260500
4030,-210,5000,"bu","14:28:11",8259500
4020,-220,1000,"sd","14:28:11",8254500
4020,-220,5000,"sd","14:28:07",8253500
4030,-210,10000,"bu","14:28:01",8248500
4020,-220,1100,"sd","14:27:53",8238500
4020,-220,3000,"sd","14:27:53",8237400
4020,-220,100,"sd","14:27:53",8234400
4020,-220,700,"sd","14:27:53",8234300
4020,-220,100,"sd","14:27:53",8233600
4030,-210,200,"bu","14:27:41",8233500
4030,-210,100,"bu","14:27:34",8233300
4030,-210,900,"bu","14:27:30",8233200
4030,-210,100,"bu","14:27:30",8232300
4030,-210,5000,"bu","14:27:30",8232200
4030,-210,1000,"bu","14:27:30",8227200
4030,-210,3000,"bu","14:27:30",8226200
4030,-210,300,"bu","14:27:29",8223200
4020,-220,200,"sd","14:27:24",8222900
4020,-220,500,"sd","14:27:24",8222700
4020,-220,5000,"sd","14:27:24",8222200
4030,-210,1000,"bu","14:27:23",8217200
4030,-210,500,"bu","14:27:14",8216200
4010,-230,2400,"sd","14:27:13",8215700
4010,-230,1000,"sd","14:27:13",8213300
4010,-230,100,"sd","14:27:13",8212300
4010,-230,300,"sd","14:27:13",8212200
4010,-230,1000,"sd","14:27:13",8211900
4010,-230,100,"sd","14:27:13",8210900
4010,-230,2000,"sd","14:27:13",8210800
4010,-230,1000,"sd","14:27:13",8208800
4010,-230,2200,"sd","14:27:13",8207800
4010,-230,200,"sd","14:27:13",8205600
4010,-230,17600,"sd","14:27:13",8205400
4010,-230,1600,"sd","14:27:13",8187800
4020,-220,500,"sd","14:27:13",8186200
4030,-210,100,"bu","14:27:13",8185700
4020,-220,100,"sd","14:27:10",8185600
4030,-210,100,"bu","14:27:02",8185500
4030,-210,500,"bu","14:26:56",8185400
4020,-220,200,"bu","14:26:56",8184900
4010,-230,1400,"sd","14:26:47",8184700
4020,-220,600,"sd","14:26:47",8183300
4030,-210,200,"bu","14:26:44",8182700
4020,-220,600,"sd","14:26:44",8182500
4020,-220,200,"sd","14:26:44",8181900
4020,-220,600,"sd","14:26:44",8181700
4020,-220,200,"sd","14:26:44",8181100
4020,-220,400,"sd","14:26:44",8180900
4030,-210,100,"bu","14:26:30",8180500
4030,-210,200,"bu","14:26:26",8180400
4010,-230,2000,"bu","14:26:24",8180200
4010,-230,5000,"bu","14:26:23",8178200
4010,-230,3000,"sd","14:26:23",8173200
4010,-230,10000,"sd","14:26:23",8170200
4010,-230,3000,"sd","14:26:23",8160200
4010,-230,100,"sd","14:26:23",8157200
4010,-230,1000,"sd","14:26:23",8157100
4010,-230,200,"sd","14:26:23",8156100
4010,-230,1700,"sd","14:26:23",8155900
4020,-220,200,"sd","14:26:23",8154200
4020,-220,10000,"sd","14:26:23",8154000
4020,-220,1100,"sd","14:26:23",8144000
4020,-220,500,"sd","14:26:23",8142900
4020,-220,2200,"sd","14:26:23",8142400
4020,-220,100,"bu","14:26:22",8140200
4020,-220,700,"bu","14:26:22",8140100
4020,-220,1000,"bu","14:26:21",8139400
4020,-220,300,"bu","14:26:20",8138400
4020,-220,100,"bu","14:26:17",8138100
4020,-220,5000,"bu","14:26:07",8138000
4020,-220,7100,"bu","14:26:04",8133000
4010,-230,300,"sd","14:26:00",8125900
4020,-220,13200,"bu","14:25:52",8125600
4000,-240,300,"bu","14:25:35",8112400
4000,-240,2700,"bu","14:25:34",8112100
4000,-240,300,"bu","14:25:34",8109400
4000,-240,100,"bu","14:25:34",8109100
4000,-240,100,"bu","14:25:33",8109000
4000,-240,300,"bu","14:25:33",8108900
4000,-240,200,"bu","14:25:33",8108600
4000,-240,800,"bu","14:25:33",8108400
4000,-240,200,"bu","14:25:32",8107600
4000,-240,800,"bu","14:25:31",8107400
4000,-240,200,"bu","14:25:31",8106600
4000,-240,25000,"bu","14:25:31",8106400
4000,-240,4000,"bu","14:25:31",8081400
4000,-240,500,"bu","14:25:31",8077400
4000,-240,8000,"bu","14:25:31",8076900
4000,-240,2000,"bu","14:25:31",8068900
4000,-240,4000,"bu","14:25:31",8066900
4000,-240,5500,"bu","14:25:31",8062900
4000,-240,5000,"bu","14:25:30",8057400
4000,-240,500,"bu","14:25:29",8052400
4000,-240,300,"bu","14:25:29",8051900
4000,-240,1500,"bu","14:25:27",8051600
4000,-240,2000,"bu","14:25:25",8050100
4000,-240,200,"bu","14:25:23",8048100
4000,-240,1000,"bu","14:25:22",8047900
4000,-240,200,"bu","14:25:13",8046900
4000,-240,500,"bu","14:25:13",8046700
4000,-240,2000,"bu","14:25:11",8046200
4000,-240,5000,"bu","14:25:10",8044200
3990,-250,100,"sd","14:25:09",8039200
4000,-240,500,"bu","14:25:08",8039100
4000,-240,5800,"bu","14:25:07",8038600
4000,-240,4200,"bu","14:25:07",8032800
4000,-240,100,"bu","14:25:07",8028600
4000,-240,5000,"bu","14:25:06",8028500
4000,-240,1000,"bu","14:25:05",8023500
4000,-240,6300,"bu","14:25:05",8022500
4000,-240,8000,"bu","14:25:04",8016200
4000,-240,500,"bu","14:24:58",8008200
4000,-240,500,"bu","14:24:46",8007700
3990,-250,2300,"sd","14:24:42",8007200
3990,-250,1600,"sd","14:24:42",8004900
4000,-240,2100,"bu","14:24:41",8003300
4000,-240,100,"bu","14:24:38",8001200
4000,-240,5000,"bu","14:24:34",8001100
4000,-240,2000,"bu","14:24:34",7996100
4000,-240,4100,"bu","14:24:28",7994100
4000,-240,500,"bu","14:24:26",7990000
4000,-240,600,"bu","14:24:26",7989500
4000,-240,29400,"bu","14:24:26",7988900
3990,-250,4600,"sd","14:24:25",7959500
3990,-250,2600,"sd","14:24:23",7954900
4000,-240,5000,"bu","14:24:23",7952300
4000,-240,100,"bu","14:24:22",7947300
4000,-240,300,"bu","14:24:20",7947200
4000,-240,100,"bu","14:24:16",7946900
4000,-240,100,"bu","14:24:13",7946800
4000,-240,1000,"bu","14:24:11",7946700
4000,-240,2000,"bu","14:24:08",7945700
4000,-240,1000,"bu","14:24:08",7943700
4000,-240,100,"bu","14:24:08",7942700
4000,-240,5000,"bu","14:24:07",7942600
4000,-240,100,"bu","14:24:04",7937600
4000,-240,200,"bu","14:24:00",7937500
4000,-240,1000,"bu","14:23:59",7937300
4000,-240,2000,"bu","14:23:59",7936300
4000,-240,2000,"bu","14:23:57",7934300
4000,-240,300,"bu","14:23:57",7932300
4000,-240,300,"bu","14:23:56",7932000
4000,-240,800,"bu","14:23:56",7931700
4000,-240,3900,"bu","14:23:56",7930900
4000,-240,2000,"bu","14:23:55",7927000
4000,-240,300,"bu","14:23:52",7925000
4000,-240,1000,"bu","14:23:51",7924700
4000,-240,100,"bu","14:23:48",7923700
4000,-240,5000,"bu","14:23:43",7923600
4000,-240,5000,"bu","14:23:41",7918600
3990,-250,1800,"sd","14:23:40",7913600
4000,-240,200,"bu","14:23:36",7911800
3990,-250,19400,"sd","14:23:34",7911600
3990,-250,5000,"sd","14:23:34",7892200
3990,-250,500,"sd","14:23:34",7887200
3990,-250,100,"sd","14:23:34",7886700
3990,-250,500,"sd","14:23:34",7886600
3990,-250,2000,"sd","14:23:34",7886100
3990,-250,500,"sd","14:23:34",7884100
3990,-250,700,"sd","14:23:34",7883600
3990,-250,1000,"sd","14:23:34",7882900
3990,-250,1000,"sd","14:23:34",7881900
3990,-250,5000,"sd","14:23:34",7880900
3990,-250,300,"sd","14:23:34",7875900
3990,-250,10000,"sd","14:23:34",7875600
3990,-250,100,"sd","14:23:34",7865600
3990,-250,100,"sd","14:23:34",7865500
3990,-250,1700,"sd","14:23:34",7865400
3990,-250,2100,"sd","14:23:34",7863700
4000,-240,1000,"bu","14:23:33",7861600
4000,-240,5000,"bu","14:23:33",7860600
4000,-240,100,"bu","14:23:33",7855600
4000,-240,5000,"bu","14:23:32",7855500
4000,-240,1000,"bu","14:23:30",7850500
3990,-250,100,"sd","14:23:29",7849500
4000,-240,5000,"bu","14:23:26",7849400
4000,-240,400,"bu","14:23:24",7844400
4000,-240,100,"bu","14:23:23",7844000
3990,-250,1000,"sd","14:23:23",7843900
4000,-240,100,"bu","14:23:21",7842900
4000,-240,4000,"bu","14:23:18",7842800
4000,-240,300,"bu","14:23:11",7838800
3990,-250,2500,"sd","14:23:07",7838500
3990,-250,3800,"bu","14:23:06",7836000
3990,-250,10500,"bu","14:23:06",7832200
3990,-250,100,"bu","14:23:05",7821700
3990,-250,100,"bu","14:23:05",7821600
3990,-250,1000,"bu","14:23:05",7821500
3990,-250,1000,"bu","14:23:05",7820500
3990,-250,100,"bu","14:23:02",7819500
3990,-250,400,"bu","14:23:00",7819400
3990,-250,300,"bu","14:23:00",7819000
3990,-250,300,"bu","14:23:00",7818700
3990,-250,100,"bu","14:22:59",7818400
3990,-250,100,"bu","14:22:57",7818300
3990,-250,200,"bu","14:22:55",7818200
3990,-250,500,"bu","14:22:55",7818000
3990,-250,100,"sd","14:22:51",7817500
3990,-250,100,"sd","14:22:51",7817400
3990,-250,100,"sd","14:22:51",7817300
4000,-240,100,"bu","14:22:48",7817200
4000,-240,600,"bu","14:22:46",7817100
3990,-250,200,"sd","14:22:45",7816500
3990,-250,500,"sd","14:22:45",7816300
3990,-250,100,"sd","14:22:45",7815800
3990,-250,300,"sd","14:22:45",7815700
3990,-250,800,"sd","14:22:45",7815400
4000,-240,20000,"bu","14:22:42",7814600
4000,-240,100,"bu","14:22:42",7794600
3990,-250,100,"sd","14:22:41",7794500
3990,-250,900,"sd","14:22:41",7794400
4000,-240,100,"bu","14:22:39",7793500
3990,-250,600,"sd","14:22:39",7793400
3990,-250,100,"sd","14:22:39",7792800
3990,-250,300,"sd","14:22:39",7792700
3990,-250,1000,"sd","14:22:39",7792400
3990,-250,100,"sd","14:22:39",7791400
3990,-250,5000,"sd","14:22:39",7791300
3990,-250,600,"sd","14:22:39",7786300
3990,-250,300,"sd","14:22:39",7785700
3990,-250,2600,"sd","14:22:38",7785400
3990,-250,500,"sd","14:22:38",7782800
3990,-250,1000,"sd","14:22:38",7782300
3990,-250,200,"sd","14:22:38",7781300
3990,-250,500,"sd","14:22:38",7781100
3990,-250,1500,"sd","14:22:38",7780600
3990,-250,1000,"sd","14:22:38",7779100
3990,-250,1000,"sd","14:22:38",7778100
3990,-250,2000,"sd","14:22:38",7777100
3990,-250,500,"sd","14:22:38",7775100
3990,-250,1000,"sd","14:22:38",7774600
3990,-250,500,"sd","14:22:38",7773600
3990,-250,100,"sd","14:22:38",7773100
3990,-250,2600,"sd","14:22:38",7773000
4000,-240,2200,"bu","14:22:32",7770400
4000,-240,5000,"bu","14:22:30",7768200
4000,-240,10000,"bu","14:22:30",7763200
4000,-240,1600,"bu","14:22:29",7753200
3990,-250,5000,"sd","14:22:28",7751600
4000,-240,400,"bu","14:22:27",7746600
4000,-240,5000,"bu","14:22:25",7746200
4000,-240,2000,"bu","14:22:19",7741200
4000,-240,5000,"sd","14:22:18",7739200
4000,-240,1000,"sd","14:22:18",7734200
4000,-240,100,"sd","14:22:18",7733200
4000,-240,15000,"sd","14:22:18",7733100
4000,-240,1000,"sd","14:22:18",7718100
4000,-240,1000,"sd","14:22:18",7717100
4000,-240,2000,"sd","14:22:18",7716100
4000,-240,200,"sd","14:22:18",7714100
4000,-240,200,"sd","14:22:18",7713900
4000,-240,50000,"sd","14:22:18",7713700
4000,-240,2000,"sd","14:22:18",7663700
4000,-240,1000,"sd","14:22:18",7661700
4000,-240,1000,"sd","14:22:18",7660700
4000,-240,200,"sd","14:22:18",7659700
4000,-240,200,"sd","14:22:18",7659500
4000,-240,1000,"sd","14:22:18",7659300
4000,-240,100,"sd","14:22:18",7658300
4000,-240,1000,"sd","14:22:18",7658200
4000,-240,100,"sd","14:22:18",7657200
4000,-240,3000,"sd","14:22:18",7657100
4000,-240,100,"sd","14:22:18",7654100
4000,-240,5000,"sd","14:22:18",7654000
4000,-240,100,"sd","14:22:18",7649000
4000,-240,200,"sd","14:22:18",7648900
4000,-240,500,"sd","14:22:18",7648700
4000,-240,100,"sd","14:22:18",7648200
4000,-240,200,"sd","14:22:18",7648100
4000,-240,900,"sd","14:22:18",7647900
4000,-240,4100,"sd","14:22:18",7647000
4000,-240,100,"sd","14:22:18",7642900
4000,-240,1500,"sd","14:22:18",7642800
4000,-240,300,"sd","14:22:18",7641300
4000,-240,200,"sd","14:22:18",7641000
4000,-240,7000,"sd","14:22:18",7640800
4000,-240,100,"sd","14:22:18",7633800
4000,-240,1000,"sd","14:22:18",7633700
4000,-240,2000,"sd","14:22:18",7632700
4000,-240,2000,"sd","14:22:18",7630700
4000,-240,5000,"sd","14:22:18",7628700
4000,-240,5000,"sd","14:22:18",7623700
4000,-240,1000,"sd","14:22:18",7618700
4000,-240,10000,"sd","14:22:18",7617700
4000,-240,500,"sd","14:22:18",7607700
4000,-240,100,"sd","14:22:18",7607200
4000,-240,4000,"sd","14:22:18",7607100
4000,-240,100,"sd","14:22:18",7603100
4000,-240,20000,"sd","14:22:18",7603000
4000,-240,5000,"sd","14:22:18",7583000
4000,-240,1000,"sd","14:22:18",7578000
4000,-240,200,"sd","14:22:18",7577000
4000,-240,200,"sd","14:22:18",7576800
4000,-240,1000,"sd","14:22:18",7576600
4000,-240,100,"sd","14:22:18",7575600
4000,-240,500,"sd","14:22:18",7575500
4000,-240,200,"sd","14:22:18",7575000
4000,-240,100,"sd","14:22:18",7574800
4000,-240,300,"sd","14:22:18",7574700
4000,-240,500,"sd","14:22:18",7574400
4000,-240,800,"sd","14:22:18",7573900
4000,-240,10000,"sd","14:22:18",7573100
4000,-240,1000,"sd","14:22:18",7563100
4000,-240,500,"sd","14:22:18",7562100
4000,-240,1000,"sd","14:22:18",7561600
4000,-240,5000,"sd","14:22:18",7560600
4000,-240,3000,"sd","14:22:18",7555600
4000,-240,1000,"sd","14:22:18",7552600
4000,-240,500,"sd","14:22:18",7551600
4000,-240,2000,"sd","14:22:18",7551100
4000,-240,500,"sd","14:22:18",7549100
4000,-240,1000,"sd","14:22:18",7548600
4000,-240,500,"sd","14:22:18",7547600
4000,-240,1000,"sd","14:22:18",7547100
4000,-240,400,"sd","14:22:18",7546100
4000,-240,10000,"sd","14:22:18",7545700
4000,-240,2600,"sd","14:22:18",7535700
4000,-240,1500,"sd","14:22:18",7533100
4000,-240,500,"sd","14:22:18",7531600
4000,-240,5000,"sd","14:22:18",7531100
4000,-240,2600,"sd","14:22:18",7526100
4000,-240,10000,"sd","14:22:18",7523500
4000,-240,100,"sd","14:22:18",7513500
4000,-240,3000,"sd","14:22:18",7513400
4000,-240,1200,"sd","14:22:18",7510400
4000,-240,200,"sd","14:22:18",7509200
4000,-240,3800,"sd","14:22:18",7509000
4000,-240,200,"sd","14:22:18",7505200
4000,-240,10000,"sd","14:22:18",7505000
4000,-240,5000,"sd","14:22:18",7495000
4000,-240,500,"sd","14:22:18",7490000
4000,-240,18000,"sd","14:22:18",7489500
4000,-240,2000,"sd","14:22:18",7471500
4000,-240,4000,"sd","14:22:18",7469500
4000,-240,400,"sd","14:22:18",7465500
4000,-240,2000,"sd","14:22:18",7465100
4000,-240,2000,"sd","14:22:18",7463100
4000,-240,200,"sd","14:22:18",7461100
4000,-240,5000,"sd","14:22:18",7460900
4000,-240,300,"sd","14:22:18",7455900
4000,-240,5000,"sd","14:22:18",7455600
4000,-240,500,"sd","14:22:18",7450600
4000,-240,100,"sd","14:22:18",7450100
4000,-240,5000,"sd","14:22:18",7450000
4000,-240,1000,"sd","14:22:18",7445000
4000,-240,200,"sd","14:22:18",7444000
4000,-240,200,"sd","14:22:18",7443800
4000,-240,100,"sd","14:22:18",7443600
4000,-240,100,"sd","14:22:18",7443500
4000,-240,10000,"sd","14:22:18",7443400
4000,-240,900,"sd","14:22:18",7433400
4000,-240,1000,"sd","14:22:18",7432500
4000,-240,400,"sd","14:22:18",7431500
4000,-240,100,"sd","14:22:18",7431100
4000,-240,500,"sd","14:22:18",7431000
4000,-240,100,"sd","14:22:18",7430500
4000,-240,100,"sd","14:22:18",7430400
4000,-240,5000,"sd","14:22:18",7430300
4000,-240,1000,"sd","14:22:18",7425300
4000,-240,100,"sd","14:22:18",7424300
4000,-240,30400,"sd","14:22:18",7424200
4000,-240,500,"sd","14:22:18",7393800
4000,-240,500,"sd","14:22:18",7393300
4000,-240,1000,"sd","14:22:18",7392800
4000,-240,100,"sd","14:22:18",7391800
4000,-240,200,"sd","14:22:18",7391700
4000,-240,500,"sd","14:22:18",7391500
4000,-240,500,"sd","14:22:18",7391000
4000,-240,300,"sd","14:22:18",7390500
4000,-240,400,"sd","14:22:18",7390200
4000,-240,2000,"sd","14:22:18",7389800
4000,-240,1000,"sd","14:22:18",7387800
4000,-240,800,"sd","14:22:18",7386800
4000,-240,1000,"sd","14:22:18",7386000
4000,-240,200,"sd","14:22:18",7385000
4000,-240,1000,"sd","14:22:18",7384800
4000,-240,100,"sd","14:22:18",7383800
4000,-240,100,"sd","14:22:18",7383700
4000,-240,1000,"sd","14:22:18",7383600
4000,-240,10000,"sd","14:22:18",7382600
4000,-240,400,"sd","14:22:18",7372600
4000,-240,2000,"sd","14:22:18",7372200
4000,-240,1100,"sd","14:22:18",7370200
4000,-240,100,"sd","14:22:18",7369100
4000,-240,500,"sd","14:22:18",7369000
4000,-240,1000,"sd","14:22:18",7368500
4000,-240,100,"sd","14:22:18",7367500
4000,-240,100,"sd","14:22:18",7367400
4000,-240,800,"sd","14:22:18",7367300
4000,-240,10000,"sd","14:22:18",7366500
4000,-240,300,"sd","14:22:18",7356500
4000,-240,100,"sd","14:22:18",7356200
4000,-240,500,"sd","14:22:18",7356100
4000,-240,2000,"sd","14:22:18",7355600
4000,-240,3000,"sd","14:22:18",7353600
4000,-240,5000,"sd","14:22:18",7350600
4000,-240,10000,"sd","14:22:18",7345600
4000,-240,5000,"sd","14:22:18",7335600
4000,-240,3000,"sd","14:22:18",7330600
4000,-240,300,"sd","14:22:18",7327600
4000,-240,200,"sd","14:22:18",7327300
4000,-240,500,"sd","14:22:18",7327100
4000,-240,200,"sd","14:22:18",7326600
4000,-240,500,"sd","14:22:18",7326400
4000,-240,100,"sd","14:22:18",7325900
4010,-230,5000,"bu","14:22:08",7325800
4000,-240,7300,"sd","14:22:06",7320800
4010,-230,100,"sd","14:21:55",7313500
4020,-220,3800,"bu","14:21:53",7313400
4010,-230,1200,"bu","14:21:53",7309600
4010,-230,10000,"sd","14:21:53",7308400
4010,-230,100,"sd","14:21:53",7298400
4010,-230,100,"sd","14:21:53",7298300
4010,-230,200,"sd","14:21:53",7298200
4010,-230,1000,"sd","14:21:53",7298000
4010,-230,200,"sd","14:21:53",7297000
4010,-230,100,"sd","14:21:53",7296800
4010,-230,9900,"sd","14:21:53",7296700
4010,-230,1900,"sd","14:21:53",7286800
4010,-230,1000,"sd","14:21:53",7284900
4010,-230,100,"sd","14:21:53",7283900
4010,-230,2000,"sd","14:21:53",7283800
4010,-230,700,"sd","14:21:53",7281800
4010,-230,20300,"sd","14:21:53",7281100
4010,-230,400,"sd","14:21:53",7260800
4010,-230,200,"sd","14:21:53",7260400
4010,-230,500,"sd","14:21:53",7260200
4010,-230,300,"sd","14:21:53",7259700
4010,-230,100,"sd","14:21:53",7259400
4010,-230,700,"sd","14:21:53",7259300
4010,-230,14900,"sd","14:21:53",7258600
4020,-220,5000,"bu","14:21:51",7243700
4020,-220,100,"bu","14:21:45",7238700
4010,-230,600,"sd","14:21:44",7238600
4010,-230,1000,"sd","14:21:44",7238000
4010,-230,17600,"sd","14:21:44",7237000
4010,-230,7000,"sd","14:21:44",7219400
4010,-230,3800,"sd","14:21:44",7212400
4020,-220,5000,"bu","14:21:42",7208600
4020,-220,2000,"bu","14:21:42",7203600
4010,-230,5600,"sd","14:21:42",7201600
4010,-230,5000,"sd","14:21:42",7196000
4010,-230,1000,"sd","14:21:42",7191000
4010,-230,100,"sd","14:21:42",7190000
4010,-230,300,"sd","14:21:42",7189900
4010,-230,500,"sd","14:21:42",7189600
4010,-230,500,"sd","14:21:42",7189100
4010,-230,100,"sd","14:21:42",7188600
4010,-230,500,"sd","14:21:42",7188500
4010,-230,6100,"sd","14:21:42",7188000
4010,-230,500,"sd","14:21:42",7181900
4010,-230,100,"sd","14:21:42",7181400
4010,-230,300,"sd","14:21:42",7181300
4010,-230,100,"sd","14:21:42",7181000
4010,-230,5000,"sd","14:21:42",7180900
4010,-230,1000,"sd","14:21:42",7175900
4010,-230,500,"sd","14:21:42",7174900
4010,-230,700,"sd","14:21:42",7174400
4010,-230,200,"sd","14:21:42",7173700
4010,-230,1000,"sd","14:21:42",7173500
4010,-230,3000,"sd","14:21:42",7172500
4010,-230,1000,"sd","14:21:42",7169500
4010,-230,2000,"sd","14:21:42",7168500
4010,-230,100,"sd","14:21:42",7166500
4010,-230,100,"sd","14:21:42",7166400
4010,-230,2000,"sd","14:21:42",7166300
4010,-230,100,"sd","14:21:42",7164300
4010,-230,400,"sd","14:21:42",7164200
4010,-230,12200,"sd","14:21:42",7163800
4020,-220,500,"bu","14:21:40",7151600
4020,-220,100,"bu","14:21:34",7151100
4020,-220,1000,"bu","14:21:31",7151000
4010,-230,2000,"sd","14:21:31",7150000
4020,-220,3000,"bu","14:21:30",7148000
4020,-220,200,"bu","14:21:28",7145000
4020,-220,300,"bu","14:21:27",7144800
4020,-220,300,"bu","14:21:16",7144500
4020,-220,100,"bu","14:21:14",7144200
4020,-220,100,"bu","14:21:13",7144100
4020,-220,200,"bu","14:21:11",7144000
4020,-220,2900,"sd","14:21:10",7143800
4020,-220,2100,"bu","14:21:04",7140900
4020,-220,1000,"bu","14:21:02",7138800
4020,-220,400,"bu","14:21:00",7137800
4020,-220,500,"bu","14:20:59",7137400
4020,-220,1000,"sd","14:20:56",7136900
4020,-220,700,"sd","14:20:56",7135900
4020,-220,4300,"sd","14:20:56",7135200
4020,-220,700,"sd","14:20:53",7130900
4020,-220,100,"sd","14:20:53",7130200
4020,-220,500,"sd","14:20:53",7130100
4020,-220,1000,"sd","14:20:53",7129600
4020,-220,1000,"sd","14:20:53",7128600
4020,-220,1500,"sd","14:20:53",7127600
4020,-220,3800,"sd","14:20:53",7126100
4020,-220,3200,"sd","14:20:53",7122300
4020,-220,1000,"sd","14:20:53",7119100
4020,-220,500,"sd","14:20:53",7118100
4020,-220,100,"sd","14:20:53",7117600
4020,-220,1000,"sd","14:20:53",7117500
4020,-220,100,"sd","14:20:53",7116500
4020,-220,1700,"sd","14:20:53",7116400
4020,-220,100,"sd","14:20:53",7114700
4020,-220,1200,"sd","14:20:53",7114600
4020,-220,800,"sd","14:20:53",7113400
4020,-220,1000,"sd","14:20:53",7112600
4020,-220,2000,"sd","14:20:53",7111600
4020,-220,1000,"sd","14:20:53",7109600
4020,-220,1700,"sd","14:20:53",7108600
4020,-220,500,"sd","14:20:53",7106900
4020,-220,500,"sd","14:20:53",7106400
4020,-220,5000,"sd","14:20:53",7105900
4020,-220,200,"sd","14:20:39",7100900
4030,-210,300,"bu","14:20:39",7100700
4020,-220,1800,"sd","14:20:39",7100400
4020,-220,2700,"sd","14:20:39",7098600
4030,-210,2000,"bu","14:20:36",7095900
4020,-220,20000,"sd","14:20:33",7093900
4020,-220,5200,"sd","14:20:31",7073900
4020,-220,2100,"sd","14:20:22",7068700
4020,-220,200,"sd","14:20:22",7066600
4020,-220,5000,"sd","14:20:22",7066400
4020,-220,100,"sd","14:20:22",7061400
4020,-220,200,"sd","14:20:22",7061300
4020,-220,500,"sd","14:20:22",7061100
4020,-220,1000,"sd","14:20:22",7060600
4020,-220,300,"sd","14:20:22",7059600
4020,-220,600,"sd","14:20:22",7059300
4030,-210,1000,"bu","14:20:16",7058700
4020,-220,1100,"sd","14:20:02",7057700
4020,-220,1000,"sd","14:19:56",7056600
4020,-220,300,"sd","14:19:53",7055600
4020,-220,700,"sd","14:19:53",7055300
4030,-210,3000,"bu","14:19:50",7054600
4020,-220,2300,"sd","14:19:29",7051600
4020,-220,900,"sd","14:19:29",7049300
4030,-210,1000,"bu","14:19:28",7048400
4030,-210,100,"bu","14:19:28",7047400
4030,-210,2600,"bu","14:19:26",7047300
4030,-210,400,"bu","14:19:26",7044700
4030,-210,1000,"bu","14:19:24",7044300
4030,-210,300,"bu","14:19:22",7043300
4030,-210,1000,"bu","14:19:19",7043000
4030,-210,100,"bu","14:19:00",7042000
4030,-210,200,"sd","14:18:55",7041900
4030,-210,4800,"bu","14:18:51",7041700
4030,-210,5200,"sd","14:18:49",7036900
4030,-210,2000,"bu","14:18:44",7031700
4030,-210,800,"bu","14:18:44",7029700
4030,-210,1000,"bu","14:18:43",7028900
4030,-210,300,"bu","14:18:37",7027900
4020,-220,200,"sd","14:18:36",7027600
4020,-220,200,"sd","14:18:36",7027400
4030,-210,300,"bu","14:18:30",7027200
4030,-210,1000,"sd","14:18:29",7026900
4030,-210,1000,"sd","14:18:29",7025900
4030,-210,5600,"sd","14:18:29",7024900
4030,-210,2800,"bu","14:18:25",7019300
4020,-220,2000,"sd","14:18:25",7016500
4030,-210,900,"bu","14:18:17",7014500
4030,-210,5000,"bu","14:18:14",7013600
4030,-210,1100,"bu","14:18:11",7008600
4030,-210,500,"bu","14:18:07",7007500
4030,-210,1000,"bu","14:18:05",7007000
4030,-210,4700,"bu","14:18:04",7006000
4030,-210,300,"bu","14:18:04",7001300
4030,-210,300,"sd","14:17:36",7001000
4030,-210,200,"sd","14:17:36",7000700
4030,-210,100,"sd","14:17:36",7000500
4030,-210,200,"sd","14:17:35",7000400
4040,-200,200,"bu","14:17:20",7000200
4040,-200,500,"bu","14:17:03",7000000
4040,-200,300,"bu","14:16:56",6999500
4030,-210,200,"bu","14:16:56",6999200
4030,-210,100,"bu","14:16:53",6999000
4020,-220,2800,"sd","14:16:47",6998900
4020,-220,5000,"sd","14:16:47",6996100
4020,-220,10000,"sd","14:16:47",6991100
4020,-220,1000,"sd","14:16:47",6981100
4020,-220,300,"sd","14:16:47",6980100
4020,-220,1000,"sd","14:16:47",6979800
4020,-220,200,"sd","14:16:47",6978800
4020,-220,5200,"sd","14:16:47",6978600
4020,-220,100,"sd","14:16:47",6973400
4020,-220,100,"sd","14:16:47",6973300
4020,-220,1000,"sd","14:16:47",6973200
4020,-220,500,"sd","14:16:47",6972200
4020,-220,3000,"sd","14:16:47",6971700
4020,-220,1000,"sd","14:16:47",6968700
4020,-220,200,"sd","14:16:47",6967700
4020,-220,1000,"sd","14:16:47",6967500
4020,-220,400,"sd","14:16:47",6966500
4020,-220,18500,"sd","14:16:47",6966100
4030,-210,2000,"sd","14:16:47",6947600
4030,-210,200,"sd","14:16:47",6945600
4030,-210,100,"sd","14:16:47",6945400
4040,-200,15000,"bu","14:16:42",6945300
4040,-200,200,"bu","14:16:41",6930300
4040,-200,10000,"bu","14:16:40",6930100
4040,-200,500,"bu","14:16:28",6920100
4030,-210,4900,"sd","14:16:28",6919600
4040,-200,5000,"bu","14:16:20",6914700
4050,-190,100,"bu","14:15:52",6909700
4020,-220,1500,"sd","14:15:40",6909600
4020,-220,5000,"sd","14:15:40",6908100
4020,-220,100,"sd","14:15:40",6903100
4020,-220,100,"sd","14:15:40",6903000
4020,-220,500,"sd","14:15:40",6902900
4020,-220,500,"sd","14:15:40",6902400
4020,-220,100,"sd","14:15:40",6901900
4020,-220,300,"sd","14:15:40",6901800
4020,-220,20000,"sd","14:15:40",6901500
4020,-220,6300,"sd","14:15:40",6881500
4020,-220,3000,"sd","14:15:40",6875200
4020,-220,300,"sd","14:15:40",6872200
4020,-220,20000,"sd","14:15:40",6871900
4020,-220,5000,"sd","14:15:40",6851900
4020,-220,200,"sd","14:15:40",6846900
4030,-210,500,"sd","14:15:40",6846700
4030,-210,5000,"sd","14:15:40",6846200
4030,-210,2000,"sd","14:15:40",6841200
4030,-210,2000,"sd","14:15:40",6839200
4030,-210,1000,"sd","14:15:40",6837200
4030,-210,10000,"sd","14:15:40",6836200
4030,-210,200,"sd","14:15:40",6826200
4030,-210,300,"sd","14:15:40",6826000
4040,-200,1000,"sd","14:15:40",6825700
4040,-200,100,"sd","14:15:40",6824700
4040,-200,900,"sd","14:15:36",6824600
4040,-200,1000,"sd","14:15:36",6823700
4040,-200,3000,"sd","14:15:36",6822700
4040,-200,2500,"sd","14:15:36",6819700
4040,-200,1000,"sd","14:15:36",6817200
4040,-200,100,"sd","14:15:36",6816200
4040,-200,1000,"sd","14:15:36",6816100
4040,-200,100,"sd","14:15:36",6815100
4040,-200,10400,"sd","14:15:36",6815000
4040,-200,1000,"sd","14:15:36",6804600
4040,-200,1000,"sd","14:15:36",6803600
4040,-200,400,"sd","14:15:19",6802600
4040,-200,3600,"bu","14:14:15",6802200
4040,-200,5000,"bu","14:14:10",6798600
4030,-210,200,"sd","14:14:10",6793600
4030,-210,500,"sd","14:14:10",6793400
4030,-210,1000,"sd","14:14:10",6792900
4030,-210,100,"sd","14:14:10",6791900
4030,-210,300,"sd","14:14:10",6791800
4030,-210,100,"sd","14:14:10",6791500
4030,-210,1500,"sd","14:14:10",6791400
4030,-210,10000,"sd","14:14:10",6789900
4030,-210,600,"sd","14:14:10",6779900
4030,-210,25100,"sd","14:14:10",6779300
4030,-210,1000,"sd","14:14:10",6754200
4030,-210,300,"sd","14:14:10",6753200
4030,-210,1000,"sd","14:14:10",6752900
4030,-210,500,"sd","14:14:10",6751900
4030,-210,2000,"sd","14:14:10",6751400
4030,-210,3000,"sd","14:14:10",6749400
4030,-210,1100,"sd","14:14:10",6746400
4030,-210,24000,"sd","14:14:10",6745300
4030,-210,2000,"sd","14:14:10",6721300
4030,-210,300,"sd","14:14:10",6719300
4030,-210,100,"sd","14:14:10",6719000
4030,-210,1000,"sd","14:14:10",6718900
4030,-210,500,"sd","14:14:10",6717900
4030,-210,5000,"sd","14:14:10",6717400
4030,-210,200,"sd","14:14:10",6712400
4030,-210,200,"sd","14:14:10",6712200
4030,-210,500,"sd","14:14:10",6712000
4030,-210,200,"sd","14:14:10",6711500
4030,-210,300,"sd","14:14:10",6711300
4030,-210,5000,"sd","14:14:10",6711000
4030,-210,200,"sd","14:14:10",6706000
4030,-210,100,"sd","14:14:10",6705800
4030,-210,1000,"sd","14:14:10",6705700
4030,-210,2000,"sd","14:14:10",6704700
4030,-210,100,"sd","14:14:10",6702700
4030,-210,2000,"sd","14:14:10",6702600
4030,-210,900,"sd","14:14:10",6700600
4030,-210,100,"sd","14:14:10",6699700
4030,-210,5000,"sd","14:14:10",6699600
4030,-210,100,"sd","14:14:10",6694600
4030,-210,900,"sd","14:14:10",6694500
4040,-200,10000,"bu","14:14:08",6693600
4040,-200,100,"bu","14:14:06",6683600
4040,-200,100,"bu","14:13:53",6683500
4040,-200,300,"bu","14:13:46",6683400
4040,-200,300,"bu","14:13:42",6683100
4040,-200,400,"bu","14:13:35",6682800
4040,-200,100,"bu","14:13:26",6682400
4040,-200,1000,"sd","14:13:22",6682300
4040,-200,11000,"sd","14:13:22",6681300
4040,-200,1000,"sd","14:13:22",6670300
4040,-200,10000,"sd","14:13:22",6669300
4040,-200,100,"sd","14:13:22",6659300
4040,-200,200,"sd","14:13:22",6659200
4040,-200,1800,"bu","14:13:13",6659000
4040,-200,100,"bu","14:13:05",6657200
4040,-200,100,"bu","14:13:04",6657100
4040,-200,5000,"bu","14:12:56",6657000
4040,-200,700,"sd","14:12:48",6652000
4040,-200,2400,"sd","14:12:48",6651300
4040,-200,200,"sd","14:12:48",6648900
4040,-200,1000,"sd","14:12:48",6648700
4040,-200,200,"sd","14:12:48",6647700
4040,-200,100,"sd","14:12:48",6647500
4040,-200,1000,"sd","14:12:48",6647400
4040,-200,3000,"sd","14:12:48",6646400
4040,-200,1000,"sd","14:12:48",6643400
4040,-200,100,"sd","14:12:48",6642400
4040,-200,100,"sd","14:12:48",6642300
4040,-200,100,"sd","14:12:47",6642200
4040,-200,1300,"sd","14:12:47",6642100
4040,-200,3000,"sd","14:12:47",6640800
4040,-200,5000,"sd","14:12:47",6637800
4040,-200,200,"sd","14:12:47",6632800
4040,-200,3000,"sd","14:12:47",6632600
4040,-200,4000,"sd","14:12:47",6629600
4040,-200,3900,"sd","14:12:47",6625600
4040,-200,2900,"sd","14:12:47",6621700
4050,-190,4600,"sd","14:12:47",6618800
4050,-190,2000,"sd","14:12:47",6614200
4050,-190,300,"sd","14:12:47",6612200
4050,-190,100,"sd","14:12:47",6611900
4050,-190,500,"sd","14:12:47",6611800
4050,-190,2300,"sd","14:12:47",6611300
4050,-190,500,"sd","14:12:43",6609000
4050,-190,500,"sd","14:12:36",6608500
4050,-190,7500,"sd","14:12:33",6608000
4050,-190,1000,"sd","14:12:33",6600500
4050,-190,5000,"sd","14:12:33",6599500
4050,-190,200,"sd","14:12:33",6594500
4050,-190,8900,"sd","14:12:33",6594300
4050,-190,200,"sd","14:12:33",6585400
4050,-190,2200,"sd","14:12:33",6585200
4050,-190,10000,"sd","14:12:05",6583000
4050,-190,50000,"sd","14:12:01",6573000
4050,-190,1000,"sd","14:11:56",6523000
4050,-190,15200,"sd","14:11:10",6522000
4050,-190,1600,"sd","14:11:10",6506800
4050,-190,2000,"sd","14:11:10",6505200
4050,-190,1200,"sd","14:11:10",6503200
4050,-190,800,"bu","14:11:04",6502000
4050,-190,200,"bu","14:10:53",6501200
4050,-190,1000,"bu","14:10:50",6501000
4050,-190,1000,"bu","14:10:49",6500000
4050,-190,2000,"bu","14:10:44",6499000
4050,-190,100,"bu","14:10:35",6497000
4050,-190,2000,"sd","14:10:24",6496900
4050,-190,22900,"sd","14:10:24",6494900
4050,-190,10000,"sd","14:10:22",6472000
4060,-180,200,"bu","14:10:16",6462000
4050,-190,6100,"bu","14:10:05",6461800
4050,-190,2000,"bu","14:10:03",6455700
4040,-200,400,"sd","14:09:46",6453700
4040,-200,600,"sd","14:09:46",6453300
4040,-200,1000,"sd","14:09:46",6452700
4040,-200,1000,"sd","14:09:46",6451700
4040,-200,4500,"sd","14:09:46",6450700
4040,-200,500,"sd","14:09:46",6446200
4040,-200,2000,"sd","14:09:46",6445700
4050,-190,500,"bu","14:09:37",6443700
4040,-200,2200,"sd","14:09:20",6443200
4040,-200,15900,"sd","14:08:58",6441000
4050,-190,1400,"bu","14:08:34",6425100
4050,-190,3600,"bu","14:08:34",6423700
4040,-200,4900,"sd","14:08:12",6420100
4040,-200,100,"sd","14:08:12",6415200
4040,-200,5000,"sd","14:08:12",6415100
4050,-190,100,"bu","14:08:12",6410100
4050,-190,1000,"bu","14:08:00",6410000
4050,-190,100,"sd","14:07:58",6409000
4050,-190,200,"sd","14:07:58",6408900
4050,-190,4800,"sd","14:07:55",6408700
4050,-190,1000,"sd","14:07:55",6403900
4050,-190,10000,"sd","14:07:55",6402900
4050,-190,10000,"sd","14:07:55",6392900
4050,-190,2500,"sd","14:07:55",6382900
4050,-190,5100,"sd","14:07:55",6380400
4050,-190,500,"sd","14:07:55",6375300
4050,-190,100,"sd","14:07:55",6374800
4050,-190,300,"sd","14:07:55",6374700
4050,-190,100,"sd","14:07:55",6374400
4050,-190,500,"sd","14:07:55",6374300
4050,-190,1000,"sd","14:07:55",6373800
4050,-190,1200,"sd","14:07:55",6372800
4050,-190,3700,"sd","14:07:55",6371600
4050,-190,3500,"sd","14:07:36",6367900
4060,-180,1000,"bu","14:07:26",6364400
4050,-190,10000,"sd","14:07:16",6363400
4060,-180,100,"bu","14:07:15",6353400
4060,-180,200,"bu","14:07:13",6353300
4060,-180,1000,"bu","14:07:06",6353100
4060,-180,2000,"bu","14:07:05",6352100
4060,-180,1000,"bu","14:07:04",6350100
4060,-180,100,"sd","14:06:53",6349100
4060,-180,300,"sd","14:06:53",6349000
4060,-180,200,"sd","14:06:53",6348700
4060,-180,7500,"sd","14:06:53",6348500
4070,-170,200,"bu","14:06:33",6341000
4060,-180,2500,"sd","14:06:33",6340800
4060,-180,2500,"sd","14:06:33",6338300
4070,-170,300,"bu","14:06:21",6335800
4070,-170,1700,"bu","14:06:21",6335500
4060,-180,7400,"sd","14:06:14",6333800
4060,-180,300,"sd","14:06:14",6326400
4060,-180,1000,"sd","14:06:14",6326100
4060,-180,1200,"sd","14:06:14",6325100
4060,-180,100,"sd","14:06:14",6323900
4070,-170,100,"bu","14:06:13",6323800
4070,-170,100,"bu","14:06:10",6323700
4070,-170,2000,"bu","14:05:56",6323600
4070,-170,1900,"bu","14:05:49",6321600
4070,-170,2000,"bu","14:05:48",6319700
4070,-170,200,"bu","14:05:48",6317700
4070,-170,15000,"bu","14:05:39",6317500
4070,-170,300,"bu","14:05:36",6302500
4070,-170,1000,"bu","14:05:23",6302200
4070,-170,4900,"sd","14:05:23",6301200
4070,-170,200,"sd","14:05:23",6296300
4070,-170,600,"sd","14:05:23",6296100
4070,-170,300,"sd","14:05:08",6295500
4070,-170,1600,"sd","14:05:08",6295200
4070,-170,300,"sd","14:05:07",6293600
4070,-170,8100,"bu","14:05:02",6293300
4070,-170,900,"bu","14:04:55",6285200
4070,-170,1000,"bu","14:04:45",6284300
4080,-160,3000,"bu","14:04:22",6283300
4080,-160,200,"bu","14:04:15",6280300
4070,-170,10000,"bu","14:04:00",6280100
4060,-180,2000,"sd","14:03:45",6270100
4060,-180,200,"bu","14:03:43",6268100
4060,-180,7000,"bu","14:03:43",6267900
4060,-180,700,"bu","14:03:43",6260900
4060,-180,100,"bu","14:03:42",6260200
4060,-180,2000,"bu","14:03:34",6260100
4060,-180,100,"bu","14:03:31",6258100
4060,-180,1000,"bu","14:03:26",6258000
4050,-190,5000,"sd","14:03:20",6257000
4060,-180,200,"bu","14:03:18",6252000
4060,-180,100,"bu","14:03:12",6251800
4060,-180,3000,"bu","14:03:09",6251700
4050,-190,5000,"sd","14:03:06",6248700
4060,-180,300,"bu","14:03:00",6243700
4060,-180,700,"bu","14:02:57",6243400
4060,-180,1700,"bu","14:02:57",6242700
4060,-180,100,"bu","14:02:56",6241000
4060,-180,200,"sd","14:02:41",6240900
4060,-180,8000,"sd","14:02:41",6240700
4070,-170,100,"bu","14:02:41",6232700
4070,-170,1000,"bu","14:02:27",6232600
4070,-170,5200,"bu","14:02:25",6231600
4050,-190,155500,"sd","14:02:18",6226400
4060,-180,700,"sd","14:02:18",6070900
4060,-180,400,"sd","14:02:18",6070200
4080,-160,2300,"bu","14:02:16",6069800
4080,-160,3100,"bu","14:02:16",6067500
4080,-160,500,"bu","14:02:16",6064400
4080,-160,200,"bu","14:02:16",6063900
4080,-160,10000,"bu","14:02:16",6063700
4080,-160,20000,"bu","14:02:16",6053700
4070,-170,500,"bu","14:02:16",6033700
4070,-170,10000,"bu","14:02:16",6033200
4070,-170,5000,"bu","14:02:16",6023200
4070,-170,100,"bu","14:02:16",6018200
4070,-170,1000,"bu","14:02:16",6018100
4070,-170,300,"bu","14:02:16",6017100
4060,-180,600,"bu","14:02:12",6016800
4060,-180,100,"bu","14:02:11",6016200
4060,-180,500,"bu","14:02:06",6016100
4060,-180,5000,"bu","14:01:47",6015600
4050,-190,1800,"sd","14:01:47",6010600
4060,-180,300,"bu","14:01:45",6008800
4060,-180,500,"bu","14:01:44",6008500
4060,-180,3000,"bu","14:01:42",6008000
4060,-180,600,"bu","14:01:38",6005000
4060,-180,200,"bu","14:01:38",6004400
4060,-180,200,"bu","14:01:38",6004200
4060,-180,100,"bu","14:01:37",6004000
4060,-180,1700,"bu","14:01:35",6003900
4060,-180,4300,"bu","14:01:35",6002200
4060,-180,1000,"bu","14:01:33",5997900
4050,-190,1000,"sd","14:01:29",5996900
4060,-180,100,"bu","14:01:23",5995900
4060,-180,500,"bu","14:01:09",5995800
4060,-180,5100,"bu","14:01:08",5995300
4060,-180,500,"bu","14:01:06",5990200
4060,-180,100,"bu","14:01:05",5989700
4050,-190,500,"sd","14:00:58",5989600
4060,-180,300,"bu","14:00:48",5989100
4060,-180,1000,"bu","14:00:48",5988800
4060,-180,15000,"bu","14:00:43",5987800
4060,-180,200,"bu","14:00:41",5972800
4050,-190,100,"sd","14:00:34",5972600
4060,-180,1900,"bu","14:00:25",5972500
4050,-190,800,"bu","14:00:14",5970600
4050,-190,10000,"bu","14:00:14",5969800
4050,-190,50000,"bu","14:00:14",5959800
4050,-190,2000,"bu","14:00:14",5909800
4050,-190,10000,"bu","14:00:14",5907800
4050,-190,1600,"bu","14:00:14",5897800
4050,-190,20000,"bu","14:00:14",5896200
4050,-190,5800,"bu","14:00:14",5876200
4040,-200,13700,"bu","14:00:14",5870400
4040,-200,500,"sd","14:00:13",5856700
4040,-200,200,"sd","14:00:13",5856200
4040,-200,100,"sd","14:00:13",5856000
4040,-200,300,"sd","14:00:13",5855900
4040,-200,2200,"sd","14:00:13",5855600
4040,-200,7800,"sd","14:00:05",5853400
4040,-200,2200,"sd","14:00:05",5845600
4040,-200,5000,"bu","13:59:52",5843400
4040,-200,2800,"bu","13:59:51",5838400
4040,-200,200,"bu","13:59:51",5835600
4040,-200,1000,"bu","13:59:48",5835400
4040,-200,300,"sd","13:59:38",5834400
4040,-200,100,"sd","13:59:38",5834100
4040,-200,200,"sd","13:59:38",5834000
4040,-200,200,"sd","13:59:32",5833800
4040,-200,2800,"sd","13:59:32",5833600
4050,-190,300,"bu","13:59:26",5830800
4040,-200,2200,"sd","13:59:23",5830500
4040,-200,5000,"sd","13:59:22",5828300
4040,-200,800,"sd","13:59:22",5823300
4040,-200,2000,"sd","13:59:22",5822500
4040,-200,800,"sd","13:59:11",5820500
4040,-200,2000,"sd","13:59:09",5819700
4040,-200,200,"sd","13:59:02",5817700
4040,-200,1000,"sd","13:59:02",5817500
4040,-200,1800,"sd","13:59:02",5816500
4040,-200,2000,"sd","13:59:00",5814700
4040,-200,500,"sd","13:58:46",5812700
4040,-200,5700,"bu","13:58:24",5812200
4040,-200,1000,"bu","13:58:19",5806500
4040,-200,200,"bu","13:58:19",5805500
4040,-200,400,"bu","13:58:18",5805300
4040,-200,100,"sd","13:58:10",5804900
4040,-200,1000,"sd","13:58:10",5804800
4040,-200,400,"sd","13:58:10",5803800
4040,-200,1200,"sd","13:58:10",5803400
4040,-200,4500,"sd","13:58:06",5802200
4040,-200,100,"sd","13:58:05",5797700
4050,-190,5000,"bu","13:58:02",5797600
4040,-200,4200,"sd","13:57:50",5792600
4040,-200,100,"sd","13:57:50",5788400
4040,-200,1000,"sd","13:57:50",5788300
4040,-200,100,"sd","13:57:50",5787300
4040,-200,2000,"sd","13:57:50",5787200
4040,-200,200,"sd","13:57:50",5785200
4040,-200,10000,"sd","13:57:50",5785000
4040,-200,1100,"sd","13:57:50",5775000
4040,-200,5000,"sd","13:57:50",5773900
4040,-200,500,"sd","13:57:50",5768900
4040,-200,200,"sd","13:57:50",5768400
4040,-200,30000,"sd","13:57:50",5768200
4040,-200,5000,"sd","13:57:50",5738200
4040,-200,600,"sd","13:57:50",5733200
4040,-200,1100,"sd","13:57:41",5732600
4040,-200,1300,"sd","13:57:41",5731500
4050,-190,1000,"bu","13:57:35",5730200
4050,-190,100,"bu","13:57:35",5729200
4050,-190,20000,"bu","13:57:22",5729100
4050,-190,500,"bu","13:57:15",5709100
4050,-190,2300,"bu","13:57:12",5708600
4050,-190,6700,"bu","13:57:12",5706300
4050,-190,300,"bu","13:56:52",5699600
4050,-190,500,"bu","13:56:50",5699300
4050,-190,100,"bu","13:56:38",5698800
4050,-190,400,"bu","13:56:34",5698700
4050,-190,200,"bu","13:56:33",5698300
4050,-190,200,"bu","13:56:17",5698100
4050,-190,200,"bu","13:56:15",5697900
4050,-190,1500,"bu","13:56:15",5697700
4050,-190,900,"bu","13:56:13",5696200
4050,-190,1000,"bu","13:56:13",5695300
4050,-190,200,"bu","13:56:09",5694300
4050,-190,1000,"bu","13:56:08",5694100
4050,-190,500,"bu","13:56:04",5693100
4050,-190,2000,"bu","13:56:02",5692600
4050,-190,5000,"bu","13:56:00",5690600
4050,-190,200,"bu","13:55:59",5685600
4050,-190,7300,"sd","13:55:57",5685400
4050,-190,5000,"sd","13:55:57",5678100
4050,-190,500,"sd","13:55:57",5673100
4050,-190,400,"sd","13:55:57",5672600
4050,-190,3000,"sd","13:55:57",5672200
4050,-190,100,"sd","13:55:57",5669200
4050,-190,1000,"sd","13:55:57",5669100
4050,-190,11600,"sd","13:55:57",5668100
4060,-180,200,"sd","13:55:57",5656500
4060,-180,500,"sd","13:55:47",5656300
4050,-190,1200,"sd","13:55:43",5655800
4060,-180,100,"sd","13:55:32",5654600
4050,-190,5000,"sd","13:55:06",5654500
4060,-180,1000,"bu","13:55:04",5649500
4050,-190,400,"bu","13:55:00",5648500
4050,-190,1800,"bu","13:55:00",5648100
4050,-190,500,"bu","13:54:50",5646300
4050,-190,2000,"bu","13:54:46",5645800
4050,-190,700,"bu","13:54:39",5643800
4050,-190,100,"bu","13:54:39",5643100
4040,-200,1700,"sd","13:54:24",5643000
4050,-190,1000,"sd","13:54:24",5641300
4050,-190,500,"sd","13:54:24",5640300
4050,-190,200,"sd","13:54:24",5639800
4050,-190,600,"sd","13:54:24",5639600
4050,-190,4400,"sd","13:54:22",5639000
4050,-190,4800,"sd","13:54:22",5634600
4050,-190,100,"bu","13:54:19",5629800
4050,-190,2200,"bu","13:54:19",5629700
4050,-190,2900,"bu","13:54:19",5627500
4050,-190,1000,"bu","13:54:11",5624600
4050,-190,5000,"bu","13:54:07",5623600
4040,-200,3000,"sd","13:54:06",5618600
4050,-190,1100,"sd","13:53:59",5615600
4050,-190,5000,"bu","13:53:53",5614500
4050,-190,7900,"bu","13:53:53",5609500
4040,-200,4000,"sd","13:53:51",5601600
4040,-200,1000,"sd","13:53:51",5597600
4050,-190,100,"bu","13:53:46",5596600
4050,-190,1200,"bu","13:53:44",5596500
4050,-190,800,"bu","13:53:44",5595300
4050,-190,2000,"bu","13:53:44",5594500
4050,-190,1000,"bu","13:53:42",5592500
4050,-190,200,"bu","13:53:38",5591500
4050,-190,1000,"bu","13:53:31",5591300
4050,-190,500,"bu","13:53:31",5590300
4050,-190,1000,"bu","13:53:23",5589800
4050,-190,500,"sd","13:53:12",5588800
4050,-190,300,"sd","13:53:12",5588300
4050,-190,800,"sd","13:53:12",5588000
4050,-190,900,"sd","13:53:12",5587200
4060,-180,900,"bu","13:53:09",5586300
4060,-180,400,"bu","13:53:08",5585400
4060,-180,4300,"bu","13:53:03",5585000
4060,-180,100,"bu","13:53:03",5580700
4060,-180,600,"bu","13:53:03",5580600
4060,-180,400,"bu","13:53:02",5580000
4060,-180,100,"bu","13:53:02",5579600
4060,-180,400,"bu","13:52:57",5579500
4060,-180,500,"bu","13:52:57",5579100
4060,-180,100,"bu","13:52:57",5578600
4060,-180,1000,"bu","13:52:49",5578500
4050,-190,1500,"bu","13:52:47",5577500
4050,-190,1400,"bu","13:52:47",5576000
4050,-190,100,"bu","13:52:47",5574600
4050,-190,6100,"bu","13:52:47",5574500
4050,-190,1000,"bu","13:52:46",5568400
4050,-190,4000,"bu","13:52:42",5567400
4050,-190,500,"bu","13:52:42",5563400
4050,-190,500,"bu","13:52:42",5562900
4050,-190,3000,"bu","13:52:42",5562400
4050,-190,2000,"bu","13:52:42",5559400
4050,-190,5000,"bu","13:52:42",5557400
4050,-190,2000,"bu","13:52:36",5552400
4050,-190,100,"bu","13:52:34",5550400
4050,-190,2000,"bu","13:52:30",5550300
4050,-190,500,"bu","13:52:27",5548300
4050,-190,700,"bu","13:52:25",5547800
4050,-190,300,"bu","13:52:25",5547100
4050,-190,700,"bu","13:52:08",5546800
4040,-200,4300,"bu","13:52:08",5546100
4040,-200,5700,"bu","13:52:07",5541800
4040,-200,3000,"bu","13:52:07",5536100
4040,-200,21300,"bu","13:52:07",5533100
4040,-200,4000,"bu","13:52:06",5511800
4040,-200,1000,"bu","13:52:04",5507800
4040,-200,1000,"bu","13:51:58",5506800
4040,-200,3000,"bu","13:51:33",5505800
4030,-210,100,"sd","13:51:12",5502800
4030,-210,2000,"sd","13:51:12",5502700
4030,-210,900,"sd","13:51:12",5500700
4030,-210,200,"sd","13:50:50",5499800
4030,-210,900,"bu","13:50:46",5499600
4030,-210,800,"bu","13:50:45",5498700
4030,-210,200,"bu","13:50:42",5497900
4020,-220,300,"sd","13:50:39",5497700
4020,-220,2200,"sd","13:50:39",5497400
4020,-220,300,"sd","13:50:35",5495200
4020,-220,200,"sd","13:50:35",5494900
4020,-220,100,"bu","13:50:13",5494700
4020,-220,2200,"bu","13:50:13",5494600
4020,-220,5000,"bu","13:50:12",5492400
4020,-220,4300,"bu","13:50:12",5487400
4020,-220,700,"bu","13:50:12",5483100
4020,-220,300,"bu","13:50:10",5482400
4020,-220,100,"bu","13:50:02",5482100
4020,-220,1400,"bu","13:49:59",5482000
4020,-220,200,"bu","13:49:59",5480600
4020,-220,400,"bu","13:49:59",5480400
4020,-220,200,"bu","13:49:51",5480000
4010,-230,800,"sd","13:49:50",5479800
4010,-230,4200,"sd","13:49:50",5479000
4020,-220,2100,"bu","13:49:46",5474800
4020,-220,500,"bu","13:49:46",5472700
4020,-220,400,"bu","13:49:46",5472200
4010,-230,5800,"sd","13:49:30",5471800
4010,-230,100,"sd","13:49:30",5466000
4010,-230,1000,"sd","13:49:30",5465900
4010,-230,2000,"sd","13:49:30",5464900
4010,-230,100,"sd","13:49:30",5462900
4010,-230,100,"sd","13:49:30",5462800
4020,-220,500,"sd","13:49:29",5462700
4020,-220,2000,"sd","13:49:29",5462200
4020,-220,500,"sd","13:49:29",5460200
4020,-220,1000,"sd","13:49:29",5459700
4020,-220,1000,"sd","13:49:29",5458700
4020,-220,500,"sd","13:49:29",5457700
4020,-220,1000,"sd","13:49:29",5457200
4020,-220,500,"sd","13:49:29",5456200
4020,-220,500,"sd","13:49:29",5455700
4020,-220,500,"sd","13:49:26",5455200
4020,-220,4500,"sd","13:49:26",5454700
4020,-220,400,"sd","13:49:04",5450200
4020,-220,100,"sd","13:48:57",5449800
4000,-240,2600,"sd","13:48:49",5449700
4000,-240,100,"sd","13:48:49",5447100
4000,-240,2000,"sd","13:48:49",5447000
4000,-240,500,"sd","13:48:49",5445000
4000,-240,1000,"sd","13:48:49",5444500
4000,-240,200,"sd","13:48:49",5443500
4000,-240,300,"sd","13:48:49",5443300
4000,-240,1000,"sd","13:48:49",5443000
4000,-240,1000,"sd","13:48:49",5442000
4000,-240,100,"sd","13:48:49",5441000
4010,-230,500,"sd","13:48:49",5440900
4010,-230,500,"sd","13:48:49",5440400
4010,-230,2000,"sd","13:48:49",5439900
4010,-230,10000,"sd","13:48:49",5437900
4010,-230,500,"sd","13:48:49",5427900
4010,-230,1000,"sd","13:48:49",5427400
4010,-230,5000,"sd","13:48:49",5426400
4010,-230,1000,"sd","13:48:49",5421400
4010,-230,500,"sd","13:48:49",5420400
4010,-230,300,"sd","13:48:49",5419900
4010,-230,10000,"sd","13:48:49",5419600
4010,-230,1000,"sd","13:48:49",5409600
4010,-230,100,"sd","13:48:49",5408600
4010,-230,2500,"sd","13:48:49",5408500
4010,-230,500,"sd","13:48:49",5406000
4010,-230,9500,"sd","13:48:49",5405500
4010,-230,1000,"sd","13:48:49",5396000
4010,-230,10000,"sd","13:48:49",5395000
4010,-230,200,"sd","13:48:49",5385000
4010,-230,300,"sd","13:48:49",5384800
4010,-230,500,"sd","13:48:49",5384500
4010,-230,700,"sd","13:48:49",5384000
4020,-220,500,"sd","13:48:49",5383300
4020,-220,4000,"sd","13:48:49",5382800
4020,-220,700,"sd","13:48:49",5378800
4020,-220,200,"sd","13:48:43",5378100
4020,-220,600,"sd","13:48:43",5377900
4020,-220,100,"sd","13:48:42",5377300
4020,-220,100,"sd","13:48:42",5377200
4020,-220,1000,"sd","13:48:42",5377100
4020,-220,3000,"sd","13:48:42",5376100
4020,-220,1000,"sd","13:48:42",5373100
4020,-220,300,"sd","13:48:42",5372100
4020,-220,300,"sd","13:48:42",5371800
4020,-220,3000,"sd","13:48:42",5371500
4020,-220,2000,"sd","13:48:39",5368500
4020,-220,400,"sd","13:48:37",5366500
4030,-210,100,"bu","13:48:33",5366100
4030,-210,100,"bu","13:48:29",5366000
4030,-210,200,"bu","13:48:25",5365900
4020,-220,4600,"sd","13:48:09",5365700
4030,-210,1000,"sd","13:48:09",5361100
4030,-210,1300,"sd","13:48:09",5360100
4030,-210,5000,"sd","13:48:09",5358800
4030,-210,100,"sd","13:48:09",5353800
4030,-210,1000,"sd","13:48:09",5353700
4030,-210,1000,"sd","13:48:09",5352700
4030,-210,1000,"sd","13:47:51",5351700
4030,-210,1800,"sd","13:47:51",5350700
4050,-190,300,"bu","13:47:50",5348900
4030,-210,400,"sd","13:47:43",5348600
4050,-190,100,"bu","13:47:20",5348200
4010,-230,1000,"sd","13:47:17",5348100
4010,-230,400,"sd","13:47:16",5347100
4050,-190,2000,"bu","13:47:09",5346700
4050,-190,4700,"bu","13:46:55",5344700
4050,-190,3600,"bu","13:46:55",5340000
4010,-230,1000,"sd","13:46:53",5336400
4010,-230,400,"sd","13:46:49",5335400
4000,-240,900,"sd","13:46:36",5335000
4000,-240,3000,"sd","13:46:36",5334100
4000,-240,2000,"sd","13:46:36",5331100
4000,-240,2000,"sd","13:46:36",5329100
4000,-240,1000,"sd","13:46:36",5327100
4000,-240,200,"sd","13:46:36",5326100
4000,-240,500,"sd","13:46:36",5325900
4000,-240,200,"sd","13:46:36",5325400
4000,-240,2000,"sd","13:46:36",5325200
4000,-240,2000,"sd","13:46:36",5323200
4000,-240,300,"sd","13:46:36",5321200
4000,-240,2000,"sd","13:46:36",5320900
4000,-240,10000,"sd","13:46:36",5318900
4000,-240,100,"sd","13:46:36",5308900
4000,-240,100,"sd","13:46:36",5308800
4000,-240,100,"sd","13:46:36",5308700
4000,-240,1000,"sd","13:46:36",5308600
4000,-240,500,"sd","13:46:36",5307600
4000,-240,500,"sd","13:46:36",5307100
4000,-240,25000,"sd","13:46:36",5306600
4000,-240,500,"sd","13:46:36",5281600
4000,-240,500,"sd","13:46:36",5281100
4000,-240,1000,"sd","13:46:36",5280600
4000,-240,3000,"sd","13:46:36",5279600
4000,-240,10000,"sd","13:46:36",5276600
4000,-240,10000,"sd","13:46:36",5266600
4000,-240,1000,"sd","13:46:36",5256600
4000,-240,200,"sd","13:46:36",5255600
4000,-240,1000,"sd","13:46:36",5255400
4000,-240,5000,"sd","13:46:36",5254400
4000,-240,4000,"sd","13:46:36",5249400
4000,-240,1400,"sd","13:46:36",5245400
4000,-240,100,"sd","13:46:36",5244000
4000,-240,500,"sd","13:46:36",5243900
4000,-240,100,"sd","13:46:36",5243400
4000,-240,3000,"sd","13:46:36",5243300
4000,-240,200,"sd","13:46:36",5240300
4000,-240,200,"sd","13:46:36",5240100
4000,-240,300,"sd","13:46:36",5239900
4000,-240,2000,"sd","13:46:36",5239600
4000,-240,500,"sd","13:46:36",5237600
4000,-240,3000,"sd","13:46:36",5237100
4000,-240,100,"sd","13:46:36",5234100
4000,-240,1000,"sd","13:46:36",5234000
4000,-240,4000,"sd","13:46:36",5233000
4000,-240,200,"sd","13:46:36",5229000
4000,-240,200,"sd","13:46:36",5228800
4000,-240,500,"sd","13:46:36",5228600
4000,-240,100,"sd","13:46:36",5228100
4000,-240,5000,"sd","13:46:36",5228000
4000,-240,1700,"sd","13:46:36",5223000
4000,-240,600,"sd","13:46:36",5221300
4000,-240,900,"sd","13:46:36",5220700
4000,-240,100,"sd","13:46:36",5219800
4000,-240,10000,"sd","13:46:36",5219700
4000,-240,100,"sd","13:46:36",5209700
4000,-240,1100,"sd","13:46:36",5209600
4000,-240,200,"sd","13:46:36",5208500
4000,-240,3000,"sd","13:46:36",5208300
4000,-240,2000,"sd","13:46:36",5205300
4000,-240,1000,"sd","13:46:36",5203300
4000,-240,200,"sd","13:46:36",5202300
4000,-240,500,"sd","13:46:36",5202100
4000,-240,1200,"sd","13:46:36",5201600
4000,-240,2000,"sd","13:46:36",5200400
4000,-240,1000,"sd","13:46:36",5198400
4000,-240,1200,"sd","13:46:36",5197400
4000,-240,2400,"sd","13:46:36",5196200
4000,-240,1000,"sd","13:46:36",5193800
4000,-240,500,"sd","13:46:36",5192800
4000,-240,100,"sd","13:46:36",5192300
4000,-240,30000,"sd","13:46:36",5192200
4000,-240,1000,"sd","13:46:36",5162200
4000,-240,100,"sd","13:46:36",5161200
4000,-240,500,"sd","13:46:36",5161100
4000,-240,500,"sd","13:46:36",5160600
4000,-240,1000,"sd","13:46:36",5160100
4000,-240,100,"sd","13:46:36",5159100
4000,-240,1000,"sd","13:46:36",5159000
4000,-240,200,"sd","13:46:36",5158000
4000,-240,200,"sd","13:46:36",5157800
4000,-240,5000,"sd","13:46:36",5157600
4000,-240,10000,"sd","13:46:36",5152600
4000,-240,200,"sd","13:46:36",5142600
4000,-240,200,"sd","13:46:36",5142400
4000,-240,2000,"sd","13:46:36",5142200
4000,-240,500,"sd","13:46:36",5140200
4000,-240,1000,"sd","13:46:36",5139700
4000,-240,1000,"sd","13:46:36",5138700
4000,-240,1000,"sd","13:46:36",5137700
4000,-240,100,"sd","13:46:36",5136700
4000,-240,10000,"sd","13:46:36",5136600
4000,-240,100,"sd","13:46:36",5126600
4000,-240,500,"sd","13:46:36",5126500
4000,-240,100,"sd","13:46:36",5126000
4000,-240,100,"sd","13:46:36",5125900
4000,-240,1000,"sd","13:46:36",5125800
4000,-240,1000,"sd","13:46:36",5124800
4000,-240,2000,"sd","13:46:36",5123800
4000,-240,100,"sd","13:46:36",5121800
4000,-240,200,"sd","13:46:36",5121700
4000,-240,2000,"sd","13:46:36",5121500
4000,-240,400,"sd","13:46:36",5119500
4000,-240,6500,"sd","13:46:36",5119100
4000,-240,1000,"sd","13:46:36",5112600
4000,-240,3000,"sd","13:46:36",5111600
4000,-240,100,"sd","13:46:36",5108600
4000,-240,100,"sd","13:46:36",5108500
4000,-240,100,"sd","13:46:36",5108400
4000,-240,1000,"sd","13:46:36",5108300
4000,-240,100,"sd","13:46:36",5107300
4000,-240,100,"sd","13:46:36",5107200
4000,-240,2000,"sd","13:46:36",5107100
4000,-240,5000,"sd","13:46:36",5105100
4000,-240,2500,"sd","13:46:36",5100100
4000,-240,500,"sd","13:46:36",5097600
4000,-240,1000,"sd","13:46:36",5097100
4000,-240,100,"sd","13:46:36",5096100
4000,-240,100,"sd","13:46:36",5096000
4000,-240,200,"sd","13:46:36",5095900
4000,-240,1000,"sd","13:46:36",5095700
4000,-240,100,"sd","13:46:36",5094700
4000,-240,2000,"sd","13:46:36",5094600
4000,-240,100,"sd","13:46:36",5092600
4000,-240,500,"sd","13:46:36",5092500
4000,-240,100,"sd","13:46:36",5092000
4000,-240,400,"sd","13:46:36",5091900
4000,-240,2000,"sd","13:46:36",5091500
4000,-240,20000,"sd","13:46:36",5089500
4000,-240,2000,"sd","13:46:36",5069500
4000,-240,26200,"sd","13:46:36",5067500
4010,-230,2000,"sd","13:46:36",5041300
4010,-230,1000,"sd","13:46:36",5039300
4010,-230,2000,"sd","13:46:36",5038300
4010,-230,1300,"sd","13:46:36",5036300
4010,-230,1700,"sd","13:46:35",5035000
4010,-230,200,"sd","13:46:35",5033300
4010,-230,200,"sd","13:46:35",5033100
4010,-230,800,"sd","13:46:35",5032900
4010,-230,100,"sd","13:46:35",5032100
4010,-230,1000,"sd","13:46:35",5032000
4020,-220,100,"sd","13:46:34",5031000
4010,-230,400,"sd","13:46:22",5030900
4010,-230,1600,"sd","13:46:17",5030500
4010,-230,1000,"sd","13:46:17",5028900
4010,-230,500,"sd","13:46:17",5027900
4010,-230,6000,"sd","13:46:17",5027400
4010,-230,2000,"sd","13:46:17",5021400
4010,-230,100,"sd","13:46:17",5019400
4010,-230,700,"sd","13:46:17",5019300
4010,-230,2500,"sd","13:46:17",5018600
4010,-230,500,"sd","13:46:17",5016100
4010,-230,10000,"sd","13:46:17",5015600
4010,-230,1500,"sd","13:46:17",5005600
4010,-230,400,"sd","13:46:17",5004100
4010,-230,100,"sd","13:46:17",5003700
4010,-230,10000,"sd","13:46:17",5003600
4010,-230,100,"sd","13:46:17",4993600
4010,-230,500,"sd","13:46:17",4993500
4010,-230,3000,"sd","13:46:17",4993000
4010,-230,5000,"sd","13:46:17",4990000
4010,-230,400,"sd","13:46:17",4985000
4010,-230,7500,"sd","13:46:17",4984600
4010,-230,200,"sd","13:46:17",4977100
4010,-230,1000,"sd","13:46:17",4976900
4010,-230,200,"sd","13:46:17",4975900
4010,-230,100,"sd","13:46:17",4975700
4010,-230,2000,"sd","13:46:17",4975600
4010,-230,300,"sd","13:46:17",4973600
4020,-220,3000,"sd","13:46:17",4973300
4020,-220,100,"sd","13:46:17",4970300
4020,-220,100,"sd","13:46:17",4970200
4020,-220,10000,"sd","13:46:17",4970100
4020,-220,10000,"sd","13:46:17",4960100
4020,-220,100,"sd","13:46:17",4950100
4020,-220,1000,"sd","13:46:17",4950000
4020,-220,1000,"sd","13:46:17",4949000
4020,-220,2500,"sd","13:46:17",4948000
4020,-220,5000,"sd","13:46:17",4945500
4020,-220,500,"sd","13:46:17",4940500
4020,-220,100,"sd","13:46:17",4940000
4020,-220,1000,"sd","13:46:17",4939900
4020,-220,200,"sd","13:46:17",4938900
4020,-220,1000,"sd","13:46:17",4938700
4020,-220,2000,"sd","13:46:17",4937700
4020,-220,2000,"sd","13:46:17",4935700
4020,-220,1000,"sd","13:46:17",4933700
4020,-220,300,"sd","13:46:17",4932700
4020,-220,200,"sd","13:46:17",4932400
4020,-220,1000,"sd","13:46:17",4932200
4020,-220,600,"sd","13:46:17",4931200
4020,-220,5000,"sd","13:46:17",4930600
4020,-220,600,"sd","13:46:17",4925600
4020,-220,500,"sd","13:46:17",4925000
4020,-220,1000,"sd","13:46:17",4924500
4020,-220,500,"sd","13:46:17",4923500
4020,-220,2000,"sd","13:46:17",4923000
4020,-220,3400,"sd","13:46:17",4921000
4050,-190,100,"sd","13:46:17",4917600
4030,-210,500,"unknown","13:46:09",4917500
4030,-210,10000,"sd","13:46:09",4917000
4030,-210,2000,"sd","13:46:09",4907000
4020,-220,15300,"sd","13:46:09",4905000
4030,-210,10000,"sd","13:46:09",4889700
4030,-210,2500,"sd","13:46:09",4879700
4030,-210,1000,"sd","13:46:09",4877200
4030,-210,1000,"sd","13:46:09",4876200
4030,-210,100,"sd","13:46:09",4875200
4030,-210,1000,"sd","13:46:09",4875100
4030,-210,3000,"sd","13:46:09",4874100
4030,-210,100,"sd","13:46:09",4871100
4030,-210,5000,"sd","13:46:09",4871000
4030,-210,100,"sd","13:46:09",4866000
4030,-210,1000,"sd","13:46:09",4865900
4030,-210,100,"sd","13:46:09",4864900
4030,-210,700,"sd","13:46:09",4864800
4030,-210,10000,"sd","13:46:09",4864100
4030,-210,5000,"sd","13:46:09",4854100
4030,-210,300,"sd","13:46:09",4849100
4030,-210,2000,"sd","13:46:09",4848800
4030,-210,1000,"sd","13:46:09",4846800
4040,-200,10000,"sd","13:46:09",4845800
4040,-200,1000,"sd","13:46:09",4835800
4040,-200,100,"sd","13:46:09",4834800
4040,-200,1000,"sd","13:46:09",4834700
4040,-200,200,"sd","13:46:09",4833700
4040,-200,20000,"sd","13:46:09",4833500
4040,-200,3000,"sd","13:46:09",4813500
4040,-200,100,"sd","13:46:09",4810500
4040,-200,1000,"sd","13:46:09",4810400
4040,-200,14800,"sd","13:46:09",4809400
4040,-200,5000,"sd","13:46:09",4794600
4040,-200,500,"sd","13:46:09",4789600
4040,-200,2400,"sd","13:46:09",4789100
4050,-190,100,"sd","13:46:09",4786700
4050,-190,100,"sd","13:46:09",4786600
4050,-190,2600,"sd","13:46:09",4786500
4050,-190,200,"sd","13:46:09",4783900
4050,-190,2000,"sd","13:46:09",4783700
4050,-190,10000,"sd","13:46:09",4781700
4050,-190,300,"sd","13:46:09",4771700
4050,-190,100,"sd","13:46:09",4771400
4050,-190,2000,"sd","13:46:09",4771300
4050,-190,10000,"sd","13:46:09",4769300
4050,-190,5000,"sd","13:46:09",4759300
4050,-190,200,"sd","13:46:09",4754300
4050,-190,2000,"sd","13:46:09",4754100
4050,-190,1000,"sd","13:46:09",4752100
4050,-190,2500,"sd","13:46:09",4751100
4050,-190,500,"sd","13:46:09",4748600
4050,-190,400,"sd","13:46:09",4748100
4050,-190,600,"sd","13:46:09",4747700
4050,-190,400,"sd","13:45:55",4747100
4050,-190,100,"sd","13:45:34",4746700
4050,-190,1000,"sd","13:45:30",4746600
4050,-190,400,"sd","13:45:28",4745600
4060,-180,100,"bu","13:45:24",4745200
4050,-190,5000,"sd","13:45:22",4745100
4050,-190,2300,"sd","13:45:13",4740100
4050,-190,5000,"sd","13:45:08",4737800
4060,-180,300,"bu","13:45:02",4732800
4050,-190,3800,"sd","13:45:01",4732500
4060,-180,500,"bu","13:45:00",4728700
4050,-190,400,"sd","13:45:00",4728200
4060,-180,300,"bu","13:44:45",4727800
4060,-180,200,"bu","13:44:45",4727500
4040,-200,7600,"sd","13:44:35",4727300
4040,-200,2000,"sd","13:44:35",4719700
4040,-200,500,"sd","13:44:35",4717700
4040,-200,200,"sd","13:44:35",4717200
4040,-200,3000,"sd","13:44:35",4717000
4040,-200,5000,"sd","13:44:35",4714000
4040,-200,2000,"sd","13:44:35",4709000
4040,-200,5000,"sd","13:44:35",4707000
4040,-200,100,"sd","13:44:35",4702000
4040,-200,1000,"sd","13:44:35",4701900
4040,-200,500,"sd","13:44:35",4700900
4040,-200,100,"sd","13:44:35",4700400
4040,-200,600,"sd","13:44:35",4700300
4040,-200,500,"sd","13:44:35",4699700
4040,-200,600,"sd","13:44:35",4699200
4050,-190,4000,"sd","13:44:35",4698600
4050,-190,5000,"sd","13:44:35",4694600
4050,-190,100,"sd","13:44:35",4689600
4050,-190,700,"sd","13:44:35",4689500
4050,-190,1000,"sd","13:44:35",4688800
4050,-190,500,"sd","13:44:35",4687800
4050,-190,1700,"sd","13:44:35",4687300
4050,-190,400,"sd","13:44:34",4685600
4050,-190,3500,"sd","13:44:29",4685200
4050,-190,900,"sd","13:44:23",4681700
4050,-190,3200,"bu","13:43:58",4680800
4050,-190,10000,"bu","13:43:58",4677600
4050,-190,300,"bu","13:43:58",4667600
4050,-190,100,"bu","13:43:47",4667300
4050,-190,900,"bu","13:43:47",4667200
4050,-190,400,"bu","13:43:31",4666300
4040,-200,100,"sd","13:43:30",4665900
4050,-190,200,"sd","13:43:29",4665800
4050,-190,100,"sd","13:43:29",4665600
4050,-190,100,"sd","13:43:29",4665500
4050,-190,100,"sd","13:43:29",4665400
4050,-190,1200,"sd","13:43:29",4665300
4050,-190,500,"bu","13:43:12",4664100
4050,-190,200,"bu","13:43:12",4663600
4050,-190,500,"bu","13:43:12",4663400
4050,-190,1000,"bu","13:43:12",4662900
4050,-190,6600,"bu","13:43:12",4661900
4040,-200,500,"sd","13:43:09",4655300
4050,-190,1000,"bu","13:43:08",4654800
4040,-200,400,"sd","13:43:05",4653800
4040,-200,400,"sd","13:42:53",4653400
4040,-200,500,"sd","13:42:53",4653000
4040,-200,500,"sd","13:42:53",4652500
4040,-200,300,"sd","13:42:53",4652000
4040,-200,1000,"sd","13:42:53",4651700
4040,-200,1000,"sd","13:42:53",4650700
4040,-200,300,"sd","13:42:53",4649700
4040,-200,2100,"sd","13:42:53",4649400
4050,-190,1000,"bu","13:42:53",4647300
4050,-190,1400,"bu","13:42:43",4646300
4050,-190,1900,"bu","13:42:43",4644900
4050,-190,100,"bu","13:42:39",4643000
4050,-190,9900,"bu","13:42:39",4642900
4040,-200,400,"sd","13:42:38",4633000
4040,-200,300,"sd","13:42:34",4632600
4050,-190,4000,"bu","13:42:17",4632300
4050,-190,1000,"bu","13:42:15",4628300
4040,-200,400,"sd","13:42:12",4627300
4040,-200,1800,"sd","13:42:08",4626900
4040,-200,200,"sd","13:42:08",4625100
4050,-190,100,"bu","13:42:07",4624900
4040,-200,400,"sd","13:41:44",4624800
4040,-200,2000,"sd","13:41:44",4624400
4050,-190,100,"bu","13:41:42",4622400
4050,-190,100,"bu","13:41:37",4622300
4040,-200,400,"sd","13:41:17",4622200
4030,-210,100,"sd","13:41:11",4621800
4030,-210,100,"sd","13:41:11",4621700
4030,-210,1000,"sd","13:41:11",4621600
4030,-210,500,"sd","13:41:11",4620600
4030,-210,1000,"sd","13:41:11",4620100
4030,-210,100,"sd","13:41:11",4619100
4030,-210,100,"sd","13:41:11",4619000
4030,-210,3100,"sd","13:41:11",4618900
4030,-210,3800,"sd","13:41:08",4615800
4040,-200,200,"sd","13:41:08",4612000
4040,-200,1300,"bu","13:41:07",4611800
4040,-200,100,"bu","13:41:07",4610500
4030,-210,1000,"sd","13:41:06",4610400
4040,-200,500,"bu","13:41:05",4609400
4040,-200,100,"bu","13:41:04",4608900
4040,-200,200,"bu","13:41:00",4608800
4040,-200,100,"sd","13:40:52",4608600
4030,-210,2100,"sd","13:40:40",4608500
4030,-210,300,"sd","13:40:40",4606400
4040,-200,300,"sd","13:40:40",4606100
4040,-200,4000,"sd","13:40:40",4605800
4040,-200,1000,"bu","13:40:34",4601800
4040,-200,500,"bu","13:40:33",4600800
4040,-200,100,"sd","13:40:31",4600300
4040,-200,400,"sd","13:40:31",4600200
4040,-200,1000,"bu","13:40:29",4599800
4040,-200,500,"bu","13:40:28",4598800
4040,-200,1100,"bu","13:40:28",4598300
4040,-200,5000,"bu","13:40:22",4597200
4040,-200,1000,"bu","13:40:21",4592200
4040,-200,10000,"bu","13:40:21",4591200
4030,-210,400,"sd","13:40:19",4581200
4040,-200,1000,"bu","13:40:16",4580800
4040,-200,100,"bu","13:40:15",4579800
4040,-200,5000,"bu","13:40:14",4579700
4040,-200,100,"bu","13:40:11",4574700
4040,-200,24000,"bu","13:40:06",4574600
4040,-200,10000,"bu","13:40:06",4550600
4030,-210,1300,"sd","13:40:04",4540600
4030,-210,100,"sd","13:40:04",4539300
4030,-210,100,"sd","13:40:04",4539200
4030,-210,100,"sd","13:40:04",4539100
4030,-210,1000,"sd","13:40:04",4539000
4030,-210,100,"sd","13:40:04",4538000
4030,-210,200,"sd","13:40:04",4537900
4030,-210,1000,"sd","13:40:04",4537700
4030,-210,1000,"sd","13:40:04",4536700
4030,-210,100,"sd","13:40:04",4535700
4040,-200,200,"bu","13:39:57",4535600
4040,-200,200,"bu","13:39:57",4535400
4040,-200,500,"sd","13:39:57",4535200
4040,-200,500,"sd","13:39:57",4534700
4040,-200,1000,"sd","13:39:57",4534200
4040,-200,100,"sd","13:39:57",4533200
4040,-200,2000,"sd","13:39:57",4533100
4040,-200,200,"sd","13:39:57",4531100
4040,-200,100,"sd","13:39:57",4530900
4040,-200,100,"sd","13:39:57",4530800
4040,-200,10000,"sd","13:39:57",4530700
4040,-200,100,"sd","13:39:57",4520700
4040,-200,100,"sd","13:39:57",4520600
4040,-200,1000,"sd","13:39:57",4520500
4040,-200,25000,"sd","13:39:57",4519500
4040,-200,1000,"sd","13:39:57",4494500
4040,-200,600,"sd","13:39:57",4493500
4040,-200,400,"sd","13:39:52",4492900
4050,-190,5000,"bu","13:39:49",4492500
4050,-190,100,"bu","13:39:47",4487500
4050,-190,100,"bu","13:39:37",4487400
4050,-190,500,"sd","13:39:36",4487300
4050,-190,100,"sd","13:39:36",4486800
4050,-190,500,"sd","13:39:36",4486700
4050,-190,2000,"sd","13:39:36",4486200
4050,-190,300,"sd","13:39:36",4484200
4050,-190,3000,"sd","13:39:36",4483900
4050,-190,100,"sd","13:39:36",4480900
4050,-190,1000,"sd","13:39:36",4480800
4050,-190,4500,"sd","13:39:36",4479800
4050,-190,2000,"sd","13:39:36",4475300
4050,-190,500,"sd","13:39:36",4473300
4050,-190,5000,"sd","13:39:36",4472800
4050,-190,100,"sd","13:39:36",4467800
4050,-190,400,"sd","13:39:25",4467700
4060,-180,1000,"sd","13:39:09",4467300
4060,-180,300,"sd","13:39:08",4466300
4060,-180,5000,"sd","13:39:08",4466000
4060,-180,100,"sd","13:39:08",4461000
4070,-170,7700,"bu","13:38:28",4460900
4070,-170,500,"bu","13:38:28",4453200
4060,-180,400,"bu","13:38:28",4452700
4060,-180,600,"bu","13:38:28",4452300
4060,-180,800,"bu","13:38:28",4451700
4050,-190,100,"sd","13:38:28",4450900
4050,-190,300,"sd","13:38:28",4450800
4060,-180,5000,"bu","13:38:22",4450500
4060,-180,1000,"bu","13:38:20",4445500
4050,-190,700,"sd","13:38:17",4444500
4050,-190,500,"sd","13:38:17",4443800
4050,-190,200,"sd","13:38:17",4443300
4050,-190,100,"sd","13:38:17",4443100
4050,-190,500,"sd","13:38:17",4443000
4050,-190,6000,"sd","13:38:17",4442500
4050,-190,4400,"sd","13:38:17",4436500
4050,-190,2000,"sd","13:38:17",4432100
4050,-190,100,"sd","13:38:17",4430100
4050,-190,300,"sd","13:38:17",4430000
4050,-190,100,"sd","13:38:17",4429700
4050,-190,100,"sd","13:38:17",4429600
4050,-190,5000,"sd","13:38:17",4429500
4050,-190,300,"sd","13:38:17",4424500
4050,-190,10000,"sd","13:38:17",4424200
4050,-190,1100,"sd","13:38:17",4414200
4050,-190,1500,"sd","13:38:17",4413100
4050,-190,1000,"sd","13:38:17",4411600
4050,-190,10000,"sd","13:38:17",4410600
4050,-190,200,"sd","13:38:17",4400600
4050,-190,200,"sd","13:38:17",4400400
4050,-190,500,"sd","13:38:17",4400200
4050,-190,1000,"sd","13:38:17",4399700
4050,-190,200,"sd","13:38:17",4398700
4050,-190,2700,"sd","13:38:17",4398500
4050,-190,1000,"sd","13:38:17",4395800
4050,-190,1000,"sd","13:38:17",4394800
4050,-190,100,"sd","13:38:17",4393800
4050,-190,10300,"sd","13:38:17",4393700
4050,-190,1700,"sd","13:38:17",4383400
4050,-190,1000,"sd","13:38:17",4381700
4050,-190,200,"sd","13:38:17",4380700
4050,-190,1000,"sd","13:38:17",4380500
4050,-190,100,"sd","13:38:17",4379500
4050,-190,1000,"sd","13:38:17",4379400
4050,-190,300,"sd","13:38:17",4378400
4050,-190,200,"sd","13:38:17",4378100
4050,-190,3000,"sd","13:38:17",4377900
4050,-190,200,"sd","13:38:17",4374900
4060,-180,5000,"bu","13:38:16",4374700
4050,-190,300,"sd","13:38:11",4369700
4050,-190,100,"sd","13:38:11",4369400
4050,-190,500,"sd","13:38:11",4369300
4050,-190,200,"sd","13:38:11",4368800
4050,-190,100,"sd","13:38:11",4368600
4050,-190,500,"sd","13:38:11",4368500
4050,-190,200,"sd","13:38:11",4368000
4050,-190,1000,"sd","13:38:11",4367800
4050,-190,700,"sd","13:38:11",4366800
4050,-190,2000,"sd","13:38:11",4366100
4050,-190,100,"sd","13:38:11",4364100
4050,-190,2000,"sd","13:38:11",4364000
4050,-190,5000,"sd","13:38:11",4362000
4050,-190,1000,"sd","13:38:11",4357000
4050,-190,2000,"sd","13:38:11",4356000
4050,-190,200,"sd","13:38:11",4354000
4050,-190,200,"sd","13:38:11",4353800
4050,-190,1000,"sd","13:38:11",4353600
4050,-190,500,"sd","13:38:11",4352600
4060,-180,5000,"bu","13:38:11",4352100
4060,-180,1000,"bu","13:38:07",4347100
4050,-190,500,"sd","13:38:01",4346100
4060,-180,10000,"bu","13:38:00",4345600
4060,-180,100,"sd","13:37:53",4335600
4060,-180,100,"sd","13:37:53",4335500
4060,-180,300,"sd","13:37:42",4335400
4060,-180,100,"sd","13:37:42",4335100
4060,-180,100,"sd","13:37:42",4335000
4060,-180,100,"sd","13:37:42",4334900
4060,-180,500,"sd","13:37:42",4334800
4060,-180,3900,"sd","13:37:42",4334300
4060,-180,100,"sd","13:37:34",4330400
4060,-180,1800,"sd","13:37:34",4330300
4060,-180,500,"sd","13:37:34",4328500
4060,-180,100,"sd","13:37:34",4328000
4060,-180,20000,"sd","13:37:34",4327900
4060,-180,200,"sd","13:37:34",4307900
4060,-180,1000,"sd","13:37:34",4307700
4060,-180,5000,"sd","13:37:34",4306700
4060,-180,2000,"sd","13:37:34",4301700
4060,-180,900,"sd","13:37:34",4299700
4060,-180,4000,"sd","13:37:29",4298800
4070,-170,200,"bu","13:37:25",4294800
4070,-170,100,"bu","13:37:09",4294600
4070,-170,4900,"bu","13:37:09",4294500
4060,-180,400,"sd","13:37:08",4289600
4070,-170,400,"bu","13:37:05",4289200
4070,-170,100,"bu","13:37:05",4288800
4070,-170,2000,"bu","13:37:03",4288700
4070,-170,3000,"sd","13:37:00",4286700
4070,-170,2000,"sd","13:37:00",4283700
4070,-170,1000,"sd","13:37:00",4281700
4070,-170,3000,"sd","13:37:00",4280700
4070,-170,500,"sd","13:37:00",4277700
4070,-170,33400,"sd","13:37:00",4277200
4080,-160,500,"bu","13:36:50",4243800
4070,-170,5000,"sd","13:36:48",4243300
4080,-160,5000,"bu","13:36:43",4238300
4070,-170,500,"sd","13:36:42",4233300
4070,-170,400,"sd","13:36:40",4232800
4070,-170,10700,"sd","13:36:31",4232400
4070,-170,400,"sd","13:36:31",4221700
4070,-170,1200,"sd","13:36:31",4221300
4070,-170,500,"sd","13:36:31",4220100
4070,-170,17200,"sd","13:36:31",4219600
4080,-160,500,"bu","13:36:26",4202400
4070,-170,600,"sd","13:36:25",4201900
4080,-160,3300,"bu","13:36:20",4201300
4070,-170,30000,"sd","13:36:15",4198000
4070,-170,300,"sd","13:36:13",4168000
4080,-160,200,"bu","13:36:11",4167700
4070,-170,1900,"sd","13:36:09",4167500
4070,-170,100,"sd","13:36:09",4165600
4070,-170,700,"sd","13:36:05",4165500
4070,-170,500,"sd","13:36:05",4164800
4070,-170,800,"sd","13:36:05",4164300
4070,-170,600,"sd","13:36:02",4163500
4080,-160,5000,"bu","13:36:01",4162900
4080,-160,10000,"bu","13:36:00",4157900
4080,-160,1000,"bu","13:35:54",4147900
4070,-170,600,"sd","13:35:38",4146900
4070,-170,5000,"sd","13:35:38",4146300
4070,-170,300,"sd","13:35:36",4141300
4070,-170,100,"sd","13:35:36",4141000
4070,-170,400,"sd","13:35:36",4140900
4070,-170,500,"bu","13:35:27",4140500
4070,-170,100,"bu","13:35:27",4140000
4070,-170,7900,"bu","13:35:24",4139900
4070,-170,100,"bu","13:35:24",4132000
4060,-180,500,"sd","13:35:14",4131900
4060,-180,4200,"sd","13:34:49",4131400
4060,-180,1000,"sd","13:34:49",4127200
4060,-180,600,"sd","13:34:49",4126200
4060,-180,300,"sd","13:34:49",4125600
4060,-180,100,"sd","13:34:49",4125300
4060,-180,200,"sd","13:34:38",4125200
4060,-180,800,"sd","13:34:38",4125000
4060,-180,9200,"sd","13:34:24",4124200
4060,-180,1000,"sd","13:34:24",4115000
4060,-180,1000,"sd","13:34:24",4114000
4060,-180,200,"sd","13:34:24",4113000
4060,-180,100,"sd","13:34:24",4112800
4060,-180,500,"sd","13:34:24",4112700
4060,-180,100,"sd","13:34:24",4112200
4060,-180,5000,"sd","13:34:24",4112100
4060,-180,1000,"sd","13:34:24",4107100
4060,-180,18600,"sd","13:34:24",4106100
4060,-180,11400,"sd","13:34:17",4087500
4060,-180,200,"sd","13:34:17",4076100
4060,-180,200,"sd","13:34:17",4075900
4060,-180,3000,"sd","13:34:16",4075700
4060,-180,100,"sd","13:34:16",4072700
4060,-180,200,"sd","13:34:16",4072600
4060,-180,400,"sd","13:34:16",4072400
4060,-180,1000,"sd","13:34:16",4072000
4060,-180,1000,"sd","13:34:16",4071000
4060,-180,700,"sd","13:34:16",4070000
4060,-180,100,"sd","13:34:16",4069300
4060,-180,5000,"sd","13:34:16",4069200
4060,-180,100,"sd","13:34:16",4064200
4060,-180,1000,"sd","13:34:16",4064100
4060,-180,10000,"sd","13:34:16",4063100
4060,-180,2000,"sd","13:34:16",4053100
4060,-180,500,"sd","13:34:16",4051100
4060,-180,1000,"sd","13:34:16",4050600
4060,-180,100,"sd","13:34:16",4049600
4060,-180,500,"sd","13:34:16",4049500
4060,-180,500,"sd","13:34:16",4049000
4060,-180,200,"sd","13:34:16",4048500
4060,-180,1000,"sd","13:34:16",4048300
4060,-180,1000,"sd","13:34:16",4047300
4060,-180,3300,"sd","13:34:16",4046300
4070,-170,5500,"sd","13:34:16",4043000
4070,-170,500,"bu","13:34:16",4037500
4070,-170,4000,"bu","13:34:16",4037000
4070,-170,300,"bu","13:34:16",4033000
4070,-170,1000,"bu","13:34:15",4032700
4060,-180,400,"sd","13:34:14",4031700
4070,-170,500,"bu","13:34:12",4031300
4070,-170,5000,"bu","13:34:12",4030800
4070,-170,1000,"sd","13:33:58",4025800
4070,-170,4000,"sd","13:33:58",4024800
4070,-170,300,"sd","13:33:58",4020800
4070,-170,100,"sd","13:33:58",4020500
4070,-170,300,"sd","13:33:58",4020400
4070,-170,300,"sd","13:33:58",4020100
4070,-170,10000,"sd","13:33:58",4019800
4070,-170,1000,"sd","13:33:58",4009800
4070,-170,200,"sd","13:33:58",4008800
4070,-170,500,"sd","13:33:58",4008600
4070,-170,6500,"sd","13:33:58",4008100
4070,-170,3500,"sd","13:33:50",4001600
4070,-170,1000,"sd","13:33:50",3998100
4070,-170,500,"sd","13:33:50",3997100
4070,-170,500,"sd","13:33:47",3996600
4080,-160,500,"bu","13:33:37",3996100
4070,-170,7900,"sd","13:33:25",3995600
4070,-170,500,"sd","13:33:25",3987700
4070,-170,5000,"sd","13:33:25",3987200
4070,-170,900,"sd","13:33:25",3982200
4070,-170,200,"sd","13:33:25",3981300
4070,-170,200,"sd","13:33:25",3981100
4070,-170,100,"sd","13:33:25",3980900
4070,-170,5200,"sd","13:33:25",3980800
4070,-170,400,"sd","13:33:20",3975600
4070,-170,1200,"sd","13:33:09",3975200
4070,-170,900,"sd","13:33:06",3974000
4080,-160,1800,"bu","13:33:05",3973100
4080,-160,200,"bu","13:33:05",3971300
4070,-170,500,"sd","13:32:52",3971100
4070,-170,600,"sd","13:32:47",3970600
4070,-170,300,"sd","13:32:45",3970000
4070,-170,400,"sd","13:32:25",3969700
4080,-160,1000,"sd","13:32:20",3969300
4080,-160,500,"sd","13:32:20",3968300
4080,-160,2600,"sd","13:32:20",3967800
4080,-160,1000,"sd","13:32:20",3965200
4080,-160,5200,"sd","13:32:20",3964200
4080,-160,100,"sd","13:32:20",3959000
4080,-160,300,"sd","13:32:20",3958900
4080,-160,2000,"sd","13:32:20",3958600
4080,-160,1000,"sd","13:32:20",3956600
4080,-160,4000,"sd","13:32:20",3955600
4080,-160,100,"sd","13:32:20",3951600
4080,-160,200,"sd","13:32:20",3951500
4080,-160,1800,"sd","13:32:20",3951300
4080,-160,400,"sd","13:31:59",3949500
4090,-150,1000,"bu","13:31:40",3949100
4080,-160,5000,"sd","13:31:34",3948100
4080,-160,500,"sd","13:31:31",3943100
4080,-160,2300,"sd","13:31:11",3942600
4080,-160,3000,"sd","13:31:11",3940300
4080,-160,100,"sd","13:31:11",3937300
4080,-160,600,"sd","13:31:11",3937200
4080,-160,400,"sd","13:31:04",3936600
4080,-160,100,"sd","13:31:04",3936200
4080,-160,400,"sd","13:30:48",3936100
4080,-160,300,"sd","13:30:48",3935700
4080,-160,500,"sd","13:30:48",3935400
4080,-160,800,"sd","13:30:48",3934900
4080,-160,10000,"sd","13:30:42",3934100
4080,-160,500,"sd","13:30:38",3924100
4080,-160,30000,"sd","13:30:31",3923600
4080,-160,500,"sd","13:30:16",3893600
4080,-160,400,"sd","13:30:10",3893100
4080,-160,1000,"sd","13:29:59",3892700
4080,-160,500,"sd","13:29:43",3891700
4090,-150,3000,"bu","13:29:30",3891200
4090,-150,100,"sd","13:29:19",3888200
4090,-150,100,"sd","13:29:19",3888100
4090,-150,2800,"sd","13:29:19",3888000
4090,-150,500,"sd","13:29:16",3885200
4090,-150,6700,"sd","13:29:16",3884700
4090,-150,1000,"sd","13:29:16",3878000
4090,-150,1000,"sd","13:29:16",3877000
4090,-150,10000,"sd","13:29:16",3876000
4090,-150,1300,"sd","13:29:16",3866000
4100,-140,300,"bu","13:29:11",3864700
4090,-150,1000,"sd","13:29:08",3864400
4090,-150,1100,"sd","13:29:06",3863400
4090,-150,1000,"sd","13:29:03",3862300
4090,-150,1000,"sd","13:28:59",3861300
4090,-150,500,"sd","13:28:50",3860300
4090,-150,500,"sd","13:28:22",3859800
4090,-150,500,"sd","13:28:10",3859300
4090,-150,15000,"sd","13:28:05",3858800
4090,-150,400,"sd","13:27:55",3843800
4100,-140,100,"bu","13:27:49",3843400
4100,-140,300,"bu","13:27:35",3843300
4100,-140,100,"bu","13:27:19",3843000
4090,-150,1000,"sd","13:27:19",3842900
4100,-140,2300,"bu","13:27:17",3841900
4100,-140,200,"bu","13:27:17",3839600
4090,-150,5000,"bu","13:27:05",3839400
4090,-150,500,"bu","13:27:05",3834400
4090,-150,3900,"bu","13:27:05",3833900
4090,-150,1000,"bu","13:27:05",3830000
4090,-150,500,"bu","13:27:05",3829000
4090,-150,10000,"bu","13:27:05",3828500
4090,-150,1000,"bu","13:27:05",3818500
4090,-150,1500,"bu","13:27:05",3817500
4090,-150,3300,"bu","13:27:05",3816000
4080,-160,1000,"sd","13:27:05",3812700
4080,-160,5300,"bu","13:26:43",3811700
4080,-160,100,"bu","13:26:39",3806400
4080,-160,34600,"sd","13:26:35",3806300
4080,-160,400,"sd","13:26:26",3771700
4080,-160,5000,"sd","13:26:26",3771300
4080,-160,1600,"bu","13:26:26",3766300
4080,-160,500,"bu","13:26:26",3764700
4080,-160,7900,"bu","13:26:26",3764200
4080,-160,2000,"bu","13:26:24",3756300
4070,-170,500,"sd","13:26:06",3754300
4070,-170,500,"sd","13:26:06",3753800
4070,-170,200,"sd","13:26:06",3753300
4070,-170,500,"sd","13:25:59",3753100
4080,-160,5000,"sd","13:25:37",3752600
4080,-160,100,"sd","13:25:37",3747600
4090,-150,1500,"bu","13:25:27",3747500
4080,-160,1000,"sd","13:25:27",3746000
4080,-160,900,"sd","13:25:22",3745000
4080,-160,5000,"sd","13:25:22",3744100
4080,-160,800,"sd","13:25:22",3739100
4080,-160,3300,"sd","13:25:22",3738300
4080,-160,400,"bu","13:25:02",3735000
4080,-160,16300,"bu","13:25:02",3734600
4080,-160,3700,"sd","13:24:53",3718300
4080,-160,500,"bu","13:24:52",3714600
4080,-160,800,"bu","13:24:52",3714100
4080,-160,200,"bu","13:24:45",3713300
4070,-170,600,"sd","13:24:44",3713100
4070,-170,400,"sd","13:24:30",3712500
4070,-170,1300,"bu","13:24:25",3712100
4070,-170,1000,"bu","13:24:15",3710800
4070,-170,2000,"sd","13:24:14",3709800
4070,-170,200,"sd","13:24:14",3707800
4070,-170,100,"sd","13:24:14",3707600
4070,-170,200,"sd","13:24:14",3707500
4070,-170,100,"sd","13:24:14",3707300
4070,-170,100,"sd","13:24:14",3707200
4070,-170,5000,"sd","13:24:14",3707100
4070,-170,500,"sd","13:24:14",3702100
4070,-170,100,"sd","13:24:14",3701600
4070,-170,2400,"sd","13:24:14",3701500
4070,-170,15000,"sd","13:24:14",3699100
4070,-170,100,"sd","13:24:14",3684100
4070,-170,1000,"sd","13:24:14",3684000
4070,-170,100,"sd","13:24:14",3683000
4070,-170,2000,"sd","13:24:14",3682900
4070,-170,100,"sd","13:24:14",3680900
4070,-170,5000,"sd","13:24:14",3680800
4070,-170,500,"sd","13:24:14",3675800
4070,-170,1000,"sd","13:24:14",3675300
4070,-170,1000,"sd","13:24:14",3674300
4070,-170,1000,"sd","13:24:14",3673300
4070,-170,200,"sd","13:24:14",3672300
4070,-170,500,"sd","13:24:03",3672100
4070,-170,1200,"sd","13:24:03",3671600
4080,-160,200,"bu","13:23:38",3670400
4080,-160,500,"bu","13:23:38",3670200
4070,-170,100,"sd","13:23:36",3669700
4070,-170,400,"sd","13:23:36",3669600
4080,-160,1000,"bu","13:23:35",3669200
4080,-160,100,"bu","13:23:33",3668200
4080,-160,1000,"bu","13:23:15",3668100
4070,-170,500,"sd","13:23:09",3667100
4080,-160,400,"bu","13:22:44",3666600
4070,-170,100,"sd","13:22:43",3666200
4070,-170,400,"sd","13:22:43",3666100
4080,-160,200,"bu","13:22:36",3665700
4080,-160,10000,"bu","13:22:31",3665500
4080,-160,100,"sd","13:22:23",3655500
4080,-160,1000,"sd","13:22:23",3655400
4080,-160,800,"sd","13:22:23",3654400
4080,-160,100,"sd","13:22:23",3653600
4080,-160,100,"sd","13:22:23",3653500
4080,-160,4700,"sd","13:22:23",3653400
4080,-160,500,"sd","13:22:16",3648700
4090,-150,200,"bu","13:22:15",3648200
4080,-160,500,"sd","13:22:12",3648000
4080,-160,500,"bu","13:21:39",3647500
4080,-160,1000,"bu","13:21:39",3647000
4080,-160,500,"bu","13:21:39",3646000
4080,-160,1000,"bu","13:21:39",3645500
4080,-160,1300,"bu","13:21:39",3644500
4080,-160,1700,"bu","13:21:25",3643200
4080,-160,800,"bu","13:21:25",3641500
4080,-160,2500,"bu","13:21:25",3640700
4080,-160,2900,"bu","13:21:19",3638200
4080,-160,100,"bu","13:21:19",3635300
4080,-160,100,"bu","13:21:19",3635200
4070,-170,200,"sd","13:21:17",3635100
4070,-170,100,"sd","13:21:17",3634900
4070,-170,200,"sd","13:21:17",3634800
4080,-160,500,"bu","13:21:12",3634600
4080,-160,100,"bu","13:21:12",3634100
4080,-160,3000,"bu","13:20:57",3634000
4070,-170,200,"sd","13:20:56",3631000
4070,-170,200,"sd","13:20:56",3630800
4070,-170,400,"sd","13:20:50",3630600
4080,-160,100,"bu","13:20:45",3630200
4080,-160,100,"bu","13:20:25",3630100
4070,-170,400,"sd","13:20:23",3630000
4070,-170,100,"sd","13:20:23",3629600
4070,-170,1800,"sd","13:20:15",3629500
4070,-170,100,"sd","13:20:15",3627700
4070,-170,100,"sd","13:20:15",3627600
4070,-170,1000,"sd","13:20:15",3627500
4070,-170,200,"sd","13:20:15",3626500
4070,-170,300,"sd","13:20:15",3626300
4070,-170,100,"sd","13:20:15",3626000
4070,-170,18400,"sd","13:20:15",3625900
4080,-160,400,"bu","13:20:01",3607500
4080,-160,100,"bu","13:20:01",3607100
4070,-170,400,"sd","13:19:56",3607000
4070,-170,1200,"sd","13:19:50",3606600
4070,-170,2700,"sd","13:19:50",3605400
4080,-160,900,"bu","13:19:49",3602700
4080,-160,4100,"bu","13:19:49",3601800
4080,-160,1000,"bu","13:19:44",3597700
4080,-160,5000,"bu","13:19:34",3596700
4070,-170,300,"sd","13:19:29",3591700
4070,-170,100,"sd","13:19:29",3591400
4070,-170,200,"sd","13:19:27",3591300
4070,-170,300,"sd","13:19:14",3591100
4080,-160,500,"bu","13:19:12",3590800
4070,-170,500,"sd","13:19:03",3590300
4070,-170,4900,"sd","13:18:52",3589800
4070,-170,1000,"sd","13:18:52",3584900
4070,-170,2000,"sd","13:18:52",3583900
4070,-170,100,"sd","13:18:52",3581900
4070,-170,100,"sd","13:18:52",3581800
4070,-170,500,"sd","13:18:52",3581700
4070,-170,300,"sd","13:18:52",3581200
4070,-170,1000,"sd","13:18:52",3580900
4070,-170,100,"sd","13:18:52",3579900
4070,-170,200,"sd","13:18:52",3579800
4070,-170,2000,"sd","13:18:52",3579600
4070,-170,200,"sd","13:18:52",3577600
4070,-170,200,"sd","13:18:52",3577400
4070,-170,500,"sd","13:18:52",3577200
4070,-170,200,"sd","13:18:52",3576700
4070,-170,1000,"sd","13:18:52",3576500
4070,-170,100,"sd","13:18:52",3575500
4070,-170,100,"sd","13:18:52",3575400
4070,-170,100,"sd","13:18:52",3575300
4070,-170,1000,"sd","13:18:52",3575200
4070,-170,4400,"sd","13:18:52",3574200
4080,-160,500,"bu","13:18:52",3569800
4070,-170,100,"sd","13:18:47",3569300
4080,-160,1000,"bu","13:18:39",3569200
4070,-170,500,"sd","13:18:36",3568200
4080,-160,100,"bu","13:18:29",3567700
4080,-160,500,"bu","13:18:17",3567600
4070,-170,500,"sd","13:18:09",3567100
4080,-160,200,"bu","13:18:09",3566600
4080,-160,1000,"bu","13:18:05",3566400
4080,-160,300,"bu","13:18:03",3565400
4080,-160,200,"bu","13:17:49",3565100
4070,-170,500,"sd","13:17:41",3564900
4070,-170,500,"sd","13:17:38",3564400
4080,-160,500,"bu","13:17:37",3563900
4080,-160,100,"bu","13:17:32",3563400
4080,-160,5000,"bu","13:17:28",3563300
4080,-160,1000,"bu","13:17:19",3558300
4070,-170,500,"sd","13:17:14",3557300
4080,-160,200,"bu","13:17:10",3556800
4080,-160,100,"bu","13:17:06",3556600
4070,-170,500,"sd","13:16:57",3556500
4070,-170,500,"sd","13:16:47",3556000
4080,-160,1900,"bu","13:16:40",3555500
4080,-160,1000,"bu","13:16:21",3553600
4070,-170,500,"sd","13:16:20",3552600
4080,-160,100,"bu","13:16:20",3552100
4080,-160,100,"bu","13:16:17",3552000
4080,-160,300,"sd","13:16:11",3551900
4080,-160,100,"sd","13:16:11",3551600
4080,-160,1000,"sd","13:16:11",3551500
4080,-160,400,"sd","13:16:11",3550500
4090,-150,100,"sd","13:16:11",3550100
4090,-150,100,"sd","13:16:11",3550000
4090,-150,100,"sd","13:16:11",3549900
4090,-150,500,"sd","13:16:11",3549800
4090,-150,3000,"sd","13:16:11",3549300
4090,-150,500,"bu","13:15:44",3546300
4090,-150,500,"bu","13:15:44",3545800
4090,-150,500,"bu","13:15:30",3545300
4090,-150,2000,"bu","13:15:30",3544800
4090,-150,2500,"bu","13:15:30",3542800
4090,-150,200,"bu","13:15:10",3540300
4080,-160,600,"sd","13:15:08",3540100
4090,-150,3200,"bu","13:14:56",3539500
4090,-150,1000,"bu","13:14:56",3536300
4080,-160,500,"bu","13:14:56",3535300
4080,-160,400,"bu","13:14:56",3534800
4070,-170,500,"sd","13:14:50",3534400
4080,-160,100,"bu","13:14:44",3533900
4080,-160,1100,"bu","13:14:31",3533800
4080,-160,200,"bu","13:14:31",3532700
4080,-160,1700,"bu","13:14:31",3532500
4070,-170,500,"sd","13:14:23",3530800
4070,-170,500,"sd","13:13:56",3530300
4080,-160,3300,"bu","13:13:41",3529800
4080,-160,800,"bu","13:13:41",3526500
4080,-160,1600,"bu","13:13:41",3525700
4070,-170,4300,"bu","13:13:41",3524100
4070,-170,1500,"bu","13:13:40",3519800
4070,-170,300,"sd","13:13:39",3518300
4070,-170,100,"sd","13:13:39",3518000
4070,-170,3000,"sd","13:13:39",3517900
4070,-170,600,"sd","13:13:39",3514900
4070,-170,9000,"sd","13:13:39",3514300
4070,-170,1000,"sd","13:13:39",3505300
4070,-170,100,"sd","13:13:39",3504300
4070,-170,100,"sd","13:13:39",3504200
4070,-170,200,"sd","13:13:36",3504100
4070,-170,500,"sd","13:13:36",3503900
4070,-170,800,"sd","13:13:36",3503400
4070,-170,500,"sd","13:13:36",3502600
4070,-170,500,"sd","13:13:28",3502100
4080,-160,3200,"bu","13:13:11",3501600
4080,-160,1800,"bu","13:13:11",3498400
4080,-160,1000,"bu","13:13:11",3496600
4070,-170,500,"sd","13:13:01",3495600
4080,-160,100,"bu","13:12:51",3495100
4080,-160,100,"bu","13:12:44",3495000
4070,-170,1000,"sd","13:12:39",3494900
4080,-160,1000,"bu","13:12:36",3493900
4070,-170,500,"sd","13:12:35",3492900
4070,-170,100,"sd","13:12:34",3492400
4070,-170,1900,"sd","13:12:15",3492300
4070,-170,1500,"bu","13:11:55",3490400
4070,-170,500,"bu","13:11:55",3488900
4070,-170,6000,"bu","13:11:55",3488400
4070,-170,200,"bu","13:11:48",3482400
4060,-180,500,"sd","13:11:36",3482200
4070,-170,200,"bu","13:11:29",3481700
4070,-170,2000,"bu","13:11:27",3481500
4070,-170,100,"bu","13:11:22",3479500
4070,-170,100,"bu","13:11:20",3479400
4070,-170,200,"bu","13:11:16",3479300
4070,-170,300,"bu","13:11:14",3479100
4070,-170,1300,"bu","13:11:12",3478800
4070,-170,500,"bu","13:11:12",3477500
4060,-180,2800,"sd","13:11:09",3477000
4060,-180,500,"sd","13:11:09",3474200
4060,-180,4400,"sd","13:11:09",3473700
4070,-170,10000,"sd","13:11:09",3469300
4070,-170,500,"sd","13:11:09",3459300
4070,-170,100,"sd","13:11:08",3458800
4070,-170,5200,"sd","13:11:08",3458700
4070,-170,100,"sd","13:10:52",3453500
4070,-170,100,"sd","13:10:52",3453400
4060,-180,400,"sd","13:10:42",3453300
4070,-170,100,"sd","13:10:42",3452900
4080,-160,2000,"bu","13:10:37",3452800
4070,-170,8000,"bu","13:10:37",3450800
4070,-170,2000,"sd","13:10:30",3442800
4070,-170,5000,"sd","13:10:30",3440800
4070,-170,2000,"sd","13:10:30",3435800
4080,-160,4000,"bu","13:10:29",3433800
4070,-170,3000,"sd","13:10:29",3429800
4070,-170,400,"sd","13:10:29",3426800
4070,-170,100,"sd","13:10:29",3426400
4070,-170,500,"sd","13:10:29",3426300
4070,-170,100,"sd","13:10:17",3425800
4070,-170,500,"sd","13:10:17",3425700
4070,-170,9400,"sd","13:10:17",3425200
4070,-170,100,"sd","13:10:15",3415800
4070,-170,400,"sd","13:10:15",3415700
4080,-160,600,"bu","13:10:10",3415300
4080,-160,300,"bu","13:10:03",3414700
4080,-160,600,"bu","13:10:01",3414400
4070,-170,600,"sd","13:10:00",3413800
4070,-170,200,"sd","13:10:00",3413200
4070,-170,700,"sd","13:10:00",3413000
4080,-160,1000,"bu","13:09:54",3412300
4070,-170,300,"sd","13:09:48",3411300
4070,-170,100,"sd","13:09:48",3411000
4080,-160,3700,"bu","13:09:45",3410900
4080,-160,100,"bu","13:09:34",3407200
4080,-160,200,"sd","13:09:30",3407100
4080,-160,300,"sd","13:09:30",3406900
4080,-160,1000,"sd","13:09:30",3406600
4080,-160,1000,"sd","13:09:30",3405600
4080,-160,200,"sd","13:09:30",3404600
4080,-160,1000,"sd","13:09:30",3404400
4080,-160,3500,"sd","13:09:30",3403400
4080,-160,1000,"sd","13:09:30",3399900
4080,-160,100,"sd","13:09:30",3398900
4080,-160,4400,"sd","13:09:30",3398800
4090,-150,100,"bu","13:09:22",3394400
4080,-160,300,"sd","13:09:21",3394300
4090,-150,200,"bu","13:09:20",3394000
4090,-150,800,"bu","13:09:20",3393800
4090,-150,1000,"bu","13:09:16",3393000
4090,-150,3200,"bu","13:09:12",3392000
4090,-150,1800,"bu","13:09:12",3388800
4090,-150,200,"bu","13:09:12",3387000
4090,-150,100,"bu","13:09:01",3386800
4090,-150,3000,"bu","13:09:01",3386700
4090,-150,200,"bu","13:09:00",3383700
4090,-150,4700,"bu","13:08:56",3383500
4090,-150,1000,"bu","13:08:56",3378800
4090,-150,300,"bu","13:08:56",3377800
4080,-160,500,"sd","13:08:54",3377500
4090,-150,1600,"bu","13:08:45",3377000
4090,-150,4000,"bu","13:08:42",3375400
4090,-150,1000,"bu","13:08:42",3371400
4080,-160,500,"bu","13:07:57",3370400
4080,-160,2600,"bu","13:07:57",3369900
4080,-160,1100,"bu","13:07:56",3367300
4070,-170,500,"sd","13:07:55",3366200
4080,-160,200,"bu","13:07:52",3365700
4080,-160,100,"bu","13:07:52",3365500
4080,-160,200,"bu","13:07:46",3365400
4080,-160,200,"bu","13:07:44",3365200
4080,-160,100,"bu","13:07:38",3365000
4070,-170,500,"sd","13:07:28",3364900
4080,-160,100,"sd","13:07:09",3364400
4090,-150,1000,"bu","13:07:02",3364300
4090,-150,100,"bu","13:07:01",3363300
4070,-170,500,"sd","13:07:01",3363200
4070,-170,200,"sd","13:07:01",3362700
4090,-150,100,"bu","13:06:51",3362500
4060,-180,1900,"sd","13:06:42",3362400
4070,-170,100,"sd","13:06:42",3360500
4060,-180,1100,"sd","13:06:25",3360400
4070,-170,2000,"sd","13:06:25",3359300
4070,-170,1900,"sd","13:06:25",3357300
4090,-150,700,"bu","13:06:22",3355400
4090,-150,100,"bu","13:06:20",3354700
4090,-150,100,"bu","13:06:09",3354600
4080,-160,500,"bu","13:06:06",3354500
4080,-160,400,"bu","13:06:06",3354000
4070,-170,100,"sd","13:06:03",3353600
4080,-160,200,"bu","13:05:59",3353500
4070,-170,100,"sd","13:05:58",3353300
4080,-160,100,"bu","13:05:50",3353200
4080,-160,100,"bu","13:05:49",3353100
4060,-180,500,"sd","13:05:36",3353000
4060,-180,1700,"sd","13:05:26",3352500
4060,-180,500,"sd","13:05:26",3350800
4060,-180,1000,"sd","13:05:26",3350300
4060,-180,2600,"sd","13:05:26",3349300
4070,-170,200,"sd","13:05:26",3346700
4060,-180,500,"sd","13:05:09",3346500
4080,-160,1000,"bu","13:05:02",3346000
4080,-160,10000,"bu","13:04:49",3345000
4080,-160,1000,"bu","13:04:46",3335000
4060,-180,1900,"sd","13:04:45",3334000
4060,-180,100,"sd","13:04:45",3332100
4080,-160,4000,"bu","13:04:43",3332000
4080,-160,1000,"bu","13:04:42",3328000
4060,-180,400,"sd","13:04:42",3327000
4060,-180,100,"sd","13:04:42",3326600
4080,-160,100,"bu","13:04:37",3326500
4080,-160,300,"bu","13:04:04",3326400
4050,-190,100,"bu","13:03:54",3326100
4050,-190,400,"bu","13:03:45",3326000
4050,-190,9600,"bu","13:03:45",3325600
4030,-210,500,"sd","13:03:45",3316000
4050,-190,400,"bu","13:03:42",3315500
4060,-180,1000,"bu","13:03:41",3315100
4060,-180,1200,"bu","13:03:34",3314100
4060,-180,800,"bu","13:03:34",3312900
4060,-180,200,"bu","13:03:30",3312100
4020,-220,500,"sd","13:03:20",3311900
4090,-150,200,"bu","13:03:18",3311400
4090,-150,100,"bu","13:03:09",3311200
4060,-180,100,"bu","13:03:09",3311100
4020,-220,800,"bu","13:03:02",3311000
4020,-220,100,"sd","13:02:59",3310200
4020,-220,100,"sd","13:02:59",3310100
4060,-180,300,"bu","13:02:58",3310000
4000,-240,23800,"sd","13:02:54",3309700
4000,-240,1000,"sd","13:02:54",3285900
4000,-240,1000,"sd","13:02:54",3284900
4000,-240,500,"sd","13:02:54",3283900
4000,-240,500,"sd","13:02:54",3283400
4000,-240,5000,"sd","13:02:54",3282900
4000,-240,5000,"sd","13:02:54",3277900
4000,-240,700,"sd","13:02:54",3272900
4000,-240,200,"sd","13:02:54",3272200
4000,-240,100,"sd","13:02:54",3272000
4000,-240,2000,"sd","13:02:54",3271900
4000,-240,10000,"sd","13:02:54",3269900
4000,-240,500,"sd","13:02:54",3259900
4010,-230,400,"sd","13:02:54",3259400
4010,-230,100,"sd","13:02:54",3259000
4010,-230,500,"sd","13:02:54",3258900
4010,-230,1000,"sd","13:02:54",3258400
4010,-230,5900,"sd","13:02:54",3257400
4010,-230,1000,"sd","13:02:54",3251500
4010,-230,5000,"sd","13:02:54",3250500
4010,-230,100,"sd","13:02:54",3245500
4010,-230,5000,"sd","13:02:54",3245400
4010,-230,500,"sd","13:02:54",3240400
4020,-220,500,"sd","13:02:54",3239900
4020,-220,1700,"sd","13:02:54",3239400
4020,-220,200,"sd","13:02:54",3237700
4020,-220,500,"sd","13:02:54",3237500
4020,-220,1000,"sd","13:02:54",3237000
4020,-220,900,"sd","13:02:54",3236000
4050,-190,1000,"sd","13:02:54",3235100
4060,-180,100,"sd","13:02:52",3234100
4090,-150,200,"bu","13:02:46",3234000
4020,-220,100,"sd","13:02:38",3233800
4020,-220,100,"sd","13:02:38",3233700
4020,-220,100,"sd","13:02:38",3233600
4020,-220,500,"sd","13:02:38",3233500
4020,-220,500,"sd","13:02:38",3233000
4060,-180,7800,"sd","13:02:38",3232500
4090,-150,300,"bu","13:02:37",3224700
4060,-180,200,"bu","13:02:31",3224400
4060,-180,100,"bu","13:02:29",3224200
4060,-180,100,"sd","13:02:28",3224100
4060,-180,600,"sd","13:02:28",3224000
4090,-150,600,"bu","13:02:26",3223400
4060,-180,500,"sd","13:02:25",3222800
4090,-150,500,"bu","13:02:25",3222300
4060,-180,500,"bu","13:02:17",3221800
4060,-180,200,"bu","13:02:14",3221300
4060,-180,200,"bu","13:02:13",3221100
4060,-180,100,"bu","13:02:01",3220900
4060,-180,5000,"sd","13:01:57",3220800
4060,-180,5000,"sd","13:01:53",3215800
4000,-240,500,"sd","13:01:28",3210800
4000,-240,5400,"sd","13:01:28",3210300
4000,-240,500,"sd","13:01:28",3204900
4000,-240,60000,"sd","13:01:28",3204400
4000,-240,5000,"sd","13:01:28",3144400
4000,-240,10000,"sd","13:01:28",3139400
4000,-240,200,"sd","13:01:28",3129400
4000,-240,1000,"sd","13:01:28",3129200
4000,-240,1000,"sd","13:01:27",3128200
4000,-240,100,"sd","13:01:27",3127200
4000,-240,600,"sd","13:01:27",3127100
4000,-240,1000,"sd","13:01:27",3126500
4000,-240,5000,"sd","13:01:27",3125500
4000,-240,2000,"sd","13:01:27",3120500
4000,-240,10000,"sd","13:01:27",3118500
4000,-240,1000,"sd","13:01:27",3108500
4000,-240,100,"sd","13:01:27",3107500
4000,-240,1000,"sd","13:01:27",3107400
4000,-240,200,"sd","13:01:27",3106400
4000,-240,1000,"sd","13:01:27",3106200
4000,-240,300,"sd","13:01:27",3105200
4000,-240,5000,"sd","13:01:27",3104900
4000,-240,5000,"sd","13:01:27",3099900
4000,-240,1000,"sd","13:01:27",3094900
4000,-240,1000,"sd","13:01:27",3093900
4000,-240,1100,"sd","13:01:27",3092900
4000,-240,2500,"sd","13:01:27",3091800
4000,-240,10000,"sd","13:01:27",3089300
4010,-230,400,"sd","13:01:27",3079300
4000,-240,8000,"sd","13:01:27",3078900
4010,-230,10000,"sd","13:01:27",3070900
4010,-230,5500,"sd","13:01:27",3060900
4010,-230,6800,"sd","13:01:27",3055400
4000,-240,6000,"sd","13:01:27",3048600
4020,-220,1000,"sd","13:01:27",3042600
4000,-240,7300,"sd","13:01:27",3041600
4000,-240,1100,"sd","13:01:27",3034300
4050,-190,500,"sd","13:01:27",3033200
4000,-240,100,"sd","13:01:27",3032700
4000,-240,1000,"sd","13:01:27",3032600
4050,-190,1000,"sd","13:01:27",3031600
4000,-240,5700,"sd","13:01:27",3030600
4050,-190,100,"sd","13:01:27",3024900
4000,-240,1500,"sd","13:01:27",3024800
4020,-220,2000,"sd","13:01:27",3023300
4000,-240,5000,"sd","13:01:27",3021300
4000,-240,3700,"sd","13:01:27",3016300
4000,-240,2100,"sd","13:01:27",3012600
4000,-240,300,"sd","13:01:27",3010500
4020,-220,5000,"sd","13:01:27",3010200
4050,-190,500,"sd","13:01:27",3005200
4000,-240,20000,"sd","13:01:27",3004700
4030,-210,500,"sd","13:01:27",2984700
4000,-240,300,"sd","13:01:27",2984200
4030,-210,500,"sd","13:01:27",2983900
4000,-240,11000,"sd","13:01:27",2983400
4000,-240,100,"sd","13:01:27",2972400
4050,-190,7100,"sd","13:01:27",2972300
4000,-240,100,"sd","13:01:27",2965200
4040,-200,100,"sd","13:01:27",2965100
4010,-230,2000,"sd","13:01:27",2965000
4060,-180,2000,"sd","13:01:27",2963000
4040,-200,1000,"sd","13:01:27",2961000
4040,-200,700,"sd","13:01:27",2949000
4070,-170,11000,"sd","13:01:27",2960000
4050,-190,200,"sd","13:01:27",2948300
4050,-190,500,"sd","13:01:27",2948100
4010,-230,5200,"sd","13:01:27",2947600
4050,-190,100,"sd","13:01:27",2942400
4070,-170,100,"sd","13:01:27",2942300
4050,-190,5000,"sd","13:01:27",2942200
4080,-160,200,"sd","13:01:27",2937200
4050,-190,1000,"sd","13:01:27",2937000
4080,-160,500,"sd","13:01:27",2936000
4050,-190,200,"sd","13:01:27",2935500
4050,-190,1000,"sd","13:01:27",2935300
4080,-160,2000,"sd","13:01:27",2934300
4050,-190,500,"sd","13:01:27",2932300
4080,-160,1000,"sd","13:01:27",2931800
4050,-190,5000,"sd","13:01:27",2930800
4050,-190,5000,"sd","13:01:27",2925800
4080,-160,1200,"sd","13:01:27",2920800
4050,-190,300,"sd","13:01:27",2919600
4050,-190,1000,"sd","13:01:27",2919300
4080,-160,5000,"sd","13:01:27",2918300
4050,-190,1000,"sd","13:01:27",2913300
4080,-160,1000,"sd","13:01:27",2912300
4050,-190,500,"sd","13:01:27",2911300
4080,-160,1000,"sd","13:01:27",2910800
4050,-190,300,"sd","13:01:27",2909800
4080,-160,10000,"sd","13:01:27",2909500
4090,-150,100,"sd","13:01:27",2899500
4080,-160,100,"sd","13:01:27",2899400
4050,-190,1800,"sd","13:01:27",2899300
4090,-150,1000,"sd","13:01:27",2897500
4050,-190,300,"sd","13:01:27",2896500
4090,-150,800,"sd","13:01:27",2896200
4050,-190,100,"sd","13:01:27",2895400
4080,-160,1000,"sd","13:01:27",2895300
4060,-180,500,"sd","13:01:27",2894300
4100,-140,3000,"sd","13:01:27",2893800
4060,-180,500,"sd","13:01:27",2890800
4060,-180,1100,"sd","13:01:27",2890300
4080,-160,100,"sd","13:01:27",2889200
4090,-150,100,"sd","13:01:27",2889100
4090,-150,300,"sd","13:01:27",2889000
4100,-140,300,"sd","13:01:27",2888700
4090,-150,100,"sd","13:01:27",2888400
4100,-140,2000,"sd","13:01:27",2888300
4100,-140,1000,"sd","13:01:27",2886300
4090,-150,1000,"sd","13:01:27",2885300
4100,-140,5000,"sd","13:01:27",2884300
4090,-150,1100,"sd","13:01:27",2879300
4100,-140,400,"sd","13:01:27",2878200
4100,-140,200,"sd","13:01:27",2877800
4100,-140,500,"sd","13:01:27",2877600
4100,-140,200,"sd","13:01:27",2877100
4100,-140,200,"sd","13:01:27",2876900
4100,-140,500,"sd","13:01:27",2876700
4100,-140,10000,"sd","13:01:27",2876200
4100,-140,1000,"sd","13:01:27",2866200
4100,-140,100,"sd","13:01:27",2865200
4100,-140,100,"sd","13:01:27",2865100
4100,-140,100,"sd","13:01:27",2865000
4100,-140,200,"sd","13:01:27",2864900
4100,-140,300,"sd","13:01:27",2864700
4100,-140,1000,"sd","13:01:27",2864400
4100,-140,2000,"sd","13:01:27",2863400
4100,-140,500,"sd","13:01:27",2861400
4100,-140,100,"sd","13:01:27",2860900
4100,-140,400,"sd","13:01:27",2860800
4100,-140,500,"sd","13:01:27",2860400
4100,-140,6000,"sd","13:01:27",2859900
4100,-140,500,"sd","13:01:27",2853900
4100,-140,100,"sd","13:01:27",2853400
4100,-140,10000,"sd","13:01:27",2853300
4100,-140,10000,"sd","13:01:27",2843300
4100,-140,300,"sd","13:01:27",2833300
4100,-140,6100,"sd","13:01:27",2833000
4100,-140,2900,"sd","13:01:27",2826900
4100,-140,1800,"sd","13:01:27",2824000
4100,-140,4000,"sd","13:01:27",2822200
4100,-140,100,"sd","13:01:27",2818200
4100,-140,100,"sd","13:01:27",2818100
4100,-140,300,"sd","13:01:27",2818000
4100,-140,1500,"sd","13:01:27",2817700
4100,-140,100,"sd","13:01:27",2816200
4100,-140,100,"sd","13:01:27",2816100
4100,-140,300,"sd","13:01:27",2816000
4100,-140,500,"sd","13:01:27",2815700
4100,-140,2000,"sd","13:01:27",2815200
4100,-140,100,"sd","13:01:27",2813200
4100,-140,1600,"sd","13:01:27",2813100
4100,-140,50000,"sd","13:01:27",2811500
4100,-140,1000,"sd","13:01:27",2761500
4100,-140,200,"sd","13:01:27",2760500
4100,-140,5000,"sd","13:01:27",2760300
4100,-140,300,"sd","13:01:27",2755300
4100,-140,500,"sd","13:01:27",2755000
4100,-140,100,"sd","13:01:27",2754500
4100,-140,500,"sd","13:01:27",2754400
4100,-140,1000,"sd","13:01:27",2753900
4100,-140,500,"sd","13:01:27",2752900
4100,-140,500,"sd","13:01:27",2752400
4100,-140,4000,"sd","13:01:27",2751900
4100,-140,200,"sd","13:01:27",2747900
4100,-140,500,"sd","13:01:27",2747700
4100,-140,500,"sd","13:01:27",2747200
4100,-140,500,"sd","13:01:27",2746700
4100,-140,800,"sd","13:01:27",2746200
4100,-140,1000,"sd","13:01:27",2745400
4100,-140,2000,"sd","13:01:27",2744400
4100,-140,600,"sd","13:01:27",2742400
4100,-140,600,"sd","13:01:27",2741800
4100,-140,3000,"sd","13:01:27",2741200
4100,-140,200,"sd","13:01:27",2738200
4100,-140,2200,"sd","13:01:27",2738000
4110,-130,100,"sd","13:01:27",2735800
4100,-140,2800,"sd","13:01:10",2735700
4100,-140,200,"sd","13:01:10",2732900
4100,-140,1000,"sd","13:01:10",2732700
4100,-140,100,"sd","13:01:10",2731700
4100,-140,1000,"sd","13:01:10",2731600
4100,-140,200,"sd","13:01:10",2730600
4100,-140,2400,"sd","13:01:10",2730400
4100,-140,1500,"sd","13:01:10",2728000
4100,-140,100,"sd","13:01:10",2726500
4100,-140,4000,"sd","13:01:10",2726400
4100,-140,4100,"sd","13:01:10",2722400
4100,-140,4000,"sd","13:01:10",2718300
4100,-140,500,"sd","13:01:10",2714300
4100,-140,500,"sd","13:01:10",2713800
4100,-140,100,"sd","13:01:10",2713300
4100,-140,100,"sd","13:01:10",2713200
4100,-140,1000,"sd","13:01:10",2713100
4100,-140,200,"sd","13:01:10",2712100
4100,-140,200,"sd","13:01:10",2711900
4100,-140,100,"sd","13:01:10",2711700
4100,-140,300,"sd","13:01:10",2711600
4100,-140,4000,"sd","13:01:10",2711300
4100,-140,2000,"sd","13:01:10",2707300
4100,-140,100,"sd","13:01:10",2705300
4100,-140,200,"sd","13:01:10",2705200
4100,-140,200,"sd","13:01:10",2705000
4100,-140,200,"sd","13:01:10",2704800
4100,-140,1500,"sd","13:01:10",2704600
4100,-140,1000,"sd","13:01:10",2703100
4100,-140,700,"sd","13:01:10",2702100
4100,-140,5000,"sd","13:01:10",2701400
4100,-140,500,"sd","13:01:10",2696400
4100,-140,300,"sd","13:01:10",2695900
4100,-140,1000,"sd","13:01:10",2695600
4100,-140,1000,"sd","13:01:10",2694600
4100,-140,100,"sd","13:01:10",2693600
4100,-140,500,"sd","13:01:10",2693500
4100,-140,100,"sd","13:01:10",2693000
4100,-140,1300,"sd","13:01:10",2692900
4120,-120,200,"sd","13:01:10",2691600
4120,-120,400,"sd","13:01:10",2691400
4130,-110,8300,"sd","13:01:10",2691000
4130,-110,5000,"sd","13:01:08",2682700
4130,-110,500,"sd","13:01:05",2677700
