"price","change","match_qtty","side","time","total_vol"
1840,-20,9000,"sd","14:45:04",378700
1860,0,100,"bu","14:28:48",369700
1840,-20,900,"bu","14:28:04",369600
1840,-20,1500,"sd","14:27:53",368700
1840,-20,1000,"sd","14:27:53",367200
1840,-20,1000,"sd","14:27:53",366200
1840,-20,3600,"sd","14:27:53",365200
1860,0,100,"bu","14:27:23",361600
1840,-20,200,"sd","14:27:09",361500
1860,0,100,"bu","14:26:58",361300
1850,-10,100,"bu","14:26:49",361200
1850,-10,1500,"bu","14:26:49",361100
1850,-10,100,"bu","14:26:38",359600
1840,-20,100,"sd","14:26:36",359500
1850,-10,100,"bu","14:26:21",359400
1850,-10,400,"bu","14:25:26",359300
1850,-10,200,"bu","14:24:55",358900
1850,-10,700,"bu","14:24:48",358700
1840,-20,1100,"bu","14:24:17",358000
1840,-20,900,"sd","14:24:15",356900
1840,-20,100,"sd","14:24:01",356000
1840,-20,100,"sd","14:23:16",355900
1860,0,100,"bu","14:18:39",355800
1850,-10,2500,"bu","14:18:30",355700
1850,-10,2500,"bu","14:18:30",353200
1850,-10,2600,"bu","14:18:30",350700
1850,-10,700,"bu","14:18:30",348100
1840,-20,700,"bu","14:18:17",347400
1840,-20,100,"bu","14:18:01",346700
1840,-20,100,"sd","14:17:04",346600
1840,-20,4000,"sd","14:17:04",346500
1840,-20,100,"sd","14:17:04",342500
1840,-20,400,"sd","14:16:16",342400
1850,-10,800,"bu","14:15:41",342000
1850,-10,3500,"bu","14:15:26",341200
1850,-10,1000,"bu","14:15:26",337700
1850,-10,100,"bu","14:15:26",336700
1850,-10,1900,"bu","14:15:26",336600
1850,-10,100,"bu","14:13:58",334700
1850,-10,500,"bu","14:13:19",334600
1850,-10,200,"bu","14:12:50",334100
1850,-10,600,"bu","14:12:11",333900
1850,-10,200,"bu","14:10:44",333300
1840,-20,500,"bu","14:09:27",333100
1840,-20,500,"bu","14:08:50",332600
1840,-20,200,"bu","14:08:29",332100
1840,-20,200,"bu","14:08:13",331900
1840,-20,3000,"sd","14:08:12",331700
1840,-20,1600,"sd","14:08:12",328700
1840,-20,2900,"sd","14:08:12",327100
1840,-20,600,"sd","14:08:12",324200
1850,-10,1000,"bu","14:04:35",323600
1850,-10,500,"sd","14:04:22",322600
1850,-10,500,"sd","14:03:23",322100
1850,-10,1000,"bu","14:02:05",321600
1850,-10,4000,"bu","14:02:05",320600
1840,-20,1400,"bu","13:59:47",316600
1840,-20,600,"bu","13:59:38",315200
1840,-20,100,"bu","13:59:16",314600
1840,-20,5000,"bu","13:58:52",314500
1840,-20,100,"bu","13:58:07",309500
1840,-20,800,"sd","13:58:06",309400
1840,-20,1100,"sd","13:58:06",308600
1840,-20,900,"sd","13:58:06",307500
1840,-20,600,"sd","13:56:19",306600
1840,-20,200,"sd","13:56:19",306000
1850,-10,500,"bu","13:54:51",305800
1850,-10,500,"bu","13:52:27",305300
1850,-10,700,"bu","13:52:27",304800
1850,-10,100,"bu","13:51:49",304100
1850,-10,200,"sd","13:51:28",304000
1850,-10,100,"sd","13:51:28",303800
1850,-10,400,"sd","13:51:28",303700
1850,-10,200,"bu","13:48:44",303300
1850,-10,900,"bu","13:47:03",303100
1850,-10,200,"bu","13:46:55",302200
1840,-20,100,"sd","13:44:07",302000
1840,-20,100,"sd","13:41:49",301900
1850,-10,100,"bu","13:40:48",301800
1830,-30,100,"sd","13:38:36",301700
1850,-10,400,"bu","13:36:24",301600
1840,-20,500,"sd","13:31:31",301200
1840,-20,300,"bu","13:29:06",300700
1840,-20,200,"sd","13:28:34",300400
1840,-20,100,"sd","13:27:54",300200
1840,-20,100,"sd","13:27:54",300100
1850,-10,200,"bu","13:27:19",300000
1850,-10,100,"bu","13:27:19",299800
1850,-10,400,"bu","13:25:55",299700
1850,-10,300,"bu","13:24:11",299300
1850,-10,200,"bu","13:22:18",299000
1850,-10,15000,"bu","13:20:54",298800
1850,-10,100,"bu","13:20:14",283800
1840,-20,100,"bu","13:19:13",283700
1810,-50,2000,"sd","13:15:57",283600
1810,-50,8000,"sd","13:15:57",281600
1810,-50,100,"sd","13:15:57",273600
1810,-50,10000,"sd","13:15:57",273500
1810,-50,1900,"sd","13:15:57",263500
1820,-40,3800,"sd","13:15:57",261600
1820,-40,8000,"sd","13:15:57",257800
1820,-40,100,"sd","13:15:57",249800
1820,-40,5000,"sd","13:15:57",249700
1820,-40,400,"sd","13:15:57",244700
1820,-40,200,"sd","13:15:57",244300
1820,-40,1200,"sd","13:15:57",244100
1830,-30,2000,"sd","13:15:57",242900
1830,-30,1000,"sd","13:15:57",240900
1830,-30,100,"sd","13:15:57",239900
1830,-30,5000,"sd","13:15:57",239800
1830,-30,3600,"sd","13:15:57",234800
1830,-30,8000,"sd","13:15:57",231200
1830,-30,10000,"sd","13:15:57",223200
1830,-30,1000,"sd","13:15:57",213200
1830,-30,300,"sd","13:15:57",212200
1830,-30,500,"sd","13:15:57",211900
1830,-30,200,"sd","13:15:57",211400
1830,-30,100,"sd","13:15:57",211200
1840,-20,1000,"sd","13:15:57",211100
1840,-20,2500,"sd","13:15:57",210100
1840,-20,3000,"sd","13:15:57",207600
1840,-20,4100,"sd","13:15:57",204600
1840,-20,1000,"sd","13:15:57",200500
1840,-20,100,"sd","13:15:57",199500
1840,-20,800,"sd","13:15:57",199400
1840,-20,400,"sd","13:13:59",198600
1840,-20,300,"sd","13:13:10",198200
1840,-20,600,"sd","13:13:10",197900
1840,-20,1600,"sd","13:13:10",197300
1850,-10,200,"sd","13:11:52",195700
1850,-10,700,"sd","13:11:52",195500
1850,-10,300,"sd","13:11:52",194800
1850,-10,1300,"sd","13:11:52",194500
1850,-10,5000,"sd","13:10:50",193200
1850,-10,1000,"sd","13:07:54",188200
1850,-10,100,"sd","13:07:47",187200
1850,-10,400,"sd","13:05:39",187100
1850,-10,500,"sd","13:05:39",186700
1850,-10,100,"sd","13:05:39",186200
1850,-10,3400,"sd","13:05:39",186100
1850,-10,100,"sd","13:05:39",182700
1850,-10,700,"sd","13:05:39",182600
1850,-10,1000,"sd","13:04:08",181900
1850,-10,3000,"sd","13:03:51",180900
1850,-10,300,"sd","13:03:42",177900
1850,-10,300,"sd","13:03:42",177600
1850,-10,300,"sd","13:02:50",177300
1850,-10,100,"sd","13:01:10",177000
1850,-10,100,"sd","13:00:01",176900
1850,-10,300,"bu","11:08:25",176800
1850,-10,1900,"bu","11:08:25",176500
1850,-10,2000,"bu","11:08:20",174600
1850,-10,5000,"bu","11:07:53",172600
1840,-20,200,"sd","11:06:52",167600
1840,-20,1000,"sd","11:06:52",167400
1850,-10,100,"bu","11:04:46",166400
1850,-10,1000,"sd","11:04:29",166300
1850,-10,2000,"bu","11:02:30",165300
1850,-10,1000,"bu","11:02:25",163300
1850,-10,6700,"bu","11:02:14",162300
1850,-10,200,"bu","11:02:03",155600
1850,-10,100,"bu","11:02:03",155400
1850,-10,200,"bu","11:02:03",155300
1850,-10,300,"bu","11:02:03",155100
1850,-10,300,"bu","11:02:02",154800
1850,-10,300,"bu","11:02:02",154500
1850,-10,300,"bu","11:02:02",154200
1850,-10,100,"bu","11:01:27",153900
1850,-10,500,"bu","11:01:00",153800
1850,-10,9500,"bu","11:01:00",153300
1850,-10,500,"bu","11:00:05",143800
1850,-10,6100,"bu","10:54:17",143300
1840,-20,3300,"bu","10:52:29",137200
1840,-20,100,"sd","10:51:30",133900
1840,-20,100,"sd","10:51:30",133800
1840,-20,300,"sd","10:51:30",133700
1840,-20,200,"sd","10:51:30",133400
1840,-20,300,"sd","10:49:20",133200
1840,-20,200,"sd","10:49:20",132900
1840,-20,700,"sd","10:45:19",132700
1840,-20,1000,"sd","10:45:19",132000
1840,-20,400,"sd","10:45:19",131000
1840,-20,100,"sd","10:45:19",130600
1840,-20,1000,"sd","10:45:19",130500
1840,-20,400,"sd","10:45:19",129500
1850,-10,200,"bu","10:37:11",129100
1850,-10,300,"bu","10:33:20",128900
1850,-10,100,"bu","10:22:01",128600
1850,-10,600,"bu","10:21:33",128500
1850,-10,2000,"bu","10:21:11",127900
1850,-10,1900,"bu","10:21:05",125900
1840,-20,2100,"sd","10:20:21",124000
1840,-20,1500,"sd","10:20:21",121900
1840,-20,100,"sd","10:20:21",120400
1840,-20,100,"sd","10:20:21",120300
1850,-10,4000,"bu","10:20:19",120200
1850,-10,1000,"sd","10:19:48",116200
1850,-10,26900,"sd","10:19:48",115200
1850,-10,500,"sd","10:19:48",88300
1850,-10,3000,"sd","10:19:48",87800
1850,-10,13400,"sd","10:19:48",84800
1850,-10,600,"sd","10:17:30",71400
1850,-10,300,"sd","10:17:30",70800
1850,-10,1200,"sd","10:17:30",70500
1860,0,1000,"sd","10:14:24",69300
1860,0,200,"sd","10:14:24",68300
1860,0,200,"sd","10:14:18",68100
1860,0,1000,"sd","10:14:18",67900
1860,0,100,"sd","10:14:18",66900
1870,10,300,"bu","10:11:38",66800
1870,10,200,"bu","10:11:38",66500
1870,10,3000,"bu","10:09:36",66300
1870,10,3700,"sd","10:06:44",63300
1870,10,300,"sd","10:06:44",59600
1870,10,200,"sd","10:06:09",59300
1870,10,100,"sd","10:06:09",59100
1870,10,100,"sd","10:06:09",59000
1880,20,300,"bu","10:01:41",58900
1880,20,100,"bu","10:00:59",58600
1880,20,500,"bu","10:00:56",58500
1880,20,5000,"bu","10:00:42",58000
1880,20,100,"bu","10:00:33",53000
1880,20,100,"bu","09:57:14",52900
1880,20,100,"bu","09:56:55",52800
1880,20,3100,"bu","09:56:55",52700
1880,20,100,"bu","09:53:38",49600
1880,20,100,"sd","09:51:25",49500
1880,20,300,"sd","09:51:25",49400
1880,20,1400,"sd","09:51:25",49100
1880,20,100,"sd","09:48:26",47700
1880,20,1300,"sd","09:47:54",47600
1880,20,5000,"bu","09:46:43",46300
1880,20,2000,"bu","09:46:43",41300
1880,20,500,"bu","09:46:43",39300
1880,20,8100,"bu","09:46:43",38800
1880,20,1000,"bu","09:46:43",30700
1870,10,600,"bu","09:46:43",29700
1870,10,5000,"bu","09:45:19",29100
1870,10,400,"bu","09:44:47",24100
1870,10,4000,"sd","09:44:09",23700
1870,10,300,"sd","09:42:07",19700
1870,10,600,"sd","09:42:07",19400
1870,10,100,"sd","09:39:22",18800
1870,10,100,"sd","09:39:22",18700
1870,10,100,"sd","09:39:22",18600
1870,10,300,"sd","09:39:10",18500
1870,10,1100,"sd","09:39:02",18200
1870,10,1900,"sd","09:39:02",17100
1870,10,2000,"sd","09:38:06",15200
1870,10,500,"bu","09:37:12",13200
1870,10,500,"bu","09:37:12",12700
1870,10,200,"bu","09:31:26",12200
1870,10,1500,"bu","09:27:56",12000
1870,10,100,"bu","09:27:56",10500
1870,10,400,"bu","09:27:15",10400
1860,0,300,"bu","09:27:15",10000
1860,0,300,"bu","09:27:15",9700
1860,0,200,"bu","09:27:05",9400
1850,-10,3700,"sd","09:26:37",9200
1860,0,500,"bu","09:22:05",5500
1860,0,1000,"bu","09:21:46",5000
1860,0,100,"bu","09:21:46",4000
1850,-10,100,"sd","09:19:32",3900
1850,-10,200,"sd","09:19:32",3800
1860,0,100,"bu","09:19:31",3600
1850,-10,100,"sd","09:19:16",3500
1850,-10,500,"sd","09:18:06",3400
1850,-10,100,"sd","09:18:06",2900
1850,-10,100,"sd","09:17:04",2800
1860,0,2700,"bu","09:15:02",2700
