"price","change","match_qtty","side","time","total_vol"
9200,100,100,"bu","14:59:58",2823400
9100,0,800,"sd","14:59:45",2823300
9100,0,100,"bu","14:59:09",2822500
9100,0,100,"sd","14:58:43",2822400
9100,0,100,"sd","14:57:31",2822300
9100,0,900,"unknown","14:57:18",2822200
9100,0,8000,"sd","14:56:50",2821300
9100,0,100,"sd","14:54:57",2813300
9100,0,10000,"sd","14:54:30",2813200
9100,0,2000,"sd","14:54:09",2803200
9100,0,9400,"sd","14:53:39",2801200
9100,0,100,"bu","14:53:21",2791800
9100,0,5000,"bu","14:53:15",2791700
9100,0,400,"bu","14:53:08",2786700
9100,0,11000,"bu","14:53:00",2786300
9100,0,7000,"bu","14:52:31",2775300
9100,0,5000,"bu","14:52:17",2768300
9100,0,10000,"bu","14:52:02",2763300
9100,0,100000,"bu","14:51:41",2753300
9100,0,1000,"bu","14:51:40",2653300
9100,0,600,"bu","14:50:59",2652300
9100,0,200,"bu","14:50:41",2651700
9100,0,2000,"bu","14:50:01",2651500
9100,0,5000,"bu","14:49:44",2649500
9100,0,300,"bu","14:46:57",2644500
9100,0,500,"bu","14:45:11",2644200
9100,0,100,"bu","14:43:54",2643700
9100,0,200,"bu","14:43:48",2643600
9000,-100,700,"sd","14:43:26",2643400
9100,0,100,"bu","14:43:16",2642700
9100,0,300,"bu","14:43:11",2642600
9100,0,800,"bu","14:43:08",2642300
9100,0,200,"sd","14:42:47",2641500
9100,0,800,"bu","14:42:45",2641300
9100,0,4000,"bu","14:42:40",2640500
9100,0,1000,"bu","14:42:32",2636500
9100,0,1000,"bu","14:41:59",2635500
9100,0,100,"bu","14:41:57",2634500
9100,0,25000,"bu","14:41:47",2634400
9100,0,15000,"bu","14:41:45",2609400
9100,0,1000,"bu","14:41:39",2594400
9100,0,1000,"bu","14:41:31",2593400
9100,0,800,"bu","14:41:30",2592400
9100,0,70000,"bu","14:41:20",2591600
9100,0,400,"bu","14:38:13",2521600
9100,0,1000,"bu","14:35:20",2521200
9100,0,4000,"bu","14:34:40",2520200
9100,0,1600,"bu","14:34:25",2516200
9100,0,800,"bu","14:33:43",2514600
9100,0,300,"bu","14:33:38",2513800
9100,0,100,"bu","14:33:15",2513500
9100,0,5400,"bu","14:31:56",2513400
9100,0,100,"bu","14:31:50",2508000
9100,0,200,"bu","14:31:31",2507900
9100,0,500,"bu","14:31:09",2507700
9100,0,5000,"bu","14:30:55",2507200
9100,0,7000,"bu","14:30:53",2502200
9100,0,200,"bu","14:30:44",2495200
9100,0,10000,"bu","14:30:41",2495000
9100,0,500,"bu","14:30:32",2485000
9100,0,4000,"bu","14:30:18",2484500
9100,0,1000,"bu","14:30:02",2480500
9000,-100,1500,"sd","14:29:51",2479500
9100,0,1000,"bu","14:29:49",2478000
9100,0,2000,"bu","14:29:35",2477000
9100,0,500,"bu","14:29:27",2475000
9100,0,100,"bu","14:29:13",2474500
9100,0,1000,"bu","14:29:12",2474400
9100,0,2000,"bu","14:29:03",2473400
9100,0,1000,"bu","14:28:57",2471400
9000,-100,1800,"sd","14:28:56",2470400
9100,0,6000,"bu","14:28:39",2468600
9000,-100,27000,"sd","14:28:04",2462600
9100,0,500,"bu","14:27:57",2435600
9000,-100,100,"sd","14:27:33",2435100
9100,0,100,"bu","14:26:49",2435000
9000,-100,3500,"sd","14:26:38",2434900
9000,-100,7000,"sd","14:26:30",2431400
9100,0,1000,"bu","14:26:23",2424400
9100,0,500,"bu","14:26:12",2423400
9000,-100,100,"sd","14:26:06",2422900
9000,-100,7000,"sd","14:25:40",2422800
9000,-100,1000,"sd","14:25:31",2415800
9000,-100,5800,"sd","14:25:26",2414800
9000,-100,15000,"sd","14:24:59",2409000
9000,-100,5000,"sd","14:24:49",2394000
9100,0,3000,"bu","14:24:43",2389000
9100,0,5000,"bu","14:22:45",2386000
9000,-100,1000000,"sd","14:22:10",2381000
9100,0,20000,"sd","14:22:05",1381000
9100,0,1000,"sd","14:21:45",1361000
9100,0,60000,"sd","14:21:41",1360000
9100,0,9100,"sd","14:21:36",1300000
9100,0,1200,"sd","14:21:35",1290900
9100,0,20000,"sd","14:21:26",1289700
9200,100,900,"bu","14:21:24",1269700
9100,0,20000,"sd","14:21:20",1268800
9200,100,100,"bu","14:20:27",1248800
9100,0,1000,"sd","14:20:08",1248700
9100,0,1000,"sd","14:19:56",1247700
9100,0,10000,"sd","14:19:49",1246700
9100,0,10000,"sd","14:19:01",1236700
9100,0,10000,"sd","14:18:51",1226700
9100,0,3800,"sd","14:18:43",1216700
9100,0,2700,"sd","14:18:10",1212900
9200,100,700,"bu","14:16:48",1210200
9100,0,6000,"sd","14:15:42",1209500
9200,100,200,"bu","14:14:58",1203500
9100,0,3000,"sd","14:14:44",1203300
9200,100,600,"bu","14:14:21",1200300
9200,100,100,"bu","14:13:15",1199700
9100,0,3500,"sd","14:12:47",1199600
9100,0,1000,"sd","14:11:48",1196100
9100,0,100,"sd","14:10:57",1195100
9100,0,5000,"sd","14:09:42",1195000
9100,0,8500,"sd","14:08:50",1190000
9100,0,5000,"sd","14:06:42",1181500
9200,100,14500,"bu","14:06:21",1176500
9200,100,22000,"bu","14:05:51",1162000
9100,0,100,"sd","14:05:50",1140000
9100,0,700,"sd","14:05:14",1139900
9100,0,6000,"sd","14:03:00",1139200
9200,100,900,"bu","14:02:35",1133200
9100,0,800,"sd","13:58:40",1132300
9100,0,5000,"sd","13:58:28",1131500
9100,0,100,"sd","13:57:36",1126500
9200,100,5400,"bu","13:57:11",1126400
9100,0,400,"sd","13:57:07",1121000
9100,0,2000,"sd","13:54:30",1120600
9100,0,100,"sd","13:54:10",1118600
9100,0,200,"sd","13:52:55",1118500
9200,100,2000,"bu","13:52:13",1118300
9200,100,2000,"bu","13:51:50",1116300
9200,100,500,"bu","13:51:26",1114300
9100,0,600,"sd","13:51:07",1113800
9100,0,60000,"sd","13:51:04",1113200
9100,0,5000,"sd","13:47:48",1053200
9100,0,5000,"sd","13:47:33",1048200
9100,0,10000,"sd","13:45:07",1043200
9200,100,500,"bu","13:43:30",1033200
9200,100,5000,"bu","13:41:28",1032700
9200,100,1000,"bu","13:38:33",1027700
9200,100,1000,"bu","13:38:23",1026700
9200,100,3500,"bu","13:38:18",1025700
9200,100,100,"bu","13:35:35",1022200
9200,100,2100,"bu","13:31:24",1022100
9100,0,200,"sd","13:29:05",1020000
9100,0,300,"sd","13:28:30",1019800
9100,0,2900,"sd","13:27:35",1019500
9200,100,100,"bu","13:27:32",1016600
9100,0,1200,"sd","13:24:40",1016500
9100,0,200,"sd","13:24:35",1015300
9100,0,200,"sd","13:22:33",1015100
9100,0,500,"sd","13:21:57",1014900
9100,0,500,"sd","13:20:24",1014400
9100,0,5000,"sd","13:20:10",1013900
9100,0,7400,"sd","13:19:55",1008900
9100,0,40000,"sd","13:18:58",1001500
9100,0,2000,"sd","13:18:17",961500
9200,100,1000,"bu","13:16:33",959500
9200,100,100,"bu","13:15:48",958500
9200,100,100,"bu","13:14:44",958400
9200,100,100,"bu","13:13:03",958300
9200,100,1000,"bu","13:11:51",958200
9200,100,1000,"bu","13:09:24",957200
9200,100,300,"bu","13:08:53",956200
9100,0,200,"sd","13:07:53",955900
9100,0,600,"sd","13:07:42",955700
9100,0,1000,"sd","13:07:14",955100
9100,0,100,"sd","13:05:17",954100
9100,0,2000,"sd","13:03:55",954000
9100,0,100,"sd","13:03:27",952000
9100,0,500,"sd","13:02:28",951900
9200,100,1500,"bu","13:00:10",951400
9100,0,200,"sd","13:00:08",949900
9200,100,200,"bu","13:00:07",949700
9200,100,200,"bu","13:00:06",949500
9200,100,9600,"bu","13:00:04",949300
9200,100,3500,"bu","11:29:21",939700
9200,100,4000,"sd","11:28:39",936200
9200,100,4800,"sd","11:27:24",932200
9200,100,1000,"bu","11:27:16",927400
9200,100,5200,"bu","11:27:10",926400
9200,100,900,"sd","11:26:26",921200
9200,100,1000,"sd","11:26:07",920300
9200,100,2000,"sd","11:25:51",919300
9200,100,10000,"sd","11:25:34",917300
9200,100,2000,"sd","11:25:04",907300
9200,100,1000,"sd","11:24:50",905300
9200,100,3400,"sd","11:24:18",904300
9200,100,1100,"sd","11:23:26",900900
9200,100,300,"sd","11:20:57",899800
9200,100,1000,"sd","11:20:19",899500
9200,100,1000,"sd","11:18:15",898500
9200,100,400,"bu","11:17:25",897500
9200,100,100,"bu","11:17:16",897100
9200,100,1600,"bu","11:17:09",897000
9200,100,5000,"bu","11:16:59",895400
9200,100,1000,"bu","11:16:33",890400
9200,100,1900,"sd","11:16:15",889400
9200,100,1000,"sd","11:15:47",887500
9200,100,400,"unknown","11:14:38",886500
9200,100,600,"bu","11:14:10",886100
9200,100,4500,"bu","11:13:27",885500
9200,100,10000,"bu","11:13:06",881000
9200,100,20000,"bu","11:13:01",871000
9200,100,300,"bu","11:13:00",851000
9200,100,10200,"sd","11:12:25",850700
9300,200,200,"bu","11:11:37",840500
9200,100,5000,"sd","11:11:31",840300
9200,100,2000,"sd","11:10:42",835300
9200,100,1000,"sd","11:09:28",833300
9200,100,500,"sd","11:07:19",832300
9200,100,500,"sd","11:06:49",831800
9200,100,2800,"sd","11:06:26",831300
9200,100,200,"bu","11:04:36",828500
9200,100,1100,"sd","11:04:13",828300
9200,100,100,"bu","11:03:35",827200
9200,100,3900,"bu","11:03:19",827100
9200,100,200,"sd","11:03:06",823200
9200,100,1000,"sd","11:02:58",823000
9200,100,1000,"sd","11:02:44",822000
9200,100,800,"sd","11:02:27",821000
9200,100,3300,"sd","11:01:38",820200
9200,100,10200,"bu","11:01:14",816900
9200,100,300,"bu","11:00:03",806700
9200,100,1900,"bu","10:59:44",806400
9200,100,100,"sd","10:59:37",804500
9200,100,1000,"sd","10:59:28",804400
9200,100,300,"sd","10:59:16",803400
9200,100,1200,"sd","10:59:11",803100
9200,100,1000,"sd","10:57:30",801900
9200,100,1900,"sd","10:57:20",800900
9200,100,33400,"bu","10:56:29",799000
9200,100,200,"sd","10:56:13",765600
9200,100,2500,"sd","10:53:18",765400
9200,100,1200,"sd","10:52:21",762900
9200,100,14500,"sd","10:52:05",761700
9200,100,100,"bu","10:51:31",747200
9200,100,100,"bu","10:51:21",747100
9200,100,100,"bu","10:51:00",747000
9200,100,6600,"bu","10:50:37",746900
9200,100,1000,"bu","10:47:36",740300
9200,100,2000,"bu","10:46:06",739300
9200,100,2000,"bu","10:46:04",737300
9200,100,200,"bu","10:45:42",735300
9200,100,5000,"bu","10:45:32",735100
9200,100,1500,"bu","10:44:59",730100
9200,100,100,"bu","10:44:47",728600
9200,100,100,"bu","10:44:26",728500
9100,0,10000,"sd","10:39:23",728400
9100,0,100,"sd","10:38:00",718400
9200,100,2000,"bu","10:35:46",718300
9200,100,300,"bu","10:34:32",716300
9200,100,1900,"bu","10:33:26",716000
9200,100,11100,"sd","10:33:12",714100
9200,100,93900,"bu","10:32:14",703000
9200,100,1000,"bu","10:30:23",609100
9200,100,600,"bu","10:25:47",608100
9100,0,200,"sd","10:25:24",607500
9100,0,500,"sd","10:23:24",607300
9200,100,300,"bu","10:22:43",606800
9200,100,200,"bu","10:22:39",606500
9200,100,300,"bu","10:21:45",606300
9200,100,1000,"bu","10:21:18",606000
9200,100,600,"bu","10:19:59",605000
9200,100,300,"bu","10:19:50",604400
9200,100,4200,"bu","10:19:23",604100
9200,100,100,"bu","10:18:26",599900
9200,100,1000,"bu","10:14:33",599800
9200,100,3000,"bu","10:14:15",598800
9200,100,900,"bu","10:13:50",595800
9200,100,12100,"bu","10:12:35",594900
9200,100,100,"sd","10:12:27",582800
9200,100,200,"sd","10:12:20",582700
9200,100,400,"sd","10:12:07",582500
9200,100,10000,"sd","10:12:06",582100
9200,100,2500,"sd","10:11:59",572100
9200,100,450000,"sd","10:11:41",569600
9200,100,200,"sd","10:10:48",119600
9200,100,10000,"sd","10:09:58",119400
9300,200,100,"bu","10:05:55",109400
9200,100,100,"sd","10:05:44",109300
9200,100,200,"sd","10:04:41",109200
9200,100,300,"sd","10:04:34",109000
9200,100,500,"sd","10:03:16",108700
9200,100,300,"sd","10:02:52",108200
9200,100,3600,"sd","10:01:30",107900
9200,100,500,"sd","10:00:55",104300
9200,100,500,"sd","10:00:53",103800
9200,100,500,"sd","10:00:25",103300
9200,100,18000,"sd","10:00:16",102800
9200,100,500,"sd","09:59:27",84800
9300,200,100,"bu","09:58:28",84300
9300,200,100,"bu","09:58:18",84200
9300,200,300,"bu","09:57:58",84100
9200,100,100,"sd","09:55:02",83800
9200,100,1000,"sd","09:54:23",83700
9200,100,500,"sd","09:54:11",82700
9200,100,300,"sd","09:53:58",82200
9300,200,2000,"bu","09:52:27",81900
9300,200,10000,"bu","09:51:19",79900
9200,100,1000,"sd","09:51:03",69900
9300,200,200,"bu","09:49:53",68900
9300,200,100,"bu","09:48:12",68700
9200,100,1300,"sd","09:47:40",68600
9300,200,1000,"bu","09:47:09",67300
9300,200,2000,"bu","09:46:58",66300
9300,200,100,"bu","09:46:12",64300
9300,200,900,"bu","09:46:03",64200
9200,100,100,"sd","09:45:40",63300
9200,100,1600,"sd","09:45:37",63200
9300,200,100,"bu","09:44:53",61600
9200,100,700,"sd","09:43:56",61500
9300,200,1000,"bu","09:43:45",60800
9200,100,1000,"sd","09:41:35",59800
9200,100,300,"sd","09:40:45",58800
9200,100,7000,"sd","09:40:21",58500
9200,100,2000,"sd","09:40:16",51500
9200,100,2000,"sd","09:36:29",49500
9200,100,500,"sd","09:35:55",47500
9200,100,1000,"sd","09:34:54",47000
9200,100,100,"sd","09:34:43",46000
9200,100,2000,"sd","09:34:29",45900
9200,100,100,"sd","09:34:09",43900
9200,100,200,"sd","09:33:40",43800
9200,100,100,"sd","09:33:10",43600
9200,100,1200,"sd","09:32:36",43500
9200,100,100,"sd","09:32:13",42300
9200,100,1500,"sd","09:32:12",42200
9200,100,300,"sd","09:31:56",40700
9200,100,800,"sd","09:31:31",40400
9300,200,200,"bu","09:29:07",39600
9300,200,100,"bu","09:28:24",39400
9300,200,100,"bu","09:28:23",39300
9300,200,3000,"bu","09:27:36",39200
9200,100,200,"sd","09:27:35",36200
9300,200,300,"bu","09:23:44",36000
9300,200,4400,"bu","09:22:20",35700
9300,200,200,"bu","09:18:32",31300
9300,200,300,"bu","09:18:31",31100
9300,200,100,"bu","09:17:07",30800
9300,200,400,"bu","09:16:34",30700
9300,200,400,"bu","09:16:19",30300
9300,200,300,"bu","09:12:02",29900
9300,200,100,"bu","09:11:31",29600
9300,200,1100,"bu","09:11:19",29500
9300,200,500,"bu","09:11:05",28400
9300,200,500,"bu","09:11:04",27900
9300,200,300,"bu","09:10:40",27400
9300,200,400,"bu","09:10:00",27100
9300,200,100,"bu","09:09:39",26700
9200,100,1000,"sd","09:09:27",26600
9200,100,400,"sd","09:09:22",25600
9200,100,8500,"sd","09:08:38",25200
9300,200,500,"bu","09:07:50",16700
9300,200,100,"bu","09:05:28",16200
9300,200,100,"bu","09:05:08",16100
9300,200,100,"bu","09:04:12",16000
9300,200,500,"bu","09:01:48",15900
9300,200,2100,"bu","09:01:32",15400
9300,200,3000,"bu","09:00:35",13300
9200,100,100,"sd","09:00:21",10300
9200,100,10200,"sd","09:00:14",10200
