"price","change","match_qtty","side","time","total_vol"
19700,0,100,"bu","14:45:00",435600
19700,0,100,"bu","14:29:22",435500
19650,-50,800,"bu","14:29:22",435400
19650,-50,1000,"bu","14:29:02",434600
19650,-50,200,"bu","14:27:49",433600
19650,-50,700,"bu","14:27:49",433400
19650,-50,100,"bu","14:26:59",432700
19650,-50,900,"bu","14:26:59",432600
19650,-50,100,"bu","14:26:16",431700
19650,-50,200,"bu","14:26:16",431600
19650,-50,100,"bu","14:25:43",431400
19650,-50,400,"bu","14:25:43",431300
19650,-50,200,"bu","14:24:15",430900
19650,-50,1200,"bu","14:23:19",430700
19650,-50,200,"bu","14:23:19",429500
19650,-50,300,"bu","14:23:19",429300
19600,-100,1200,"bu","14:22:54",429000
19600,-100,500,"sd","14:21:57",427800
19600,-100,1300,"sd","14:21:57",427300
19650,-50,1600,"bu","14:21:36",426000
19650,-50,300,"bu","14:18:56",424400
19650,-50,300,"bu","14:18:38",424100
19650,-50,800,"bu","14:18:38",423800
19650,-50,1700,"sd","14:17:55",423000
19650,-50,100,"bu","14:17:43",421300
19650,-50,900,"bu","14:17:23",421200
19650,-50,200,"bu","14:17:23",420300
19650,-50,1300,"bu","14:17:23",420100
19600,-100,500,"sd","14:16:34",418800
19650,-50,1000,"bu","14:16:08",418300
19650,-50,800,"sd","14:14:35",417300
19650,-50,500,"sd","14:14:35",416500
19650,-50,1400,"bu","14:13:32",416000
19650,-50,200,"bu","14:12:45",414600
19650,-50,1100,"sd","14:12:40",414400
19650,-50,100,"sd","14:12:40",413300
19650,-50,400,"bu","14:10:54",413200
19650,-50,1200,"bu","14:10:54",412800
19650,-50,100,"bu","14:10:54",411600
19650,-50,700,"sd","14:10:06",411500
19650,-50,700,"sd","14:10:06",410800
19650,-50,200,"bu","14:08:44",410100
19650,-50,800,"bu","14:08:44",409900
19650,-50,1200,"sd","14:08:04",409100
19650,-50,500,"bu","14:07:04",407900
19650,-50,500,"bu","14:06:51",407400
19650,-50,1000,"sd","14:06:18",406900
19650,-50,500,"bu","14:05:09",405900
19650,-50,500,"bu","14:04:33",405400
19650,-50,1300,"bu","14:04:33",404900
19650,-50,1200,"bu","14:03:42",403600
19650,-50,600,"bu","14:03:42",402400
19650,-50,700,"bu","14:03:30",401800
19650,-50,400,"bu","14:03:30",401100
19650,-50,1400,"bu","14:02:43",400700
19650,-50,1500,"bu","14:02:16",399300
19650,-50,500,"bu","14:02:16",397800
19650,-50,1300,"bu","14:02:01",397300
19650,-50,400,"bu","14:02:01",396000
19650,-50,400,"bu","14:01:29",395600
19650,-50,900,"bu","14:01:29",395200
19650,-50,600,"bu","14:01:04",394300
19650,-50,300,"bu","14:01:04",393700
19650,-50,500,"bu","14:01:04",393400
19650,-50,700,"bu","14:00:01",392900
19650,-50,300,"bu","14:00:01",392200
19650,-50,2200,"bu","13:59:46",391900
19650,-50,1000,"sd","13:58:52",389700
19650,-50,500,"sd","13:58:52",388700
19650,-50,1500,"bu","13:58:27",388200
19650,-50,100,"bu","13:57:43",386700
19650,-50,500,"bu","13:57:43",386600
19650,-50,1200,"bu","13:57:43",386100
19650,-50,300,"bu","13:56:56",384900
19650,-50,700,"bu","13:56:56",384600
19650,-50,100,"bu","13:56:13",383900
19650,-50,1600,"bu","13:56:13",383800
19650,-50,400,"bu","13:55:45",382200
19650,-50,800,"bu","13:55:45",381800
19650,-50,100,"bu","13:54:51",381000
19650,-50,100,"bu","13:53:44",380900
19650,-50,1800,"bu","13:53:44",380800
19600,-100,300,"sd","13:53:32",379000
19600,-100,700,"sd","13:53:32",378700
19650,-50,1400,"bu","13:52:17",378000
19650,-50,300,"bu","13:52:17",376600
19650,-50,1200,"bu","13:51:48",376300
19650,-50,700,"sd","13:51:35",375100
19650,-50,1000,"sd","13:51:12",374400
19650,-50,900,"bu","13:50:41",373400
19650,-50,700,"sd","13:50:20",372500
19650,-50,400,"sd","13:50:20",371800
19650,-50,1000,"bu","13:49:40",371400
19650,-50,1200,"bu","13:49:40",370400
19650,-50,100,"bu","13:49:27",369200
19650,-50,1200,"bu","13:48:36",369100
19650,-50,300,"bu","13:48:36",367900
19650,-50,1000,"bu","13:48:18",367600
19650,-50,200,"bu","13:48:18",366600
19650,-50,100,"bu","13:47:50",366400
19650,-50,600,"bu","13:47:50",366300
19650,-50,300,"bu","13:47:50",365700
19650,-50,700,"bu","13:46:28",365400
19650,-50,1200,"bu","13:46:28",364700
19650,-50,600,"bu","13:44:02",363500
19650,-50,600,"bu","13:44:02",362900
19650,-50,1600,"sd","13:43:34",362300
19650,-50,500,"bu","13:41:48",360700
19650,-50,300,"bu","13:41:48",360200
19650,-50,700,"bu","13:41:35",359900
19650,-50,800,"bu","13:41:35",359200
19650,-50,800,"bu","13:39:28",358400
19650,-50,500,"bu","13:39:28",357600
19650,-50,700,"bu","13:39:28",357100
19650,-50,300,"bu","13:39:13",356400
19650,-50,200,"bu","13:39:13",356100
19650,-50,1300,"bu","13:39:13",355900
19650,-50,500,"sd","13:38:31",354600
19650,-50,700,"sd","13:38:18",354100
19650,-50,1000,"bu","13:38:04",353400
19650,-50,200,"bu","13:38:04",352400
19650,-50,500,"bu","13:38:04",352200
19650,-50,200,"bu","13:38:04",351700
19650,-50,1600,"bu","13:37:45",351500
19650,-50,1000,"bu","13:37:20",349900
19650,-50,700,"bu","13:36:56",348900
19650,-50,1200,"bu","13:36:56",348200
19650,-50,600,"bu","13:35:38",347000
19650,-50,400,"sd","13:35:37",346400
19650,-50,800,"bu","13:35:20",346000
19650,-50,900,"bu","13:35:20",345200
19650,-50,900,"bu","13:34:54",344300
19650,-50,400,"bu","13:34:54",343400
19650,-50,1600,"bu","13:34:33",343000
19650,-50,300,"bu","13:34:33",341400
19650,-50,1300,"sd","13:33:11",341100
19650,-50,200,"bu","13:32:23",339800
19650,-50,600,"bu","13:32:23",339600
19650,-50,200,"bu","13:32:06",339000
19650,-50,1000,"bu","13:32:06",338800
19650,-50,400,"bu","13:32:06",337800
19650,-50,1400,"bu","13:31:35",337400
19650,-50,700,"bu","13:31:23",336000
19650,-50,300,"bu","13:31:23",335300
19650,-50,100,"bu","13:30:36",335000
19650,-50,1100,"bu","13:30:36",334900
19650,-50,600,"bu","13:29:41",333800
19650,-50,500,"bu","13:29:19",333200
19650,-50,1800,"bu","13:29:19",332700
19650,-50,200,"bu","13:28:36",330900
19650,-50,600,"bu","13:28:36",330700
19650,-50,800,"bu","13:28:36",330100
19650,-50,400,"bu","13:28:04",329300
19650,-50,600,"bu","13:28:04",328900
19650,-50,1200,"bu","13:27:43",328300
19650,-50,200,"bu","13:27:43",327100
19650,-50,100,"bu","13:27:43",326900
19650,-50,1900,"bu","13:27:31",326800
19650,-50,100,"bu","13:27:31",324900
19600,-100,200,"sd","13:27:20",324800
19650,-50,700,"bu","13:27:08",324600
19650,-50,1100,"bu","13:27:08",323900
19600,-100,1900,"bu","13:26:28",322800
19600,-100,1100,"bu","13:26:15",320900
19600,-100,900,"bu","13:26:15",319800
19550,-150,500,"bu","13:26:05",318900
19550,-150,1000,"sd","13:25:57",318400
19600,-100,1700,"sd","13:25:45",317400
19550,-150,1400,"sd","13:25:03",315700
19600,-100,2100,"sd","13:25:03",314300
19650,-50,1600,"bu","13:24:36",312200
19600,-100,700,"bu","13:24:15",310600
19600,-100,1500,"bu","13:24:07",309900
19600,-100,1300,"sd","13:23:58",308400
19650,-50,600,"bu","13:23:40",307100
19650,-50,700,"bu","13:23:40",306500
19600,-100,100,"bu","13:23:40",305800
19600,-100,1300,"sd","13:23:34",305700
19650,-50,800,"bu","13:23:20",304400
19650,-50,1300,"bu","13:23:20",303600
19650,-50,1200,"bu","13:23:02",302300
19650,-50,300,"sd","13:22:41",301100
19650,-50,200,"bu","13:22:33",300800
19650,-50,800,"sd","13:22:30",300600
19650,-50,1300,"bu","13:22:26",299800
19650,-50,1500,"bu","13:22:08",298500
19650,-50,300,"bu","13:22:08",297000
19650,-50,700,"sd","13:21:49",296700
19650,-50,900,"bu","13:21:26",296000
19650,-50,1100,"sd","13:21:05",295100
19650,-50,1200,"bu","13:21:03",294000
19650,-50,1800,"bu","13:20:38",292800
19600,-100,400,"bu","13:20:20",291000
19600,-100,1500,"sd","13:19:59",290600
19650,-50,100,"sd","13:19:59",289100
19650,-50,1500,"bu","13:19:57",289000
19650,-50,300,"bu","13:19:57",287500
19650,-50,300,"bu","13:19:57",287200
19650,-50,900,"bu","13:19:44",286900
19650,-50,600,"bu","13:19:44",286000
19650,-50,400,"bu","13:19:14",285400
19650,-50,2300,"bu","13:19:14",285000
19650,-50,200,"bu","13:17:50",282700
19650,-50,1100,"bu","13:17:50",282500
19650,-50,800,"sd","13:17:11",281400
19650,-50,100,"sd","13:17:11",280600
19650,-50,300,"sd","13:17:11",280500
19650,-50,1000,"bu","13:16:43",280200
19650,-50,1200,"bu","13:16:43",279200
19650,-50,500,"bu","13:16:31",278000
19650,-50,300,"bu","13:16:31",277500
19650,-50,1100,"bu","13:16:31",277200
19650,-50,1400,"bu","13:16:15",276100
19650,-50,400,"bu","13:16:15",274700
19650,-50,700,"bu","13:16:15",274300
19650,-50,900,"bu","13:15:11",273600
19650,-50,1300,"bu","13:14:57",272700
19650,-50,800,"sd","13:14:26",271400
19650,-50,900,"bu","13:14:24",270600
19650,-50,100,"bu","13:14:11",269700
19650,-50,400,"bu","13:14:11",269600
19650,-50,1500,"bu","13:14:11",269200
19650,-50,700,"bu","13:13:54",267700
19650,-50,1000,"bu","13:13:54",267000
19650,-50,200,"bu","13:13:42",266000
19650,-50,1300,"bu","13:13:42",265800
19650,-50,700,"bu","13:13:25",264500
19650,-50,600,"bu","13:13:25",263800
19650,-50,400,"sd","13:12:54",263200
19650,-50,1000,"sd","13:12:44",262800
19650,-50,900,"bu","13:12:42",261800
19650,-50,600,"bu","13:12:30",260900
19650,-50,300,"bu","13:12:30",260300
19650,-50,1900,"bu","13:12:09",260000
19650,-50,500,"bu","13:12:09",258100
19650,-50,700,"bu","13:12:09",257600
19650,-50,1100,"bu","13:11:27",256900
19650,-50,900,"bu","13:11:27",255800
19650,-50,1700,"bu","13:11:16",254900
19650,-50,300,"bu","13:10:54",253200
19650,-50,600,"sd","13:10:43",252900
19650,-50,600,"bu","13:10:32",252300
19650,-50,800,"bu","13:10:32",251700
19650,-50,400,"bu","13:10:15",250900
19650,-50,800,"bu","13:10:15",250500
19650,-50,800,"bu","13:09:37",249700
19650,-50,600,"bu","13:09:25",248900
19650,-50,1100,"bu","13:09:25",248300
19650,-50,1400,"bu","13:08:12",247200
19650,-50,700,"bu","13:08:12",245800
19650,-50,600,"bu","13:07:48",245100
19650,-50,700,"bu","13:07:48",244500
19650,-50,300,"bu","13:07:32",243800
19650,-50,400,"bu","13:07:32",243500
19650,-50,900,"bu","13:07:03",243100
19650,-50,1000,"bu","13:06:50",242200
19650,-50,700,"bu","13:06:14",241200
19650,-50,500,"bu","13:06:14",240500
19650,-50,1300,"bu","13:05:57",240000
19650,-50,100,"bu","13:05:57",238700
19650,-50,1000,"bu","13:05:25",238600
19650,-50,1100,"sd","13:04:52",237600
19650,-50,1000,"bu","13:03:14",236500
19650,-50,1200,"bu","13:02:16",235500
19650,-50,1800,"sd","13:02:06",234300
19700,0,1500,"sd","13:00:44",232500
19700,0,300,"bu","13:00:38",231000
19700,0,700,"sd","13:00:23",230700
19700,0,900,"sd","13:00:04",230000
19700,0,1000,"sd","13:00:00",229100
19700,0,600,"sd","13:00:00",228100
19700,0,400,"bu","11:26:57",227500
19700,0,1100,"bu","11:25:28",227100
19700,0,900,"bu","11:25:28",226000
19700,0,400,"bu","11:21:35",225100
19700,0,1100,"bu","11:21:35",224700
19700,0,500,"bu","11:19:53",223600
19700,0,200,"sd","11:19:49",223100
19700,0,700,"sd","11:19:49",222900
19700,0,300,"bu","11:16:57",222200
19700,0,800,"bu","11:15:54",221900
19700,0,1000,"bu","11:13:51",221100
19700,0,1000,"sd","11:09:48",220100
19750,50,1100,"bu","11:09:02",219100
19750,50,900,"bu","11:09:02",218000
19750,50,400,"bu","11:08:49",217100
19700,0,1000,"bu","11:08:49",216700
19700,0,100,"bu","11:08:49",215700
19700,0,600,"bu","11:08:43",215600
19700,0,400,"bu","11:08:30",215000
19700,0,1200,"bu","11:08:30",214600
19700,0,500,"bu","11:08:10",213400
19700,0,1000,"bu","11:07:41",212900
19700,0,500,"bu","11:07:41",211900
19700,0,1000,"bu","11:07:21",211400
19700,0,1000,"bu","11:07:21",210400
19650,-50,1000,"bu","11:06:10",209400
19650,-50,1000,"bu","11:04:48",208400
19650,-50,600,"bu","11:04:01",207400
19500,-200,1400,"sd","11:03:33",206800
19500,-200,2800,"sd","11:03:17",205400
19500,-200,1400,"sd","11:03:17",202600
19500,-200,800,"sd","11:02:20",201200
19550,-150,1300,"sd","11:02:20",200400
19550,-150,300,"sd","11:02:12",199100
19600,-100,1200,"sd","11:02:12",198800
19600,-100,300,"sd","11:02:12",197600
19650,-50,200,"sd","11:02:12",197300
19650,-50,1700,"sd","11:00:41",197100
19650,-50,1100,"sd","11:00:41",195400
19600,-100,500,"sd","10:57:23",194300
19600,-100,300,"sd","10:57:23",193800
19650,-50,1000,"sd","10:57:03",193500
19650,-50,100,"sd","10:57:03",192500
19650,-50,400,"sd","10:57:03",192400
19700,0,300,"bu","10:56:03",192000
19700,0,500,"bu","10:55:33",191700
19700,0,200,"bu","10:54:05",191200
19700,0,800,"bu","10:54:05",191000
19700,0,1000,"bu","10:50:50",190200
19700,0,600,"bu","10:50:50",189200
19700,0,700,"bu","10:50:50",188600
19700,0,1100,"bu","10:50:37",187900
19700,0,200,"bu","10:50:37",186800
19700,0,1000,"bu","10:47:59",186600
19650,-50,2100,"bu","10:47:59",185600
19650,-50,900,"bu","10:47:59",183500
19600,-100,100,"bu","10:46:26",182600
19600,-100,500,"bu","10:46:12",182500
19600,-100,100,"bu","10:45:51",182000
19600,-100,2400,"bu","10:45:51",181900
19500,-200,800,"bu","10:45:05",179500
19500,-200,2400,"bu","10:44:52",178700
19500,-200,1000,"bu","10:44:52",176300
19500,-200,800,"bu","10:44:52",175300
19650,-50,300,"bu","10:44:25",174500
19650,-50,1200,"bu","10:44:25",174200
19500,-200,1300,"sd","10:43:58",173000
19500,-200,200,"sd","10:43:58",171700
19550,-150,1500,"sd","10:43:58",171500
19550,-150,800,"sd","10:42:32",170000
19600,-100,1200,"sd","10:42:32",169200
19600,-100,1800,"bu","10:41:24",168000
19650,-50,400,"bu","10:40:59",166200
19650,-50,500,"bu","10:40:59",165800
19600,-100,900,"bu","10:40:59",165300
19600,-100,800,"sd","10:40:52",164400
19600,-100,300,"sd","10:40:52",163600
19600,-100,1000,"sd","10:40:52",163300
19650,-50,200,"bu","10:40:33",162300
19650,-50,500,"bu","10:40:01",162100
19650,-50,1500,"bu","10:40:01",161600
19650,-50,1100,"sd","10:37:31",160100
19650,-50,300,"bu","10:35:41",159000
19650,-50,200,"bu","10:35:00",158700
19650,-50,600,"bu","10:34:59",158500
19650,-50,700,"bu","10:34:59",157900
19650,-50,1000,"bu","10:34:30",157200
19650,-50,500,"bu","10:34:30",156200
19600,-100,600,"bu","10:33:53",155700
19600,-100,1500,"bu","10:33:53",155100
19600,-100,400,"bu","10:33:53",153600
19600,-100,500,"bu","10:32:24",153200
19600,-100,1100,"bu","10:30:56",152700
19600,-100,400,"bu","10:30:56",151600
19600,-100,400,"bu","10:28:31",151200
19600,-100,600,"bu","10:28:31",150800
19600,-100,2500,"sd","10:28:08",150200
19650,-50,1000,"sd","10:27:24",147700
19650,-50,800,"sd","10:27:24",146700
19650,-50,600,"bu","10:26:43",145900
19650,-50,200,"bu","10:26:43",145300
19650,-50,1200,"bu","10:25:33",145100
19650,-50,300,"bu","10:25:33",143900
19650,-50,1000,"bu","10:24:42",143600
19650,-50,200,"bu","10:21:34",142600
19650,-50,800,"bu","10:21:34",142400
19650,-50,1600,"sd","10:20:59",141600
19650,-50,100,"sd","10:20:59",140000
19650,-50,1100,"bu","10:20:17",139900
19650,-50,200,"bu","10:20:02",138800
19650,-50,1800,"bu","10:20:02",138600
19700,0,400,"bu","10:17:37",136800
19700,0,700,"bu","10:17:37",136400
19700,0,1300,"bu","10:17:37",135700
19650,-50,2900,"bu","10:17:37",134400
19700,0,300,"bu","10:16:23",131500
19700,0,1200,"bu","10:16:23",131200
19700,0,2200,"bu","10:13:36",130000
19650,-50,1300,"bu","10:13:36",127800
19650,-50,1000,"bu","10:13:36",126500
19650,-50,1000,"bu","10:13:36",125500
19650,-50,1000,"bu","10:12:01",124500
19650,-50,1000,"sd","10:11:24",123500
19650,-50,100,"sd","10:11:24",122500
19650,-50,1100,"sd","10:11:16",122400
19650,-50,800,"sd","10:11:16",121300
19700,0,1200,"sd","10:08:48",120500
19700,0,300,"bu","10:08:30",119300
19700,0,1000,"bu","10:07:40",119000
19700,0,800,"bu","10:07:27",118000
19700,0,1000,"sd","10:06:25",117200
19700,0,100,"sd","10:06:25",116200
19750,50,400,"bu","10:05:59",116100
19750,50,600,"bu","10:05:59",115700
19750,50,1000,"bu","10:04:33",115100
19700,0,700,"sd","10:02:08",114100
19700,0,300,"sd","10:02:08",113400
19750,50,1000,"sd","10:01:23",113100
19750,50,1400,"bu","10:01:08",112100
19750,50,800,"bu","10:01:08",110700
19700,0,300,"sd","10:01:06",109900
19700,0,100,"sd","10:01:06",109600
19700,0,300,"sd","10:01:06",109500
19700,0,1300,"sd","10:01:06",109200
19750,50,800,"bu","10:00:47",107900
19750,50,200,"bu","10:00:47",107100
19750,50,1000,"bu","09:59:36",106900
19750,50,100,"sd","09:58:50",105900
19750,50,300,"sd","09:58:50",105800
19750,50,700,"sd","09:58:41",105500
19750,50,1100,"sd","09:58:41",104800
19850,150,500,"bu","09:58:22",103700
19800,100,1000,"bu","09:58:22",103200
19800,100,200,"bu","09:58:11",102200
19800,100,700,"bu","09:58:02",102000
19800,100,400,"bu","09:58:02",101300
19800,100,500,"bu","09:58:02",100900
19750,50,1400,"bu","09:57:52",100400
19750,50,300,"bu","09:57:35",99000
19750,50,500,"sd","09:57:10",98700
19750,50,400,"sd","09:57:10",98200
19800,100,100,"bu","09:57:06",97800
19800,100,1000,"bu","09:56:15",97700
19800,100,1400,"bu","09:55:42",96700
19750,50,100,"bu","09:55:42",95300
19750,50,1800,"bu","09:55:30",95200
19750,50,200,"bu","09:55:30",93400
19750,50,500,"bu","09:55:10",93200
19750,50,800,"bu","09:54:58",92700
19750,50,1700,"bu","09:54:58",91900
19750,50,400,"bu","09:54:48",90200
19700,0,1000,"bu","09:54:14",89800
19700,0,500,"bu","09:53:48",88800
19700,0,300,"bu","09:53:02",88300
19700,0,200,"bu","09:53:02",88000
19700,0,1200,"bu","09:52:41",87800
19700,0,600,"sd","09:52:02",86600
19700,0,1800,"bu","09:51:51",86000
19700,0,1400,"bu","09:51:51",84200
19700,0,1000,"bu","09:51:51",82800
19700,0,100,"bu","09:51:22",81800
19700,0,700,"bu","09:51:22",81700
19700,0,300,"bu","09:51:03",81000
19700,0,300,"bu","09:50:46",80700
19700,0,700,"bu","09:50:46",80400
19700,0,400,"bu","09:49:52",79700
19650,-50,1600,"bu","09:49:52",79300
19650,-50,100,"bu","09:49:42",77700
19650,-50,200,"bu","09:49:42",77600
19650,-50,700,"bu","09:49:36",77400
19650,-50,600,"bu","09:49:36",76700
19650,-50,300,"bu","09:49:21",76100
19650,-50,1200,"bu","09:49:21",75800
19650,-50,500,"bu","09:47:29",74600
19650,-50,500,"bu","09:47:29",74100
19650,-50,300,"bu","09:45:45",73600
19650,-50,200,"bu","09:45:32",73300
19650,-50,1500,"bu","09:45:32",73100
19650,-50,900,"bu","09:45:31",71600
19650,-50,300,"bu","09:44:02",70700
19650,-50,1400,"sd","09:43:10",70400
19650,-50,500,"bu","09:42:21",69000
19650,-50,600,"bu","09:42:21",68500
19650,-50,1500,"bu","09:42:21",67900
19650,-50,700,"bu","09:41:57",66400
19650,-50,100,"bu","09:41:57",65700
19650,-50,800,"bu","09:40:24",65600
19650,-50,2000,"bu","09:40:24",64800
19650,-50,200,"bu","09:40:24",62800
19600,-100,1500,"bu","09:40:24",62600
19600,-100,100,"sd","09:39:08",61100
19600,-100,4500,"sd","09:38:43",61000
19600,-100,400,"sd","09:38:43",56500
19600,-100,500,"sd","09:38:43",56100
19600,-100,1200,"sd","09:38:43",55600
19650,-50,1700,"bu","09:38:14",54400
19650,-50,800,"bu","09:38:14",52700
19650,-50,1000,"sd","09:36:42",51900
19650,-50,100,"sd","09:36:42",50900
19650,-50,1200,"sd","09:36:42",50800
19700,0,400,"bu","09:35:37",49600
19700,0,100,"bu","09:35:37",49200
19700,0,600,"bu","09:35:17",49100
19650,-50,800,"bu","09:34:43",48500
19650,-50,600,"sd","09:34:35",47700
19650,-50,100,"sd","09:34:35",47100
19650,-50,1000,"sd","09:34:35",47000
19650,-50,100,"sd","09:34:35",46000
19650,-50,500,"sd","09:34:35",45900
19700,0,1000,"bu","09:34:29",45400
19700,0,200,"bu","09:33:49",44400
19700,0,1500,"bu","09:33:04",44200
19700,0,100,"sd","09:32:46",42700
19700,0,1300,"sd","09:32:46",42600
19750,50,500,"bu","09:32:41",41300
19800,100,200,"bu","09:31:51",40700
19800,100,100,"bu","09:31:51",40800
19750,50,300,"bu","09:31:51",40500
19750,50,1800,"bu","09:31:30",40200
19700,0,200,"bu","09:31:30",38400
19700,0,800,"sd","09:31:29",38200
19700,0,1000,"sd","09:31:29",37400
19750,50,200,"bu","09:31:19",36400
19750,50,300,"bu","09:31:19",36200
19750,50,800,"bu","09:31:14",35900
19750,50,300,"bu","09:30:43",35100
19750,50,1500,"bu","09:30:34",34800
19750,50,300,"bu","09:30:21",33300
19750,50,1000,"bu","09:29:59",33000
19750,50,600,"bu","09:29:39",32000
19700,0,1400,"bu","09:29:39",31400
19700,0,100,"bu","09:29:31",30000
19700,0,400,"bu","09:29:31",29900
19700,0,200,"bu","09:29:13",29500
19700,0,500,"bu","09:28:53",29300
19700,0,700,"bu","09:28:41",28800
19700,0,900,"bu","09:28:41",28100
19700,0,1200,"bu","09:28:26",27200
19700,0,1000,"sd","09:28:06",26000
19700,0,800,"sd","09:28:06",25000
19700,0,200,"sd","09:28:06",24200
19700,0,600,"sd","09:28:06",24000
19750,50,1000,"bu","09:27:22",23400
19750,50,300,"bu","09:26:24",22400
19700,0,1700,"unknown","09:26:24",22100
19700,0,100,"bu","09:24:41",20400
19700,0,500,"bu","09:24:41",20300
19700,0,700,"bu","09:24:14",19800
19700,0,300,"bu","09:24:14",19100
19700,0,1000,"bu","09:23:05",18800
19700,0,1000,"sd","09:20:54",17800
19700,0,1100,"sd","09:20:45",16800
19700,0,700,"bu","09:20:44",15700
19700,0,1700,"bu","09:20:44",15000
19700,0,1000,"bu","09:19:44",13300
19700,0,100,"bu","09:19:23",12300
19700,0,1100,"bu","09:18:58",12200
19700,0,100,"bu","09:18:58",11100
19700,0,1600,"bu","09:18:47",11000
19700,0,1400,"bu","09:18:47",9400
19700,0,1000,"sd","09:18:15",8000
19750,50,200,"bu","09:17:42",7000
19700,0,400,"bu","09:17:42",6800
19700,0,300,"bu","09:17:28",6400
19700,0,1100,"bu","09:17:28",6100
19700,0,100,"bu","09:17:08",5000
19700,0,200,"bu","09:16:24",4900
19700,0,900,"bu","09:16:24",4700
19700,0,1400,"bu","09:16:24",3800
19700,0,1000,"bu","09:15:54",2400
19700,0,1400,"bu","09:15:00",1400
