"price","change","match_qtty","side","time","total_vol"
17300,1100,526800,"unknown","14:44:59",36190900
17300,1100,2000,"sd","14:29:59",35664100
17300,1100,700,"sd","14:29:55",35662100
17300,1100,300,"sd","14:29:55",35661400
17300,1100,300,"sd","14:29:54",35661100
17300,1100,100,"sd","14:29:46",35660800
17300,1100,1000,"sd","14:29:44",35660700
17300,1100,100,"sd","14:29:41",35659700
17300,1100,100,"sd","14:29:39",35659600
17300,1100,1000,"sd","14:29:37",35659500
17300,1100,400,"sd","14:29:37",35658500
17300,1100,100,"sd","14:29:36",35658100
17300,1100,3300,"sd","14:29:35",35658000
17300,1100,8800,"sd","14:29:35",35654700
17300,1100,1000,"sd","14:29:35",35645900
17300,1100,100,"sd","14:29:33",35644900
17300,1100,2000,"sd","14:29:32",35644800
17300,1100,100,"sd","14:29:32",35642800
17300,1100,200,"sd","14:29:32",35642700
17300,1100,200,"sd","14:29:32",35642500
17300,1100,2000,"sd","14:29:32",35642300
17300,1100,5000,"sd","14:29:32",35640300
17300,1100,500,"sd","14:29:32",35635300
17300,1100,800,"sd","14:29:32",35634800
17300,1100,3000,"sd","14:29:32",35634000
17300,1100,1000,"sd","14:29:31",35631000
17300,1100,600,"sd","14:29:30",35630000
17300,1100,2000,"sd","14:29:30",35629400
17300,1100,1000,"sd","14:29:30",35627400
17300,1100,6400,"sd","14:29:30",35626400
17300,1100,1000,"sd","14:29:29",35620000
17300,1100,5000,"sd","14:29:29",35619000
17300,1100,1600,"sd","14:29:29",35614000
17300,1100,500,"sd","14:29:29",35612400
17300,1100,900,"sd","14:29:29",35611900
17300,1100,1000,"sd","14:29:29",35611000
17300,1100,300,"sd","14:29:27",35610000
17300,1100,500,"sd","14:29:27",35609700
17300,1100,200,"sd","14:29:25",35609200
17300,1100,8000,"sd","14:29:25",35609000
17300,1100,1000,"sd","14:29:25",35601000
17300,1100,1000,"sd","14:29:25",35600000
17300,1100,1100,"sd","14:29:25",35599000
17300,1100,500,"sd","14:29:25",35597900
17300,1100,13400,"sd","14:29:25",35597400
17300,1100,1000,"sd","14:29:25",35584000
17300,1100,2000,"sd","14:29:22",35583000
17300,1100,100,"sd","14:29:22",35581000
17300,1100,100,"sd","14:29:17",35580900
17300,1100,100,"sd","14:29:17",35580800
17300,1100,800,"sd","14:29:16",35580700
17300,1100,1000,"sd","14:29:14",35579900
17300,1100,2000,"sd","14:29:10",35578900
17300,1100,20000,"sd","14:29:10",35576900
17300,1100,500,"sd","14:29:09",35556900
17300,1100,3000,"sd","14:29:08",35556400
17300,1100,3000,"sd","14:29:08",35553400
17300,1100,100,"sd","14:29:08",35550400
17300,1100,2900,"sd","14:29:07",35550300
17300,1100,7100,"sd","14:29:07",35547400
17300,1100,2900,"sd","14:29:06",35540300
17300,1100,700,"sd","14:29:00",35537400
17300,1100,1000,"sd","14:29:00",35536700
17300,1100,200,"sd","14:29:00",35535700
17300,1100,500,"bu","14:28:52",35535500
17300,1100,300,"bu","14:28:52",35535000
17300,1100,200,"bu","14:28:52",35534700
17300,1100,1000,"sd","14:28:52",35534500
17300,1100,100,"bu","14:28:51",35533500
17300,1100,2000,"bu","14:28:51",35533400
17300,1100,20000,"bu","14:28:51",35531400
17300,1100,100,"bu","14:28:51",35511400
17300,1100,100,"bu","14:28:51",35511300
17300,1100,1000,"bu","14:28:51",35511200
17300,1100,25700,"bu","14:28:51",35510200
17300,1100,5000,"bu","14:28:51",35484500
17300,1100,5000,"bu","14:28:50",35479500
17300,1100,1000,"bu","14:28:50",35474500
17300,1100,1000,"bu","14:28:50",35473500
17300,1100,5000,"bu","14:28:50",35472500
17300,1100,500,"bu","14:28:49",35467500
17300,1100,10000,"bu","14:28:49",35467000
17300,1100,800,"bu","14:28:48",35457000
17300,1100,300,"bu","14:28:48",35456200
17300,1100,15700,"bu","14:28:48",35455900
17300,1100,1000,"bu","14:28:48",35440200
17300,1100,100,"bu","14:28:48",35439200
17300,1100,500,"bu","14:28:48",35439100
17300,1100,500,"bu","14:28:48",35438600
17300,1100,100,"bu","14:28:48",35438100
17300,1100,100,"bu","14:28:48",35438000
17300,1100,1200,"bu","14:28:48",35437900
17300,1100,300,"bu","14:28:48",35436700
17300,1100,7400,"bu","14:28:48",35436400
17300,1100,100,"bu","14:28:48",35429000
17300,1100,200,"bu","14:28:48",35428900
17300,1100,400,"bu","14:28:48",35428700
17300,1100,200,"bu","14:28:48",35428300
17300,1100,2200,"bu","14:28:48",35428100
17300,1100,300,"bu","14:28:47",35425900
17300,1100,500,"bu","14:28:47",35425600
17300,1100,1000,"bu","14:28:47",35425100
17300,1100,1000,"bu","14:28:47",35424100
17300,1100,2000,"bu","14:28:47",35423100
17300,1100,5200,"bu","14:28:47",35421100
17300,1100,1000,"bu","14:28:46",35415900
17300,1100,10000,"bu","14:28:45",35414900
17300,1100,2500,"bu","14:28:44",35404900
17300,1100,1300,"bu","14:28:43",35402400
17300,1100,300,"bu","14:28:43",35401100
17300,1100,400,"bu","14:28:43",35400800
17300,1100,1600,"bu","14:28:43",35400400
17300,1100,2400,"bu","14:28:43",35398800
17300,1100,1000,"bu","14:28:43",35396400
17300,1100,1600,"bu","14:28:43",35395400
17300,1100,1000,"bu","14:28:43",35393800
17300,1100,1200,"bu","14:28:43",35392800
17300,1100,100,"bu","14:28:43",35391600
17300,1100,500,"bu","14:28:43",35391500
17300,1100,100,"bu","14:28:43",35391000
17300,1100,500,"bu","14:28:43",35390900
17300,1100,300,"bu","14:28:42",35390400
17300,1100,3200,"bu","14:28:42",35390100
17300,1100,6000,"bu","14:28:42",35386900
17300,1100,200,"bu","14:28:42",35380900
17300,1100,5300,"bu","14:28:42",35380700
17250,1050,2000,"sd","14:28:42",35375400
17300,1100,2000,"bu","14:28:42",35373400
17300,1100,2700,"bu","14:28:42",35371400
17300,1100,1000,"bu","14:28:42",35368700
17300,1100,400,"bu","14:28:42",35367700
17300,1100,4000,"bu","14:28:42",35367300
17300,1100,1900,"bu","14:28:42",35363300
17300,1100,1000,"bu","14:28:42",35361400
17250,1050,4000,"sd","14:28:41",35360400
17250,1050,5000,"sd","14:28:41",35356400
17250,1050,700,"sd","14:28:41",35351400
17250,1050,500,"sd","14:28:41",35350700
17250,1050,200,"sd","14:28:41",35350200
17250,1050,100,"sd","14:28:41",35350000
17250,1050,4500,"sd","14:28:41",35349900
17300,1100,400,"bu","14:28:41",35345400
17300,1100,4000,"bu","14:28:41",35345000
17300,1100,2000,"bu","14:28:39",35341000
17300,1100,3000,"bu","14:28:38",35339000
17300,1100,5000,"bu","14:28:37",35336000
17300,1100,400,"bu","14:28:36",35331000
17300,1100,1500,"bu","14:28:36",35330600
17300,1100,3000,"bu","14:28:35",35329100
17300,1100,11000,"bu","14:28:35",35326100
17300,1100,10000,"bu","14:28:35",35315100
17300,1100,100,"bu","14:28:35",35305100
17300,1100,100,"bu","14:28:35",35305000
17300,1100,2000,"bu","14:28:35",35304900
17300,1100,500,"bu","14:28:35",35302900
17300,1100,100,"bu","14:28:35",35302400
17300,1100,1000,"bu","14:28:35",35302300
17300,1100,500,"bu","14:28:35",35301300
17300,1100,800,"bu","14:28:35",35300800
17300,1100,100,"bu","14:28:35",35300000
17300,1100,600,"bu","14:28:35",35299900
17300,1100,100,"bu","14:28:35",35299300
17300,1100,10000,"bu","14:28:35",35299200
17300,1100,1000,"bu","14:28:35",35289200
17300,1100,1000,"bu","14:28:35",35288200
17300,1100,1500,"bu","14:28:35",35287200
17300,1100,500,"bu","14:28:35",35285700
17300,1100,100,"bu","14:28:35",35285200
17300,1100,5000,"bu","14:28:34",35285100
17300,1100,3000,"bu","14:28:34",35280100
17300,1100,19100,"bu","14:28:34",35277100
17300,1100,900,"bu","14:28:34",35258000
17300,1100,2500,"bu","14:28:34",35257100
17300,1100,700,"bu","14:28:33",35254600
17250,1050,500,"sd","14:28:33",35253900
17250,1050,1000,"sd","14:28:33",35253400
17300,1100,1000,"bu","14:28:33",35252400
17300,1100,2600,"bu","14:28:32",35251400
17300,1100,1000,"bu","14:28:32",35248800
17300,1100,500,"bu","14:28:32",35247800
17300,1100,2000,"bu","14:28:32",35247300
17300,1100,100,"bu","14:28:32",35245300
17300,1100,100,"bu","14:28:32",35245200
17300,1100,3700,"bu","14:28:32",35245100
17300,1100,100,"bu","14:28:32",35241400
17300,1100,500,"bu","14:28:32",35241300
17300,1100,500,"bu","14:28:32",35240800
17300,1100,2200,"bu","14:28:31",35240300
17300,1100,800,"bu","14:28:31",35238100
17300,1100,200,"bu","14:28:31",35237300
17300,1100,200,"bu","14:28:31",35237100
17300,1100,100,"bu","14:28:31",35236900
17300,1100,500,"bu","14:28:31",35236800
17300,1100,1500,"bu","14:28:30",35236300
17300,1100,200,"bu","14:28:30",35234800
17300,1100,100,"bu","14:28:30",35234600
17300,1100,7600,"bu","14:28:30",35234500
17300,1100,2400,"bu","14:28:30",35226900
17300,1100,600,"bu","14:28:30",35224500
17300,1100,2000,"bu","14:28:30",35223900
17300,1100,100,"bu","14:28:29",35221900
17300,1100,900,"bu","14:28:28",35221800
17300,1100,100,"bu","14:28:28",35220900
17300,1100,100,"bu","14:28:27",35220800
17300,1100,1200,"bu","14:28:27",35220700
17300,1100,8800,"bu","14:28:27",35219500
17300,1100,1200,"bu","14:28:27",35210700
17300,1100,800,"bu","14:28:27",35209500
17300,1100,3000,"bu","14:28:27",35208700
17300,1100,300,"bu","14:28:26",35205700
17300,1100,100,"bu","14:28:26",35205400
17300,1100,200,"bu","14:28:26",35205300
17300,1100,700,"bu","14:28:26",35205100
17300,1100,100,"bu","14:28:26",35204400
17300,1100,900,"bu","14:28:26",35204300
17300,1100,100,"bu","14:28:26",35203400
17300,1100,1000,"bu","14:28:26",35203300
17300,1100,2000,"bu","14:28:26",35202300
17300,1100,100,"bu","14:28:26",35200300
17300,1100,100,"bu","14:28:26",35200200
17300,1100,1000,"bu","14:28:26",35200100
17300,1100,100,"bu","14:28:26",35199100
17300,1100,900,"bu","14:28:26",35199000
17300,1100,100,"bu","14:28:26",35198100
17300,1100,400,"bu","14:28:26",35198000
17300,1100,600,"bu","14:28:26",35197600
17300,1100,4400,"bu","14:28:26",35197000
17300,1100,100,"bu","14:28:26",35192600
17300,1100,500,"bu","14:28:26",35192500
17300,1100,100,"bu","14:28:26",35192000
17300,1100,600,"bu","14:28:25",35191900
17300,1100,1000,"bu","14:28:25",35191300
17300,1100,100,"bu","14:28:25",35190300
17300,1100,1000,"bu","14:28:25",35190200
17300,1100,1000,"bu","14:28:25",35189200
17300,1100,100,"bu","14:28:25",35188200
17300,1100,1000,"bu","14:28:25",35188100
17300,1100,500,"bu","14:28:25",35187100
17300,1100,2000,"bu","14:28:25",35186600
17300,1100,2600,"bu","14:28:25",35184600
17300,1100,500,"bu","14:28:25",35182000
17300,1100,5000,"bu","14:28:25",35181500
17300,1100,2000,"bu","14:28:25",35176500
17300,1100,10000,"bu","14:28:25",35174500
17300,1100,300,"bu","14:28:25",35164500
17300,1100,2300,"bu","14:28:25",35164200
17300,1100,200,"bu","14:28:24",35161900
17300,1100,500,"bu","14:28:24",35161700
17300,1100,500,"bu","14:28:24",35161200
17300,1100,2000,"bu","14:28:24",35160700
17300,1100,100,"bu","14:28:24",35158700
17300,1100,100,"bu","14:28:24",35158600
17300,1100,1000,"bu","14:28:24",35158500
17300,1100,100,"bu","14:28:24",35157500
17300,1100,1000,"bu","14:28:24",35157400
17300,1100,100,"bu","14:28:24",35156400
17300,1100,100,"bu","14:28:24",35156300
17300,1100,1000,"bu","14:28:24",35156200
17300,1100,100,"bu","14:28:24",35155200
17300,1100,400,"bu","14:28:24",35155100
17250,1050,1500,"sd","14:28:23",35154700
17300,1100,1600,"bu","14:28:23",35153200
17300,1100,800,"bu","14:28:23",35151600
17300,1100,200,"bu","14:28:23",35150800
17300,1100,1000,"bu","14:28:23",35150600
17300,1100,1000,"bu","14:28:23",35149600
17300,1100,1000,"bu","14:28:23",35148600
17300,1100,4400,"bu","14:28:23",35147600
17300,1100,600,"bu","14:28:23",35143200
17300,1100,500,"bu","14:28:23",35142600
17300,1100,200,"bu","14:28:23",35142100
17300,1100,5000,"bu","14:28:23",35141900
17300,1100,100,"bu","14:28:23",35136900
17300,1100,1800,"bu","14:28:23",35136800
17300,1100,500,"bu","14:28:23",35135000
17300,1100,700,"bu","14:28:23",35134500
17300,1100,500,"bu","14:28:23",35133800
17300,1100,100,"bu","14:28:23",35133300
17300,1100,600,"bu","14:28:21",35133200
17300,1100,200,"bu","14:28:21",35132600
17300,1100,100,"bu","14:28:21",35132400
17300,1100,200,"bu","14:28:21",35132300
17300,1100,200,"bu","14:28:21",35132100
17300,1100,1700,"bu","14:28:21",35131900
17300,1100,200,"bu","14:28:21",35130200
17300,1100,200,"bu","14:28:21",35130000
17300,1100,300,"bu","14:28:21",35129800
17300,1100,1000,"bu","14:28:21",35129500
17300,1100,500,"bu","14:28:21",35128500
17300,1100,3000,"bu","14:28:21",35128000
17300,1100,13000,"bu","14:28:21",35125000
17300,1100,800,"bu","14:28:21",35112000
17300,1100,400,"bu","14:28:21",35111200
17300,1100,1000,"bu","14:28:21",35110800
17300,1100,300,"bu","14:28:18",35109800
17300,1100,2500,"bu","14:28:18",35109500
17300,1100,100,"bu","14:28:18",35107000
17300,1100,1600,"bu","14:28:18",35106900
17300,1100,800,"bu","14:28:18",35105300
17300,1100,3200,"bu","14:28:17",35104500
17300,1100,3400,"bu","14:28:17",35101300
17300,1100,3400,"bu","14:28:17",35097900
17300,1100,2000,"bu","14:28:17",35094500
17250,1050,5000,"sd","14:28:15",35092500
17250,1050,3000,"sd","14:28:15",35087500
17300,1100,1000,"bu","14:28:15",35084500
17300,1100,3000,"bu","14:28:14",35083500
17300,1100,600,"bu","14:28:14",35080500
17300,1100,1400,"bu","14:28:14",35079900
17300,1100,100,"bu","14:28:12",35078500
17300,1100,400,"bu","14:28:12",35078400
17300,1100,1000,"bu","14:28:12",35078000
17300,1100,1000,"bu","14:28:12",35077000
17300,1100,2000,"bu","14:28:11",35076000
17300,1100,5600,"bu","14:28:10",35074000
17300,1100,100,"bu","14:28:10",35068400
17300,1100,500,"bu","14:28:10",35068300
17300,1100,1000,"bu","14:28:10",35067800
17300,1100,500,"bu","14:28:10",35066800
17300,1100,5000,"bu","14:28:10",35066300
17300,1100,5000,"bu","14:28:10",35061300
17300,1100,1000,"bu","14:28:10",35056300
17300,1100,1000,"bu","14:28:10",35055300
17300,1100,200,"bu","14:28:10",35054300
17300,1100,1700,"bu","14:28:10",35054100
17300,1100,2000,"bu","14:28:10",35052400
17300,1100,2500,"bu","14:28:10",35050400
17300,1100,3000,"bu","14:28:10",35047900
17300,1100,400,"bu","14:28:10",35044900
17300,1100,100,"bu","14:28:10",35044500
17300,1100,100,"bu","14:28:10",35044400
17300,1100,1000,"bu","14:28:10",35044300
17300,1100,9300,"bu","14:28:10",35043300
17300,1100,200,"bu","14:28:10",35034000
17250,1050,5700,"sd","14:28:09",35033800
17250,1050,5000,"sd","14:28:09",35028100
17250,1050,5300,"sd","14:28:09",35023100
17300,1100,200,"bu","14:28:08",35017800
17300,1100,300,"bu","14:28:08",35017600
17300,1100,100,"bu","14:28:04",35017300
17300,1100,2900,"bu","14:28:04",35017200
17300,1100,2300,"bu","14:28:04",35014300
17300,1100,2000,"bu","14:28:04",35012000
17300,1100,500,"bu","14:28:04",35010000
17300,1100,200,"bu","14:28:04",35009500
17300,1100,1000,"bu","14:28:03",35009300
17300,1100,500,"bu","14:28:03",35008300
17300,1100,1900,"bu","14:28:03",35007800
17300,1100,200,"bu","14:28:03",35005900
17300,1100,1000,"bu","14:28:03",35005700
17300,1100,1000,"bu","14:28:03",35004700
17300,1100,4400,"bu","14:28:03",35003700
17300,1100,500,"bu","14:28:03",34999300
17300,1100,300,"bu","14:28:03",34998800
17300,1100,5000,"bu","14:28:03",34998500
17300,1100,1000,"bu","14:28:02",34993500
17300,1100,100,"bu","14:28:02",34992500
17300,1100,2200,"bu","14:28:01",34992400
17300,1100,8600,"bu","14:28:01",34990200
17300,1100,1300,"bu","14:28:00",34981600
17300,1100,5000,"bu","14:28:00",34980300
17300,1100,500,"bu","14:27:57",34975300
17300,1100,200,"bu","14:27:57",34974800
17300,1100,100,"bu","14:27:57",34974600
17250,1050,200,"sd","14:27:56",34974500
17300,1100,800,"bu","14:27:56",34974300
17300,1100,500,"bu","14:27:56",34973500
17300,1100,1500,"bu","14:27:56",34973000
17300,1100,1500,"bu","14:27:56",34971500
17300,1100,1000,"bu","14:27:56",34970000
17300,1100,2200,"bu","14:27:56",34969000
17300,1100,100,"bu","14:27:56",34966800
17300,1100,200,"bu","14:27:56",34966700
17300,1100,2500,"bu","14:27:56",34966500
17300,1100,300,"bu","14:27:56",34964000
17300,1100,200,"bu","14:27:56",34963700
17300,1100,200,"bu","14:27:56",34963500
17300,1100,1800,"bu","14:27:56",34963300
17300,1100,1100,"bu","14:27:56",34961500
17300,1100,200,"bu","14:27:54",34960400
17300,1100,700,"bu","14:27:54",34960200
17300,1100,300,"bu","14:27:54",34959500
17300,1100,2000,"bu","14:27:53",34959200
17300,1100,900,"bu","14:27:53",34957200
17300,1100,100,"bu","14:27:51",34956300
17300,1100,1000,"bu","14:27:50",34956200
17300,1100,1000,"bu","14:27:49",34955200
17300,1100,2000,"bu","14:27:48",34954200
17300,1100,1000,"bu","14:27:47",34952200
17300,1100,7400,"bu","14:27:47",34951200
17300,1100,16000,"bu","14:27:47",34943800
17300,1100,500,"bu","14:27:47",34927800
17300,1100,2600,"bu","14:27:47",34927300
17300,1100,200,"bu","14:27:47",34924700
17300,1100,20300,"bu","14:27:47",34924500
17300,1100,10000,"bu","14:27:47",34904200
17300,1100,1900,"bu","14:27:45",34894200
17300,1100,4400,"bu","14:27:45",34892300
17300,1100,200,"bu","14:27:45",34887900
17300,1100,500,"bu","14:27:45",34887700
17300,1100,300,"bu","14:27:45",34887200
17300,1100,400,"bu","14:27:45",34886900
17300,1100,5000,"bu","14:27:45",34886500
17300,1100,1200,"bu","14:27:45",34881500
17300,1100,1000,"bu","14:27:45",34880300
17300,1100,800,"bu","14:27:45",34879300
17300,1100,2200,"bu","14:27:45",34878500
17300,1100,100,"bu","14:27:44",34876300
17300,1100,100,"bu","14:27:43",34876200
17300,1100,300,"bu","14:27:43",34876100
17300,1100,100,"bu","14:27:43",34875800
17300,1100,100,"bu","14:27:41",34875700
17300,1100,100,"bu","14:27:39",34875600
17300,1100,900,"bu","14:27:39",34875500
17250,1050,300,"sd","14:27:39",34874600
17250,1050,2000,"sd","14:27:39",34874300
17250,1050,2500,"sd","14:27:39",34872300
17250,1050,200,"sd","14:27:39",34869800
17300,1100,1800,"bu","14:27:39",34869600
17300,1100,100,"bu","14:27:39",34867800
17300,1100,1100,"bu","14:27:39",34867700
17300,1100,100,"bu","14:27:39",34866600
17300,1100,100,"bu","14:27:39",34866500
17300,1100,100,"bu","14:27:39",34866400
17300,1100,300,"bu","14:27:39",34866300
17300,1100,100,"bu","14:27:38",34866000
17300,1100,200,"bu","14:27:37",34865900
17300,1100,2000,"bu","14:27:37",34865700
17300,1100,100,"bu","14:27:37",34863700
17250,1050,2700,"sd","14:27:36",34863600
17250,1050,300,"sd","14:27:36",34860900
17300,1100,2300,"bu","14:27:36",34860600
17300,1100,200,"bu","14:27:36",34858300
17300,1100,700,"bu","14:27:36",34858100
17300,1100,300,"bu","14:27:35",34857400
17300,1100,1000,"bu","14:27:35",34857100
17300,1100,1000,"bu","14:27:35",34856100
17300,1100,1000,"bu","14:27:35",34855100
17300,1100,10000,"bu","14:27:35",34854100
17300,1100,5000,"bu","14:27:35",34844100
17300,1100,500,"bu","14:27:35",34839100
17300,1100,1000,"bu","14:27:35",34838600
17300,1100,200,"bu","14:27:35",34837600
17300,1100,2000,"bu","14:27:35",34837400
17300,1100,1800,"bu","14:27:34",34835400
17300,1100,500,"bu","14:27:34",34833600
17300,1100,7700,"bu","14:27:34",34833100
17250,1050,500,"sd","14:27:34",34825400
17300,1100,1000,"bu","14:27:33",34824900
17300,1100,1000,"bu","14:27:33",34823900
17300,1100,300,"bu","14:27:33",34822900
17300,1100,1400,"bu","14:27:33",34822600
17250,1050,200,"sd","14:27:32",34821200
17300,1100,300,"bu","14:27:32",34821000
17250,1050,1600,"sd","14:27:32",34820700
17250,1050,1000,"sd","14:27:32",34819100
17300,1100,300,"bu","14:27:32",34818100
17300,1100,100,"bu","14:27:30",34817800
17250,1050,1000,"sd","14:27:29",34817700
17250,1050,1000,"sd","14:27:29",34816700
17250,1050,2000,"sd","14:27:29",34815700
17250,1050,1900,"sd","14:27:29",34813700
17300,1100,3100,"bu","14:27:28",34811800
17300,1100,900,"bu","14:27:28",34808700
17300,1100,100,"bu","14:27:25",34807800
17300,1100,100,"bu","14:27:24",34807700
17300,1100,3100,"bu","14:27:23",34807600
17300,1100,300,"bu","14:27:23",34804500
17300,1100,1000,"bu","14:27:23",34804200
17300,1100,2000,"bu","14:27:23",34803200
17300,1100,4000,"bu","14:27:23",34801200
17300,1100,1000,"bu","14:27:23",34797200
17300,1100,5000,"bu","14:27:23",34796200
17300,1100,1000,"bu","14:27:23",34791200
17300,1100,2000,"bu","14:27:23",34790200
17300,1100,3400,"bu","14:27:23",34788200
17300,1100,300,"bu","14:27:23",34784800
17300,1100,200,"bu","14:27:23",34784500
17300,1100,500,"bu","14:27:23",34784300
17300,1100,500,"bu","14:27:23",34783800
17300,1100,4000,"bu","14:27:23",34783300
17300,1100,1100,"bu","14:27:23",34779300
17300,1100,5000,"bu","14:27:23",34778200
17300,1100,1000,"bu","14:27:23",34773200
17300,1100,500,"bu","14:27:23",34772200
17300,1100,100,"bu","14:27:23",34771700
17300,1100,3000,"bu","14:27:23",34771600
17300,1100,2000,"bu","14:27:23",34768600
17300,1100,1000,"bu","14:27:23",34766600
17300,1100,500,"bu","14:27:23",34765600
17300,1100,400,"bu","14:27:23",34765100
17300,1100,200,"bu","14:27:22",34764700
17300,1100,800,"bu","14:27:20",34764500
17300,1100,100,"bu","14:27:20",34763700
17300,1100,300,"bu","14:27:20",34763600
17300,1100,2000,"bu","14:27:20",34763300
17300,1100,2000,"bu","14:27:19",34761300
17300,1100,2000,"bu","14:27:19",34759300
17300,1100,2000,"bu","14:27:18",34757300
17300,1100,2000,"bu","14:27:18",34755300
17300,1100,1000,"bu","14:27:17",34753300
17300,1100,5000,"bu","14:27:16",34752300
17300,1100,100,"bu","14:27:16",34747300
17300,1100,2000,"bu","14:27:13",34747200
17250,1050,1000,"sd","14:27:08",34745200
17300,1100,300,"bu","14:27:08",34744200
17300,1100,1300,"bu","14:27:08",34743900
17300,1100,300,"bu","14:27:08",34742600
17300,1100,1000,"bu","14:27:08",34742300
17300,1100,200,"bu","14:27:08",34741300
17300,1100,1300,"bu","14:27:08",34741100
17300,1100,900,"bu","14:27:08",34739800
17300,1100,2000,"bu","14:27:07",34738900
17300,1100,100,"bu","14:27:07",34736900
17300,1100,100,"bu","14:27:05",34736800
17300,1100,500,"bu","14:27:05",34736700
17300,1100,100,"bu","14:27:05",34736200
17300,1100,10000,"bu","14:27:05",34736100
17300,1100,2500,"bu","14:27:05",34726100
17300,1100,100,"bu","14:27:05",34723600
17300,1100,1200,"bu","14:27:05",34723500
17300,1100,1200,"bu","14:27:04",34722300
17300,1100,5000,"bu","14:27:04",34721100
17300,1100,3800,"bu","14:27:04",34716100
17300,1100,3000,"bu","14:27:04",34712300
17300,1100,2000,"bu","14:27:04",34709300
17250,1050,2000,"sd","14:27:04",34707300
17250,1050,1000,"sd","14:27:02",34705300
17250,1050,100,"sd","14:27:02",34704300
17250,1050,100,"sd","14:27:02",34704200
17250,1050,400,"sd","14:27:02",34704100
17300,1100,1000,"bu","14:27:01",34703700
17300,1100,5000,"bu","14:26:59",34702700
17300,1100,200,"bu","14:26:57",34697700
17300,1100,800,"bu","14:26:57",34697500
17300,1100,600,"bu","14:26:57",34696700
17250,1050,200,"sd","14:26:54",34696100
17300,1100,1000,"bu","14:26:54",34695900
17250,1050,4400,"sd","14:26:53",34694900
17250,1050,1800,"sd","14:26:53",34690500
17250,1050,200,"sd","14:26:53",34688700
17250,1050,300,"sd","14:26:53",34688500
17250,1050,500,"sd","14:26:49",34688200
17300,1100,200,"bu","14:26:49",34687700
17300,1100,4000,"bu","14:26:49",34687500
17300,1100,1000,"bu","14:26:49",34683500
17300,1100,500,"bu","14:26:49",34682500
17300,1100,1000,"bu","14:26:49",34682000
17300,1100,30000,"bu","14:26:49",34681000
17300,1100,3200,"bu","14:26:49",34651000
17300,1100,1000,"bu","14:26:49",34647800
17300,1100,5000,"bu","14:26:49",34646800
17300,1100,4800,"bu","14:26:49",34641800
17250,1050,1000,"sd","14:26:49",34637000
17300,1100,200,"bu","14:26:48",34636000
17300,1100,13000,"bu","14:26:48",34635800
17300,1100,5000,"bu","14:26:48",34622800
17300,1100,800,"bu","14:26:48",34617800
17300,1100,200,"bu","14:26:47",34617000
17300,1100,1800,"bu","14:26:47",34616800
17300,1100,3200,"bu","14:26:47",34615000
17300,1100,500,"bu","14:26:47",34611800
17300,1100,2100,"bu","14:26:47",34611300
17300,1100,4200,"bu","14:26:47",34609200
17250,1050,500,"sd","14:26:41",34605000
17250,1050,400,"sd","14:26:40",34604500
17250,1050,500,"sd","14:26:40",34604100
17250,1050,2000,"sd","14:26:40",34603600
17250,1050,1800,"sd","14:26:40",34601600
17250,1050,5000,"sd","14:26:40",34599800
17250,1050,1000,"sd","14:26:40",34594800
17250,1050,1000,"sd","14:26:40",34593800
17250,1050,2500,"sd","14:26:40",34592800
17250,1050,300,"sd","14:26:40",34590300
17250,1050,1000,"sd","14:26:40",34590000
17250,1050,200,"sd","14:26:40",34589000
17250,1050,3000,"bu","14:26:40",34588800
17250,1050,2500,"bu","14:26:40",34585800
17250,1050,1100,"bu","14:26:40",34583300
17250,1050,1000,"bu","14:26:40",34582200
17250,1050,200,"bu","14:26:40",34581200
17250,1050,2700,"bu","14:26:40",34581000
17250,1050,1000,"bu","14:26:40",34578300
17250,1050,500,"bu","14:26:40",34577300
17250,1050,2300,"bu","14:26:39",34576800
17250,1050,2000,"bu","14:26:39",34574500
17250,1050,1000,"bu","14:26:39",34572500
17250,1050,2700,"bu","14:26:39",34571500
17250,1050,100,"bu","14:26:39",34568800
17250,1050,200,"bu","14:26:39",34568700
17250,1050,25000,"bu","14:26:39",34568500
17250,1050,4800,"bu","14:26:39",34543500
17250,1050,5000,"bu","14:26:39",34538700
17250,1050,200,"bu","14:26:38",34533700
17250,1050,1300,"bu","14:26:38",34533500
17200,1000,100,"sd","14:26:34",34532200
17200,1000,900,"sd","14:26:33",34532100
17200,1000,1100,"sd","14:26:33",34531200
17200,1000,400,"bu","14:26:30",34530100
17200,1000,500,"bu","14:26:29",34529700
17200,1000,800,"bu","14:26:29",34529200
17200,1000,100,"bu","14:26:28",34528400
17200,1000,4000,"bu","14:26:28",34528300
17200,1000,500,"bu","14:26:28",34524300
17200,1000,1000,"bu","14:26:28",34523800
17200,1000,2000,"bu","14:26:28",34522800
17200,1000,1000,"bu","14:26:28",34520800
17200,1000,800,"bu","14:26:28",34519800
17200,1000,100,"bu","14:26:28",34519000
17200,1000,1300,"bu","14:26:28",34518900
17200,1000,3300,"bu","14:26:28",34517600
17200,1000,2100,"bu","14:26:28",34514300
17200,1000,100,"bu","14:26:28",34512200
17200,1000,500,"bu","14:26:28",34512100
17200,1000,5000,"bu","14:26:28",34511600
17200,1000,200,"bu","14:26:28",34506600
17200,1000,2000,"bu","14:26:28",34506400
17200,1000,14400,"bu","14:26:28",34504400
17200,1000,1000,"bu","14:26:28",34490000
17200,1000,1000,"bu","14:26:28",34489000
17200,1000,500,"bu","14:26:28",34488000
17200,1000,100,"bu","14:26:28",34487500
17200,1000,400,"bu","14:26:28",34487400
17200,1000,500,"bu","14:26:28",34487000
17200,1000,300,"bu","14:26:28",34486500
17200,1000,1800,"bu","14:26:28",34486200
17200,1000,3200,"bu","14:26:25",34484400
17200,1000,100,"bu","14:26:25",34481200
17200,1000,200,"bu","14:26:25",34481100
17200,1000,100,"bu","14:26:25",34480900
17200,1000,400,"bu","14:26:25",34480800
17200,1000,800,"bu","14:26:25",34480400
17200,1000,100,"bu","14:26:25",34479600
17200,1000,100,"bu","14:26:25",34479500
17200,1000,900,"bu","14:26:25",34479400
17200,1000,1100,"bu","14:26:25",34478500
17200,1000,200,"bu","14:26:25",34477400
17150,950,200,"sd","14:26:25",34477200
17200,1000,1200,"bu","14:26:24",34477000
17200,1000,300,"bu","14:26:24",34475800
17200,1000,10000,"bu","14:26:24",34475500
17200,1000,1000,"bu","14:26:24",34465500
17200,1000,100,"bu","14:26:24",34464500
17200,1000,1000,"bu","14:26:24",34464400
17200,1000,2000,"bu","14:26:24",34463400
17200,1000,500,"bu","14:26:24",34461400
17200,1000,100,"bu","14:26:24",34460900
17200,1000,500,"bu","14:26:24",34460800
17200,1000,200,"bu","14:26:24",34460300
17200,1000,1000,"bu","14:26:24",34460100
17200,1000,4000,"bu","14:26:24",34459100
17200,1000,200,"bu","14:26:24",34455100
17200,1000,2000,"bu","14:26:24",34454900
17200,1000,1000,"bu","14:26:24",34452900
17200,1000,1000,"bu","14:26:23",34451900
17200,1000,2000,"bu","14:26:22",34450900
17200,1000,5000,"bu","14:26:21",34448900
17200,1000,500,"bu","14:26:21",34443900
17200,1000,100,"bu","14:26:21",34443400
17200,1000,3400,"bu","14:26:20",34443300
17200,1000,100,"bu","14:26:19",34439900
17200,1000,500,"bu","14:26:19",34439800
17200,1000,2000,"bu","14:26:17",34439300
17150,950,44500,"sd","14:26:16",34437300
17150,950,1000,"sd","14:26:16",34392800
17150,950,2500,"sd","14:26:16",34391800
17200,1000,100,"bu","14:26:15",34389300
17200,1000,300,"bu","14:26:14",34389200
17200,1000,800,"bu","14:26:13",34388900
17200,1000,500,"bu","14:26:12",34388100
17150,950,500,"sd","14:26:11",34387600
17200,1000,1500,"bu","14:26:09",34387100
17200,1000,200,"bu","14:26:09",34385600
17200,1000,3400,"bu","14:26:07",34385400
17200,1000,100,"bu","14:26:04",34382000
17150,950,200,"sd","14:26:03",34381900
17200,1000,100,"bu","14:26:02",34381700
17200,1000,1000,"bu","14:26:01",34381600
17200,1000,20000,"bu","14:26:01",34380600
17200,1000,400,"bu","14:26:01",34360600
17200,1000,500,"bu","14:25:59",34360200
17150,950,1000,"sd","14:25:57",34359700
17200,1000,500,"bu","14:25:57",34358700
17200,1000,1900,"bu","14:25:56",34358200
17200,1000,300,"bu","14:25:56",34356300
17200,1000,200,"bu","14:25:56",34356000
17200,1000,600,"bu","14:25:56",34355800
17200,1000,100,"bu","14:25:56",34355200
17200,1000,100,"bu","14:25:56",34355100
17200,1000,6800,"bu","14:25:56",34355000
17200,1000,5000,"bu","14:25:56",34348200
17200,1000,300,"bu","14:25:55",34343200
17200,1000,600,"bu","14:25:54",34342900
17200,1000,500,"bu","14:25:54",34342300
17200,1000,5000,"bu","14:25:53",34341800
17200,1000,1600,"bu","14:25:51",34336800
17150,950,100,"sd","14:25:50",34335200
17150,950,200,"sd","14:25:44",34335100
17150,950,1000,"sd","14:25:43",34334900
17150,950,500,"sd","14:25:43",34333900
17150,950,200,"sd","14:25:43",34333400
17150,950,2000,"sd","14:25:43",34333200
17150,950,300,"sd","14:25:43",34331200
17150,950,500,"sd","14:25:43",34330900
17150,950,100,"sd","14:25:43",34330400
17150,950,100,"sd","14:25:43",34330300
17150,950,200,"sd","14:25:43",34330200
17200,1000,200,"bu","14:25:40",34330000
17150,950,200,"sd","14:25:37",34329800
17200,1000,300,"bu","14:25:37",34329600
17200,1000,2000,"bu","14:25:35",34329300
17150,950,13600,"sd","14:25:34",34327300
17150,950,6400,"sd","14:25:34",34313700
17200,1000,15000,"bu","14:25:33",34307300
17200,1000,100,"bu","14:25:33",34292300
17150,950,1000,"sd","14:25:32",34292200
17150,950,500,"sd","14:25:32",34291200
17200,1000,5000,"bu","14:25:32",34290700
17200,1000,500,"bu","14:25:31",34285700
17150,950,100,"sd","14:25:31",34285200
17150,950,2000,"sd","14:25:30",34285100
17150,950,2600,"sd","14:25:30",34283100
17150,950,400,"sd","14:25:30",34280500
17200,1000,1000,"bu","14:25:29",34280100
17200,1000,1600,"bu","14:25:28",34279100
17150,950,300,"sd","14:25:28",34277500
17200,1000,4500,"bu","14:25:27",34277200
17200,1000,200,"bu","14:25:27",34272700
17200,1000,100,"bu","14:25:27",34272500
17200,1000,200,"bu","14:25:27",34272400
17150,950,2000,"sd","14:25:26",34272200
17200,1000,800,"bu","14:25:25",34270200
17200,1000,200,"bu","14:25:25",34269400
17200,1000,3000,"bu","14:25:25",34269200
17200,1000,11000,"bu","14:25:24",34266200
17150,950,100,"sd","14:25:23",34255200
17150,950,5800,"sd","14:25:23",34255100
17150,950,4200,"sd","14:25:23",34249300
17150,950,800,"sd","14:25:21",34245100
17150,950,800,"sd","14:25:21",34244300
17150,950,1200,"sd","14:25:19",34243500
17150,950,300,"bu","14:25:18",34242300
17150,950,500,"bu","14:25:18",34242000
17150,950,2200,"bu","14:25:18",34241500
17150,950,200,"bu","14:25:17",34239300
17150,950,400,"bu","14:25:17",34239100
17150,950,300,"bu","14:25:17",34238700
17150,950,1000,"bu","14:25:16",34238400
17150,950,1400,"bu","14:25:16",34237400
17150,950,100,"bu","14:25:16",34236000
17150,950,1000,"sd","14:25:15",34235900
17150,950,100,"sd","14:25:14",34234900
17150,950,300,"sd","14:25:14",34234800
17150,950,1300,"sd","14:25:14",34234500
17150,950,6900,"sd","14:25:14",34233200
17150,950,500,"sd","14:25:14",34226300
17150,950,5000,"sd","14:25:14",34225800
17150,950,3000,"sd","14:25:14",34220800
17150,950,500,"sd","14:25:14",34217800
17150,950,2000,"sd","14:25:14",34217300
17150,950,300,"sd","14:25:14",34215300
17150,950,1700,"sd","14:25:14",34215000
17150,950,1800,"sd","14:25:14",34213300
17150,950,100,"sd","14:25:14",34211500
17150,950,10000,"sd","14:25:13",34211400
17200,1000,1000,"bu","14:25:12",34201400
17150,950,100,"sd","14:25:10",34200400
17150,950,700,"sd","14:25:10",34200300
17200,1000,5000,"bu","14:25:08",34199600
17200,1000,4000,"bu","14:25:06",34194600
17150,950,2500,"sd","14:25:02",34190600
17150,950,2500,"sd","14:25:02",34188100
17150,950,500,"sd","14:25:02",34185600
17150,950,4500,"sd","14:25:02",34185100
17200,1000,10000,"bu","14:25:02",34180600
17150,950,1500,"sd","14:24:59",34170600
17150,950,1100,"sd","14:24:59",34169100
17150,950,1700,"sd","14:24:59",34168000
17150,950,800,"sd","14:24:59",34166300
17150,950,200,"sd","14:24:59",34165500
17150,950,10700,"sd","14:24:59",34165300
17150,950,200,"sd","14:24:58",34154600
17150,950,500,"sd","14:24:56",34154400
17150,950,1000,"sd","14:24:55",34153900
17150,950,200,"sd","14:24:54",34152900
17150,950,600,"sd","14:24:53",34152700
17150,950,2500,"sd","14:24:53",34152100
17150,950,1800,"sd","14:24:52",34149600
17150,950,500,"bu","14:24:51",34147800
17150,950,1000,"bu","14:24:51",34147300
17150,950,1600,"bu","14:24:51",34146300
17150,950,3200,"bu","14:24:51",34144700
17150,950,5000,"bu","14:24:51",34141500
17150,950,700,"bu","14:24:51",34136500
17150,950,2000,"bu","14:24:51",34135800
17150,950,10000,"bu","14:24:51",34133800
17150,950,500,"bu","14:24:51",34123800
17150,950,100,"bu","14:24:51",34123300
17150,950,500,"bu","14:24:51",34123200
17150,950,2000,"bu","14:24:51",34122700
17150,950,200,"bu","14:24:51",34120700
17150,950,1000,"bu","14:24:51",34120500
17150,950,2000,"bu","14:24:51",34119500
17150,950,500,"bu","14:24:51",34117500
17150,950,700,"bu","14:24:51",34117000
17150,950,300,"bu","14:24:51",34116300
17150,950,100,"bu","14:24:51",34116000
17150,950,1700,"bu","14:24:51",34115900
17150,950,1900,"bu","14:24:51",34114200
17150,950,100,"bu","14:24:51",34112300
17100,900,600,"sd","14:24:50",34112200
17150,950,5000,"bu","14:24:48",34111600
17150,950,5000,"bu","14:24:48",34106600
17150,950,5200,"bu","14:24:47",34101600
17150,950,400,"bu","14:24:47",34096400
17150,950,100,"bu","14:24:47",34096000
17150,950,4000,"bu","14:24:47",34095900
17150,950,4000,"bu","14:24:47",34091900
17150,950,100,"bu","14:24:47",34087900
17150,950,400,"bu","14:24:47",34087800
17150,950,500,"bu","14:24:47",34087400
17150,950,1000,"bu","14:24:47",34086900
17150,950,2000,"bu","14:24:47",34085900
17150,950,300,"bu","14:24:47",34083900
17150,950,1000,"bu","14:24:47",34083600
17150,950,1000,"bu","14:24:47",34082600
17100,900,1000,"sd","14:24:47",34081600
17150,950,500,"bu","14:24:45",34080600
17150,950,100,"bu","14:24:45",34080100
17150,950,1400,"bu","14:24:44",34080000
17150,950,100,"bu","14:24:44",34078600
17150,950,500,"bu","14:24:44",34078500
17150,950,500,"bu","14:24:41",34078000
17150,950,500,"bu","14:24:41",34077500
17150,950,2000,"bu","14:24:41",34077000
17150,950,1000,"bu","14:24:41",34075000
17150,950,200,"bu","14:24:39",34074000
17150,950,800,"bu","14:24:39",34073800
17150,950,200,"bu","14:24:39",34073000
17150,950,1800,"bu","14:24:39",34072800
17150,950,3200,"bu","14:24:39",34071000
17150,950,1000,"bu","14:24:39",34067800
17150,950,200,"bu","14:24:39",34066800
17150,950,100,"bu","14:24:39",34066600
17150,950,200,"bu","14:24:39",34066500
17150,950,10000,"bu","14:24:39",34066300
17150,950,1300,"bu","14:24:39",34056300
17150,950,300,"bu","14:24:39",34055000
17150,950,300,"bu","14:24:36",34054700
17150,950,2600,"bu","14:24:36",34054400
17150,950,1400,"bu","14:24:36",34051800
17150,950,1000,"bu","14:24:36",34050400
17150,950,100,"bu","14:24:35",34049400
17100,900,9000,"sd","14:24:30",34049300
17100,900,1000,"sd","14:24:30",34040300
17150,950,100,"bu","14:24:30",34039300
17150,950,1000,"bu","14:24:28",34039200
17100,900,300,"sd","14:24:28",34038200
17150,950,3000,"bu","14:24:27",34037900
17150,950,1000,"bu","14:24:27",34034900
17100,900,1000,"sd","14:24:25",34033900
17150,950,500,"bu","14:24:24",34032900
17150,950,3300,"bu","14:24:24",34032400
17150,950,700,"bu","14:24:24",34029100
17100,900,1000,"sd","14:24:24",34028400
17150,950,800,"bu","14:24:23",34027400
17100,900,8000,"sd","14:24:21",34026600
17100,900,3000,"sd","14:24:21",34018600
17150,950,1500,"bu","14:24:19",34015600
17150,950,300,"bu","14:24:19",34014100
17100,900,200,"sd","14:24:18",34013800
17150,950,600,"bu","14:24:18",34013600
17150,950,1100,"bu","14:24:18",34013000
17150,950,100,"bu","14:24:18",34011900
17150,950,1000,"bu","14:24:18",34011800
17150,950,2800,"bu","14:24:18",34010800
17100,900,200,"sd","14:24:18",34008000
17100,900,100,"sd","14:24:18",34007800
17100,900,100,"sd","14:24:18",34007700
17100,900,9600,"sd","14:24:18",34007600
17150,950,100,"bu","14:24:16",33998000
17100,900,500,"sd","14:24:16",33997900
17150,950,1000,"bu","14:24:15",33997400
17100,900,2000,"sd","14:24:14",33996400
17150,950,1100,"bu","14:24:14",33994400
17100,900,200,"sd","14:24:13",33993300
17150,950,9000,"bu","14:24:13",33993100
17150,950,400,"bu","14:24:13",33984100
17150,950,400,"bu","14:24:13",33983700
17150,950,200,"bu","14:24:13",33983300
17150,950,1000,"bu","14:24:13",33983100
17150,950,500,"bu","14:24:13",33982100
17150,950,3000,"bu","14:24:13",33981600
17150,950,300,"bu","14:24:13",33978600
17150,950,5200,"bu","14:24:13",33978300
17150,950,500,"bu","14:24:11",33973100
17150,950,300,"bu","14:24:11",33972600
17100,900,100,"sd","14:24:11",33972300
17100,900,900,"sd","14:24:11",33972200
17100,900,100,"sd","14:24:10",33971300
17100,900,2900,"sd","14:24:10",33971200
17100,900,2000,"sd","14:24:10",33968300
17150,950,1000,"bu","14:24:10",33966300
17100,900,100,"sd","14:24:09",33965300
17150,950,1000,"bu","14:24:08",33965200
17150,950,1900,"bu","14:24:05",33964200
17150,950,100,"bu","14:24:05",33962300
17100,900,500,"sd","14:24:02",33962200
17100,900,5000,"sd","14:23:59",33961700
17100,900,5000,"sd","14:23:59",33956700
17150,950,200,"bu","14:23:56",33951700
17150,950,1500,"bu","14:23:55",33951500
17150,950,600,"bu","14:23:55",33950000
17150,950,900,"bu","14:23:55",33949400
17100,900,3000,"sd","14:23:52",33948500
17100,900,12000,"sd","14:23:51",33945500
17100,900,200,"sd","14:23:51",33933500
17100,900,1000,"sd","14:23:48",33933300
17100,900,1200,"sd","14:23:47",33932300
17100,900,500,"sd","14:23:44",33931100
17100,900,2400,"sd","14:23:43",33930600
17100,900,100,"sd","14:23:43",33928200
17100,900,500,"sd","14:23:42",33928100
17100,900,1000,"sd","14:23:42",33927600
17100,900,10000,"sd","14:23:41",33926600
17100,900,1300,"sd","14:23:41",33916600
17100,900,700,"sd","14:23:41",33915300
17100,900,1000,"sd","14:23:38",33914600
17100,900,300,"sd","14:23:37",33913600
17150,950,500,"bu","14:23:35",33913300
17150,950,2000,"bu","14:23:35",33912800
17100,900,100,"sd","14:23:34",33910800
17100,900,500,"sd","14:23:34",33910700
17100,900,900,"sd","14:23:33",33910200
17100,900,1000,"sd","14:23:32",33909300
17150,950,2000,"bu","14:23:32",33908300
17100,900,100,"bu","14:23:31",33906300
17100,900,3000,"bu","14:23:31",33906200
17100,900,3900,"bu","14:23:31",33903200
17100,900,100,"bu","14:23:30",33899300
17100,900,100,"bu","14:23:27",33899200
17100,900,1000,"bu","14:23:27",33899100
17100,900,200,"sd","14:23:26",33898100
17100,900,11600,"sd","14:23:26",33897900
17100,900,1000,"sd","14:23:25",33886300
17100,900,100,"bu","14:23:25",33885300
17100,900,1000,"bu","14:23:25",33885200
17100,900,200,"bu","14:23:25",33884200
17100,900,6100,"bu","14:23:25",33884000
17050,850,300,"sd","14:23:24",33877900
17100,900,10000,"bu","14:23:24",33877600
17100,900,2000,"bu","14:23:23",33867600
17050,850,200,"sd","14:23:23",33865600
17050,850,100,"sd","14:23:23",33865400
17050,850,3500,"sd","14:23:23",33865300
17050,850,500,"sd","14:23:23",33861800
17050,850,100,"sd","14:23:23",33861300
17050,850,600,"sd","14:23:23",33861200
17100,900,200,"bu","14:23:22",33860600
17100,900,5000,"bu","14:23:22",33860400
17100,900,1200,"bu","14:23:21",33855400
17100,900,2000,"bu","14:23:19",33854200
17100,900,1500,"sd","14:23:19",33852200
17100,900,500,"sd","14:23:19",33850700
17100,900,5000,"sd","14:23:19",33850200
17100,900,600,"sd","14:23:19",33845200
17100,900,3000,"sd","14:23:19",33844600
17100,900,100,"sd","14:23:19",33841600
17100,900,2900,"sd","14:23:19",33841500
17100,900,500,"sd","14:23:19",33838600
17100,900,5000,"sd","14:23:19",33838100
17100,900,200,"sd","14:23:19",33833100
17100,900,4200,"sd","14:23:19",33832900
17100,900,800,"sd","14:23:17",33828700
17100,900,200,"sd","14:23:17",33827900
17100,900,2000,"sd","14:23:17",33827700
17100,900,5000,"sd","14:23:17",33825700
17100,900,500,"sd","14:23:17",33820700
17100,900,1000,"sd","14:23:17",33820200
17100,900,100,"sd","14:23:17",33819200
17100,900,1000,"sd","14:23:17",33819100
17100,900,100,"sd","14:23:17",33818100
17100,900,6600,"sd","14:23:17",33818000
17100,900,20000,"sd","14:23:17",33811400
17100,900,1000,"sd","14:23:17",33791400
17100,900,1100,"sd","14:23:17",33790400
17100,900,8900,"sd","14:23:16",33789300
17100,900,200,"sd","14:23:16",33780400
17100,900,200,"sd","14:23:16",33780200
17100,900,5000,"sd","14:23:16",33780000
17100,900,600,"sd","14:23:16",33775000
17100,900,2000,"sd","14:23:16",33774400
17100,900,5000,"sd","14:23:16",33772400
17100,900,1800,"sd","14:23:16",33767400
17100,900,6300,"sd","14:23:16",33765600
17150,950,600,"bu","14:23:13",33759300
17150,950,500,"bu","14:23:13",33758700
17150,950,1000,"bu","14:23:13",33758200
17150,950,100,"bu","14:23:13",33757200
17150,950,800,"bu","14:23:13",33757100
17100,900,500,"sd","14:23:13",33756300
17150,950,200,"bu","14:23:12",33755800
17150,950,500,"bu","14:23:12",33755600
17150,950,300,"bu","14:23:12",33755100
17150,950,100,"bu","14:23:11",33754800
17150,950,400,"bu","14:23:11",33754700
17100,900,700,"sd","14:23:09",33754300
17100,900,300,"sd","14:23:09",33753600
17100,900,300,"sd","14:23:08",33753300
17100,900,200,"sd","14:23:08",33753000
17100,900,6500,"sd","14:23:08",33752800
17100,900,8500,"sd","14:23:07",33746300
17100,900,1500,"sd","14:23:07",33737800
17100,900,8500,"sd","14:23:07",33736300
17100,900,8500,"sd","14:23:07",33727800
17100,900,1000,"sd","14:23:07",33719300
17100,900,3000,"sd","14:23:05",33718300
17150,950,500,"bu","14:23:03",33715300
17150,950,600,"bu","14:23:03",33714800
17150,950,400,"bu","14:23:03",33714200
17100,900,500,"sd","14:23:02",33713800
17150,950,200,"bu","14:23:00",33713300
17100,900,10000,"sd","14:22:58",33713100
17100,900,300,"sd","14:22:57",33703100
17100,900,1100,"sd","14:22:56",33702800
17150,950,2000,"bu","14:22:56",33701700
17100,900,100,"sd","14:22:56",33699700
17100,900,900,"sd","14:22:55",33699600
17100,900,1200,"sd","14:22:54",33698700
17150,950,400,"bu","14:22:54",33697500
17150,950,3400,"bu","14:22:54",33697100
17150,950,10000,"bu","14:22:54",33693700
17150,950,600,"bu","14:22:54",33683700
17100,900,1000,"sd","14:22:54",33683100
17100,900,400,"sd","14:22:53",33682100
17100,900,800,"sd","14:22:52",33681700
17100,900,1500,"sd","14:22:48",33680900
17100,900,100,"sd","14:22:47",33679400
17100,900,300,"sd","14:22:46",33679300
17100,900,19300,"sd","14:22:43",33679000
17100,900,700,"sd","14:22:43",33659700
17100,900,300,"sd","14:22:43",33659000
17100,900,200,"sd","14:22:43",33658700
17100,900,2000,"sd","14:22:40",33658500
17100,900,100,"bu","14:22:39",33656500
17100,900,700,"bu","14:22:39",33656400
17100,900,400,"sd","14:22:38",33655700
17100,900,600,"sd","14:22:38",33655300
17100,900,100,"sd","14:22:37",33654700
17100,900,1000,"bu","14:22:37",33654600
17100,900,100,"bu","14:22:37",33653600
17100,900,300,"bu","14:22:37",33653500
17100,900,2000,"bu","14:22:37",33653200
17100,900,1000,"bu","14:22:37",33651200
17100,900,1400,"bu","14:22:37",33650200
17050,850,800,"sd","14:22:36",33648800
17050,850,200,"sd","14:22:36",33648000
17050,850,2000,"sd","14:22:35",33647800
17100,900,2000,"bu","14:22:35",33645800
17100,900,100,"bu","14:22:35",33643800
17100,900,700,"bu","14:22:35",33643700
17100,900,6600,"bu","14:22:35",33643000
17100,900,600,"bu","14:22:35",33636400
17100,900,500,"bu","14:22:35",33635800
17100,900,2900,"bu","14:22:35",33635300
17100,900,100,"bu","14:22:35",33632400
17050,850,200,"sd","14:22:34",33632300
17050,850,100,"sd","14:22:34",33632100
17050,850,700,"sd","14:22:34",33632000
17100,900,4900,"bu","14:22:34",33631300
17100,900,2100,"bu","14:22:34",33626400
17100,900,2900,"bu","14:22:34",33624300
17100,900,100,"bu","14:22:34",33621400
17100,900,600,"bu","14:22:33",33621300
17100,900,100,"bu","14:22:33",33620700
17100,900,800,"bu","14:22:33",33620600
17100,900,100,"bu","14:22:29",33619800
17100,900,100,"bu","14:22:27",33619700
17100,900,300,"bu","14:22:27",33619600
17100,900,200,"bu","14:22:27",33619300
17100,900,1800,"bu","14:22:27",33619100
17100,900,100,"bu","14:22:27",33617300
17100,900,1100,"bu","14:22:27",33617200
17100,900,3200,"bu","14:22:27",33616100
17100,900,800,"bu","14:22:26",33612900
17100,900,4200,"bu","14:22:26",33612100
17050,850,200,"sd","14:22:25",33607900
17100,900,5000,"bu","14:22:25",33607700
17050,850,100,"sd","14:22:25",33602700
17100,900,100,"bu","14:22:24",33602600
17100,900,700,"bu","14:22:24",33602500
17100,900,400,"bu","14:22:24",33601800
17100,900,3000,"bu","14:22:23",33601400
17100,900,4600,"bu","14:22:22",33598400
17100,900,1100,"bu","14:22:22",33593800
17100,900,14300,"bu","14:22:22",33592700
17100,900,100,"bu","14:22:20",33578400
17100,900,500,"bu","14:22:18",33578300
17100,900,100,"bu","14:22:15",33577800
17100,900,2000,"bu","14:22:13",33577700
17100,900,3000,"bu","14:22:13",33575700
17100,900,5000,"bu","14:22:13",33572700
17100,900,1000,"bu","14:22:11",33567700
17100,900,2100,"sd","14:22:10",33566700
17100,900,1900,"sd","14:22:10",33564600
17150,950,500,"bu","14:22:09",33562700
17100,900,300,"bu","14:22:08",33562200
17100,900,500,"bu","14:22:08",33561900
17100,900,1500,"bu","14:22:07",33561400
17100,900,2500,"bu","14:22:07",33559900
17100,900,500,"bu","14:22:04",33557400
17100,900,1000,"bu","14:22:04",33556900
17100,900,200,"sd","14:22:03",33555900
17100,900,100,"sd","14:22:03",33555700
17100,900,1000,"sd","14:22:03",33555600
17100,900,200,"sd","14:22:03",33554600
17100,900,2000,"sd","14:22:03",33554400
17100,900,2000,"sd","14:22:03",33552400
17100,900,4100,"sd","14:22:03",33550400
17100,900,400,"sd","14:22:02",33546300
17100,900,100,"sd","14:22:02",33545900
17100,900,100,"sd","14:22:02",33545800
17100,900,100,"sd","14:22:02",33545700
17100,900,600,"sd","14:22:02",33545600
17100,900,1000,"sd","14:22:02",33545000
17100,900,1000,"sd","14:22:02",33544000
17100,900,400,"sd","14:22:02",33543000
17100,900,500,"sd","14:22:02",33542600
17100,900,1000,"sd","14:22:02",33542100
17100,900,200,"sd","14:22:02",33541100
17100,900,1000,"sd","14:22:02",33540900
17100,900,500,"sd","14:22:02",33539900
17100,900,3100,"sd","14:22:02",33539400
17100,900,300,"sd","14:22:02",33536300
17100,900,500,"sd","14:22:00",33536000
17100,900,100,"sd","14:21:59",33535500
17100,900,3000,"sd","14:21:59",33535400
17150,950,400,"bu","14:21:59",33532400
17150,950,600,"bu","14:21:59",33532000
17150,950,200,"bu","14:21:54",33531400
17150,950,200,"bu","14:21:54",33531200
17150,950,300,"bu","14:21:53",33531000
17100,900,3000,"sd","14:21:49",33530700
17100,900,2000,"sd","14:21:48",33527700
17100,900,900,"sd","14:21:47",33525700
17100,900,100,"sd","14:21:47",33524800
17100,900,400,"sd","14:21:44",33524700
17100,900,600,"sd","14:21:44",33524300
17100,900,200,"sd","14:21:44",33523700
17100,900,1800,"sd","14:21:44",33523500
17100,900,3200,"sd","14:21:44",33521700
17150,950,100,"bu","14:21:43",33518500
17100,900,800,"sd","14:21:38",33518400
17100,900,1200,"sd","14:21:38",33517600
17100,900,2800,"sd","14:21:36",33516400
17100,900,200,"sd","14:21:36",33513600
17150,950,100,"bu","14:21:35",33513400
17150,950,100,"bu","14:21:34",33513300
17150,950,2900,"bu","14:21:33",33513200
17100,900,300,"sd","14:21:33",33510300
17150,950,1500,"bu","14:21:31",33510000
17100,900,1000,"sd","14:21:29",33508500
17100,900,500,"sd","14:21:27",33507500
17100,900,4500,"sd","14:21:27",33507000
17150,950,5000,"bu","14:21:27",33502500
17150,950,500,"bu","14:21:27",33497500
17150,950,100,"bu","14:21:27",33497000
17150,950,2400,"bu","14:21:27",33496900
17150,950,1600,"bu","14:21:26",33494500
17150,950,1900,"bu","14:21:26",33492900
17150,950,100,"bu","14:21:26",33491000
17150,950,1000,"bu","14:21:26",33490900
17150,950,100,"bu","14:21:26",33489900
17150,950,300,"bu","14:21:26",33489800
17100,900,500,"sd","14:21:25",33489500
17100,900,400,"sd","14:21:25",33489000
17100,900,2600,"sd","14:21:25",33488600
17100,900,1000,"sd","14:21:25",33486000
17100,900,100,"sd","14:21:25",33485000
17100,900,2000,"sd","14:21:25",33484900
17100,900,1000,"sd","14:21:25",33482900
17100,900,7900,"sd","14:21:25",33481900
17150,950,400,"bu","14:21:22",33474000
17150,950,300,"bu","14:21:22",33473600
17150,950,2700,"bu","14:21:22",33473300
17100,900,1000,"sd","14:21:21",33470600
17150,950,100,"bu","14:21:21",33469600
17100,900,500,"sd","14:21:21",33469500
17100,900,600,"sd","14:21:21",33469000
17100,900,400,"sd","14:21:21",33468400
17100,900,200,"sd","14:21:21",33468000
17100,900,1800,"sd","14:21:21",33467800
17100,900,3200,"sd","14:21:20",33466000
17100,900,500,"sd","14:21:20",33462800
17100,900,1000,"sd","14:21:20",33462300
17100,900,900,"sd","14:21:20",33461300
17100,900,1100,"sd","14:21:20",33460400
17100,900,25900,"sd","14:21:20",33459300
17100,900,3000,"sd","14:21:18",33433400
17100,900,1100,"sd","14:21:15",33430400
17100,900,1900,"sd","14:21:15",33429300
17100,900,1000,"sd","14:21:13",33427400
17150,950,500,"bu","14:21:12",33426400
17150,950,700,"sd","14:21:11",33425900
17150,950,200,"sd","14:21:11",33425200
17150,950,100,"bu","14:21:11",33425000
17150,950,800,"bu","14:21:09",33424900
17150,950,200,"bu","14:21:09",33424100
17150,950,300,"bu","14:21:09",33423900
17150,950,700,"bu","14:21:09",33423600
17150,950,300,"bu","14:21:09",33422900
17150,950,3000,"bu","14:21:09",33422600
17150,950,500,"bu","14:21:09",33419600
17150,950,4300,"bu","14:21:09",33419100
17150,950,1000,"bu","14:21:08",33414800
17100,900,100,"sd","14:21:07",33413800
17100,900,7100,"sd","14:21:07",33413700
17100,900,1000,"sd","14:21:07",33406600
17100,900,1900,"sd","14:21:07",33405600
17100,900,900,"sd","14:21:07",33403700
17100,900,1000,"sd","14:21:06",33402800
17150,950,500,"bu","14:21:04",33401800
17150,950,100,"bu","14:21:04",33401300
17150,950,4400,"bu","14:21:04",33401200
17100,900,100,"sd","14:21:04",33396800
17100,900,3000,"sd","14:21:02",33396700
17100,900,500,"sd","14:21:01",33393700
17150,950,1800,"bu","14:21:01",33393200
17150,950,800,"bu","14:21:01",33391400
17100,900,100,"sd","14:20:58",33390600
17100,900,1000,"sd","14:20:57",33390500
17100,900,2200,"sd","14:20:55",33389500
17100,900,1200,"bu","14:20:54",33387300
17100,900,600,"sd","14:20:54",33386100
17100,900,1000,"sd","14:20:54",33385500
17100,900,500,"sd","14:20:54",33384500
17100,900,10000,"sd","14:20:54",33384000
17100,900,100,"sd","14:20:54",33374000
17100,900,500,"sd","14:20:54",33373900
17100,900,300,"sd","14:20:54",33373400
17100,900,300,"sd","14:20:54",33373100
17100,900,1000,"sd","14:20:54",33372800
17100,900,4500,"sd","14:20:54",33371800
17100,900,1300,"sd","14:20:52",33367300
17150,950,100,"sd","14:20:52",33366000
17150,950,1000,"sd","14:20:52",33365900
17150,950,200,"sd","14:20:52",33364900
17150,950,100,"sd","14:20:52",33364700
17150,950,7300,"sd","14:20:52",33364600
17150,950,2400,"sd","14:20:52",33357300
17150,950,1300,"sd","14:20:51",33354900
17150,950,1700,"sd","14:20:51",33353600
17150,950,3000,"sd","14:20:51",33351900
17150,950,400,"sd","14:20:50",33348900
17150,950,6000,"sd","14:20:49",33348500
17150,950,8000,"sd","14:20:49",33342500
17150,950,4000,"sd","14:20:45",33334500
17150,950,700,"bu","14:20:44",33330500
17150,950,500,"bu","14:20:44",33329800
17150,950,500,"bu","14:20:44",33329300
17150,950,100,"bu","14:20:44",33328800
17150,950,1000,"bu","14:20:44",33328700
17150,950,100,"bu","14:20:44",33327700
17150,950,200,"bu","14:20:44",33327600
17150,950,800,"bu","14:20:44",33327400
17150,950,1000,"bu","14:20:44",33326600
17150,950,1000,"bu","14:20:44",33325600
17150,950,1000,"bu","14:20:44",33324600
17100,900,3000,"sd","14:20:44",33323600
17100,900,1000,"sd","14:20:44",33320600
17100,900,500,"sd","14:20:44",33319600
17100,900,500,"sd","14:20:44",33319100
17100,900,4500,"sd","14:20:44",33318600
17100,900,500,"sd","14:20:44",33314100
17100,900,100,"sd","14:20:42",33313600
17100,900,1400,"sd","14:20:42",33313500
17100,900,3600,"sd","14:20:42",33312100
17100,900,2500,"sd","14:20:42",33308500
17100,900,1000,"sd","14:20:42",33306000
17100,900,3000,"sd","14:20:42",33305000
17100,900,400,"sd","14:20:42",33302000
17100,900,100,"sd","14:20:42",33301600
17100,900,200,"sd","14:20:42",33301500
17100,900,600,"sd","14:20:42",33301300
17100,900,400,"sd","14:20:42",33300700
17100,900,100,"sd","14:20:42",33300300
17100,900,100,"sd","14:20:42",33300200
17100,900,2000,"sd","14:20:42",33300100
17100,900,300,"sd","14:20:42",33298100
17100,900,200,"sd","14:20:41",33297800
17100,900,10000,"sd","14:20:39",33297600
17150,950,2000,"bu","14:20:38",33287600
17150,950,4400,"bu","14:20:37",33285600
17150,950,100,"bu","14:20:36",33281200
17150,950,1000,"bu","14:20:35",33281100
17150,950,1000,"bu","14:20:33",33280100
17100,900,500,"sd","14:20:32",33279100
17150,950,2000,"bu","14:20:32",33278600
17150,950,3000,"bu","14:20:32",33276600
17150,950,200,"bu","14:20:31",33273600
17100,900,10000,"sd","14:20:31",33273400
17150,950,100,"bu","14:20:30",33263400
17100,900,5700,"sd","14:20:29",33263300
17100,900,12600,"sd","14:20:29",33257600
17150,950,500,"bu","14:20:25",33245000
17150,950,5000,"bu","14:20:25",33244500
17150,950,1000,"bu","14:20:25",33239500
17150,950,2000,"unknown","14:20:24",33238500
17150,950,1900,"unknown","14:20:24",33236500
17200,1000,100,"bu","14:20:23",33234600
17100,900,4100,"sd","14:20:23",33234500
17150,950,3400,"sd","14:20:23",33230400
17200,1000,5000,"bu","14:20:22",33227000
17150,950,800,"sd","14:20:22",33222000
17150,950,100,"sd","14:20:22",33221200
17150,950,100,"sd","14:20:22",33221100
17200,1000,200,"bu","14:20:21",33221000
17150,950,100,"sd","14:20:17",33220800
17150,950,900,"sd","14:20:17",33220700
17150,950,100,"sd","14:20:17",33219800
17150,950,3500,"sd","14:20:16",33219700
17150,950,1500,"sd","14:20:16",33216200
17150,950,100,"sd","14:20:16",33214700
17150,950,700,"sd","14:20:15",33214600
17150,950,100,"sd","14:20:12",33213900
17200,1000,900,"bu","14:20:12",33213800
17150,950,400,"bu","14:20:11",33212900
17150,950,100,"bu","14:20:11",33212500
17150,950,100,"bu","14:20:11",33212400
17100,900,12000,"sd","14:20:10",33212300
17150,950,100,"bu","14:20:10",33200300
17100,900,300,"sd","14:20:09",33200200
17150,950,2800,"bu","14:20:09",33199900
17150,950,1000,"bu","14:20:09",33197100
17150,950,5000,"bu","14:20:08",33196100
17150,950,200,"bu","14:20:08",33191100
17100,900,500,"sd","14:20:07",33190900
17100,900,1000,"sd","14:20:07",33190400
17150,950,2000,"bu","14:20:06",33189400
17150,950,1000,"bu","14:20:06",33187400
17150,950,300,"bu","14:20:05",33186400
17150,950,1500,"unknown","14:20:04",33186100
17200,1000,3300,"bu","14:20:04",33184600
17150,950,500,"bu","14:20:04",33181300
17150,950,8200,"bu","14:20:04",33180800
17150,950,1800,"bu","14:20:03",33172600
17150,950,200,"bu","14:20:03",33170800
17100,900,100,"sd","14:20:02",33170600
17100,900,5000,"sd","14:20:02",33170500
17100,900,600,"sd","14:20:02",33165500
17100,900,200,"sd","14:20:02",33164900
17100,900,500,"sd","14:20:02",33164700
17100,900,1000,"sd","14:20:02",33164200
17100,900,500,"sd","14:20:02",33163200
17100,900,3000,"sd","14:20:02",33162700
17100,900,100,"sd","14:20:02",33159700
17100,900,600,"sd","14:20:02",33159600
17100,900,2000,"sd","14:20:02",33159000
17100,900,4000,"sd","14:20:02",33157000
17100,900,100,"sd","14:20:02",33153000
17100,900,1000,"sd","14:20:02",33152900
17100,900,600,"sd","14:20:02",33151900
17100,900,100,"sd","14:20:02",33151300
17100,900,100,"sd","14:20:02",33151200
17100,900,2000,"sd","14:20:02",33151100
17100,900,100,"sd","14:20:02",33149100
17100,900,1000,"sd","14:20:02",33149000
17100,900,1000,"sd","14:20:02",33148000
17100,900,2200,"sd","14:20:02",33147000
17100,900,300,"sd","14:20:02",33144800
17100,900,700,"sd","14:20:02",33144500
17100,900,300,"sd","14:20:02",33143800
17100,900,100,"sd","14:20:02",33143500
17100,900,2000,"sd","14:20:02",33143400
17100,900,100,"sd","14:20:02",33141400
17100,900,100,"sd","14:20:02",33141300
17100,900,500,"sd","14:20:02",33141200
17100,900,10000,"sd","14:20:02",33140700
17100,900,100,"sd","14:20:02",33130700
17150,950,2000,"bu","14:20:02",33130600
17150,950,2600,"bu","14:19:59",33128600
17100,900,700,"sd","14:19:59",33126000
17100,900,300,"sd","14:19:59",33125300
17150,950,200,"bu","14:19:58",33125000
17150,950,500,"bu","14:19:58",33124800
17100,900,200,"sd","14:19:57",33124300
17100,900,300,"sd","14:19:55",33124100
17150,950,400,"sd","14:19:55",33123800
17150,950,9000,"sd","14:19:55",33123400
17100,900,300,"sd","14:19:55",33114400
17150,950,3000,"sd","14:19:55",33114100
17150,950,1000,"sd","14:19:54",33111100
17150,950,7000,"sd","14:19:54",33110100
17150,950,7000,"sd","14:19:52",33103100
17150,950,10000,"sd","14:19:51",33096100
17150,950,100,"sd","14:19:50",33086100
17150,950,500,"sd","14:19:48",33086000
17200,1000,100,"bu","14:19:47",33085500
17150,950,12400,"sd","14:19:45",33085400
17150,950,2600,"sd","14:19:45",33073000
17200,1000,500,"bu","14:19:44",33070400
17200,1000,400,"bu","14:19:43",33069900
17150,950,47400,"sd","14:19:41",33069500
17150,950,4600,"sd","14:19:41",33022100
17150,950,1000,"sd","14:19:41",33017500
17150,950,200,"sd","14:19:41",33016500
17150,950,16500,"sd","14:19:41",33016300
17150,950,3000,"sd","14:19:41",32999800
17150,950,500,"sd","14:19:41",32996800
17150,950,200,"sd","14:19:41",32996300
17150,950,100,"sd","14:19:41",32996100
17150,950,100,"sd","14:19:41",32996000
17150,950,100,"sd","14:19:41",32995900
17150,950,3900,"sd","14:19:41",32995800
17150,950,2000,"sd","14:19:41",32991900
17150,950,20000,"sd","14:19:41",32989900
17150,950,100,"sd","14:19:41",32969900
17150,950,5000,"sd","14:19:41",32969800
17150,950,1000,"sd","14:19:41",32964800
17150,950,1000,"sd","14:19:41",32963800
17150,950,800,"sd","14:19:41",32962800
17150,950,100,"sd","14:19:41",32962000
17150,950,1000,"sd","14:19:41",32961900
17150,950,2500,"sd","14:19:41",32960900
17150,950,100,"sd","14:19:41",32958400
17150,950,100,"sd","14:19:41",32958300
17150,950,3700,"sd","14:19:41",32958200
17150,950,1000,"sd","14:19:39",32954500
17200,1000,100,"bu","14:19:39",32953500
17200,1000,2000,"bu","14:19:37",32953400
17200,1000,5000,"bu","14:19:37",32951400
17200,1000,2000,"bu","14:19:35",32946400
17150,950,300,"sd","14:19:35",32944400
17200,1000,500,"sd","14:19:34",32944100
17200,1000,7000,"sd","14:19:34",32943600
17200,1000,2000,"sd","14:19:34",32936600
17200,1000,200,"sd","14:19:34",32934600
17200,1000,1000,"sd","14:19:34",32934400
17200,1000,4000,"sd","14:19:34",32933400
17200,1000,100,"sd","14:19:34",32929400
17200,1000,200,"sd","14:19:34",32929300
17200,1000,1000,"sd","14:19:34",32929100
17200,1000,100,"sd","14:19:34",32928100
17200,1000,100,"sd","14:19:34",32928000
17200,1000,500,"sd","14:19:34",32927900
17200,1000,500,"sd","14:19:34",32927400
17200,1000,200,"sd","14:19:34",32926900
17200,1000,800,"sd","14:19:34",32926700
17200,1000,2000,"sd","14:19:34",32925900
17200,1000,2000,"sd","14:19:34",32923900
17200,1000,1000,"sd","14:19:34",32921900
17200,1000,500,"sd","14:19:34",32920900
17200,1000,100,"sd","14:19:34",32920400
17200,1000,6800,"sd","14:19:34",32920300
17200,1000,100,"sd","14:19:34",32913500
17200,1000,1000,"sd","14:19:34",32913400
17200,1000,200,"sd","14:19:34",32912400
17200,1000,1000,"sd","14:19:34",32912200
17200,1000,1000,"sd","14:19:34",32911200
17200,1000,100,"sd","14:19:34",32910200
17200,1000,1000,"sd","14:19:34",32910100
17200,1000,300,"sd","14:19:34",32909100
17200,1000,1000,"sd","14:19:34",32908800
17200,1000,1000,"sd","14:19:34",32907800
17200,1000,1000,"sd","14:19:34",32906800
17200,1000,100,"sd","14:19:34",32905800
17200,1000,8000,"sd","14:19:34",32905700
17250,1050,100,"bu","14:19:34",32897700
17250,1050,3600,"bu","14:19:32",32897600
17250,1050,400,"bu","14:19:32",32894000
17200,1000,5000,"sd","14:19:32",32893600
17200,1000,7000,"sd","14:19:30",32888600
17200,1000,100,"sd","14:19:30",32881600
17200,1000,300,"sd","14:19:30",32881500
17200,1000,300,"sd","14:19:30",32881200
17200,1000,100,"sd","14:19:30",32880900
17200,1000,300,"sd","14:19:30",32880800
17200,1000,100,"sd","14:19:30",32880500
17200,1000,2000,"sd","14:19:30",32880400
17200,1000,1000,"sd","14:19:30",32878400
17200,1000,300,"sd","14:19:30",32877400
17200,1000,500,"sd","14:19:30",32877100
17250,1050,10000,"bu","14:19:27",32876600
17200,1000,500,"sd","14:19:26",32866600
17250,1050,400,"bu","14:19:26",32866100
17250,1050,5000,"sd","14:19:26",32865700
17250,1050,500,"sd","14:19:26",32860700
17250,1050,1300,"sd","14:19:26",32860200
17250,1050,200,"sd","14:19:26",32858900
17250,1050,100,"sd","14:19:26",32858700
17250,1050,400,"sd","14:19:26",32858600
17250,1050,6700,"sd","14:19:26",32858200
17300,1100,800,"bu","14:19:23",32851500
17300,1100,1400,"bu","14:19:23",32850700
17250,1050,1000,"sd","14:19:23",32849300
17250,1050,1000,"sd","14:19:23",32848300
17300,1100,600,"bu","14:19:23",32847300
17300,1100,9400,"bu","14:19:23",32846700
17250,1050,1000,"sd","14:19:22",32837300
17250,1050,200,"sd","14:19:21",32836300
17250,1050,2000,"sd","14:19:21",32836100
17250,1050,900,"sd","14:19:21",32834100
17250,1050,100,"sd","14:19:21",32833200
17250,1050,200,"sd","14:19:21",32833100
17250,1050,100,"sd","14:19:21",32832900
17250,1050,2000,"sd","14:19:21",32832800
17250,1050,6000,"sd","14:19:21",32830800
17250,1050,2500,"sd","14:19:21",32824800
17250,1050,1000,"sd","14:19:21",32822300
17250,1050,500,"sd","14:19:21",32821300
17250,1050,2000,"sd","14:19:21",32820800
17250,1050,3000,"sd","14:19:21",32818800
17250,1050,500,"sd","14:19:21",32815800
17250,1050,500,"sd","14:19:21",32815300
17250,1050,2000,"sd","14:19:21",32814800
17250,1050,1000,"sd","14:19:21",32812800
17250,1050,2000,"sd","14:19:21",32811800
17250,1050,2000,"sd","14:19:21",32809800
17250,1050,1000,"sd","14:19:21",32807800
17250,1050,100,"sd","14:19:21",32806800
17250,1050,100,"sd","14:19:21",32806700
17250,1050,300,"sd","14:19:21",32806600
17250,1050,200,"sd","14:19:21",32806300
17250,1050,1000,"sd","14:19:21",32806100
17250,1050,200,"sd","14:19:21",32805100
17250,1050,1100,"sd","14:19:21",32804900
17250,1050,2500,"sd","14:19:21",32803800
17250,1050,1500,"sd","14:19:21",32801300
17250,1050,1000,"sd","14:19:21",32799800
17250,1050,500,"sd","14:19:21",32798800
17250,1050,1200,"sd","14:19:21",32798300
17250,1050,1000,"sd","14:19:21",32797100
17250,1050,2000,"sd","14:19:21",32796100
17250,1050,100,"sd","14:19:21",32794100
17250,1050,5000,"sd","14:19:21",32794000
17250,1050,500,"sd","14:19:21",32789000
17250,1050,2000,"sd","14:19:21",32788500
17250,1050,1000,"sd","14:19:21",32786500
17250,1050,1000,"sd","14:19:21",32785500
17250,1050,5000,"sd","14:19:21",32784500
17250,1050,1000,"sd","14:19:21",32779500
17250,1050,1000,"sd","14:19:21",32778500
17250,1050,1200,"sd","14:19:21",32777500
17250,1050,800,"sd","14:19:21",32776300
17250,1050,1000,"sd","14:19:21",32775500
17250,1050,1200,"sd","14:19:21",32774500
17250,1050,800,"sd","14:19:20",32773300
17250,1050,1000,"sd","14:19:19",32772500
17250,1050,100,"sd","14:19:19",32771500
17250,1050,2000,"sd","14:19:19",32771400
17250,1050,3900,"sd","14:19:19",32769400
17250,1050,100,"sd","14:19:19",32765500
17250,1050,300,"sd","14:19:19",32765400
17250,1050,100,"sd","14:19:19",32765100
17250,1050,500,"sd","14:19:19",32765000
17250,1050,700,"sd","14:19:16",32764500
17250,1050,100,"sd","14:19:16",32763800
17250,1050,2000,"sd","14:19:16",32763700
17250,1050,200,"sd","14:19:16",32761700
17250,1050,1000,"sd","14:19:16",32761500
17250,1050,1000,"sd","14:19:16",32760500
17300,1100,500,"bu","14:19:15",32759500
17300,1100,2200,"bu","14:19:03",32759000
17300,1100,100,"sd","14:18:57",32756800
17300,1100,8000,"sd","14:18:57",32756700
17300,1100,800,"sd","14:18:57",32748700
17300,1100,1200,"sd","14:18:57",32747900
17300,1100,200,"sd","14:18:57",32746700
17300,1100,1000,"sd","14:18:57",32746500
17300,1100,600,"sd","14:18:57",32745500
17300,1100,300,"sd","14:18:57",32744900
17300,1100,100,"sd","14:18:56",32744600
17300,1100,500,"sd","14:18:56",32744500
17300,1100,500,"sd","14:18:56",32744000
17300,1100,600,"sd","14:18:55",32743500
17300,1100,3400,"sd","14:18:55",32742900
17300,1100,200,"sd","14:18:55",32739500
17300,1100,1400,"sd","14:18:55",32739300
17300,1100,100,"sd","14:18:55",32737900
17300,1100,2200,"sd","14:18:55",32737800
17300,1100,2200,"sd","14:18:55",32735600
17300,1100,3600,"sd","14:18:55",32733400
17300,1100,1000,"sd","14:18:55",32729800
17300,1100,300,"sd","14:18:55",32728800
17300,1100,600,"sd","14:18:55",32728500
17300,1100,500,"sd","14:18:55",32727900
17300,1100,1000,"sd","14:18:54",32727400
17300,1100,1300,"sd","14:18:54",32726400
17300,1100,2000,"sd","14:18:54",32725100
17300,1100,300,"sd","14:18:54",32723100
17300,1100,1000,"sd","14:18:54",32722800
17300,1100,3900,"sd","14:18:54",32721800
17300,1100,400,"sd","14:18:54",32717900
17300,1100,100,"sd","14:18:54",32717500
17300,1100,400,"sd","14:18:54",32717400
17300,1100,100,"sd","14:18:54",32717000
17300,1100,400,"sd","14:18:54",32716900
17300,1100,500,"sd","14:18:54",32716500
17300,1100,2000,"sd","14:18:54",32716000
17300,1100,200,"sd","14:18:54",32714000
17300,1100,900,"sd","14:18:54",32713800
17300,1100,3000,"sd","14:18:53",32712900
17300,1100,1100,"sd","14:18:53",32709900
17300,1100,600,"sd","14:18:53",32708800
17300,1100,1000,"sd","14:18:53",32708200
17300,1100,500,"sd","14:18:53",32707200
17300,1100,600,"sd","14:18:53",32706700
17300,1100,1100,"sd","14:18:53",32706100
17300,1100,3000,"sd","14:18:53",32705000
17300,1100,100,"sd","14:18:53",32702000
17300,1100,300,"sd","14:18:53",32701900
17300,1100,100,"sd","14:18:53",32701600
17300,1100,1000,"sd","14:18:53",32701500
17300,1100,1000,"sd","14:18:53",32700500
17300,1100,1200,"sd","14:18:53",32699500
17300,1100,400,"sd","14:18:53",32698300
17300,1100,200,"sd","14:18:53",32697900
17300,1100,800,"sd","14:18:53",32697700
17300,1100,3000,"sd","14:18:53",32696900
17300,1100,4200,"sd","14:18:53",32693900
17300,1100,5000,"sd","14:18:53",32689700
17300,1100,5000,"sd","14:18:53",32684700
17300,1100,10000,"sd","14:18:52",32679700
17300,1100,6500,"sd","14:18:52",32669700
17300,1100,100,"sd","14:18:52",32663200
17300,1100,500,"sd","14:18:52",32663100
17300,1100,500,"sd","14:18:52",32662600
17300,1100,1500,"sd","14:18:52",32662100
17300,1100,200,"sd","14:18:52",32660600
17300,1100,700,"sd","14:18:52",32660400
17300,1100,100,"sd","14:18:52",32659700
17300,1100,200,"sd","14:18:52",32659600
17300,1100,2000,"sd","14:18:52",32659400
17300,1100,1100,"sd","14:18:52",32657400
17300,1100,700,"sd","14:18:52",32656300
17300,1100,5000,"sd","14:18:52",32655600
17300,1100,1000,"sd","14:18:52",32650600
17300,1100,2000,"sd","14:18:52",32649600
17300,1100,13000,"sd","14:18:52",32647600
17300,1100,600,"sd","14:18:52",32634600
17300,1100,4000,"sd","14:18:52",32634000
17300,1100,1000,"sd","14:18:52",32630000
17300,1100,700,"sd","14:18:52",32629000
17300,1100,300,"sd","14:18:52",32628300
17300,1100,100,"sd","14:18:52",32628000
17300,1100,100,"sd","14:18:52",32627900
17300,1100,1000,"sd","14:18:52",32627800
17300,1100,500,"sd","14:18:52",32626800
17300,1100,35000,"sd","14:18:52",32626300
17300,1100,100,"sd","14:18:52",32591300
17300,1100,5400,"sd","14:18:52",32591200
17300,1100,40000,"sd","14:18:52",32585800
17300,1100,13300,"sd","14:18:52",32545800
17300,1100,500,"sd","14:18:52",32532500
17300,1100,2500,"sd","14:18:52",32532000
17300,1100,400,"sd","14:18:52",32529500
17300,1100,1400,"sd","14:18:52",32529100
17300,1100,500,"sd","14:18:52",32527700
17300,1100,10000,"sd","14:18:52",32527200
17300,1100,1200,"sd","14:18:52",32517200
17300,1100,100,"sd","14:18:52",32516000
17300,1100,2000,"sd","14:18:52",32515900
17300,1100,10000,"sd","14:18:52",32513900
17300,1100,500,"sd","14:18:52",32503900
17300,1100,1000,"sd","14:18:52",32503400
17300,1100,100,"sd","14:18:52",32502400
17300,1100,2000,"sd","14:18:52",32502300
17300,1100,28300,"sd","14:18:52",32500300
17300,1100,100,"sd","14:18:52",32472000
17300,1100,37900,"sd","14:18:52",32471900
17300,1100,500,"sd","14:18:52",32434000
17300,1100,2000,"sd","14:18:52",32433500
17300,1100,700,"sd","14:18:52",32431500
17300,1100,3000,"sd","14:18:52",32430800
17300,1100,1000,"sd","14:18:52",32427800
17300,1100,1000,"sd","14:18:52",32426800
17300,1100,100,"sd","14:18:52",32425800
17300,1100,1000,"sd","14:18:52",32425700
17300,1100,400,"sd","14:18:52",32424700
17300,1100,500,"sd","14:18:52",32424300
17300,1100,500,"sd","14:18:52",32423800
17300,1100,3000,"sd","14:18:52",32423300
17300,1100,7900,"sd","14:18:52",32420300
17300,1100,5000,"sd","14:18:52",32412400
17300,1100,5000,"sd","14:18:52",32407400
17300,1100,700,"sd","14:18:52",32402400
17300,1100,12000,"sd","14:18:52",32401700
17300,1100,100,"sd","14:18:52",32389700
17300,1100,1000,"sd","14:18:52",32389600
17300,1100,800,"sd","14:18:52",32388600
17300,1100,1500,"sd","14:18:52",32387800
17300,1100,1200,"sd","14:18:52",32386300
17300,1100,2700,"sd","14:18:52",32385100
17300,1100,15000,"sd","14:18:52",32382400
17300,1100,300,"sd","14:18:52",32367400
17300,1100,2000,"sd","14:18:52",32367100
17300,1100,30200,"sd","14:18:52",32365100
17300,1100,2600,"sd","14:18:52",32334900
17300,1100,33000,"sd","14:18:52",32332300
17300,1100,4500,"sd","14:18:52",32299300
17300,1100,119000,"sd","14:18:52",32294800
17300,1100,200,"sd","14:18:52",32175800
17300,1100,500,"sd","14:18:52",32175600
17300,1100,500,"sd","14:18:52",32175100
17300,1100,1600,"sd","14:18:52",32174600
17300,1100,100,"sd","14:18:52",32173000
17300,1100,1200,"sd","14:18:52",32172900
17300,1100,8000,"sd","14:18:52",32171700
17300,1100,1000,"sd","14:18:52",32163700
17300,1100,9300,"sd","14:18:52",32162700
17300,1100,2000,"sd","14:18:52",32153400
17300,1100,100,"sd","14:18:52",32151400
17300,1100,5000,"sd","14:18:52",32151300
17300,1100,500,"sd","14:18:52",32146300
17300,1100,100,"sd","14:18:52",32145800
17300,1100,500,"sd","14:18:52",32145700
17300,1100,1000,"sd","14:18:52",32145200
17300,1100,2600,"sd","14:18:52",32144200
17300,1100,1000,"sd","14:18:52",32141600
17300,1100,100,"sd","14:18:52",32140600
17300,1100,1000,"sd","14:18:52",32140500
17300,1100,200,"sd","14:18:52",32139500
17300,1100,400,"sd","14:18:52",32139300
17300,1100,1000,"sd","14:18:52",32138900
17300,1100,2000,"sd","14:18:52",32137900
17300,1100,7000,"sd","14:18:52",32135900
17300,1100,3000,"sd","14:18:52",32128900
17300,1100,1000,"sd","14:18:52",32125900
17300,1100,500,"sd","14:18:52",32124900
17300,1100,16600,"sd","14:18:52",32124400
17300,1100,5000,"sd","14:18:52",32107800
17300,1100,1000,"sd","14:18:52",32102800
17300,1100,4300,"sd","14:18:52",32101800
17300,1100,500,"sd","14:18:52",32097500
17300,1100,9000,"sd","14:18:52",32097000
17300,1100,1000,"sd","14:18:52",32088000
17300,1100,1500,"sd","14:18:52",32087000
17300,1100,100,"sd","14:18:52",32085500
17300,1100,5000,"sd","14:18:52",32085400
17300,1100,1600,"sd","14:18:52",32080400
17300,1100,1000,"sd","14:18:52",32078800
17300,1100,2000,"sd","14:18:52",32077800
17300,1100,1000,"sd","14:18:52",32075800
17300,1100,50000,"sd","14:18:52",32074800
17300,1100,1000,"sd","14:18:52",32024800
17300,1100,5000,"sd","14:18:52",32023800
17300,1100,500,"sd","14:18:52",32018800
17300,1100,200,"sd","14:18:52",32018300
17300,1100,8400,"sd","14:18:52",32018100
17300,1100,6000,"sd","14:18:52",32009700
17300,1100,5600,"sd","14:18:52",32003700
17300,1100,5000,"sd","14:18:52",31998100
17300,1100,100,"sd","14:18:52",31993100
17300,1100,4300,"sd","14:18:52",31993000
17300,1100,700,"sd","14:18:52",31988700
17300,1100,100,"sd","14:18:52",31988000
17300,1100,1000,"sd","14:18:52",31987900
17300,1100,3000,"sd","14:18:52",31986900
17300,1100,200,"sd","14:18:52",31983900
17300,1100,1000,"sd","14:18:51",31983700
17300,1100,100,"sd","14:18:50",31982700
17300,1100,2000,"sd","14:18:50",31982600
17300,1100,200,"sd","14:18:50",31980600
17300,1100,500,"sd","14:18:50",31980400
17300,1100,2700,"sd","14:18:50",31979900
17300,1100,100,"sd","14:18:50",31977200
17300,1100,900,"sd","14:18:50",31977100
17300,1100,1000,"sd","14:18:50",31976200
17300,1100,1600,"sd","14:18:50",31975200
17300,1100,500,"sd","14:18:50",31973600
17300,1100,500,"sd","14:18:50",31973100
17300,1100,100,"sd","14:18:50",31972600
17300,1100,1000,"sd","14:18:50",31972500
17300,1100,1200,"sd","14:18:50",31971500
17300,1100,200,"sd","14:18:50",31970300
17300,1100,1000,"sd","14:18:50",31970100
17300,1100,100,"sd","14:18:50",31969100
17300,1100,900,"sd","14:18:50",31969000
17300,1100,800,"sd","14:18:50",31968100
17300,1100,18200,"sd","14:18:50",31967300
17300,1100,1000,"sd","14:18:50",31949100
17300,1100,300,"sd","14:18:50",31948100
17300,1100,1000,"sd","14:18:50",31947800
17300,1100,100,"sd","14:18:50",31946800
17300,1100,1000,"sd","14:18:50",31946700
17300,1100,200,"sd","14:18:50",31945700
17300,1100,800,"sd","14:18:50",31945500
17300,1100,1000,"sd","14:18:50",31944700
17300,1100,600,"sd","14:18:50",31943700
17300,1100,500,"sd","14:18:50",31943100
17300,1100,500,"sd","14:18:50",31942600
17300,1100,6000,"sd","14:18:50",31942100
17300,1100,4000,"sd","14:18:49",31936100
17300,1100,2400,"sd","14:18:49",31932100
17300,1100,100,"sd","14:18:49",31929700
17300,1100,500,"sd","14:18:49",31929600
17300,1100,1000,"sd","14:18:49",31929100
17300,1100,8500,"sd","14:18:47",31928100
17300,1100,300,"sd","14:18:47",31919600
17300,1100,100,"sd","14:18:47",31919300
17300,1100,100,"sd","14:18:47",31919200
17300,1100,3000,"sd","14:18:47",31919100
17300,1100,100,"sd","14:18:47",31916100
17300,1100,100,"sd","14:18:46",31916000
17300,1100,1900,"sd","14:18:46",31915900
17300,1100,1000,"sd","14:18:46",31914000
17300,1100,2800,"sd","14:18:46",31913000
17300,1100,900,"sd","14:18:46",31910200
17300,1100,1000,"sd","14:18:46",31909300
17300,1100,400,"sd","14:18:46",31908300
17300,1100,1000,"sd","14:18:46",31907900
17300,1100,1500,"sd","14:18:46",31906900
17300,1100,1000,"sd","14:18:46",31905400
17300,1100,200,"sd","14:18:46",31904400
17300,1100,200,"sd","14:18:46",31904200
17300,1100,1000,"sd","14:18:46",31904000
17300,1100,2000,"sd","14:18:46",31903000
17300,1100,1000,"sd","14:18:46",31901000
17300,1100,5000,"sd","14:18:46",31900000
17300,1100,100,"sd","14:18:46",31895000
17300,1100,300,"sd","14:18:46",31894900
17300,1100,10000,"sd","14:18:46",31894600
17300,1100,800,"sd","14:18:46",31884600
17300,1100,2800,"sd","14:18:46",31883800
17300,1100,7200,"sd","14:18:46",31881000
17300,1100,2800,"sd","14:18:46",31873800
17300,1100,800,"sd","14:18:45",31871000
17300,1100,600,"sd","14:18:43",31870200
17300,1100,300,"sd","14:18:42",31869600
17300,1100,100,"sd","14:18:42",31869300
17300,1100,100,"sd","14:18:41",31869200
17300,1100,100,"sd","14:18:41",31869100
17300,1100,500,"sd","14:18:41",31869000
17300,1100,100,"sd","14:18:41",31868500
17300,1100,100,"sd","14:18:41",31868400
17300,1100,400,"sd","14:18:41",31868300
17300,1100,1000,"sd","14:18:41",31867900
17300,1100,100,"sd","14:18:41",31866900
17300,1100,2000,"sd","14:18:41",31866800
17300,1100,10000,"sd","14:18:41",31864800
17300,1100,6000,"sd","14:18:41",31854800
17300,1100,100,"sd","14:18:41",31848800
17300,1100,500,"sd","14:18:41",31848700
17300,1100,9900,"sd","14:18:41",31848200
17300,1100,2900,"sd","14:18:41",31838300
17300,1100,1000,"sd","14:18:41",31835400
17300,1100,2000,"sd","14:18:41",31834400
17300,1100,3000,"sd","14:18:41",31832400
17300,1100,3300,"sd","14:18:41",31829400
17300,1100,500,"sd","14:18:41",31826100
17300,1100,200,"sd","14:18:41",31825600
17300,1100,100,"sd","14:18:41",31825400
17300,1100,1000,"sd","14:18:41",31825300
17300,1100,3000,"sd","14:18:41",31824300
17300,1100,200,"sd","14:18:41",31821300
17300,1100,3000,"sd","14:18:41",31821100
17300,1100,2000,"sd","14:18:41",31818100
17300,1100,5000,"sd","14:18:41",31816100
17300,1100,2000,"sd","14:18:41",31811100
17300,1100,200,"sd","14:18:41",31809100
17300,1100,800,"sd","14:18:41",31808900
17300,1100,500,"sd","14:18:41",31808100
17300,1100,1000,"sd","14:18:41",31807600
17300,1100,300,"sd","14:18:41",31806600
17300,1100,100,"sd","14:18:41",31806300
17300,1100,5300,"sd","14:18:41",31806200
17300,1100,400,"sd","14:18:41",31800900
17300,1100,900,"sd","14:18:41",31800500
17300,1100,5000,"sd","14:18:41",31799600
17300,1100,1000,"sd","14:18:41",31794600
17300,1100,7600,"sd","14:18:41",31793600
17300,1100,100,"sd","14:18:41",31786000
17300,1100,1000,"sd","14:18:41",31785900
17300,1100,5100,"sd","14:18:41",31784900
17300,1100,200,"sd","14:18:41",31779800
17300,1100,100,"sd","14:18:41",31779600
17300,1100,5400,"sd","14:18:41",31779500
17300,1100,5000,"sd","14:18:41",31774100
17300,1100,1300,"sd","14:18:39",31769100
17300,1100,800,"sd","14:18:38",31767800
17300,1100,1000,"sd","14:18:38",31767000
17300,1100,200,"sd","14:18:38",31766000
17300,1100,100,"sd","14:18:38",31765800
17300,1100,900,"sd","14:18:37",31765700
17300,1100,900,"sd","14:18:36",31764800
17300,1100,2000,"sd","14:18:36",31763900
17300,1100,200,"sd","14:18:35",31761900
17300,1100,300,"sd","14:18:35",31761700
17300,1100,500,"sd","14:18:35",31761400
17300,1100,100,"sd","14:18:34",31760900
17300,1100,1100,"sd","14:18:32",31760800
17300,1100,5000,"sd","14:18:32",31759700
17300,1100,1600,"sd","14:18:32",31754700
17300,1100,400,"sd","14:18:32",31753100
17300,1100,1100,"sd","14:18:32",31752700
17300,1100,500,"sd","14:18:32",31751600
17300,1100,500,"sd","14:18:32",31751100
17300,1100,3100,"sd","14:18:32",31750600
17300,1100,400,"sd","14:18:32",31747500
17300,1100,100,"sd","14:18:32",31747100
17300,1100,900,"sd","14:18:32",31747000
17300,1100,2000,"sd","14:18:32",31746100
17300,1100,10000,"sd","14:18:32",31744100
17300,1100,100,"sd","14:18:32",31734100
17300,1100,2000,"sd","14:18:32",31734000
17300,1100,100,"sd","14:18:31",31732000
17300,1100,3000,"sd","14:18:31",31731900
17300,1100,500,"sd","14:18:31",31728900
17300,1100,9500,"sd","14:18:30",31728400
17300,1100,10000,"sd","14:18:30",31718900
17300,1100,700,"sd","14:18:30",31708900
17300,1100,100,"sd","14:18:30",31708200
17300,1100,500,"sd","14:18:30",31708100
17300,1100,700,"sd","14:18:30",31707600
17300,1100,2500,"sd","14:18:30",31706900
17300,1100,100,"sd","14:18:30",31704400
17300,1100,900,"sd","14:18:30",31704300
17300,1100,500,"sd","14:18:29",31703400
17300,1100,400,"sd","14:18:24",31702900
17300,1100,23200,"sd","14:18:23",31702500
17300,1100,3000,"sd","14:18:23",31679300
17300,1100,3800,"sd","14:18:23",31676300
17300,1100,6200,"sd","14:18:21",31672500
17300,1100,10000,"sd","14:18:21",31666300
17300,1100,200,"sd","14:18:21",31656300
17300,1100,700,"sd","14:18:21",31656100
17300,1100,200,"sd","14:18:21",31655400
17300,1100,300,"sd","14:18:21",31655200
17300,1100,1000,"sd","14:18:21",31654900
17300,1100,1000,"sd","14:18:21",31653900
17300,1100,200,"sd","14:18:21",31652900
17300,1100,1500,"sd","14:18:21",31652700
17300,1100,2000,"sd","14:18:21",31651200
17300,1100,700,"sd","14:18:21",31649200
17300,1100,300,"sd","14:18:20",31648500
17300,1100,700,"sd","14:18:20",31648200
17300,1100,600,"sd","14:18:20",31647500
17300,1100,1800,"sd","14:18:20",31646900
17300,1100,100,"sd","14:18:19",31645100
17300,1100,500,"sd","14:18:17",31645000
17300,1100,1300,"sd","14:18:17",31644500
17300,1100,200,"sd","14:18:17",31643200
17300,1100,100,"sd","14:18:15",31643000
17300,1100,5000,"sd","14:18:12",31642900
17300,1100,2000,"sd","14:18:11",31637900
17300,1100,300,"sd","14:18:09",31635900
17300,1100,5000,"sd","14:18:07",31635600
17300,1100,400,"sd","14:18:06",31630600
17300,1100,600,"sd","14:18:06",31630200
17300,1100,900,"sd","14:18:05",31629600
17300,1100,100,"sd","14:18:05",31628700
17300,1100,1100,"sd","14:18:05",31628600
17300,1100,3900,"sd","14:18:03",31627500
17300,1100,1100,"sd","14:18:03",31623600
17300,1100,1500,"sd","14:18:03",31622500
17300,1100,1500,"sd","14:17:58",31621000
17300,1100,500,"sd","14:17:56",31619500
17300,1100,2000,"sd","14:17:55",31619000
17300,1100,3000,"sd","14:17:55",31617000
17300,1100,10000,"sd","14:17:55",31614000
17300,1100,700,"sd","14:17:54",31604000
17300,1100,1000,"sd","14:17:44",31603300
17300,1100,5000,"sd","14:17:43",31602300
17300,1100,100,"sd","14:17:29",31597300
17300,1100,2000,"sd","14:17:29",31597200
17300,1100,500,"sd","14:17:25",31595200
17300,1100,1000,"sd","14:17:22",31594700
17300,1100,900,"sd","14:17:19",31593700
17300,1100,500,"sd","14:17:12",31592800
17300,1100,500,"sd","14:17:11",31592300
17300,1100,2000,"sd","14:17:09",31591800
17300,1100,1000,"sd","14:17:03",31589800
17300,1100,800,"sd","14:17:01",31588800
17300,1100,100,"sd","14:16:56",31588000
17300,1100,64300,"sd","14:16:48",31587900
17300,1100,10000,"sd","14:16:48",31523600
17300,1100,1000,"sd","14:16:48",31513600
17300,1100,600,"sd","14:16:48",31512600
17300,1100,200,"sd","14:16:48",31512000
17300,1100,500,"sd","14:16:48",31511800
17300,1100,100,"sd","14:16:48",31511300
17300,1100,100,"sd","14:16:48",31511200
17300,1100,700,"sd","14:16:48",31511100
17300,1100,4000,"sd","14:16:48",31510400
17300,1100,500,"sd","14:16:48",31506400
17300,1100,10000,"sd","14:16:48",31505900
17300,1100,1000,"sd","14:16:48",31495900
17300,1100,1000,"sd","14:16:48",31494900
17300,1100,2000,"sd","14:16:48",31493900
17300,1100,500,"sd","14:16:48",31491900
17300,1100,4000,"sd","14:16:48",31491400
17300,1100,19500,"sd","14:16:48",31487400
17300,1100,4000,"sd","14:16:45",31467900
17300,1100,200,"sd","14:16:41",31463900
17300,1100,1000,"sd","14:16:12",31463700
17300,1100,1700,"sd","14:16:08",31462700
17300,1100,500,"sd","14:16:06",31461000
17300,1100,400,"sd","14:15:59",31460500
17300,1100,1000,"sd","14:15:56",31460100
17300,1100,700,"sd","14:15:56",31459100
17300,1100,500,"sd","14:15:48",31458400
17300,1100,100,"sd","14:15:44",31457900
17300,1100,20400,"sd","14:15:39",31457800
17300,1100,100,"sd","14:15:39",31437400
17300,1100,600,"sd","14:15:32",31437300
17300,1100,100,"sd","14:15:25",31436700
17300,1100,100,"sd","14:15:10",31436600
17300,1100,100,"sd","14:15:08",31436500
17300,1100,100,"sd","14:15:07",31436400
17300,1100,3900,"sd","14:15:06",31436300
17300,1100,1000,"sd","14:15:06",31432400
17300,1100,100,"sd","14:15:06",31431400
17300,1100,500,"sd","14:14:53",31431300
17300,1100,100,"sd","14:14:52",31430800
17300,1100,500,"sd","14:14:51",31430700
17300,1100,200,"sd","14:14:50",31430200
17300,1100,100,"sd","14:14:49",31430000
17300,1100,500,"sd","14:14:49",31429900
17300,1100,500,"sd","14:14:49",31429400
17300,1100,100,"sd","14:14:46",31428900
17300,1100,100,"sd","14:14:42",31428800
17300,1100,900,"sd","14:14:42",31428700
17300,1100,100,"sd","14:14:42",31427800
17300,1100,5800,"sd","14:14:41",31427700
17300,1100,3000,"sd","14:14:41",31421900
17300,1100,2000,"sd","14:14:41",31418900
17300,1100,1000,"sd","14:14:41",31416900
17300,1100,900,"sd","14:14:41",31415900
17300,1100,100,"sd","14:14:41",31415000
17300,1100,100,"sd","14:14:36",31414900
17300,1100,1000,"sd","14:14:33",31414800
17300,1100,100,"sd","14:14:27",31413800
17300,1100,400,"sd","14:14:27",31413700
17300,1100,2600,"sd","14:14:26",31413300
17300,1100,400,"sd","14:14:26",31410700
17300,1100,2000,"sd","14:14:24",31410300
17300,1100,200,"sd","14:14:23",31408300
17300,1100,100,"sd","14:14:20",31408100
17300,1100,500,"sd","14:14:12",31408000
17300,1100,5000,"sd","14:14:12",31407500
17300,1100,5000,"sd","14:14:12",31402500
17300,1100,1200,"sd","14:14:12",31397500
17300,1100,1700,"sd","14:14:12",31396300
17300,1100,500,"sd","14:14:12",31394600
17300,1100,2000,"sd","14:14:12",31394100
17300,1100,600,"sd","14:14:12",31392100
17300,1100,12300,"sd","14:14:12",31391500
17300,1100,20000,"sd","14:14:12",31379200
17300,1100,100,"sd","14:14:12",31359200
17300,1100,5000,"sd","14:14:12",31359100
17300,1100,100,"sd","14:14:12",31354100
17300,1100,200,"sd","14:14:01",31354000
17300,1100,1200,"sd","14:13:56",31353800
17300,1100,100,"sd","14:13:56",31352600
17300,1100,300,"sd","14:13:56",31352500
17300,1100,300,"sd","14:13:56",31352200
17300,1100,200,"sd","14:13:56",31351900
17300,1100,600,"sd","14:13:56",31351700
17300,1100,1000,"sd","14:13:56",31351100
17300,1100,12200,"sd","14:13:56",31350100
17300,1100,3000,"sd","14:13:56",31337900
17300,1100,1000,"sd","14:13:56",31334900
17300,1100,2000,"sd","14:13:56",31333900
17300,1100,200,"sd","14:13:56",31331900
17300,1100,200,"sd","14:13:56",31331700
17300,1100,1200,"sd","14:13:56",31331500
17300,1100,10000,"sd","14:13:56",31330300
17300,1100,900,"sd","14:13:56",31320300
17300,1100,1300,"sd","14:13:56",31319400
17300,1100,1000,"sd","14:13:56",31318100
17300,1100,200,"sd","14:13:56",31317100
17300,1100,1400,"sd","14:13:56",31316900
17300,1100,2000,"sd","14:13:56",31315500
17300,1100,4700,"sd","14:13:56",31313500
17300,1100,100,"sd","14:13:56",31308800
17300,1100,100,"sd","14:13:56",31308700
17300,1100,1000,"sd","14:13:56",31308600
17300,1100,3000,"sd","14:13:56",31307600
17300,1100,1100,"sd","14:13:56",31304600
17300,1100,500,"sd","14:13:56",31303500
17300,1100,100,"sd","14:13:56",31303000
17300,1100,1000,"sd","14:13:56",31302900
17300,1100,100,"sd","14:13:56",31301900
17300,1100,100,"sd","14:13:56",31301800
17300,1100,300,"sd","14:13:56",31301700
17300,1100,9000,"sd","14:13:56",31301400
17300,1100,300,"sd","14:13:56",31292400
17300,1100,300,"sd","14:13:56",31292100
17300,1100,2400,"sd","14:13:56",31291800
17300,1100,1000,"sd","14:13:56",31289400
17300,1100,3300,"sd","14:13:56",31288400
17300,1100,1000,"sd","14:13:56",31285100
17300,1100,2100,"sd","14:13:56",31284100
17300,1100,3000,"sd","14:13:56",31282000
17300,1100,100,"sd","14:13:56",31279000
17300,1100,1100,"sd","14:13:56",31278900
17300,1100,200,"sd","14:13:56",31277800
17300,1100,4200,"sd","14:13:56",31277600
17300,1100,100,"sd","14:13:56",31273400
17300,1100,3000,"sd","14:13:56",31273300
17300,1100,1000,"sd","14:13:56",31270300
17300,1100,10000,"sd","14:13:56",31269300
17300,1100,3000,"sd","14:13:56",31259300
17300,1100,1200,"sd","14:13:56",31256300
17300,1100,1300,"sd","14:13:56",31255100
17300,1100,8000,"sd","14:13:55",31253800
17300,1100,2000,"sd","14:13:53",31245800
17300,1100,200,"sd","14:13:53",31243800
17300,1100,100,"sd","14:13:43",31243600
17300,1100,100,"sd","14:13:42",31243500
17300,1100,1000,"sd","14:13:37",31243400
17300,1100,200,"sd","14:13:36",31242400
17300,1100,100,"sd","14:13:29",31242200
17300,1100,100,"sd","14:13:26",31242100
17300,1100,100,"sd","14:13:19",31242000
17300,1100,2000,"sd","14:13:18",31241900
17300,1100,100,"sd","14:13:14",31239900
17300,1100,500,"sd","14:13:13",31239800
17300,1100,4200,"sd","14:13:13",31239300
17300,1100,1200,"sd","14:13:12",31235100
17300,1100,100,"sd","14:13:11",31233900
17300,1100,500,"sd","14:13:10",31233800
17300,1100,100,"sd","14:13:02",31233300
17300,1100,1000,"sd","14:13:01",31233200
17300,1100,500,"sd","14:12:57",31232200
17300,1100,100,"sd","14:12:56",31231700
17300,1100,100,"sd","14:12:55",31231600
17300,1100,1000,"sd","14:12:54",31231500
17300,1100,1000,"sd","14:12:49",31230500
17300,1100,100,"sd","14:12:42",31229500
17300,1100,300,"sd","14:12:37",31229400
17300,1100,500,"sd","14:12:31",31229100
17300,1100,100,"sd","14:12:29",31228600
17300,1100,1000,"sd","14:12:24",31228500
17300,1100,200,"sd","14:12:19",31227500
17300,1100,1100,"sd","14:12:18",31227300
17300,1100,400,"sd","14:12:15",31226200
17300,1100,600,"sd","14:12:15",31225800
17300,1100,9400,"sd","14:12:13",31225200
17300,1100,100,"sd","14:12:13",31215800
17300,1100,3000,"sd","14:12:13",31215700
17300,1100,500,"sd","14:12:13",31212700
17300,1100,8000,"sd","14:12:13",31212200
17300,1100,1000,"sd","14:12:13",31204200
17300,1100,1000,"sd","14:12:13",31203200
17300,1100,3000,"sd","14:12:13",31202200
17300,1100,500,"sd","14:12:13",31199200
17300,1100,500,"sd","14:12:13",31198700
17300,1100,3000,"sd","14:12:13",31198200
17300,1100,1500,"sd","14:12:08",31195200
17300,1100,500,"sd","14:12:01",31193700
17300,1100,500,"sd","14:12:01",31193200
17300,1100,100,"sd","14:11:58",31192700
17300,1100,100,"sd","14:11:58",31192600
17300,1100,1000,"sd","14:11:51",31192500
17300,1100,100,"sd","14:11:48",31191500
17300,1100,200,"sd","14:11:46",31191400
17300,1100,500,"sd","14:11:38",31191200
17300,1100,800,"sd","14:11:38",31190700
17300,1100,200,"sd","14:11:31",31189900
17300,1100,200,"sd","14:11:29",31189700
17300,1100,100,"sd","14:11:28",31189500
17300,1100,2000,"sd","14:11:28",31189400
17300,1100,200,"sd","14:11:28",31187400
17300,1100,5000,"sd","14:11:26",31187200
17300,1100,1900,"sd","14:11:20",31182200
17300,1100,600,"sd","14:11:16",31180300
17300,1100,400,"sd","14:11:16",31179700
17300,1100,500,"sd","14:11:16",31179300
17300,1100,500,"sd","14:11:16",31178800
17300,1100,2000,"sd","14:11:16",31178300
17300,1100,600,"sd","14:11:16",31176300
17300,1100,200,"sd","14:11:16",31175700
17300,1100,200,"sd","14:11:16",31175500
17300,1100,100,"sd","14:11:15",31175300
17300,1100,200,"sd","14:11:07",31175200
17300,1100,100,"sd","14:11:07",31175000
17300,1100,100,"sd","14:11:07",31174900
17300,1100,500,"sd","14:11:06",31174800
17300,1100,300,"sd","14:11:04",31174300
17300,1100,100,"sd","14:11:03",31174000
17300,1100,100,"sd","14:11:03",31173900
17300,1100,300,"sd","14:11:03",31173800
17300,1100,500,"sd","14:11:03",31173500
17300,1100,1000,"sd","14:11:03",31173000
17300,1100,1000,"sd","14:11:00",31172000
17300,1100,1400,"sd","14:10:54",31171000
17300,1100,2100,"sd","14:10:54",31169600
17300,1100,1500,"sd","14:10:54",31167500
17300,1100,100,"sd","14:10:46",31166000
17300,1100,100,"sd","14:10:43",31165900
17300,1100,1000,"sd","14:10:41",31165800
17300,1100,500,"sd","14:10:40",31164800
17300,1100,1000,"sd","14:10:37",31164300
17300,1100,1200,"sd","14:10:32",31163300
17300,1100,200,"sd","14:10:30",31162100
17300,1100,100,"sd","14:10:28",31161900
17300,1100,100,"sd","14:10:26",31161800
17300,1100,100,"sd","14:10:25",31161700
17300,1100,2000,"sd","14:10:15",31161600
17300,1100,9000,"sd","14:10:15",31159600
17300,1100,100,"sd","14:10:06",31150600
17300,1100,100,"sd","14:10:05",31150500
17300,1100,2000,"sd","14:10:02",31150400
17300,1100,200,"sd","14:10:00",31148400
17300,1100,300,"sd","14:09:53",31148200
17300,1100,400,"sd","14:09:52",31147900
17300,1100,200,"sd","14:09:52",31147500
17300,1100,500,"sd","14:09:52",31147300
17300,1100,200,"sd","14:09:52",31146800
17300,1100,500,"sd","14:09:52",31146600
17300,1100,200,"sd","14:09:52",31146100
17300,1100,200,"sd","14:09:52",31145900
17300,1100,700,"sd","14:09:52",31145700
17300,1100,100,"sd","14:09:52",31145000
17300,1100,200,"sd","14:09:52",31144900
17300,1100,300,"sd","14:09:52",31144700
17300,1100,400,"sd","14:09:52",31144400
17300,1100,100,"sd","14:09:52",31144000
17300,1100,1000,"sd","14:09:51",31143900
17300,1100,4000,"sd","14:09:51",31142900
17300,1100,1000,"sd","14:09:51",31138900
17300,1100,3000,"sd","14:09:51",31137900
17300,1100,1000,"sd","14:09:51",31134900
17300,1100,500,"sd","14:09:51",31133900
17300,1100,1000,"sd","14:09:51",31133400
17300,1100,5000,"sd","14:09:51",31132400
17300,1100,4500,"sd","14:09:51",31127400
17300,1100,100,"sd","14:09:47",31122900
17300,1100,200,"sd","14:09:47",31122800
17300,1100,200,"sd","14:09:40",31122600
17300,1100,100,"sd","14:09:40",31122400
17300,1100,400,"sd","14:09:39",31122300
17300,1100,3500,"sd","14:09:37",31121900
17300,1100,1500,"sd","14:09:37",31118400
17300,1100,2000,"sd","14:09:28",31116900
17300,1100,100,"sd","14:09:25",31114900
17300,1100,400,"sd","14:09:25",31114800
17300,1100,1000,"sd","14:09:17",31114400
17300,1100,500,"sd","14:09:16",31113400
17300,1100,200,"sd","14:09:15",31112900
17300,1100,800,"sd","14:09:14",31112700
17300,1100,600,"sd","14:09:13",31111900
17300,1100,2300,"sd","14:09:11",31111300
17300,1100,300,"sd","14:09:11",31109000
17300,1100,2400,"sd","14:09:11",31108700
17300,1100,5000,"sd","14:09:11",31106300
17300,1100,200,"sd","14:09:07",31101300
17300,1100,100,"sd","14:09:03",31101100
17300,1100,1600,"sd","14:09:03",31101000
17300,1100,400,"sd","14:09:03",31099400
17300,1100,300,"sd","14:09:02",31099000
17300,1100,200,"sd","14:09:01",31098700
17300,1100,4500,"sd","14:08:59",31098500
17300,1100,300,"sd","14:08:59",31094000
17300,1100,200,"sd","14:08:59",31093700
17300,1100,100,"sd","14:08:56",31093500
17300,1100,1000,"sd","14:08:56",31093400
17300,1100,400,"sd","14:08:56",31092400
17300,1100,200,"sd","14:08:55",31092000
17300,1100,500,"sd","14:08:55",31091800
17300,1100,2000,"sd","14:08:53",31091300
17300,1100,2000,"sd","14:08:52",31089300
17300,1100,4900,"sd","14:08:51",31087300
17300,1100,100,"sd","14:08:51",31082400
17300,1100,200,"sd","14:08:49",31082300
17300,1100,900,"sd","14:08:49",31082100
17300,1100,100,"sd","14:08:49",31081200
17300,1100,100,"sd","14:08:47",31081100
17300,1100,1000,"sd","14:08:43",31081000
17300,1100,1000,"sd","14:08:40",31080000
17300,1100,1000,"sd","14:08:40",31079000
17300,1100,500,"sd","14:08:40",31078000
17300,1100,5000,"sd","14:08:36",31077500
17300,1100,500,"sd","14:08:35",31072500
17300,1100,300,"sd","14:08:33",31072000
17300,1100,100,"sd","14:08:33",31071700
17300,1100,100,"sd","14:08:31",31071600
17300,1100,200,"sd","14:08:30",31071500
17300,1100,100,"sd","14:08:29",31071300
17300,1100,100,"sd","14:08:29",31071200
17300,1100,600,"sd","14:08:27",31071100
17300,1100,700,"sd","14:08:27",31070500
17300,1100,2000,"sd","14:08:27",31069800
17300,1100,100,"sd","14:08:26",31067800
17300,1100,900,"sd","14:08:25",31067700
17300,1100,1100,"sd","14:08:25",31066800
17300,1100,900,"sd","14:08:24",31065700
17300,1100,1000,"sd","14:08:24",31064800
17300,1100,100,"sd","14:08:24",31063800
17300,1100,3000,"sd","14:08:24",31063700
17300,1100,7000,"sd","14:08:20",31060700
17300,1100,3000,"sd","14:08:20",31053700
17300,1100,500,"sd","14:08:19",31050700
17300,1100,5000,"sd","14:08:18",31050200
17300,1100,100,"sd","14:08:14",31045200
17300,1100,200,"sd","14:08:13",31045100
17300,1100,2000,"sd","14:08:11",31044900
17300,1100,200,"sd","14:08:10",31042900
17300,1100,5000,"sd","14:08:09",31042700
17300,1100,2000,"sd","14:08:06",31037700
17300,1100,10000,"sd","14:08:00",31035700
17300,1100,300,"sd","14:07:59",31025700
17300,1100,10000,"sd","14:07:59",31025400
17300,1100,5000,"sd","14:07:57",31015400
17300,1100,3000,"sd","14:07:57",31010400
17300,1100,1000,"sd","14:07:57",31007400
17300,1100,600,"sd","14:07:57",31006400
17300,1100,400,"sd","14:07:57",31005800
17300,1100,600,"sd","14:07:56",31005400
17300,1100,2400,"sd","14:07:56",31004800
17300,1100,1000,"sd","14:07:53",31002400
17300,1100,300,"sd","14:07:52",31001400
17300,1100,700,"sd","14:07:52",31001100
17300,1100,200,"sd","14:07:50",31000400
17300,1100,400,"sd","14:07:50",31000200
17300,1100,100,"sd","14:07:49",30999800
17300,1100,200,"sd","14:07:49",30999700
17300,1100,1000,"sd","14:07:49",30999500
17300,1100,3000,"sd","14:07:49",30998500
17300,1100,5800,"sd","14:07:49",30995500
17300,1100,1200,"sd","14:07:49",30989700
17300,1100,500,"sd","14:07:44",30988500
17300,1100,6000,"sd","14:07:44",30988000
17300,1100,300,"sd","14:07:44",30982000
17300,1100,500,"sd","14:07:42",30981700
17300,1100,600,"sd","14:07:40",30981200
17300,1100,500,"sd","14:07:37",30980600
17300,1100,4600,"sd","14:07:36",30980100
17300,1100,400,"sd","14:07:36",30975500
17300,1100,500,"sd","14:07:36",30975100
17300,1100,500,"sd","14:07:36",30974600
17300,1100,9500,"sd","14:07:35",30974100
17300,1100,500,"sd","14:07:35",30964600
17300,1100,100,"sd","14:07:35",30964100
17300,1100,200,"sd","14:07:33",30964000
17300,1100,800,"sd","14:07:33",30963800
17300,1100,900,"sd","14:07:32",30963000
17300,1100,1100,"sd","14:07:32",30962100
17300,1100,900,"sd","14:07:30",30961000
17300,1100,100,"sd","14:07:30",30960100
17300,1100,1000,"sd","14:07:30",30960000
17300,1100,3300,"sd","14:07:30",30959000
17300,1100,6000,"sd","14:07:29",30955700
17300,1100,700,"sd","14:07:28",30949700
17300,1100,4300,"sd","14:07:28",30949000
17300,1100,100,"sd","14:07:28",30944700
17300,1100,600,"sd","14:07:28",30944600
17300,1100,2400,"sd","14:07:28",30944000
17300,1100,600,"sd","14:07:26",30941600
17300,1100,1000,"sd","14:07:26",30941000
17300,1100,1000,"sd","14:07:26",30940000
17300,1100,1000,"sd","14:07:26",30939000
17300,1100,500,"sd","14:07:26",30938000
17300,1100,4700,"sd","14:07:26",30937500
17300,1100,1200,"sd","14:07:26",30932800
17300,1100,1800,"sd","14:07:25",30931600
17300,1100,10000,"sd","14:07:25",30929800
17300,1100,500,"sd","14:07:25",30919800
17300,1100,2300,"sd","14:07:25",30919300
17300,1100,5400,"sd","14:07:25",30917000
17300,1100,10000,"sd","14:07:25",30911600
17300,1100,500,"sd","14:07:25",30901600
17300,1100,100,"sd","14:07:24",30901100
17300,1100,500,"sd","14:07:23",30901000
17300,1100,2000,"sd","14:07:21",30900500
17300,1100,1000,"sd","14:07:19",30898500
17300,1100,200,"sd","14:07:18",30897500
17300,1100,300,"sd","14:07:17",30897300
17300,1100,600,"sd","14:07:17",30897000
17300,1100,700,"sd","14:07:17",30896400
17300,1100,1000,"sd","14:07:17",30895700
17300,1100,300,"sd","14:07:17",30894700
17300,1100,1100,"sd","14:07:17",30894400
17300,1100,1000,"sd","14:07:17",30893300
17300,1100,2000,"sd","14:07:17",30892300
17300,1100,1900,"sd","14:07:16",30890300
17300,1100,100,"sd","14:07:15",30888400
17300,1100,2000,"sd","14:07:14",30888300
17300,1100,500,"sd","14:07:14",30886300
17300,1100,1000,"sd","14:07:12",30885800
17300,1100,1400,"sd","14:07:11",30884800
17300,1100,200,"sd","14:07:11",30883400
17300,1100,400,"sd","14:07:11",30883200
17300,1100,600,"sd","14:07:11",30882800
17300,1100,4400,"sd","14:07:11",30882200
17300,1100,400,"sd","14:07:11",30877800
17300,1100,600,"sd","14:07:11",30877400
17300,1100,1400,"sd","14:07:10",30876800
17300,1100,1400,"sd","14:07:10",30875400
17300,1100,3000,"sd","14:07:10",30874000
17300,1100,100,"sd","14:07:10",30871000
17300,1100,1500,"sd","14:07:10",30870900
17300,1100,1000,"sd","14:07:10",30869400
17300,1100,2500,"sd","14:07:10",30868400
17300,1100,100,"sd","14:07:09",30865900
17300,1100,400,"sd","14:07:09",30865800
17300,1100,500,"sd","14:07:09",30865400
17300,1100,1500,"sd","14:07:08",30864900
17300,1100,1500,"sd","14:07:08",30863400
17300,1100,500,"sd","14:07:07",30861900
17300,1100,500,"sd","14:07:07",30861400
17300,1100,1000,"sd","14:07:07",30860900
17300,1100,200,"sd","14:07:07",30859900
17300,1100,1700,"sd","14:07:07",30859700
17300,1100,10000,"sd","14:07:07",30858000
17300,1100,100,"sd","14:07:07",30848000
17300,1100,700,"sd","14:07:06",30847900
17300,1100,600,"sd","14:07:04",30847200
17300,1100,5000,"sd","14:07:02",30846600
17300,1100,200,"sd","14:07:00",30841600
17300,1100,100,"sd","14:06:56",30841400
17300,1100,200,"sd","14:06:56",30841300
17300,1100,1500,"sd","14:06:55",30841100
17300,1100,1000,"sd","14:06:55",30839600
17300,1100,100,"sd","14:06:54",30838600
17300,1100,1000,"sd","14:06:53",30838500
17300,1100,500,"sd","14:06:53",30837500
17300,1100,2900,"sd","14:06:50",30837000
17300,1100,13100,"sd","14:06:50",30834100
17300,1100,1000,"sd","14:06:49",30821000
17300,1100,1000,"sd","14:06:46",30820000
17300,1100,100,"sd","14:06:44",30819000
17300,1100,5000,"sd","14:06:42",30818900
17300,1100,10300,"sd","14:06:42",30813900
17300,1100,2000,"sd","14:06:37",30803600
17300,1100,2000,"sd","14:06:37",30801600
17300,1100,100,"sd","14:06:37",30799600
17300,1100,400,"sd","14:06:35",30799500
17300,1100,100,"sd","14:06:32",30799100
17300,1100,100,"sd","14:06:30",30799000
17300,1100,15000,"sd","14:06:29",30798900
17300,1100,1800,"sd","14:06:29",30783900
17300,1100,400,"sd","14:06:28",30782100
17300,1100,3600,"sd","14:06:27",30781700
17300,1100,1000,"sd","14:06:27",30778100
17300,1100,3400,"sd","14:06:27",30777100
17300,1100,100,"sd","14:06:25",30773700
17300,1100,800,"sd","14:06:23",30773600
17300,1100,500,"sd","14:06:22",30772800
17300,1100,900,"sd","14:06:20",30772300
17300,1100,20000,"sd","14:06:20",30771400
17300,1100,100,"sd","14:06:19",30751400
17300,1100,4200,"sd","14:06:17",30751300
17300,1100,800,"sd","14:06:17",30747100
17300,1100,1000,"sd","14:06:17",30746300
17300,1100,4000,"sd","14:06:17",30745300
17300,1100,100,"sd","14:06:16",30741300
17300,1100,500,"sd","14:06:16",30741200
17300,1100,200,"sd","14:06:16",30740700
17300,1100,100,"sd","14:06:16",30740500
17300,1100,100,"sd","14:06:14",30740400
17300,1100,900,"sd","14:06:14",30740300
17300,1100,100,"sd","14:06:13",30739400
17300,1100,1000,"sd","14:06:13",30739300
17300,1100,700,"sd","14:06:13",30738300
17300,1100,800,"sd","14:06:13",30737600
17300,1100,200,"sd","14:06:12",30736800
17300,1100,1000,"sd","14:06:09",30736600
17300,1100,200,"sd","14:06:09",30735600
17300,1100,11000,"sd","14:06:06",30735400
17300,1100,400,"sd","14:06:06",30724400
17300,1100,500,"sd","14:06:04",30724000
17300,1100,500,"sd","14:06:03",30723500
17300,1100,800,"sd","14:06:03",30723000
17300,1100,400,"sd","14:06:01",30722200
17300,1100,2000,"sd","14:05:59",30721800
17300,1100,700,"sd","14:05:59",30719800
17300,1100,500,"sd","14:05:59",30719100
17300,1100,2000,"sd","14:05:58",30718600
17300,1100,13000,"sd","14:05:56",30716600
17300,1100,400,"sd","14:05:55",30703600
17300,1100,1000,"sd","14:05:55",30703200
17300,1100,500,"sd","14:05:54",30702200
17300,1100,200,"sd","14:05:53",30701700
17300,1100,500,"sd","14:05:51",30701500
17300,1100,100,"sd","14:05:50",30701000
17300,1100,5000,"sd","14:05:49",30700900
17300,1100,2000,"sd","14:05:47",30695900
17300,1100,10000,"sd","14:05:46",30693900
17300,1100,8000,"sd","14:05:46",30683900
17300,1100,300,"sd","14:05:46",30675900
17300,1100,200,"sd","14:05:44",30675600
