"price","change","match_qtty","side","time","total_vol"
20000,-100,56900,"unknown","14:45:01",2216800
19900,-200,100,"bu","14:30:00",2159900
19900,-200,2000,"bu","14:29:56",2159800
19800,-300,500,"sd","14:29:55",2157800
19900,-200,200,"bu","14:29:45",2157300
19900,-200,6000,"bu","14:29:34",2157100
19900,-200,200,"bu","14:29:33",2151100
19900,-200,2000,"bu","14:29:27",2150900
19800,-300,500,"sd","14:29:23",2148900
19900,-200,2300,"bu","14:29:19",2148400
19800,-300,500,"sd","14:29:15",2146100
19900,-200,1000,"bu","14:29:06",2145600
19900,-200,500,"bu","14:28:58",2144600
19900,-200,100,"bu","14:28:52",2144100
19800,-300,200,"sd","14:28:39",2144000
19900,-200,400,"bu","14:28:31",2143800
19900,-200,100,"bu","14:27:49",2143400
19900,-200,100,"bu","14:27:41",2143300
19800,-300,1000,"sd","14:27:37",2143200
19800,-300,100,"sd","14:27:28",2142200
19800,-300,300,"bu","14:27:26",2142100
19800,-300,1000,"bu","14:27:24",2141800
19800,-300,1000,"bu","14:27:22",2140800
19700,-400,5000,"sd","14:27:19",2139800
19800,-300,100,"bu","14:27:12",2134800
19700,-400,800,"sd","14:27:11",2134700
19800,-300,100,"bu","14:27:06",2133900
19700,-400,2000,"sd","14:27:03",2133800
19800,-300,1000,"bu","14:27:00",2131800
19800,-300,300,"bu","14:26:58",2130800
19800,-300,100,"bu","14:26:49",2130500
19800,-300,4000,"bu","14:26:45",2130400
19800,-300,1000,"bu","14:26:27",2126400
19800,-300,500,"bu","14:26:22",2125400
19800,-300,200,"bu","14:26:21",2124900
19800,-300,200,"bu","14:26:16",2124700
19700,-400,1500,"sd","14:26:11",2124500
19800,-300,500,"bu","14:26:08",2123000
19700,-400,500,"sd","14:25:55",2122500
19700,-400,200,"sd","14:25:51",2122000
19700,-400,4300,"bu","14:25:49",2121800
19700,-400,500,"bu","14:25:45",2117500
19700,-400,5000,"bu","14:25:42",2117000
19700,-400,2000,"bu","14:25:41",2112000
19700,-400,1000,"bu","14:25:39",2110000
19700,-400,100,"bu","14:25:38",2109000
19700,-400,100,"bu","14:25:37",2108900
19700,-400,100,"bu","14:25:33",2108800
19700,-400,2000,"bu","14:25:30",2108700
19700,-400,100,"bu","14:25:27",2106700
19700,-400,500,"bu","14:25:26",2106600
19700,-400,200,"bu","14:25:24",2106100
19700,-400,2700,"sd","14:25:22",2105900
19700,-400,100,"sd","14:25:08",2103200
19700,-400,300,"bu","14:25:07",2103100
19700,-400,5100,"bu","14:25:06",2102800
19700,-400,2000,"bu","14:25:04",2097700
19700,-400,1000,"bu","14:25:03",2095700
19700,-400,100,"bu","14:24:59",2094700
19700,-400,2000,"bu","14:24:57",2094600
19700,-400,500,"bu","14:24:56",2092600
19700,-400,2000,"bu","14:24:54",2092100
19700,-400,1000,"bu","14:24:51",2090100
19700,-400,200,"bu","14:24:42",2089100
19700,-400,900,"sd","14:24:41",2088900
19700,-400,1100,"sd","14:24:40",2088000
19700,-400,100,"bu","14:24:38",2086900
19600,-500,11000,"sd","14:24:35",2086800
19700,-400,1000,"sd","14:24:32",2075800
19700,-400,100,"sd","14:24:30",2074800
19700,-400,8800,"bu","14:24:29",2074700
19600,-500,6000,"sd","14:24:27",2065900
19700,-400,1000,"bu","14:24:24",2059900
19600,-500,12100,"sd","14:24:22",2058900
19600,-500,2000,"sd","14:24:15",2046800
19700,-400,100,"bu","14:24:13",2044800
19700,-400,100,"bu","14:24:05",2044700
19600,-500,1400,"sd","14:24:03",2044600
19700,-400,100,"bu","14:23:59",2043200
19700,-400,500,"bu","14:23:55",2043100
19700,-400,1000,"bu","14:23:54",2042600
19700,-400,100,"bu","14:23:53",2041600
19700,-400,100,"bu","14:23:35",2041500
19700,-400,100,"bu","14:23:30",2041400
19600,-500,7500,"sd","14:23:25",2041300
19700,-400,300,"bu","14:23:17",2033800
19700,-400,3000,"bu","14:23:13",2033500
19600,-500,100,"sd","14:23:09",2030500
19700,-400,3000,"sd","14:23:03",2030400
19600,-500,9000,"sd","14:23:01",2027400
19700,-400,500,"bu","14:22:48",2018400
19700,-400,5000,"bu","14:22:46",2017900
19700,-400,500,"bu","14:22:45",2012900
19700,-400,100,"bu","14:22:43",2012400
19600,-500,10000,"sd","14:22:38",2012300
19600,-500,5500,"sd","14:22:36",2002300
19600,-500,23000,"sd","14:22:33",1996800
19700,-400,200,"bu","14:22:32",1973800
19700,-400,10000,"bu","14:22:28",1973600
19600,-500,5000,"sd","14:22:19",1963600
19700,-400,500,"bu","14:22:17",1958600
19700,-400,1000,"bu","14:22:11",1958100
19700,-400,300,"bu","14:22:06",1957100
19700,-400,2000,"bu","14:22:05",1956800
19700,-400,1600,"bu","14:21:53",1954800
19700,-400,300,"bu","14:21:50",1953200
19700,-400,1000,"bu","14:21:49",1952900
19700,-400,1000,"bu","14:21:46",1951900
19700,-400,8000,"bu","14:21:42",1950900
19700,-400,9500,"bu","14:21:40",1942900
19800,-300,100,"bu","14:21:33",1933400
19800,-300,300,"bu","14:21:28",1933300
19800,-300,500,"sd","14:21:18",1933000
19800,-300,100,"sd","14:21:08",1932500
19800,-300,500,"sd","14:20:49",1932400
19800,-300,200,"bu","14:20:41",1931900
19800,-300,100,"bu","14:20:31",1931700
19800,-300,100,"sd","14:20:29",1931600
19800,-300,200,"sd","14:20:02",1931500
19700,-400,200000,"sd","14:19:52",1931300
19900,-200,7000,"sd","14:19:48",1731300
19900,-200,2200,"sd","14:19:43",1724300
19900,-200,300,"sd","14:19:42",1722100
19900,-200,20000,"sd","14:19:40",1721800
19900,-200,4000,"sd","14:19:38",1701800
19900,-200,40000,"sd","14:19:30",1697800
19900,-200,30000,"sd","14:19:21",1657800
20000,-100,1000,"bu","14:19:13",1627800
19900,-200,8000,"sd","14:19:07",1626800
20000,-100,20900,"bu","14:18:52",1618800
20000,-100,100,"sd","14:18:50",1597900
20000,-100,2000,"sd","14:18:46",1597800
20000,-100,2000,"sd","14:18:40",1595800
20000,-100,300,"sd","14:18:39",1593800
20000,-100,50000,"sd","14:18:37",1593500
20000,-100,2000,"sd","14:18:32",1543500
20000,-100,1400,"sd","14:18:28",1541500
20000,-100,1000,"sd","14:18:25",1540100
20000,-100,500,"sd","14:18:06",1539100
20000,-100,100,"sd","14:18:04",1538600
20000,-100,20000,"sd","14:17:56",1538500
20000,-100,5000,"sd","14:17:54",1518500
20000,-100,2000,"sd","14:17:52",1513500
20100,0,1200,"bu","14:16:37",1511500
20100,0,100,"bu","14:16:36",1510300
20100,0,1000,"bu","14:16:04",1510200
20100,0,100,"bu","14:15:59",1509200
20000,-100,600,"sd","14:15:24",1509100
20000,-100,300,"sd","14:15:05",1508500
20000,-100,2000,"sd","14:13:36",1508200
20000,-100,400,"sd","14:13:04",1506200
20100,0,100,"bu","14:12:59",1505800
20000,-100,200,"sd","14:12:39",1505700
20100,0,100,"bu","14:12:25",1505500
20100,0,500,"bu","14:12:10",1505400
20000,-100,10000,"sd","14:11:45",1504900
20000,-100,1000,"sd","14:11:39",1494900
20000,-100,700,"sd","14:11:23",1493900
20000,-100,5100,"sd","14:10:46",1493200
20000,-100,3000,"sd","14:10:40",1488100
20000,-100,2800,"sd","14:10:18",1485100
20000,-100,900,"sd","14:10:10",1482300
20000,-100,200,"sd","14:09:16",1481400
20100,0,500,"bu","14:09:08",1481200
20100,0,100,"bu","14:08:59",1480700
20000,-100,4000,"sd","14:08:23",1480600
20000,-100,5200,"sd","14:08:22",1476600
20000,-100,1000,"sd","14:07:59",1471400
20000,-100,100,"sd","14:07:51",1470400
20000,-100,100,"sd","14:06:59",1470300
20000,-100,3000,"sd","14:06:41",1470200
20000,-100,2000,"sd","14:06:32",1467200
20000,-100,300,"sd","14:06:31",1465200
20000,-100,100,"sd","14:06:15",1464900
20000,-100,1500,"sd","14:06:03",1464800
20100,0,500,"bu","14:05:49",1463300
20000,-100,1500,"sd","14:05:48",1462800
20000,-100,200,"sd","14:05:09",1461300
20100,0,200,"bu","14:04:48",1461100
20100,0,100,"bu","14:04:36",1460900
20100,0,2000,"bu","14:03:52",1460800
20100,0,1200,"bu","14:03:35",1458800
20100,0,300,"bu","14:02:43",1457600
20100,0,500,"bu","14:02:23",1457300
20100,0,1000,"bu","14:02:16",1456800
20100,0,1800,"sd","14:02:07",1455800
20100,0,2200,"sd","14:01:35",1454000
20100,0,3000,"bu","14:01:25",1451800
20100,0,200,"bu","14:01:12",1448800
20100,0,500,"bu","14:00:54",1448600
20100,0,3100,"sd","14:00:53",1448100
20100,0,2000,"sd","14:00:48",1445000
20100,0,2500,"sd","14:00:47",1443000
20100,0,1000,"sd","14:00:05",1440500
20100,0,100,"sd","13:59:26",1439500
20100,0,200,"sd","13:59:25",1439400
20100,0,5200,"sd","13:59:16",1439200
20100,0,500,"sd","13:58:41",1434000
20100,0,1600,"sd","13:58:38",1433500
20100,0,1100,"bu","13:58:30",1431900
20100,0,1300,"bu","13:58:19",1430800
20100,0,2000,"bu","13:58:17",1429500
20100,0,100,"bu","13:57:58",1427500
20100,0,1000,"bu","13:57:57",1427400
20100,0,1000,"bu","13:57:49",1426400
20100,0,10000,"bu","13:57:28",1425400
20100,0,100,"bu","13:57:14",1415400
20100,0,200,"bu","13:57:10",1415300
20100,0,4000,"bu","13:57:07",1415100
20100,0,1000,"bu","13:56:45",1411100
20000,-100,1000,"sd","13:56:44",1410100
20000,-100,5000,"sd","13:56:17",1409100
20000,-100,500,"sd","13:55:52",1404100
20100,0,100,"bu","13:55:29",1403600
20000,-100,2000,"sd","13:55:09",1403500
20100,0,100,"bu","13:54:53",1401500
20100,0,100,"bu","13:54:30",1401400
20100,0,2000,"bu","13:54:25",1401300
20100,0,100,"bu","13:54:18",1399300
20100,0,2900,"bu","13:54:12",1399200
20100,0,700,"sd","13:53:35",1396300
20100,0,100,"sd","13:53:31",1395600
20100,0,100,"sd","13:53:25",1395500
20100,0,10000,"sd","13:53:20",1395400
20100,0,1900,"sd","13:53:16",1385400
20100,0,300,"sd","13:52:51",1383500
20100,0,100,"sd","13:52:43",1383200
20100,0,1000,"sd","13:52:30",1383100
20200,100,100,"bu","13:50:38",1382100
20200,100,100,"bu","13:49:31",1382000
20200,100,100,"bu","13:49:21",1381900
20200,100,200,"bu","13:48:52",1381800
20200,100,100,"bu","13:48:31",1381600
20200,100,100,"bu","13:48:10",1381500
20100,0,300,"sd","13:47:40",1381400
20100,0,5000,"sd","13:47:36",1381100
20100,0,500,"sd","13:47:21",1376100
20100,0,400,"sd","13:47:19",1375600
20100,0,6300,"bu","13:47:16",1375200
20100,0,500,"sd","13:47:09",1368900
20100,0,5000,"sd","13:46:59",1368400
20100,0,3900,"sd","13:46:53",1363400
20100,0,200,"sd","13:46:48",1359500
20100,0,3000,"sd","13:46:41",1359300
20100,0,100,"sd","13:46:14",1356300
20100,0,1000,"sd","13:46:06",1356200
20100,0,500,"sd","13:46:03",1355200
20100,0,1400,"sd","13:46:01",1354700
20100,0,100,"sd","13:45:59",1353300
20100,0,1000,"sd","13:45:55",1353200
20100,0,400,"sd","13:45:45",1352200
20100,0,1600,"sd","13:44:22",1351800
20200,100,900,"bu","13:43:01",1350200
20200,100,1000,"bu","13:42:27",1349300
20100,0,1000,"sd","13:42:01",1348300
20100,0,1000,"bu","13:41:58",1347300
20100,0,900,"bu","13:41:56",1346300
20100,0,1000,"bu","13:41:52",1345400
20100,0,1100,"bu","13:41:38",1344400
20100,0,200,"sd","13:41:05",1343300
20100,0,300,"bu","13:41:03",1343100
20100,0,200,"sd","13:41:01",1342800
20100,0,1900,"bu","13:40:54",1342600
20100,0,100,"bu","13:40:39",1340700
20100,0,10000,"bu","13:40:30",1340600
20100,0,2000,"bu","13:40:08",1330600
20100,0,200,"bu","13:39:38",1328600
20000,-100,1000,"sd","13:39:28",1328400
20000,-100,1000,"sd","13:39:07",1327400
20000,-100,500,"sd","13:38:47",1326400
20100,0,100,"bu","13:37:25",1325900
20100,0,500,"bu","13:36:45",1325800
20100,0,1000,"bu","13:36:35",1325300
20100,0,600,"sd","13:36:34",1324300
20100,0,2000,"sd","13:36:07",1323700
20100,0,1700,"sd","13:35:43",1321700
20100,0,500,"sd","13:35:38",1320000
20100,0,1000,"sd","13:35:36",1319500
20100,0,1900,"sd","13:35:20",1318500
20100,0,2000,"bu","13:35:01",1316600
20100,0,100,"bu","13:34:38",1314600
20000,-100,100,"sd","13:34:26",1314500
20000,-100,700,"sd","13:34:24",1314400
20100,0,500,"bu","13:34:21",1313700
20100,0,500,"bu","13:33:49",1313200
20100,0,1000,"bu","13:33:42",1312700
20100,0,1000,"bu","13:33:33",1311700
20100,0,1000,"sd","13:33:16",1310700
20100,0,5000,"sd","13:33:11",1309700
20100,0,1000,"sd","13:32:25",1304700
20100,0,100,"sd","13:31:58",1303700
20100,0,600,"sd","13:31:57",1303600
20100,0,1000,"sd","13:31:46",1303000
20100,0,1000,"sd","13:31:29",1302000
20100,0,300,"sd","13:30:49",1301000
20100,0,2000,"sd","13:29:50",1300700
20200,100,400,"bu","13:28:44",1298700
20100,0,300,"sd","13:27:34",1298300
20100,0,700,"bu","13:27:28",1298000
20100,0,4300,"sd","13:27:25",1297300
20100,0,100,"bu","13:27:24",1293000
20100,0,600,"bu","13:27:07",1292900
20100,0,100,"bu","13:26:52",1292300
20100,0,200,"bu","13:26:50",1292200
20100,0,100,"bu","13:26:48",1292000
20100,0,5000,"bu","13:26:41",1291900
20100,0,200,"bu","13:26:22",1286900
20100,0,300,"bu","13:26:08",1286700
20100,0,400,"bu","13:25:47",1286400
20100,0,1200,"sd","13:25:42",1286000
20100,0,3400,"sd","13:25:30",1284800
20100,0,1100,"sd","13:25:14",1281400
20100,0,300,"bu","13:25:12",1280300
20100,0,700,"sd","13:25:08",1280000
20100,0,19400,"bu","13:24:46",1279300
20000,-100,10000,"sd","13:24:25",1259900
20100,0,200,"bu","13:24:21",1249900
20000,-100,800,"sd","13:24:04",1249700
20000,-100,400,"sd","13:23:56",1248900
20000,-100,500,"sd","13:23:40",1248500
20000,-100,4000,"sd","13:22:59",1248000
20000,-100,400,"sd","13:22:23",1244000
20000,-100,1000,"sd","13:22:19",1243600
20000,-100,5000,"sd","13:21:59",1242600
20000,-100,3000,"sd","13:21:30",1237600
20000,-100,3000,"sd","13:20:14",1234600
20000,-100,100,"sd","13:20:11",1231600
20000,-100,1300,"sd","13:19:43",1231500
20100,0,500,"bu","13:19:27",1230200
20100,0,2800,"sd","13:19:23",1229700
20100,0,200,"sd","13:19:19",1226900
20100,0,300,"sd","13:19:18",1226700
20100,0,300,"sd","13:19:16",1226400
20100,0,500,"sd","13:19:07",1226100
20100,0,300,"sd","13:19:06",1225600
20100,0,100,"sd","13:19:01",1225300
20100,0,900,"sd","13:18:46",1225200
20200,100,100,"bu","13:18:38",1224300
20100,0,1000,"sd","13:18:20",1224200
20100,0,2000,"sd","13:17:57",1223200
20100,0,200,"sd","13:17:55",1221200
20100,0,200,"sd","13:17:37",1221000
20100,0,10000,"sd","13:17:31",1220800
20100,0,9500,"sd","13:17:17",1210800
20100,0,500,"sd","13:17:02",1201300
20100,0,500,"sd","13:16:36",1200800
20100,0,1900,"sd","13:16:32",1200300
20100,0,1100,"sd","13:16:12",1198400
20200,100,1000,"bu","13:15:29",1197300
20200,100,100,"bu","13:13:37",1196300
20200,100,300,"bu","13:12:51",1196200
20200,100,1000,"bu","13:11:53",1195900
20100,0,500,"bu","13:11:42",1194900
20100,0,200,"bu","13:11:39",1194400
20100,0,3000,"sd","13:11:38",1194200
20100,0,4300,"sd","13:11:22",1191200
20100,0,1000,"sd","13:10:49",1186900
20100,0,600,"sd","13:10:41",1185900
20100,0,1000,"sd","13:10:12",1185300
20100,0,300,"sd","13:09:45",1184300
20100,0,200,"bu","13:09:44",1184000
20100,0,800,"sd","13:09:36",1183800
20100,0,2000,"bu","13:09:24",1183000
20100,0,4000,"sd","13:09:07",1181000
20100,0,4000,"sd","13:08:45",1177000
20100,0,100,"sd","13:08:35",1173000
20100,0,400,"sd","13:07:59",1172900
20100,0,6200,"bu","13:07:38",1172500
20000,-100,2000,"sd","13:07:27",1166300
20100,0,200,"bu","13:06:20",1164300
20100,0,100,"bu","13:05:54",1164100
20100,0,1000,"bu","13:05:32",1164000
20100,0,400,"bu","13:05:18",1163000
20100,0,100,"bu","13:05:17",1162600
20100,0,3800,"bu","13:05:11",1162500
20100,0,1100,"sd","13:05:03",1158700
20100,0,4000,"sd","13:04:47",1157600
20100,0,1000,"sd","13:04:41",1153600
20100,0,100,"sd","13:04:24",1152600
20100,0,200,"sd","13:04:13",1152500
20100,0,5000,"sd","13:04:04",1152300
20100,0,500,"sd","13:03:57",1147300
20100,0,6000,"bu","13:03:40",1146800
20100,0,300,"bu","13:03:27",1140800
20100,0,300,"bu","13:03:21",1140500
20000,-100,2000,"sd","13:03:00",1140200
20100,0,500,"bu","13:02:37",1138200
20100,0,200,"bu","13:02:27",1137700
20100,0,500,"bu","13:02:03",1137500
20100,0,6500,"sd","13:02:01",1137000
20100,0,100,"sd","13:01:50",1130500
20100,0,5500,"sd","13:01:42",1130400
20100,0,3900,"bu","13:01:39",1124900
20100,0,200,"bu","13:01:38",1121000
20100,0,200,"bu","13:00:40",1120800
20100,0,1800,"bu","13:00:27",1120600
20100,0,2200,"bu","13:00:11",1118800
20100,0,1600,"bu","13:00:10",1116600
20100,0,500,"bu","13:00:08",1115000
20100,0,1900,"bu","13:00:07",1114500
20100,0,600,"bu","13:00:05",1112600
20200,100,6900,"bu","13:00:04",1112000
20100,0,1000,"bu","11:29:43",1105100
20100,0,500,"bu","11:29:29",1104100
20100,0,700,"bu","11:29:26",1103600
20100,0,5000,"bu","11:29:11",1102900
20100,0,1000,"bu","11:28:43",1097900
20100,0,2000,"bu","11:27:07",1096900
20100,0,5000,"bu","11:26:35",1094900
20100,0,500,"bu","11:26:33",1089900
20000,-100,500,"sd","11:26:28",1089400
20100,0,200,"bu","11:26:17",1088900
20000,-100,100,"sd","11:25:43",1088700
20100,0,20000,"bu","11:25:40",1088600
20000,-100,300,"sd","11:24:24",1068600
20100,0,11400,"bu","11:24:18",1068300
20100,0,100,"bu","11:23:49",1056900
20100,0,3200,"bu","11:23:47",1056800
20100,0,200,"bu","11:21:43",1053600
20100,0,300,"bu","11:21:31",1053400
20100,0,2000,"bu","11:21:19",1053100
20100,0,4000,"bu","11:21:08",1051100
20100,0,200,"bu","11:21:01",1047100
20100,0,500,"bu","11:20:53",1046900
20100,0,800,"bu","11:20:28",1046400
20100,0,1200,"bu","11:20:17",1045600
20100,0,5000,"bu","11:19:49",1044400
20100,0,400,"bu","11:18:59",1039400
20100,0,400,"bu","11:18:39",1039000
20100,0,600,"bu","11:18:38",1038600
20100,0,100,"bu","11:18:15",1038000
20100,0,2800,"bu","11:18:05",1037900
20100,0,2800,"sd","11:18:04",1035100
20100,0,200,"bu","11:17:14",1032300
20100,0,1000,"bu","11:17:10",1032100
20100,0,2400,"sd","11:17:02",1031100
20100,0,1500,"sd","11:16:52",1028700
20100,0,3100,"sd","11:16:38",1027200
20100,0,500,"bu","11:16:20",1024100
20100,0,500,"bu","11:16:00",1023600
20100,0,500,"bu","11:15:51",1023100
20000,-100,400,"sd","11:14:36",1022600
20000,-100,1100,"sd","11:14:23",1022200
20000,-100,200,"sd","11:13:59",1021100
20000,-100,600,"sd","11:12:36",1020900
20000,-100,5000,"sd","11:12:05",1020300
20100,0,4500,"sd","11:11:32",1015300
20100,0,200,"sd","11:10:36",1010800
20000,-100,10000,"sd","11:10:33",1010600
20100,0,1600,"sd","11:09:47",1000600
20100,0,400,"bu","11:09:41",999000
20100,0,500,"sd","11:09:30",998600
20100,0,1700,"sd","11:09:25",998100
20100,0,200,"bu","11:08:21",996400
20100,0,100,"bu","11:07:48",996200
20100,0,500,"bu","11:07:34",996100
20100,0,1300,"bu","11:07:04",995600
20100,0,100,"sd","11:06:22",994300
20100,0,200,"sd","11:06:01",994200
20100,0,100,"bu","11:05:52",994000
20100,0,1000,"bu","11:05:49",993900
20100,0,100,"bu","11:05:42",992900
20100,0,3100,"bu","11:05:41",992800
20100,0,100,"bu","11:05:40",989700
20100,0,5000,"bu","11:05:31",989600
20100,0,1000,"bu","11:05:29",984600
20100,0,200,"bu","11:05:20",983600
20100,0,100,"bu","11:05:08",983400
20100,0,100,"bu","11:04:39",983300
20100,0,300,"bu","11:04:35",983200
20100,0,100,"bu","11:04:28",982900
20100,0,3000,"bu","11:04:11",982800
20100,0,100,"bu","11:04:08",979800
20100,0,100,"bu","11:03:44",979700
20100,0,600,"sd","11:00:35",979600
20100,0,14400,"bu","11:00:14",979000
20100,0,100,"bu","10:58:54",964600
20100,0,500,"bu","10:58:18",964500
20100,0,100,"bu","10:57:39",964000
20000,-100,3200,"sd","10:56:51",963900
20100,0,100,"bu","10:56:49",960700
20100,0,100,"bu","10:56:36",960600
20000,-100,17500,"sd","10:54:22",960500
20100,0,5000,"bu","10:54:18",943000
20100,0,100,"bu","10:54:17",938000
20000,-100,500,"sd","10:53:37",937900
20000,-100,100,"sd","10:53:16",937400
20100,0,600,"bu","10:52:54",937300
20000,-100,200,"sd","10:52:37",936700
20000,-100,1400,"bu","10:51:31",936500
20000,-100,1300,"bu","10:51:20",935100
20000,-100,1000,"bu","10:51:19",933800
20000,-100,2000,"bu","10:51:07",932800
20000,-100,5000,"bu","10:51:03",930800
20000,-100,200,"bu","10:50:50",925800
20000,-100,2000,"bu","10:50:45",925600
20000,-100,300,"bu","10:50:41",923600
20000,-100,400,"bu","10:50:10",923300
20000,-100,100,"bu","10:49:57",922900
20000,-100,100,"bu","10:49:29",922800
20000,-100,300,"bu","10:49:16",922700
20000,-100,100,"bu","10:49:15",922400
20000,-100,1000,"bu","10:49:12",922300
20000,-100,200,"bu","10:48:57",921300
19900,-200,5000,"sd","10:48:35",921100
20000,-100,400,"bu","10:48:33",916100
20000,-100,1300,"bu","10:48:29",915700
20000,-100,1000,"bu","10:48:27",914400
20000,-100,2000,"bu","10:47:32",913400
20000,-100,2000,"bu","10:46:59",911400
20000,-100,300,"bu","10:46:45",909400
20000,-100,1000,"bu","10:46:43",909100
20000,-100,6000,"bu","10:46:39",908100
20000,-100,300,"bu","10:46:15",902100
20000,-100,100,"bu","10:45:55",901800
19900,-200,100,"sd","10:45:26",901700
20000,-100,1000,"bu","10:45:00",901600
20000,-100,100,"bu","10:42:45",900600
20000,-100,5000,"bu","10:42:03",900500
20000,-100,1000,"bu","10:41:42",895500
20000,-100,100,"bu","10:41:23",894500
20000,-100,200,"bu","10:40:52",894400
20000,-100,100,"bu","10:40:36",894200
20000,-100,500,"bu","10:40:18",894100
20000,-100,400,"bu","10:39:53",893600
20000,-100,5000,"bu","10:39:31",893200
20000,-100,4900,"bu","10:38:09",888200
20000,-100,500,"bu","10:37:47",883300
20000,-100,1400,"bu","10:37:45",882800
20000,-100,200,"bu","10:37:16",881400
20000,-100,800,"sd","10:37:01",881200
20000,-100,200,"bu","10:36:57",880400
20000,-100,1000,"bu","10:36:54",880200
20000,-100,200,"bu","10:36:43",879200
20000,-100,700,"bu","10:36:38",879000
20000,-100,500,"bu","10:36:34",878300
20000,-100,200,"bu","10:36:32",877800
20000,-100,300,"bu","10:36:27",877600
20000,-100,200,"bu","10:36:17",877300
20000,-100,100,"bu","10:36:06",877100
20000,-100,500,"bu","10:35:59",877000
20000,-100,100,"bu","10:35:46",876500
20000,-100,100,"bu","10:35:39",876400
20000,-100,100,"bu","10:35:26",876300
20000,-100,100,"bu","10:35:09",876200
20000,-100,100,"bu","10:34:58",876100
20000,-100,500,"bu","10:34:55",876000
20000,-100,2000,"bu","10:34:48",875500
20000,-100,1800,"bu","10:34:23",873500
20000,-100,1000,"sd","10:33:41",871700
20000,-100,300,"sd","10:33:21",870700
20000,-100,1000,"bu","10:33:07",870400
20000,-100,1700,"bu","10:32:46",869400
19900,-200,700,"sd","10:32:20",867700
19900,-200,1700,"bu","10:31:47",867000
19900,-200,100,"bu","10:31:40",865300
19900,-200,5000,"bu","10:31:35",865200
19900,-200,100,"bu","10:31:30",860200
19900,-200,1000,"bu","10:31:29",860100
19800,-300,200,"sd","10:31:26",859100
19900,-200,2000,"bu","10:31:10",858900
19900,-200,500,"bu","10:31:05",856900
19800,-300,500,"sd","10:31:02",856400
19900,-200,64600,"bu","10:30:53",855900
20000,-100,6000,"sd","10:30:27",791300
20000,-100,7200,"sd","10:30:25",785300
20000,-100,2000,"sd","10:29:59",778100
20000,-100,100,"sd","10:29:50",776100
20000,-100,500,"sd","10:28:43",776000
20000,-100,100,"sd","10:28:31",775500
20000,-100,1500,"sd","10:28:23",775400
20000,-100,35000,"sd","10:28:02",773900
20000,-100,500,"sd","10:28:01",738900
20000,-100,6500,"sd","10:28:00",738400
20000,-100,11000,"sd","10:27:55",731900
20000,-100,1500,"sd","10:27:54",720900
20000,-100,3000,"sd","10:27:41",719400
20000,-100,10700,"sd","10:27:30",716400
20000,-100,1000,"sd","10:27:18",705700
20000,-100,20000,"sd","10:25:46",704700
20100,0,500,"bu","10:25:19",684700
20000,-100,1000,"sd","10:25:17",684200
20100,0,300,"bu","10:24:17",683200
20000,-100,300,"sd","10:23:59",682900
20000,-100,200,"sd","10:23:49",682600
20000,-100,1000,"sd","10:23:40",682400
20000,-100,300,"sd","10:23:39",681400
20000,-100,500,"sd","10:23:32",681100
20000,-100,4900,"sd","10:23:23",680600
20000,-100,100,"sd","10:23:18",675700
20000,-100,1100,"sd","10:23:06",675600
20000,-100,1200,"sd","10:22:30",674500
20100,0,100,"bu","10:22:27",673300
20000,-100,1000,"sd","10:21:57",673200
20100,0,400,"bu","10:21:51",672200
20000,-100,11300,"sd","10:21:26",671800
20100,0,300,"bu","10:21:17",660500
20000,-100,500,"sd","10:20:37",660200
20000,-100,700,"sd","10:20:19",659700
20100,0,600,"bu","10:18:45",659000
20100,0,3000,"bu","10:17:30",658400
20100,0,100,"bu","10:17:22",655400
20100,0,2000,"bu","10:16:45",655300
20100,0,300,"bu","10:16:23",653300
20100,0,100,"bu","10:15:35",653000
20100,0,55600,"sd","10:15:00",652900
20100,0,2300,"sd","10:14:49",597300
20100,0,8300,"sd","10:14:10",595000
20100,0,3900,"sd","10:13:34",586700
20200,100,100,"bu","10:12:30",582800
20100,0,1300,"sd","10:11:56",582700
20100,0,4500,"sd","10:10:55",581400
20100,0,400,"sd","10:10:53",576900
20100,0,100,"sd","10:10:50",576500
20100,0,4000,"sd","10:10:01",576400
20200,100,1700,"sd","10:08:43",572400
20200,100,1000,"sd","10:08:39",570700
20200,100,10000,"sd","10:08:36",569700
20200,100,1000,"sd","10:08:25",559700
20200,100,5000,"sd","10:07:40",558700
20200,100,3000,"sd","10:07:28",553700
20200,100,300,"sd","10:07:14",550700
20200,100,500,"sd","10:06:58",550400
20200,100,3000,"sd","10:06:49",549900
20200,100,400,"sd","10:06:43",546900
20200,100,20000,"sd","10:06:42",546500
20200,100,3000,"sd","10:06:32",526500
20200,100,100,"sd","10:06:17",523500
20200,100,400,"sd","10:06:03",523400
20200,100,1000,"sd","10:06:00",523000
20200,100,100,"sd","10:05:55",522000
20200,100,2500,"sd","10:04:51",521900
20300,200,100,"bu","10:04:04",519400
20300,200,1000,"bu","10:02:59",519300
20200,100,200,"sd","10:02:38",518300
20200,100,100,"sd","10:02:31",518100
20200,100,200,"sd","10:02:23",518000
20200,100,3000,"sd","10:02:18",517800
20200,100,4000,"sd","10:02:04",514800
20200,100,1600,"sd","10:00:36",510800
20300,200,100,"bu","09:59:44",509200
20200,100,2000,"sd","09:59:38",509100
20300,200,500,"bu","09:58:09",507100
20300,200,2200,"bu","09:57:47",506600
20200,100,3000,"sd","09:57:13",504400
20200,100,3600,"sd","09:57:01",501400
20200,100,100,"sd","09:56:38",497800
20300,200,100,"bu","09:56:19",497700
20300,200,1000,"bu","09:55:49",497600
20300,200,200,"bu","09:54:46",496600
20200,100,200,"sd","09:54:36",496400
20200,100,300,"sd","09:54:33",496200
20200,100,200,"sd","09:54:27",495900
20200,100,200,"sd","09:54:00",495700
20200,100,1000,"sd","09:53:51",495500
20200,100,200,"sd","09:53:44",494500
20200,100,1200,"sd","09:53:30",494300
20200,100,400,"sd","09:52:52",493100
20200,100,4500,"sd","09:52:33",492700
20200,100,100,"sd","09:52:27",488200
20200,100,100,"sd","09:52:18",488100
20200,100,1000,"sd","09:52:10",488000
20200,100,4000,"sd","09:51:59",487000
20200,100,4000,"sd","09:51:46",483000
20300,200,200,"bu","09:51:26",479000
20300,200,100,"bu","09:50:50",478800
20200,100,500,"sd","09:50:34",478700
20200,100,700,"sd","09:50:15",478200
20200,100,3000,"sd","09:49:56",477500
20200,100,300,"sd","09:49:47",474500
20200,100,1500,"sd","09:49:28",474200
20200,100,2900,"sd","09:49:23",472700
20200,100,1000,"sd","09:48:26",469800
20200,100,1000,"sd","09:48:06",468800
20300,200,1000,"bu","09:47:54",467800
20300,200,500,"bu","09:47:42",466800
20200,100,800,"sd","09:47:40",466300
20200,100,3000,"sd","09:47:01",465500
20200,100,1000,"sd","09:46:55",462500
20200,100,800,"sd","09:46:44",461500
20200,100,8000,"sd","09:46:40",460700
20200,100,500,"sd","09:46:39",452700
20200,100,300,"sd","09:46:03",452200
20200,100,2000,"sd","09:45:20",451900
20200,100,5400,"sd","09:44:49",449900
20200,100,17000,"sd","09:44:15",444500
20200,100,1000,"sd","09:43:40",427500
20200,100,15000,"sd","09:43:31",426500
20200,100,400,"sd","09:43:14",411500
20200,100,500,"sd","09:42:49",411100
20200,100,100,"sd","09:42:34",410600
20200,100,3200,"sd","09:41:20",410500
20300,200,400,"bu","09:40:07",407300
20200,100,10000,"sd","09:40:01",406900
20200,100,100,"sd","09:39:41",396900
20200,100,200,"sd","09:39:18",396800
20200,100,3000,"sd","09:39:02",396600
20300,200,300,"bu","09:38:08",393600
20300,200,1000,"bu","09:37:34",393300
20300,200,300,"bu","09:37:21",392300
20300,200,200,"bu","09:36:52",392000
20100,0,3900,"sd","09:36:32",391800
20200,100,100,"sd","09:36:09",387900
20200,100,1000,"unknown","09:35:36",387800
20200,100,200,"bu","09:35:26",386800
20200,100,800,"bu","09:35:11",386600
20200,100,100,"sd","09:34:05",385800
20100,0,1100,"sd","09:33:25",385700
20100,0,500,"sd","09:33:04",384600
20100,0,100,"sd","09:32:51",384100
20100,0,3000,"sd","09:32:37",384000
20100,0,30000,"sd","09:32:27",381000
20200,100,100,"sd","09:32:25",351000
20100,0,11500,"sd","09:32:17",350900
20200,100,30000,"sd","09:31:47",339400
20300,200,200,"bu","09:31:34",309400
20300,200,300,"sd","09:31:29",309200
20300,200,2000,"sd","09:31:24",308900
20300,200,24500,"sd","09:31:05",306900
20300,200,1000,"sd","09:30:56",282400
20300,200,100,"sd","09:30:36",281400
20300,200,100,"sd","09:30:23",281300
20300,200,2000,"sd","09:30:05",281200
20300,200,1000,"sd","09:29:20",279200
20300,200,100,"sd","09:29:06",278200
20300,200,100,"sd","09:29:03",278100
20300,200,2000,"sd","09:28:54",278000
20300,200,200,"sd","09:28:53",276000
20300,200,30000,"sd","09:28:38",275800
20400,300,1000,"bu","09:28:37",245800
20400,300,700,"bu","09:28:24",244800
20400,300,100,"unknown","09:28:14",244100
20400,300,300,"sd","09:28:11",244000
20400,300,500,"sd","09:28:01",243700
20400,300,100,"sd","09:27:58",243200
20400,300,4300,"sd","09:27:55",243100
20400,300,15000,"bu","09:27:16",238800
20400,300,9000,"bu","09:26:52",223800
20300,200,300,"sd","09:26:16",214800
20300,200,200,"sd","09:25:11",214500
20300,200,300,"sd","09:25:10",214300
20300,200,2600,"sd","09:24:59",214000
20300,200,100,"sd","09:24:32",211400
20400,300,1500,"bu","09:24:30",211300
20300,200,500,"sd","09:23:59",209800
20400,300,900,"bu","09:23:20",209300
20400,300,5000,"bu","09:23:16",208400
20400,300,3700,"bu","09:22:58",203400
20400,300,12000,"sd","09:22:48",199700
20400,300,600,"sd","09:22:38",187700
20400,300,1000,"sd","09:22:30",187100
20400,300,1000,"sd","09:22:29",186100
20400,300,3800,"sd","09:22:28",185100
20400,300,1000,"sd","09:22:24",181300
20400,300,200,"sd","09:22:18",180300
20400,300,3600,"sd","09:22:10",180100
20400,300,2000,"sd","09:21:47",176500
20400,300,100,"sd","09:21:29",174500
20400,300,300,"sd","09:21:12",174400
20400,300,1000,"sd","09:20:52",174100
20400,300,100,"sd","09:20:19",173100
20500,400,300,"bu","09:20:14",173000
20500,400,1000,"bu","09:20:05",172700
20500,400,200,"bu","09:20:00",171700
20400,300,1000,"sd","09:19:30",171500
20500,400,15000,"bu","09:19:29",170500
20500,400,100,"bu","09:19:06",155500
20400,300,5000,"sd","09:18:50",155400
20400,300,2000,"sd","09:18:38",150400
20400,300,100,"sd","09:18:14",148400
20400,300,500,"sd","09:18:02",148300
20400,300,100,"sd","09:17:59",147800
20400,300,400,"sd","09:17:55",147700
20400,300,300,"sd","09:17:45",147300
20500,400,300,"bu","09:17:44",147000
20500,400,2200,"bu","09:17:39",146700
20500,400,1500,"bu","09:17:37",144500
20400,300,7000,"sd","09:17:28",143000
20500,400,2000,"bu","09:17:20",136000
20400,300,3000,"sd","09:17:13",134000
20500,400,30000,"bu","09:17:10",131000
20400,300,200,"sd","09:17:02",101000
20400,300,2000,"sd","09:16:39",100800
20400,300,1700,"sd","09:16:18",98800
20400,300,3000,"sd","09:15:59",97100
20400,300,500,"sd","09:15:46",94100
20400,300,100,"sd","09:15:41",93600
20400,300,100,"sd","09:15:34",93500
20400,300,13800,"bu","09:15:30",93400
20400,300,500,"bu","09:15:29",79600
20400,300,20000,"bu","09:15:23",79100
20400,300,5000,"bu","09:14:00",59100
20400,300,100,"bu","09:12:52",54100
20300,200,2000,"sd","09:12:29",54000
20300,200,200,"sd","09:12:28",52000
20300,200,5600,"sd","09:12:27",51800
20300,200,100,"bu","09:12:08",46200
20300,200,2500,"sd","09:11:55",46100
20300,200,1000,"sd","09:11:54",43600
20300,200,2000,"sd","09:11:52",42600
20300,200,1200,"sd","09:11:42",40600
20300,200,1000,"sd","09:11:41",39400
20300,200,2000,"sd","09:11:38",38400
20300,200,10000,"sd","09:11:33",36400
20300,200,1500,"sd","09:11:11",26400
20300,200,1000,"sd","09:10:55",24900
20300,200,1000,"sd","09:10:30",23900
20300,200,4000,"sd","09:09:47",22900
20300,200,100,"sd","09:09:35",18900
20300,200,1000,"sd","09:08:55",18800
20300,200,100,"sd","09:07:30",17800
20300,200,1000,"sd","09:07:03",17700
20300,200,3100,"sd","09:07:01",16700
20300,200,100,"sd","09:06:45",13600
20300,200,500,"sd","09:05:41",13500
20300,200,100,"sd","09:05:28",13000
20300,200,400,"bu","09:04:42",12900
20300,200,300,"bu","09:04:37",12500
20300,200,600,"bu","09:04:32",12200
20300,200,1600,"sd","09:04:28",11600
20300,200,500,"bu","09:04:12",10000
20300,200,2900,"sd","09:03:51",9500
20300,200,200,"bu","09:02:17",6600
20300,200,1000,"bu","09:01:58",6400
20300,200,5000,"bu","09:00:44",5400
20200,100,100,"sd","09:00:14",400
20300,200,300,"bu","09:00:04",300
