"price","change","match_qtty","side","time","total_vol"
15200,0,300,"sd","14:28:46",38200
15200,0,100,"sd","14:20:22",37900
15250,50,100,"bu","14:01:29",37800
15200,0,500,"sd","14:01:20",37700
15250,50,100,"sd","14:00:56",37200
15250,50,500,"sd","13:57:31",37100
15250,50,100,"sd","13:56:59",36600
15400,200,200,"bu","13:36:45",36500
15300,100,200,"bu","13:36:45",36300
15300,100,700,"sd","13:34:17",36100
15400,200,700,"sd","13:29:41",35400
15400,200,300,"bu","13:27:49",34700
15400,200,100,"bu","13:14:32",34400
15400,200,200,"sd","13:13:14",34300
15400,200,100,"sd","13:13:14",34100
15400,200,500,"sd","13:08:03",34000
15400,200,300,"bu","13:07:18",33500
15300,100,500,"sd","13:02:41",33200
15500,300,100,"bu","13:00:10",32700
15500,300,100,"bu","13:00:10",32600
15500,300,200,"bu","13:00:10",32500
15500,300,1200,"bu","13:00:10",32300
15450,250,400,"bu","13:00:10",31100
15450,250,100,"bu","13:00:10",30700
15450,250,100,"bu","13:00:10",30600
15450,250,100,"bu","13:00:10",30500
15400,200,400,"bu","13:00:10",30300
15400,200,100,"bu","13:00:10",30400
15350,150,100,"bu","13:00:10",29900
15350,150,100,"bu","13:00:10",29800
15300,100,100,"sd","13:00:01",29700
15350,150,100,"bu","13:00:00",29600
15350,150,200,"bu","13:00:00",29500
15350,150,100,"sd","11:27:30",29300
15400,200,600,"bu","11:27:29",29200
15400,200,100,"bu","11:27:29",28600
15350,150,100,"bu","11:26:32",28500
15350,150,300,"bu","11:26:32",28400
15350,150,200,"bu","11:25:58",28100
15300,100,100,"sd","11:25:31",27900
15300,100,100,"bu","11:25:03",27800
15300,100,100,"bu","11:20:43",27700
15300,100,1000,"bu","11:20:43",27600
15300,100,700,"bu","11:20:43",26600
15300,100,100,"bu","11:20:43",25900
15300,100,200,"bu","11:20:43",25800
15300,100,100,"bu","11:20:43",25600
15300,100,1300,"bu","11:20:43",25500
15300,100,2000,"bu","11:20:43",24200
15250,50,800,"bu","11:20:43",22200
15150,-50,100,"bu","11:12:31",21400
15150,-50,500,"bu","11:11:33",21300
15150,-50,2000,"sd","11:07:33",20800
15200,0,1400,"sd","11:00:25",18800
15200,0,600,"bu","10:57:45",17400
15200,0,100,"bu","10:50:31",16800
15200,0,1100,"bu","10:48:33",16700
15200,0,4900,"bu","10:29:41",15600
15200,0,200,"bu","10:28:33",10700
15200,0,100,"sd","10:23:09",10500
15250,50,4200,"sd","10:19:59",10400
15250,50,100,"sd","10:11:31",6200
15250,50,200,"sd","10:10:43",6100
15250,50,500,"sd","10:07:46",5900
15300,100,100,"bu","09:49:42",5400
15300,100,600,"bu","09:38:52",5300
15300,100,200,"bu","09:38:52",4700
15300,100,200,"bu","09:38:52",4500
15200,0,3000,"sd","09:32:53",4300
15200,0,200,"sd","09:26:09",300
15200,0,1000,"sd","09:26:09",1300
15200,0,100,"sd","09:26:09",100
