"price","change","match_qtty","side","time","total_vol"
8470,-630,30100,"bu","14:45:00",3185200
8470,-630,200,"bu","14:29:46",3155100
8470,-630,5000,"bu","14:29:44",3154900
8470,-630,1000,"bu","14:29:42",3149900
8470,-630,100,"bu","14:29:41",3148900
8470,-630,100,"bu","14:29:39",3148800
8470,-630,1000,"bu","14:29:25",3148700
8470,-630,20000,"bu","14:29:22",3147700
8470,-630,1000,"bu","14:29:19",3127700
8470,-630,1000,"bu","14:29:13",3126700
8470,-630,100,"bu","14:29:12",3125700
8470,-630,100,"bu","14:29:05",3125600
8470,-630,1000,"bu","14:29:05",3125500
8470,-630,11200,"bu","14:28:55",3124500
8470,-630,100,"bu","14:28:53",3113300
8470,-630,100,"bu","14:28:42",3113200
8470,-630,100,"bu","14:28:42",3113100
8470,-630,100,"bu","14:28:40",3113000
8470,-630,1000,"bu","14:28:22",3112900
8470,-630,4500,"bu","14:28:20",3111900
8470,-630,500,"bu","14:28:11",3107400
8470,-630,1000,"bu","14:28:10",3106900
8470,-630,1000,"bu","14:27:56",3105900
8470,-630,100,"bu","14:27:13",3104900
8470,-630,500,"bu","14:26:55",3104800
8470,-630,200,"bu","14:24:07",3104300
8470,-630,100,"bu","14:23:25",3104100
8470,-630,5000,"bu","14:23:22",3104000
8470,-630,100,"bu","14:21:58",3099000
8470,-630,100,"bu","14:21:43",3098900
8470,-630,200,"bu","14:21:22",3098800
8470,-630,100,"bu","14:21:16",3098600
8470,-630,500,"bu","14:21:04",3098500
8470,-630,200,"bu","14:20:49",3098000
8470,-630,800,"bu","14:20:43",3097800
8470,-630,500,"bu","14:19:50",3097000
8470,-630,500,"bu","14:19:42",3096500
8470,-630,100,"bu","14:19:33",3096000
8470,-630,400,"bu","14:18:53",3095900
8470,-630,100,"bu","14:18:17",3095500
8470,-630,300,"bu","14:16:48",3095400
8470,-630,100,"bu","14:16:20",3095100
8470,-630,100,"bu","14:15:45",3095000
8470,-630,3500,"bu","14:14:57",3094900
8470,-630,400,"bu","14:14:52",3091400
8470,-630,1000,"bu","14:14:37",3091000
8470,-630,500,"bu","14:14:14",3090000
8470,-630,1400,"bu","14:13:59",3089500
8470,-630,300,"bu","14:13:47",3088100
8470,-630,1000,"bu","14:12:56",3087800
8470,-630,300,"bu","14:12:27",3086800
8470,-630,10000,"bu","14:12:25",3086500
8470,-630,100,"bu","14:12:25",3076500
8470,-630,900,"bu","14:12:19",3076400
8470,-630,300,"bu","14:12:17",3075500
8470,-630,800,"bu","14:12:13",3075200
8470,-630,100,"bu","14:12:10",3074400
8470,-630,100,"bu","14:11:16",3074300
8470,-630,2000,"bu","14:10:49",3074200
8470,-630,200,"bu","14:10:05",3072200
8470,-630,100,"bu","14:10:05",3072000
8470,-630,300,"bu","14:09:40",3071900
8470,-630,100,"bu","14:09:37",3071600
8470,-630,200,"bu","14:08:50",3071500
8470,-630,100,"bu","14:08:43",3071300
8470,-630,100,"bu","14:08:35",3071200
8470,-630,1000,"bu","14:07:42",3071100
8470,-630,100,"bu","14:07:09",3070100
8470,-630,100,"bu","14:06:57",3070000
8470,-630,100,"bu","14:06:34",3069900
8470,-630,100,"bu","14:06:34",3069800
8470,-630,5000,"bu","14:06:24",3069700
8470,-630,100,"bu","14:06:18",3064700
8470,-630,500,"bu","14:06:07",3064600
8470,-630,100,"bu","14:05:56",3064100
8470,-630,200,"bu","14:05:38",3064000
8470,-630,1300,"bu","14:05:05",3063800
8470,-630,1000,"bu","14:04:58",3062500
8470,-630,1000,"bu","14:04:52",3061500
8470,-630,200,"bu","14:04:48",3060500
8470,-630,100,"bu","14:04:36",3060300
8470,-630,1000,"bu","14:04:35",3060200
8470,-630,2000,"bu","14:04:31",3059200
8470,-630,200,"bu","14:03:41",3057200
8470,-630,200,"bu","14:03:20",3057000
8470,-630,800,"bu","14:03:18",3056800
8470,-630,200,"bu","14:02:38",3056000
8470,-630,1000,"bu","14:02:21",3055800
8470,-630,1000,"bu","14:01:34",3054800
8470,-630,100,"bu","14:00:49",3053800
8470,-630,100,"bu","14:00:27",3053700
8470,-630,1000,"bu","13:59:55",3053600
8470,-630,1400,"bu","13:59:52",3052600
8470,-630,100,"bu","13:59:26",3051200
8470,-630,100,"bu","13:59:20",3051100
8470,-630,1000,"bu","13:58:51",3051000
8470,-630,100,"bu","13:58:22",3050000
8470,-630,500,"bu","13:57:08",3049900
8470,-630,100,"bu","13:56:58",3049400
8470,-630,1000,"bu","13:55:49",3049300
8470,-630,100,"bu","13:55:47",3048300
8470,-630,100,"bu","13:55:39",3048200
8470,-630,1300,"bu","13:55:04",3048100
8470,-630,100,"bu","13:54:54",3046800
8470,-630,10000,"bu","13:54:26",3046700
8470,-630,200,"bu","13:53:58",3036700
8470,-630,300,"bu","13:53:41",3036500
8470,-630,800,"bu","13:53:11",3036200
8470,-630,2000,"bu","13:52:10",3035400
8470,-630,100,"bu","13:51:56",3033400
8470,-630,400,"bu","13:51:47",3033300
8470,-630,100,"bu","13:51:30",3032900
8470,-630,10000,"bu","13:51:20",3032800
8470,-630,100,"bu","13:51:20",3022800
8470,-630,300,"bu","13:51:02",3022700
8470,-630,1800,"bu","13:50:50",3022400
8470,-630,800,"bu","13:50:48",3020600
8470,-630,100,"bu","13:50:30",3019800
8470,-630,1000,"bu","13:50:19",3019700
8470,-630,300,"bu","13:50:19",3018700
8470,-630,5000,"bu","13:50:18",3018400
8470,-630,1000,"bu","13:48:26",3013400
8470,-630,200,"bu","13:48:20",3012400
8470,-630,3800,"bu","13:47:56",3012200
8470,-630,100,"bu","13:47:50",3008400
8470,-630,200,"bu","13:47:28",3008300
8470,-630,200,"bu","13:47:14",3008100
8470,-630,100,"bu","13:47:01",3007900
8470,-630,200,"bu","13:46:28",3007800
8470,-630,100,"bu","13:46:17",3007600
8470,-630,500,"bu","13:46:06",3007500
8470,-630,700,"bu","13:45:53",3007000
8470,-630,2000,"bu","13:45:52",3006300
8470,-630,100,"bu","13:45:48",3004300
8470,-630,200,"bu","13:45:12",3004200
8470,-630,1000,"bu","13:45:00",3004000
8470,-630,100,"bu","13:44:58",3003000
8470,-630,200,"bu","13:44:50",3002900
8470,-630,100,"bu","13:44:44",3002700
8470,-630,1000,"bu","13:44:32",3002600
8470,-630,200,"bu","13:44:20",3001600
8470,-630,900,"bu","13:42:37",3001400
8470,-630,100,"bu","13:42:33",3000500
8470,-630,100,"bu","13:42:19",3000400
8470,-630,2200,"bu","13:42:18",3000300
8470,-630,100,"bu","13:42:07",2998100
8470,-630,100,"bu","13:42:06",2998000
8470,-630,500,"bu","13:41:52",2997900
8470,-630,100,"bu","13:41:42",2997400
8470,-630,300,"bu","13:41:36",2997300
8470,-630,1000,"bu","13:41:23",2997000
8470,-630,800,"bu","13:40:59",2996000
8470,-630,100,"bu","13:40:54",2995200
8470,-630,100,"bu","13:40:46",2995100
8470,-630,100,"bu","13:40:34",2995000
8470,-630,10000,"bu","13:40:27",2994900
8470,-630,1000,"bu","13:40:02",2984900
8470,-630,100,"bu","13:39:56",2983900
8470,-630,100,"bu","13:39:24",2983800
8470,-630,100,"bu","13:39:21",2983700
8470,-630,100,"bu","13:39:00",2983600
8470,-630,100,"bu","13:38:37",2983500
8470,-630,800,"bu","13:37:44",2983400
8470,-630,200,"bu","13:37:23",2982600
8470,-630,100,"bu","13:37:21",2982400
8470,-630,500,"bu","13:37:08",2982300
8470,-630,400,"bu","13:37:00",2981800
8470,-630,100,"bu","13:36:52",2981400
8470,-630,10000,"bu","13:36:34",2981300
8470,-630,100,"bu","13:36:01",2971300
8470,-630,200,"bu","13:35:57",2971200
8470,-630,5000,"bu","13:35:57",2971000
8470,-630,100,"bu","13:35:54",2966000
8470,-630,1000,"bu","13:35:41",2965900
8470,-630,200,"bu","13:35:39",2964900
8470,-630,800,"bu","13:35:39",2964700
8470,-630,500,"bu","13:35:37",2963900
8470,-630,500,"bu","13:35:37",2963400
8470,-630,500,"bu","13:35:28",2962900
8470,-630,200,"bu","13:35:26",2962400
8470,-630,200,"bu","13:35:24",2962200
8470,-630,100,"bu","13:35:10",2962000
8470,-630,900,"bu","13:35:10",2961900
8470,-630,300,"bu","13:35:07",2961000
8470,-630,5000,"bu","13:35:03",2960700
8470,-630,100,"bu","13:35:03",2955700
8470,-630,10000,"bu","13:34:58",2955600
8470,-630,900,"bu","13:34:42",2945600
8470,-630,500,"bu","13:34:41",2944700
8470,-630,500,"bu","13:34:39",2944200
8470,-630,600,"bu","13:34:38",2943700
8470,-630,500,"bu","13:34:37",2943100
8470,-630,1000,"bu","13:34:35",2942600
8470,-630,2000,"bu","13:34:33",2941600
8470,-630,100,"bu","13:34:20",2939600
8470,-630,100,"bu","13:34:18",2939500
8470,-630,500,"bu","13:34:11",2939400
8470,-630,1000,"sd","13:34:00",2938900
8470,-630,100,"sd","13:34:00",2937900
8470,-630,10000,"sd","13:34:00",2937800
8470,-630,500,"sd","13:34:00",2927800
8470,-630,200,"sd","13:34:00",2927300
8470,-630,1000,"sd","13:34:00",2927100
8470,-630,400,"sd","13:34:00",2926100
8470,-630,1800,"sd","13:34:00",2925700
8470,-630,100,"sd","13:34:00",2923900
8470,-630,1000,"sd","13:34:00",2923800
8470,-630,10000,"sd","13:34:00",2922800
8470,-630,500,"sd","13:34:00",2912800
8470,-630,100,"sd","13:34:00",2912300
8470,-630,300,"sd","13:34:00",2912200
8470,-630,5000,"sd","13:34:00",2911900
8470,-630,5000,"sd","13:34:00",2906900
8470,-630,3000,"sd","13:34:00",2901900
8470,-630,100,"sd","13:34:00",2898900
8470,-630,1000,"sd","13:34:00",2898800
8470,-630,10000,"sd","13:34:00",2897800
8470,-630,2000,"sd","13:34:00",2887800
8470,-630,200,"sd","13:34:00",2885800
8470,-630,500,"sd","13:34:00",2885600
8470,-630,1100,"sd","13:34:00",2885100
8470,-630,1000,"sd","13:34:00",2884000
8470,-630,6000,"sd","13:34:00",2883000
8470,-630,5000,"sd","13:34:00",2877000
8470,-630,100,"sd","13:34:00",2872000
8470,-630,100,"sd","13:34:00",2871900
8470,-630,300,"sd","13:34:00",2871800
8470,-630,1000,"sd","13:34:00",2871500
8470,-630,1000,"sd","13:34:00",2870500
8470,-630,100,"sd","13:34:00",2869500
8470,-630,100,"sd","13:34:00",2869400
8470,-630,2000,"sd","13:34:00",2869300
8470,-630,500,"sd","13:34:00",2867300
8470,-630,200,"sd","13:34:00",2866800
8470,-630,2000,"sd","13:34:00",2866600
8470,-630,2500,"sd","13:34:00",2864600
8480,-620,100,"sd","13:34:00",2862100
8480,-620,100,"sd","13:34:00",2862000
8500,-600,200,"bu","13:33:32",2861900
8470,-630,200,"sd","13:32:48",2861700
8480,-620,400,"sd","13:32:48",2861500
8480,-620,1000,"sd","13:32:48",2861100
8480,-620,1000,"sd","13:32:48",2860100
8480,-620,100,"sd","13:32:48",2859100
8480,-620,1000,"sd","13:32:48",2859000
8480,-620,100,"sd","13:32:48",2858000
8480,-620,100,"sd","13:32:48",2857900
8480,-620,100,"sd","13:32:48",2857800
8480,-620,300,"sd","13:32:48",2857700
8480,-620,100,"sd","13:32:48",2857400
8490,-610,100,"sd","13:32:48",2857300
8490,-610,1000,"sd","13:32:48",2857200
8490,-610,5300,"sd","13:32:48",2856200
8500,-600,100,"sd","13:32:48",2850900
8500,-600,100,"sd","13:32:48",2850800
8500,-600,500,"sd","13:32:43",2850700
8500,-600,400,"sd","13:32:30",2850200
8500,-600,1000,"sd","13:32:20",2849800
8490,-610,1100,"sd","13:31:59",2848800
8500,-600,100,"sd","13:31:59",2847700
8500,-600,800,"sd","13:31:59",2847600
8520,-580,9000,"bu","13:31:35",2846800
8500,-600,5000,"sd","13:31:14",2837800
8500,-600,1000,"sd","13:31:14",2832800
8500,-600,100,"sd","13:31:13",2831800
8500,-600,100,"sd","13:31:13",2831700
8500,-600,1000,"sd","13:31:13",2831600
8500,-600,1000,"sd","13:31:13",2830600
8500,-600,1000,"sd","13:31:13",2829600
8500,-600,100,"sd","13:31:13",2828600
8500,-600,100,"sd","13:31:13",2828500
8500,-600,400,"sd","13:31:13",2828400
8500,-600,100,"sd","13:31:13",2828000
8500,-600,600,"sd","13:31:13",2827900
8510,-590,500,"sd","13:31:13",2827300
8520,-580,500,"bu","13:31:06",2826800
8520,-580,200,"bu","13:30:46",2826300
8520,-580,100,"bu","13:30:34",2826100
8520,-580,200,"bu","13:30:22",2826000
8520,-580,9800,"bu","13:30:22",2825800
8510,-590,500,"sd","13:30:07",2816000
8510,-590,500,"sd","13:30:07",2815500
8520,-580,200,"bu","13:29:54",2815000
8520,-580,100,"bu","13:29:22",2814800
8520,-580,2000,"bu","13:28:59",2814700
8520,-580,2900,"bu","13:28:39",2812700
8520,-580,100,"bu","13:28:39",2809800
8520,-580,100,"bu","13:28:22",2809700
8510,-590,2100,"sd","13:28:12",2809600
8510,-590,2400,"sd","13:28:03",2807500
8510,-590,600,"sd","13:28:03",2805100
8520,-580,2000,"bu","13:27:49",2804500
8520,-580,1000,"bu","13:27:43",2802500
8520,-580,300,"bu","13:27:03",2801500
8520,-580,1500,"bu","13:26:15",2801200
8520,-580,100,"bu","13:26:15",2799700
8520,-580,100,"bu","13:26:15",2799600
8520,-580,3300,"bu","13:26:15",2799500
8520,-580,1000,"bu","13:25:41",2796200
8520,-580,1000,"bu","13:25:34",2795200
8520,-580,100,"bu","13:24:01",2794200
8520,-580,500,"bu","13:23:30",2794100
8510,-590,4400,"bu","13:23:03",2793600
8510,-590,400,"bu","13:22:39",2789200
8500,-600,100,"sd","13:21:15",2788800
8500,-600,200,"sd","13:21:02",2788700
8500,-600,700,"sd","13:21:02",2788500
8500,-600,300,"bu","13:19:36",2787800
8500,-600,500,"bu","13:19:31",2787500
8500,-600,1700,"bu","13:19:27",2787000
8500,-600,3300,"bu","13:19:27",2785300
8500,-600,1000,"bu","13:19:14",2782000
8500,-600,700,"bu","13:18:37",2781000
8500,-600,300,"bu","13:18:37",2780300
8500,-600,900,"bu","13:17:46",2780000
8490,-610,2600,"bu","13:17:10",2779100
8490,-610,1000,"bu","13:16:55",2776500
8490,-610,800,"bu","13:16:36",2775500
8490,-610,2200,"bu","13:16:36",2774700
8490,-610,200,"bu","13:16:32",2772500
8490,-610,100,"bu","13:16:28",2772300
8490,-610,200,"sd","13:16:05",2772200
8490,-610,500,"sd","13:16:05",2772000
8490,-610,500,"bu","13:14:47",2771500
8490,-610,100,"bu","13:14:43",2771000
8490,-610,500,"bu","13:14:34",2770900
8490,-610,500,"bu","13:14:27",2770400
8490,-610,200,"bu","13:14:26",2769900
8490,-610,500,"bu","13:14:21",2769700
8490,-610,100,"bu","13:14:18",2769200
8490,-610,100,"bu","13:14:08",2769100
8490,-610,200,"bu","13:14:07",2769000
8490,-610,100,"bu","13:13:47",2768800
8470,-630,2800,"sd","13:12:55",2768700
8470,-630,100,"sd","13:12:55",2765900
8470,-630,500,"sd","13:12:55",2765800
8470,-630,1000,"sd","13:12:55",2765300
8470,-630,500,"sd","13:12:55",2764300
8470,-630,200,"sd","13:12:55",2763800
8470,-630,300,"sd","13:12:55",2763600
8470,-630,1000,"sd","13:12:55",2763300
8470,-630,200,"sd","13:12:55",2762300
8470,-630,5000,"sd","13:12:55",2762100
8470,-630,1000,"sd","13:12:55",2757100
8470,-630,2300,"sd","13:12:55",2756100
8470,-630,3000,"sd","13:12:55",2753800
8470,-630,1000,"sd","13:12:55",2750800
8470,-630,100,"sd","13:12:55",2749800
8470,-630,700,"sd","13:12:55",2749700
8470,-630,500,"sd","13:12:55",2749000
8470,-630,200,"sd","13:12:55",2748500
8470,-630,200,"sd","13:12:55",2748300
8470,-630,2000,"sd","13:12:55",2748100
8470,-630,1000,"sd","13:12:55",2746100
8470,-630,200,"sd","13:12:55",2745100
8480,-620,800,"sd","13:12:55",2744900
8470,-630,1000,"sd","13:12:55",2744100
8480,-620,10000,"sd","13:12:55",2743100
8470,-630,5000,"sd","13:12:55",2733100
8480,-620,5000,"sd","13:12:55",2728100
8470,-630,100,"sd","13:12:55",2723100
8470,-630,1500,"sd","13:12:55",2723000
8490,-610,100,"bu","13:12:11",2721500
8490,-610,100,"bu","13:11:50",2721400
8490,-610,100,"bu","13:11:37",2721300
8490,-610,200,"bu","13:11:33",2721200
8490,-610,500,"sd","13:11:30",2721000
8490,-610,500,"sd","13:11:30",2720500
8500,-600,500,"bu","13:11:14",2720000
8500,-600,300,"bu","13:10:42",2719500
8490,-610,100,"bu","13:10:42",2719200
8490,-610,400,"sd","13:10:35",2719100
8490,-610,100,"bu","13:10:22",2718700
8490,-610,1000,"sd","13:10:10",2718600
8490,-610,800,"sd","13:09:50",2717600
8490,-610,100,"sd","13:09:50",2716800
8490,-610,1500,"sd","13:09:50",2716700
8490,-610,1300,"sd","13:09:20",2715200
8500,-600,500,"bu","13:09:12",2713900
8490,-610,5000,"sd","13:09:06",2713400
8500,-600,100,"bu","13:09:04",2708400
8500,-600,500,"bu","13:08:37",2708300
8500,-600,200,"bu","13:08:27",2707800
8490,-610,100,"sd","13:08:16",2707600
8490,-610,500,"sd","13:07:25",2707500
8500,-600,1700,"sd","13:07:19",2707000
8510,-590,1000,"bu","13:07:08",2705300
8510,-590,200,"bu","13:07:05",2704300
8520,-580,600,"bu","13:06:51",2704100
8520,-580,100,"bu","13:06:25",2703500
8500,-600,300,"bu","13:06:15",2703400
8490,-610,1000,"bu","13:05:46",2703100
8490,-610,100,"bu","13:05:46",2702100
8490,-610,1000,"bu","13:05:46",2702000
8490,-610,1000,"bu","13:05:46",2701000
8490,-610,1100,"bu","13:05:46",2700000
8490,-610,7400,"bu","13:05:46",2698900
8490,-610,400,"bu","13:05:46",2691500
8480,-620,100,"bu","13:05:15",2691100
8480,-620,100,"sd","13:05:03",2691000
8480,-620,300,"sd","13:05:03",2690900
8490,-610,400,"bu","13:05:03",2690600
8480,-620,1700,"bu","13:04:58",2690200
8480,-620,500,"bu","13:04:56",2688500
8480,-620,900,"bu","13:04:50",2688000
8480,-620,200,"bu","13:04:36",2687100
8480,-620,1000,"bu","13:04:21",2686900
8480,-620,400,"bu","13:04:19",2685900
8480,-620,100,"bu","13:04:17",2685500
8480,-620,100,"bu","13:04:15",2685400
8480,-620,100,"bu","13:04:12",2685300
8490,-610,800,"bu","13:03:28",2685200
8470,-630,1000,"bu","13:01:41",2684400
8470,-630,500,"bu","13:01:34",2683400
8470,-630,1000,"bu","13:01:27",2682900
8470,-630,100,"bu","13:01:08",2681900
8470,-630,400,"bu","13:00:48",2681800
8470,-630,1100,"bu","13:00:31",2681400
8470,-630,3900,"bu","13:00:31",2680300
8470,-630,100,"bu","13:00:31",2676400
8470,-630,200,"bu","13:00:31",2676300
8470,-630,1000,"bu","13:00:30",2676100
8470,-630,1000,"bu","13:00:27",2675100
8470,-630,1000,"bu","13:00:27",2674100
8470,-630,100,"bu","13:00:25",2673100
8470,-630,100,"bu","13:00:25",2673000
8470,-630,100,"bu","13:00:24",2672900
8470,-630,3000,"bu","13:00:24",2672800
8470,-630,300,"bu","13:00:24",2669800
8470,-630,5000,"bu","13:00:23",2669500
8470,-630,100,"bu","13:00:23",2664500
8470,-630,1000,"bu","13:00:22",2664400
8470,-630,100,"bu","13:00:21",2663400
8470,-630,2000,"bu","13:00:20",2663300
8470,-630,2000,"bu","13:00:20",2661300
8470,-630,500,"bu","13:00:20",2659300
8470,-630,100,"bu","13:00:18",2658800
8470,-630,500,"bu","13:00:17",2658700
8470,-630,200,"bu","13:00:14",2658200
8470,-630,1000,"bu","13:00:13",2658000
8470,-630,300,"bu","13:00:12",2657000
8470,-630,100,"bu","13:00:12",2656700
8470,-630,1000,"bu","13:00:10",2656600
8470,-630,100,"bu","13:00:09",2655600
8470,-630,600,"bu","13:00:09",2655500
8470,-630,3000,"bu","13:00:08",2654900
8470,-630,1000,"bu","13:00:08",2651900
8470,-630,200,"bu","13:00:07",2650900
8470,-630,1000,"bu","13:00:07",2650700
8470,-630,100,"bu","13:00:07",2649700
8470,-630,1200,"bu","13:00:07",2649600
8470,-630,300,"bu","13:00:07",2648400
8470,-630,500,"bu","13:00:07",2648100
8470,-630,500,"bu","13:00:07",2647600
8470,-630,300,"bu","13:00:06",2647100
8470,-630,200,"bu","13:00:06",2646800
8470,-630,500,"bu","13:00:06",2646600
8470,-630,100,"bu","13:00:06",2646100
8470,-630,3000,"bu","13:00:06",2646000
8470,-630,500,"bu","13:00:06",2643000
8470,-630,200,"bu","13:00:06",2642500
8470,-630,400,"bu","13:00:06",2642300
8470,-630,500,"bu","13:00:06",2641900
8470,-630,5000,"bu","13:00:05",2641400
8470,-630,300,"bu","13:00:05",2636400
8470,-630,1000,"bu","13:00:05",2636100
8470,-630,1000,"bu","13:00:04",2635100
8470,-630,100,"bu","13:00:04",2634100
8470,-630,500,"bu","13:00:04",2634000
8470,-630,1600,"bu","13:00:04",2633500
8470,-630,700,"bu","13:00:04",2631900
8470,-630,1900,"bu","13:00:04",2631200
8470,-630,1000,"bu","13:00:03",2629300
8470,-630,300,"sd","13:00:03",2628300
8470,-630,2300,"sd","13:00:03",2628000
8470,-630,700,"sd","13:00:03",2625700
8470,-630,200,"sd","13:00:03",2625000
8470,-630,6000,"sd","13:00:03",2624800
8470,-630,200,"sd","13:00:02",2618800
8470,-630,1500,"sd","13:00:02",2618600
8470,-630,500,"sd","13:00:02",2617100
8470,-630,1800,"sd","13:00:01",2616600
8480,-620,500,"sd","13:00:01",2614800
8470,-630,100,"sd","13:00:01",2614300
8470,-630,800,"sd","13:00:01",2614200
8470,-630,1000,"sd","13:00:01",2613400
8470,-630,1000,"sd","13:00:00",2612400
8470,-630,2000,"sd","13:00:00",2611400
8470,-630,1000,"sd","13:00:00",2609400
8470,-630,500,"sd","13:00:00",2608400
8470,-630,100,"sd","13:00:00",2607900
8490,-610,200,"bu","13:00:00",2607800
8480,-620,2000,"unknown","12:59:59",2607600
8470,-630,5500,"sd","11:29:44",2605600
8470,-630,400,"sd","11:29:44",2600100
8480,-620,100,"sd","11:29:17",2599700
8480,-620,300,"sd","11:29:17",2599600
8480,-620,500,"sd","11:29:17",2599300
8490,-610,10000,"bu","11:28:35",2598800
8470,-630,600,"sd","11:26:46",2588800
8470,-630,500,"sd","11:26:46",2588200
8470,-630,3900,"sd","11:26:46",2587700
8470,-630,100,"sd","11:26:42",2583800
8490,-610,100,"bu","11:26:26",2583700
8470,-630,46000,"sd","11:26:23",2583600
8470,-630,1000,"sd","11:26:23",2537600
8470,-630,1000,"sd","11:26:23",2536600
8470,-630,2000,"sd","11:26:23",2535600
8470,-630,200,"sd","11:26:23",2533600
8470,-630,500,"sd","11:26:23",2533400
8470,-630,2000,"sd","11:26:23",2532900
8470,-630,300,"sd","11:26:23",2530900
8470,-630,1000,"sd","11:26:23",2530600
8470,-630,100,"sd","11:26:23",2529600
8470,-630,5000,"sd","11:26:23",2529500
8470,-630,500,"sd","11:26:23",2524500
8470,-630,300,"sd","11:26:23",2524000
8470,-630,1000,"sd","11:26:23",2523700
8470,-630,200,"sd","11:26:23",2522700
8470,-630,4500,"sd","11:26:23",2522500
8470,-630,2000,"sd","11:26:23",2518000
8470,-630,500,"sd","11:26:23",2516000
8470,-630,500,"sd","11:26:23",2515500
8470,-630,1000,"sd","11:26:23",2515000
8470,-630,100,"sd","11:26:23",2514000
8470,-630,200,"sd","11:26:23",2513900
8470,-630,1000,"sd","11:26:23",2513700
8470,-630,200,"sd","11:26:23",2512700
8470,-630,3000,"sd","11:26:23",2512500
8480,-620,4000,"sd","11:26:23",2509500
8480,-620,500,"sd","11:26:23",2505500
8480,-620,400,"sd","11:26:23",2505000
8480,-620,100,"sd","11:25:56",2504600
8480,-620,1300,"sd","11:25:56",2504500
8480,-620,500,"sd","11:25:27",2503200
8490,-610,5000,"bu","11:25:24",2502700
8490,-610,100,"bu","11:24:58",2497700
8490,-610,5000,"bu","11:24:54",2497600
8490,-610,100,"bu","11:24:46",2492600
8490,-610,2000,"bu","11:24:43",2492500
8480,-620,100,"sd","11:24:27",2490500
8490,-610,600,"bu","11:23:41",2490400
8490,-610,200,"bu","11:22:34",2489800
8490,-610,100,"bu","11:21:21",2489600
8490,-610,100,"bu","11:21:20",2489500
8490,-610,500,"bu","11:20:36",2489400
8480,-620,100,"bu","11:20:07",2488900
8480,-620,5000,"bu","11:20:05",2488800
8480,-620,100,"bu","11:19:37",2483800
8480,-620,1000,"bu","11:19:34",2483700
8480,-620,1000,"bu","11:19:30",2482700
8480,-620,100,"bu","11:19:30",2481700
8480,-620,100,"bu","11:19:23",2481600
8480,-620,2000,"bu","11:19:12",2481500
8480,-620,500,"bu","11:19:02",2479500
8480,-620,100,"bu","11:18:59",2479000
8480,-620,300,"unknown","11:18:10",2478900
8490,-610,200,"bu","11:17:10",2478600
8490,-610,100,"bu","11:16:20",2478400
8470,-630,100,"sd","11:16:01",2478300
8470,-630,46900,"sd","11:15:54",2478200
8470,-630,500,"sd","11:15:54",2431300
8470,-630,5000,"sd","11:15:54",2430800
8470,-630,700,"sd","11:15:54",2425800
8470,-630,1000,"sd","11:15:54",2425100
8470,-630,1000,"sd","11:15:54",2424100
8470,-630,1000,"sd","11:15:54",2423100
8470,-630,100,"sd","11:15:54",2422100
8470,-630,500,"sd","11:15:54",2422000
8470,-630,300,"sd","11:15:54",2421500
8470,-630,500,"sd","11:15:54",2421200
8470,-630,4000,"sd","11:15:54",2420700
8470,-630,100,"sd","11:15:54",2416700
8470,-630,100,"sd","11:15:54",2416600
8470,-630,1000,"sd","11:15:54",2416500
8470,-630,800,"sd","11:15:54",2415500
8470,-630,1000,"sd","11:15:54",2414700
8470,-630,1000,"sd","11:15:54",2413700
8470,-630,100,"sd","11:15:54",2412700
8480,-620,400,"sd","11:15:54",2412600
8480,-620,2500,"sd","11:15:54",2412200
8480,-620,1500,"sd","11:15:54",2409700
8490,-610,700,"bu","11:15:48",2408200
8490,-610,1300,"bu","11:15:47",2407500
8480,-620,500,"sd","11:15:35",2406200
8480,-620,1000,"sd","11:15:35",2405700
8490,-610,800,"bu","11:15:34",2404700
8490,-610,1000,"bu","11:15:32",2403900
8480,-620,2000,"sd","11:15:15",2402900
8480,-620,3000,"sd","11:14:15",2400900
8480,-620,5000,"bu","11:14:11",2397900
8480,-620,2000,"bu","11:14:11",2392900
8480,-620,200,"bu","11:13:28",2390900
8470,-630,1900,"bu","11:13:19",2390700
8470,-630,2800,"bu","11:13:18",2388800
8470,-630,7200,"bu","11:13:18",2386000
8470,-630,200,"bu","11:13:18",2378800
8470,-630,100,"bu","11:13:15",2378600
8470,-630,100,"bu","11:13:14",2378500
8470,-630,2100,"bu","11:13:11",2378400
8470,-630,8500,"bu","11:13:11",2376300
8470,-630,16400,"bu","11:13:11",2367800
8470,-630,200,"bu","11:13:10",2351400
8470,-630,200,"bu","11:13:05",2351200
8470,-630,500,"bu","11:12:56",2351000
8470,-630,500,"bu","11:12:56",2350500
8470,-630,200,"bu","11:12:53",2350000
8470,-630,400,"bu","11:12:38",2349800
8470,-630,400,"bu","11:12:38",2349400
8470,-630,200,"bu","11:12:38",2349000
8470,-630,800,"bu","11:12:34",2348800
8470,-630,1000,"bu","11:12:34",2348000
8470,-630,1200,"bu","11:12:34",2347000
8470,-630,500,"bu","11:12:33",2345800
8470,-630,2000,"bu","11:12:32",2345300
8470,-630,100,"bu","11:12:27",2343300
8470,-630,1000,"bu","11:12:23",2343200
8470,-630,300,"bu","11:12:16",2342200
8470,-630,10000,"bu","11:12:14",2341900
8470,-630,100,"bu","11:12:10",2331900
8470,-630,1000,"bu","11:12:04",2331800
8470,-630,200,"bu","11:11:40",2330800
8470,-630,4000,"bu","11:11:37",2330600
8470,-630,500,"bu","11:11:28",2326600
8470,-630,500,"bu","11:11:17",2326100
8470,-630,2000,"bu","11:11:14",2325600
8470,-630,500,"bu","11:10:59",2323600
8470,-630,3000,"bu","11:10:52",2323100
8470,-630,100,"bu","11:10:49",2320100
8470,-630,300,"bu","11:10:46",2320000
8470,-630,100,"bu","11:10:44",2319700
8470,-630,3800,"bu","11:10:37",2319600
8470,-630,500,"bu","11:10:30",2315800
8470,-630,500,"bu","11:10:27",2315300
8470,-630,200,"bu","11:10:22",2314800
8470,-630,100,"bu","11:10:20",2314600
8470,-630,5000,"bu","11:10:13",2314500
8470,-630,800,"bu","11:10:08",2309500
8470,-630,4100,"bu","11:10:05",2308700
8470,-630,300,"bu","11:10:04",2304600
8470,-630,10000,"bu","11:10:02",2304300
8470,-630,100,"bu","11:09:52",2294300
8470,-630,500,"bu","11:09:45",2294200
8470,-630,100,"bu","11:09:43",2293700
8470,-630,500,"bu","11:09:20",2293600
8470,-630,1000,"bu","11:09:20",2293100
8470,-630,5100,"bu","11:09:13",2292100
8470,-630,400,"bu","11:09:13",2287000
8470,-630,10000,"bu","11:09:07",2286600
8470,-630,100,"sd","11:09:02",2276600
8470,-630,100,"sd","11:09:02",2276500
8470,-630,8400,"sd","11:09:02",2276400
8470,-630,300,"sd","11:08:46",2268000
8470,-630,2200,"sd","11:08:36",2267700
8470,-630,1500,"sd","11:08:36",2265500
8470,-630,300,"sd","11:08:36",2264000
8470,-630,400,"sd","11:08:36",2263700
8470,-630,100,"sd","11:08:36",2263300
8470,-630,500,"sd","11:08:36",2263200
8470,-630,3000,"sd","11:08:36",2262700
8470,-630,2000,"sd","11:08:36",2259700
8470,-630,100,"sd","11:08:36",2257700
8470,-630,5000,"sd","11:08:36",2257600
8470,-630,500,"sd","11:08:36",2252600
8470,-630,1000,"sd","11:08:36",2252100
8470,-630,10000,"sd","11:08:36",2251100
8470,-630,1000,"sd","11:08:36",2241100
8470,-630,5000,"sd","11:08:36",2240100
8470,-630,500,"sd","11:08:36",2235100
8470,-630,1100,"sd","11:08:36",2234600
8470,-630,100,"sd","11:08:36",2233500
8470,-630,500,"sd","11:08:36",2233400
8470,-630,9300,"sd","11:08:36",2232900
8470,-630,2000,"sd","11:08:36",2223600
8470,-630,20000,"sd","11:08:36",2221600
8470,-630,3000,"sd","11:08:36",2201600
8470,-630,300,"sd","11:08:36",2198600
8470,-630,100,"sd","11:08:36",2198300
8470,-630,700,"sd","11:08:36",2198200
8470,-630,100,"sd","11:08:36",2197500
8470,-630,10000,"sd","11:08:36",2197400
8470,-630,19700,"sd","11:08:36",2187400
8480,-620,200,"bu","11:08:13",2167700
8470,-630,200,"sd","11:08:06",2167500
8470,-630,200,"sd","11:07:47",2167300
8480,-620,100,"bu","11:07:37",2167100
8480,-620,100,"bu","11:07:37",2167000
8480,-620,500,"bu","11:07:34",2166900
8470,-630,9000,"sd","11:07:32",2166400
8480,-620,100,"bu","11:07:31",2157400
8480,-620,500,"bu","11:07:26",2157300
8480,-620,100,"bu","11:06:55",2156800
8470,-630,1000,"sd","11:06:11",2156700
8480,-620,400,"bu","11:05:21",2155700
8480,-620,100,"bu","11:05:13",2155300
8480,-620,300,"bu","11:05:09",2155200
8480,-620,100,"bu","11:04:42",2154900
8480,-620,500,"bu","11:04:40",2154800
8470,-630,19900,"bu","11:04:10",2154300
8470,-630,200,"sd","11:04:04",2134400
8470,-630,100,"sd","11:04:04",2134200
8470,-630,500,"sd","11:04:04",2134100
8470,-630,3800,"sd","11:04:04",2133600
8470,-630,300,"sd","11:04:02",2129800
8480,-620,100,"bu","11:04:02",2129500
8470,-630,200,"sd","11:04:01",2129400
8470,-630,1000,"sd","11:04:01",2129200
8470,-630,1000,"sd","11:04:01",2128200
8470,-630,100,"sd","11:04:01",2127200
8470,-630,600,"sd","11:04:01",2127100
8470,-630,5000,"sd","11:04:01",2126500
8470,-630,100,"sd","11:04:01",2121500
8470,-630,5900,"sd","11:04:01",2121400
8470,-630,100,"sd","11:04:01",2115500
8470,-630,300,"sd","11:04:01",2115400
8470,-630,1100,"sd","11:04:01",2115100
8470,-630,100,"sd","11:04:01",2114000
8470,-630,500,"sd","11:04:01",2113900
8470,-630,100,"sd","11:04:01",2113400
8470,-630,1000,"sd","11:04:01",2113300
8470,-630,200,"sd","11:04:01",2112300
8470,-630,500,"sd","11:04:01",2112100
8470,-630,500,"sd","11:04:01",2111600
8470,-630,200,"sd","11:04:01",2111100
8470,-630,8700,"sd","11:04:01",2110900
8470,-630,100,"sd","11:04:01",2102200
8470,-630,1000,"sd","11:04:01",2102100
8470,-630,500,"sd","11:04:01",2101100
8470,-630,100,"sd","11:04:01",2100600
8470,-630,2000,"sd","11:04:01",2100500
8470,-630,3000,"sd","11:04:01",2098500
8470,-630,100,"sd","11:04:01",2095500
8470,-630,200,"sd","11:04:01",2095400
8470,-630,5000,"sd","11:04:01",2095200
8470,-630,100,"sd","11:04:01",2090200
8470,-630,100,"sd","11:04:01",2090100
8470,-630,500,"sd","11:04:01",2090000
8470,-630,5000,"sd","11:04:01",2089500
8470,-630,100,"sd","11:04:01",2084500
8470,-630,900,"sd","11:03:47",2084400
8470,-630,1000,"sd","11:03:47",2083500
8470,-630,500,"sd","11:03:47",2082500
8470,-630,2500,"sd","11:03:47",2082000
8470,-630,1200,"sd","11:03:47",2079500
8480,-620,200,"bu","11:03:37",2078300
8470,-630,3800,"sd","11:03:21",2078100
8470,-630,1000,"sd","11:03:21",2074300
8470,-630,200,"sd","11:03:21",2073300
8470,-630,100,"sd","11:03:21",2073100
8470,-630,100,"sd","11:03:21",2073000
8470,-630,100,"sd","11:03:21",2072900
8470,-630,1000,"sd","11:03:21",2072800
8470,-630,2500,"sd","11:03:21",2071800
8470,-630,2500,"sd","11:03:01",2069300
8470,-630,400,"sd","11:03:01",2066800
8470,-630,300,"sd","11:03:01",2066400
8470,-630,100,"sd","11:03:01",2066100
8470,-630,500,"sd","11:03:01",2066000
8470,-630,5000,"sd","11:03:01",2065500
8470,-630,1000,"sd","11:03:01",2060500
8470,-630,400,"sd","11:03:01",2059500
8470,-630,17800,"sd","11:03:01",2059100
8490,-610,200,"bu","11:02:55",2041300
8480,-620,500,"bu","11:02:55",2041100
8470,-630,2000,"sd","11:02:43",2040600
8470,-630,200,"sd","11:02:37",2038600
8470,-630,300,"sd","11:02:37",2038400
8470,-630,2000,"sd","11:02:37",2038100
8470,-630,2000,"sd","11:02:37",2036100
8470,-630,10000,"sd","11:02:37",2034100
8470,-630,500,"sd","11:02:37",2024100
8470,-630,2000,"sd","11:02:37",2023600
8470,-630,13000,"sd","11:02:37",2021600
8470,-630,1000,"sd","11:02:36",2008600
8480,-620,900,"sd","11:02:35",2007600
8480,-620,100,"sd","11:02:35",2006700
8470,-630,5000,"sd","11:02:17",2006600
8470,-630,700,"sd","11:02:17",2001600
8470,-630,100,"sd","11:02:17",2000900
8470,-630,200,"sd","11:02:17",2000800
8470,-630,100,"sd","11:02:17",2000600
8470,-630,500,"sd","11:02:17",2000500
8470,-630,200,"sd","11:02:17",2000000
8470,-630,4000,"sd","11:02:17",1999800
8470,-630,100,"sd","11:02:17",1995800
8470,-630,4000,"sd","11:02:17",1995700
8470,-630,2100,"sd","11:02:17",1991700
8470,-630,100,"sd","11:02:17",1989600
8470,-630,100,"sd","11:02:17",1989500
8470,-630,1000,"sd","11:02:17",1989400
8470,-630,500,"sd","11:02:17",1988400
8470,-630,1000,"sd","11:02:17",1987900
8470,-630,1000,"sd","11:02:17",1986900
8470,-630,2000,"sd","11:02:17",1985900
8470,-630,100,"sd","11:02:17",1983900
8470,-630,200,"sd","11:02:17",1983800
8470,-630,1000,"sd","11:02:17",1983600
8470,-630,2100,"sd","11:02:17",1982600
8470,-630,1000,"sd","11:02:17",1980500
8470,-630,300,"sd","11:02:17",1979500
8470,-630,10000,"sd","11:02:17",1979200
8470,-630,500,"sd","11:02:17",1969200
8470,-630,200,"sd","11:02:17",1968700
8470,-630,3000,"sd","11:02:17",1968500
8470,-630,5000,"sd","11:02:17",1965500
8470,-630,1000,"sd","11:02:17",1960500
8470,-630,200,"sd","11:02:17",1959500
8470,-630,1000,"sd","11:02:17",1959300
8470,-630,200,"sd","11:02:17",1958300
8480,-620,500,"sd","11:02:17",1958100
8480,-620,500,"sd","11:02:17",1957600
8480,-620,2000,"sd","11:02:17",1957100
8480,-620,500,"sd","11:02:17",1955100
8470,-630,2800,"sd","11:01:58",1954600
8470,-630,2200,"sd","11:01:58",1951800
8470,-630,3800,"sd","11:01:54",1949600
8470,-630,1000,"sd","11:01:54",1945800
8470,-630,500,"sd","11:01:54",1944800
8470,-630,100,"sd","11:01:54",1944300
8470,-630,100,"sd","11:01:54",1944200
8470,-630,100,"sd","11:01:54",1944100
8470,-630,100,"sd","11:01:54",1944000
8470,-630,33300,"sd","11:01:54",1943900
8470,-630,200,"sd","11:01:54",1910600
8470,-630,500,"sd","11:01:54",1910400
8470,-630,100,"sd","11:01:54",1909900
8470,-630,5000,"sd","11:01:54",1909800
8470,-630,500,"sd","11:01:54",1904800
8470,-630,500,"sd","11:01:54",1904300
8470,-630,200,"sd","11:01:54",1903800
8470,-630,5000,"sd","11:01:54",1903600
8470,-630,200,"sd","11:01:54",1898600
8470,-630,20000,"sd","11:01:54",1898400
8470,-630,100,"sd","11:01:54",1878400
8470,-630,5000,"sd","11:01:54",1878300
8470,-630,100,"sd","11:01:54",1873300
8470,-630,500,"sd","11:01:54",1873200
8470,-630,3000,"sd","11:01:54",1872700
8470,-630,100,"sd","11:01:54",1869700
8470,-630,100,"sd","11:01:54",1869600
8470,-630,2000,"sd","11:01:54",1869500
8470,-630,100,"sd","11:01:54",1867500
8470,-630,500,"sd","11:01:54",1867400
8470,-630,500,"sd","11:01:54",1866900
8470,-630,100,"sd","11:01:54",1866400
8470,-630,2000,"sd","11:01:54",1866300
8470,-630,100,"sd","11:01:54",1864300
8470,-630,100,"sd","11:01:54",1864200
8470,-630,1000,"sd","11:01:54",1864100
8470,-630,7400,"sd","11:01:54",1863100
8470,-630,1000,"sd","11:01:54",1855700
8480,-620,1000,"sd","11:01:54",1854700
8470,-630,500,"sd","11:01:54",1853700
8470,-630,3000,"sd","11:01:54",1853200
8470,-630,500,"sd","11:01:54",1850200
8470,-630,100,"sd","11:01:54",1849700
8470,-630,1000,"sd","11:01:43",1849600
8470,-630,100,"sd","11:01:43",1848600
8470,-630,500,"sd","11:01:43",1848500
8470,-630,200,"sd","11:01:43",1848000
8470,-630,1000,"sd","11:01:43",1847800
8470,-630,2000,"sd","11:01:43",1846800
8470,-630,500,"sd","11:01:43",1844800
8470,-630,2000,"sd","11:01:43",1844300
8470,-630,500,"sd","11:01:43",1842300
8470,-630,100,"sd","11:01:43",1841800
8470,-630,2600,"sd","11:01:43",1841700
8470,-630,100,"sd","11:01:43",1839100
8470,-630,100,"sd","11:01:43",1839000
8470,-630,1400,"sd","11:01:43",1838900
8470,-630,2000,"sd","11:01:43",1837500
8470,-630,500,"sd","11:01:43",1835500
8470,-630,1000,"sd","11:01:43",1835000
8470,-630,100,"sd","11:01:43",1834000
8470,-630,3000,"sd","11:01:43",1833900
8470,-630,200,"sd","11:01:43",1830900
8470,-630,1900,"sd","11:01:43",1830700
8470,-630,200,"sd","11:01:43",1828800
8470,-630,1000,"sd","11:01:43",1828600
8470,-630,400,"sd","11:01:43",1827600
8470,-630,300,"sd","11:01:43",1827200
8470,-630,5000,"sd","11:01:43",1826900
8470,-630,200,"sd","11:01:43",1821900
8470,-630,5000,"sd","11:01:43",1821700
8470,-630,200,"sd","11:01:43",1816700
8470,-630,200,"sd","11:01:43",1816500
8470,-630,200,"sd","11:01:43",1816300
8470,-630,100,"sd","11:01:43",1816100
8470,-630,2000,"sd","11:01:43",1816000
8470,-630,1000,"sd","11:01:43",1814000
8470,-630,1000,"sd","11:01:43",1813000
8470,-630,1200,"sd","11:01:43",1812000
8470,-630,200,"sd","11:01:43",1810800
8470,-630,100,"sd","11:01:43",1810600
8470,-630,400,"sd","11:01:43",1810500
8470,-630,100,"sd","11:01:43",1810100
8470,-630,500,"sd","11:01:43",1810000
8470,-630,25000,"sd","11:01:43",1809500
8470,-630,100,"sd","11:01:43",1784500
8470,-630,100,"sd","11:01:43",1784400
8470,-630,4900,"sd","11:01:43",1784300
8470,-630,200,"sd","11:01:43",1779400
8470,-630,100,"sd","11:01:43",1779200
8470,-630,5000,"sd","11:01:43",1779100
8470,-630,500,"sd","11:01:43",1774100
8470,-630,100,"sd","11:01:43",1773600
8470,-630,100,"sd","11:01:43",1773500
8470,-630,1500,"sd","11:01:43",1773400
8470,-630,1600,"sd","11:01:43",1771900
8470,-630,1000,"sd","11:01:43",1770300
8470,-630,500,"sd","11:01:43",1769300
8470,-630,20000,"sd","11:01:43",1768800
8470,-630,200,"sd","11:01:43",1748800
8470,-630,300,"sd","11:01:43",1748600
8470,-630,800,"sd","11:01:43",1748300
8470,-630,1000,"sd","11:01:43",1747500
8470,-630,1000,"sd","11:01:43",1746500
8480,-620,300,"sd","11:01:43",1745500
8470,-630,10000,"sd","11:01:43",1745200
8480,-620,200,"sd","11:01:43",1735200
8470,-630,200,"sd","11:01:43",1735000
8480,-620,100,"sd","11:01:43",1734800
8470,-630,200,"sd","11:01:43",1734700
8480,-620,1000,"sd","11:01:43",1734500
8470,-630,100,"sd","11:01:43",1733500
8480,-620,3800,"sd","11:01:43",1733400
8480,-620,2000,"sd","11:01:30",1729600
8480,-620,2700,"bu","11:01:11",1727600
8480,-620,10000,"bu","11:01:04",1724900
8480,-620,200,"bu","11:01:02",1714900
8480,-620,100,"bu","11:00:58",1714700
8480,-620,100,"sd","11:00:53",1714600
8480,-620,100,"sd","11:00:53",1714500
8480,-620,6800,"sd","11:00:53",1714400
8490,-610,200,"bu","11:00:52",1707600
8480,-620,500,"sd","11:00:46",1707400
8480,-620,400,"sd","11:00:46",1706900
8480,-620,100,"sd","11:00:46",1706500
8480,-620,100,"sd","11:00:46",1706400
8480,-620,13200,"sd","11:00:46",1706300
8480,-620,500,"sd","11:00:46",1693100
8480,-620,500,"sd","11:00:46",1692600
8480,-620,100,"sd","11:00:46",1692100
8480,-620,1000,"sd","11:00:46",1692000
8480,-620,500,"sd","11:00:46",1691000
8480,-620,1000,"sd","11:00:46",1690500
8480,-620,200,"sd","11:00:46",1689500
8480,-620,1000,"sd","11:00:46",1689300
8480,-620,1000,"sd","11:00:46",1688300
8480,-620,2000,"sd","11:00:46",1687300
8480,-620,300,"sd","11:00:46",1685300
8480,-620,500,"sd","11:00:46",1685000
8480,-620,1000,"sd","11:00:46",1684500
8480,-620,7000,"sd","11:00:46",1683500
8480,-620,1000,"sd","11:00:46",1676500
8480,-620,3000,"sd","11:00:46",1675500
8480,-620,1000,"sd","11:00:46",1672500
8480,-620,1000,"sd","11:00:46",1671500
8480,-620,1000,"sd","11:00:46",1670500
8480,-620,200,"sd","11:00:46",1669500
8480,-620,500,"sd","11:00:46",1669300
8480,-620,10000,"sd","11:00:46",1668800
8480,-620,500,"sd","11:00:46",1658800
8480,-620,100,"sd","11:00:46",1658300
8480,-620,100,"sd","11:00:46",1658200
8480,-620,2000,"sd","11:00:46",1658100
8480,-620,100,"sd","11:00:46",1656100
8480,-620,5000,"sd","11:00:46",1656000
8480,-620,100,"sd","11:00:46",1651000
8480,-620,1000,"sd","11:00:46",1650900
8480,-620,2500,"sd","11:00:46",1649900
8480,-620,500,"sd","11:00:45",1647400
8480,-620,2000,"sd","11:00:45",1646900
8480,-620,500,"sd","11:00:45",1644900
8480,-620,500,"sd","11:00:44",1644400
8480,-620,1000,"sd","11:00:44",1643900
8480,-620,100,"sd","11:00:44",1642900
8480,-620,400,"sd","11:00:44",1642800
8490,-610,100,"bu","11:00:41",1642400
8480,-620,1600,"sd","11:00:38",1642300
8480,-620,1000,"sd","11:00:38",1640700
8480,-620,3000,"sd","11:00:38",1639700
8480,-620,500,"sd","11:00:38",1636700
8480,-620,3000,"sd","11:00:38",1636200
8480,-620,500,"sd","11:00:38",1633200
8480,-620,400,"sd","11:00:38",1632700
8490,-610,500,"bu","11:00:22",1632300
8490,-610,100,"bu","11:00:19",1631800
8490,-610,500,"bu","11:00:01",1631700
8490,-610,200,"bu","10:59:58",1631200
8490,-610,10000,"bu","10:59:57",1631000
8490,-610,2000,"sd","10:59:56",1621000
8500,-600,5000,"sd","10:59:56",1619000
8500,-600,66800,"sd","10:59:56",1614000
8490,-610,10000,"sd","10:59:56",1547200
8490,-610,1000,"sd","10:59:56",1537200
8490,-610,1000,"sd","10:59:56",1536200
8490,-610,3000,"sd","10:59:56",1535200
8490,-610,10000,"sd","10:59:56",1532200
8490,-610,300,"sd","10:59:56",1522200
8500,-600,23200,"sd","10:59:50",1521900
8500,-600,3400,"sd","10:59:50",1498700
8520,-580,200,"bu","10:59:33",1495300
8500,-600,100,"sd","10:59:29",1495100
8500,-600,1500,"bu","10:59:24",1495000
8500,-600,100,"sd","10:59:10",1493500
8500,-600,100,"sd","10:59:10",1493400
8500,-600,6500,"sd","10:59:10",1493300
8500,-600,200,"sd","10:59:10",1486800
8500,-600,100,"sd","10:59:10",1486600
8500,-600,400,"sd","10:59:10",1486500
8500,-600,5000,"sd","10:59:10",1486100
8500,-600,1000,"sd","10:59:10",1481100
8500,-600,300,"sd","10:59:10",1480100
8500,-600,100,"sd","10:59:10",1479800
8500,-600,1000,"sd","10:59:10",1479700
8500,-600,500,"sd","10:59:10",1478700
8500,-600,200,"sd","10:59:10",1478200
8500,-600,300,"sd","10:59:10",1478000
8500,-600,700,"sd","10:59:10",1477700
8500,-600,200,"sd","10:59:10",1477000
8500,-600,1000,"sd","10:59:10",1476800
8500,-600,200,"sd","10:59:10",1475800
8500,-600,1100,"sd","10:59:10",1475600
8500,-600,100,"sd","10:59:10",1474500
8500,-600,100,"sd","10:59:10",1474400
8500,-600,2000,"sd","10:59:10",1474300
8500,-600,10000,"sd","10:59:10",1472300
8500,-600,300,"sd","10:59:10",1462300
8500,-600,2000,"sd","10:59:10",1462000
8500,-600,300,"sd","10:59:10",1460000
8500,-600,2700,"sd","10:59:10",1459700
8500,-600,1500,"sd","10:59:10",1457000
8510,-590,100,"sd","10:59:10",1455500
8500,-600,200,"sd","10:59:10",1455400
8510,-590,200,"sd","10:59:10",1455200
8510,-590,200,"sd","10:58:51",1455000
8510,-590,600,"sd","10:58:51",1454800
8520,-580,100,"sd","10:58:45",1454200
8510,-590,1900,"bu","10:58:31",1454100
8510,-590,5000,"bu","10:58:30",1452200
8500,-600,5000,"sd","10:58:18",1447200
8500,-600,200,"sd","10:58:18",1442200
8500,-600,100,"sd","10:58:18",1442000
8500,-600,600,"sd","10:58:18",1441900
8500,-600,10000,"sd","10:58:18",1441300
8500,-600,3000,"sd","10:58:18",1431300
8500,-600,500,"sd","10:58:18",1428300
8500,-600,200,"sd","10:58:18",1427800
8500,-600,500,"sd","10:58:18",1427600
8500,-600,1800,"sd","10:58:18",1427100
8500,-600,2000,"sd","10:58:18",1425300
8500,-600,2000,"sd","10:58:18",1423300
8500,-600,5000,"sd","10:58:18",1421300
8500,-600,200,"sd","10:58:18",1416300
8500,-600,100,"sd","10:58:18",1416100
8500,-600,100,"sd","10:58:18",1416000
8500,-600,1700,"sd","10:58:18",1415900
8510,-590,100,"sd","10:58:18",1414200
8510,-590,100,"sd","10:58:18",1414100
8510,-590,1400,"sd","10:58:18",1414000
8510,-590,100,"sd","10:58:18",1412600
8500,-600,2300,"sd","10:58:18",1412500
8510,-590,500,"sd","10:58:18",1410200
8510,-590,22500,"sd","10:58:18",1409700
8520,-580,200,"bu","10:58:11",1387200
8510,-590,3400,"sd","10:57:55",1387000
8510,-590,9100,"sd","10:57:53",1383600
8510,-590,900,"sd","10:57:53",1374500
8510,-590,4100,"sd","10:57:49",1373600
8510,-590,1000,"sd","10:57:49",1369500
8510,-590,200,"sd","10:57:49",1368500
8510,-590,2000,"sd","10:57:49",1368300
8510,-590,100,"sd","10:57:49",1366300
8510,-590,2000,"sd","10:57:49",1366200
8510,-590,700,"sd","10:57:49",1364200
8520,-580,1000,"sd","10:57:49",1363500
8520,-580,5000,"sd","10:57:49",1362500
8520,-580,500,"sd","10:57:49",1357500
8520,-580,100,"sd","10:57:49",1357000
8520,-580,100,"sd","10:57:49",1356900
8520,-580,100,"sd","10:57:49",1356800
8520,-580,100,"sd","10:57:49",1356700
8520,-580,500,"sd","10:57:45",1356600
8520,-580,1000,"sd","10:57:34",1356100
8520,-580,1000,"sd","10:57:34",1355100
8520,-580,1500,"sd","10:57:34",1354100
8530,-570,100,"bu","10:57:32",1352600
8530,-570,100,"sd","10:57:20",1352500
8520,-580,20400,"sd","10:56:42",1352400
8530,-570,400,"sd","10:56:42",1332000
8530,-570,100,"sd","10:56:42",1331600
8530,-570,500,"sd","10:56:17",1331500
8530,-570,5000,"sd","10:56:17",1331000
8530,-570,500,"sd","10:56:17",1326000
8540,-560,200,"bu","10:56:04",1325500
8520,-580,8100,"sd","10:54:49",1325300
8530,-570,200,"sd","10:54:49",1317200
8530,-570,1700,"sd","10:54:49",1317000
8540,-560,200,"bu","10:54:42",1315300
8530,-570,1300,"sd","10:54:35",1315100
8530,-570,100,"sd","10:54:35",1313800
8530,-570,100,"sd","10:54:35",1313700
8530,-570,100,"sd","10:54:35",1313600
8540,-560,100,"bu","10:54:31",1313500
8540,-560,100,"bu","10:54:20",1313400
8540,-560,1700,"bu","10:54:18",1313300
8540,-560,100,"bu","10:54:06",1311600
8540,-560,900,"bu","10:54:03",1311500
8540,-560,100,"bu","10:53:57",1310600
8540,-560,100,"sd","10:53:19",1310500
8540,-560,100,"sd","10:53:19",1310400
8540,-560,100,"sd","10:53:19",1310300
8540,-560,100,"sd","10:53:19",1310200
8560,-540,2700,"sd","10:53:19",1310100
8560,-540,100,"sd","10:52:47",1307400
8560,-540,2000,"sd","10:52:46",1307300
8560,-540,200,"bu","10:52:43",1305300
8560,-540,500,"bu","10:52:43",1305100
8540,-560,100,"sd","10:52:36",1304600
8540,-560,400,"sd","10:52:36",1304500
8550,-550,100,"sd","10:52:36",1304100
8550,-550,100,"sd","10:52:36",1304000
8550,-550,100,"sd","10:52:36",1303900
8550,-550,200,"sd","10:52:36",1303800
8560,-540,100,"bu","10:52:30",1303600
8560,-540,800,"bu","10:52:24",1303500
8560,-540,100,"bu","10:51:50",1302700
8550,-550,800,"sd","10:51:24",1302600
8550,-550,200,"sd","10:51:24",1301800
8550,-550,100,"sd","10:51:24",1301600
8550,-550,900,"sd","10:51:24",1301500
8550,-550,1100,"sd","10:51:01",1300600
8550,-550,400,"sd","10:51:01",1299500
8560,-540,100,"bu","10:51:01",1299100
8550,-550,1500,"sd","10:50:59",1299000
8560,-540,100,"sd","10:50:46",1297500
8560,-540,100,"sd","10:50:46",1297400
8550,-550,700,"sd","10:49:41",1297300
8550,-550,100,"sd","10:48:45",1296600
8560,-540,3000,"sd","10:48:32",1296500
8560,-540,100,"sd","10:48:32",1293500
8560,-540,500,"sd","10:48:32",1293400
8560,-540,1000,"sd","10:48:32",1292900
8560,-540,500,"sd","10:48:32",1291900
8560,-540,200,"sd","10:48:32",1291400
8580,-520,400,"bu","10:48:30",1291200
8570,-530,100,"bu","10:48:30",1290800
8570,-530,300,"bu","10:47:58",1290700
8570,-530,100,"bu","10:47:47",1290400
8570,-530,900,"sd","10:47:25",1290300
8570,-530,500,"sd","10:47:25",1289400
8570,-530,500,"sd","10:47:25",1288900
8570,-530,5400,"sd","10:47:25",1288400
8580,-520,2000,"bu","10:47:09",1283000
8570,-530,400,"sd","10:46:59",1281000
8570,-530,900,"sd","10:46:59",1280600
8570,-530,2000,"sd","10:46:42",1279700
8580,-520,500,"bu","10:46:37",1277700
8580,-520,100,"bu","10:46:29",1277200
8580,-520,400,"bu","10:46:29",1277100
8580,-520,100,"bu","10:46:15",1276700
8570,-530,5000,"sd","10:46:13",1276600
8580,-520,100,"sd","10:45:56",1271600
8580,-520,100,"sd","10:45:56",1271500
8580,-520,200,"sd","10:45:56",1271400
8580,-520,4700,"sd","10:45:56",1271200
8580,-520,300,"sd","10:45:29",1266500
8590,-510,100,"bu","10:44:43",1266200
8590,-510,500,"bu","10:43:58",1266100
8590,-510,1700,"sd","10:43:06",1265600
8600,-500,3700,"bu","10:43:04",1263900
8590,-510,3000,"sd","10:43:01",1260200
8590,-510,300,"sd","10:42:59",1257200
8590,-510,100,"sd","10:42:59",1256900
8590,-510,100,"sd","10:42:59",1256800
8600,-500,800,"bu","10:42:46",1256700
8600,-500,200,"bu","10:42:34",1255900
8600,-500,100,"bu","10:42:18",1255700
8600,-500,1400,"bu","10:41:42",1255600
8600,-500,300,"bu","10:41:24",1254200
8600,-500,1000,"bu","10:41:18",1253900
8600,-500,1500,"bu","10:41:18",1252900
8600,-500,500,"bu","10:41:16",1251400
8600,-500,500,"bu","10:40:31",1250900
8600,-500,1000,"sd","10:40:30",1250400
8600,-500,3500,"sd","10:40:30",1249400
8600,-500,500,"bu","10:40:12",1245900
8600,-500,100,"bu","10:40:03",1245400
8600,-500,600,"bu","10:40:03",1245300
8600,-500,100,"bu","10:39:31",1244700
8600,-500,5500,"bu","10:39:13",1244600
8600,-500,400,"bu","10:38:55",1239100
8600,-500,200,"bu","10:38:47",1238700
8600,-500,2000,"bu","10:38:41",1238500
8600,-500,800,"bu","10:38:39",1236500
8600,-500,400,"sd","10:38:26",1235700
8600,-500,100,"bu","10:37:59",1235300
8600,-500,200,"bu","10:37:55",1235200
8600,-500,1200,"bu","10:37:55",1235000
8600,-500,1000,"bu","10:37:31",1233800
8600,-500,2000,"bu","10:36:52",1232800
8600,-500,200,"bu","10:36:42",1230800
8600,-500,500,"sd","10:36:41",1230600
8600,-500,1000,"sd","10:36:41",1230100
8600,-500,1000,"sd","10:36:41",1229100
8600,-500,1000,"sd","10:36:41",1228100
8600,-500,11000,"bu","10:36:09",1227100
8600,-500,200,"bu","10:35:52",1216100
8600,-500,4600,"bu","10:35:47",1215900
8600,-500,2000,"bu","10:35:39",1211300
8600,-500,600,"bu","10:35:10",1209300
8600,-500,100,"bu","10:34:50",1208700
8600,-500,500,"bu","10:34:36",1208600
8600,-500,2000,"bu","10:34:33",1208100
8600,-500,1000,"bu","10:34:32",1206100
8600,-500,500,"bu","10:34:20",1205100
8600,-500,900,"bu","10:34:17",1204600
8590,-510,100,"sd","10:33:50",1203700
8600,-500,2000,"sd","10:33:07",1203600
8600,-500,1500,"sd","10:33:07",1201600
8600,-500,500,"sd","10:32:43",1200100
8600,-500,3000,"sd","10:32:25",1199600
8600,-500,1000,"bu","10:30:55",1196600
8600,-500,300,"sd","10:30:22",1195600
8600,-500,200,"sd","10:30:22",1195300
8600,-500,400,"sd","10:30:22",1195100
8600,-500,300,"sd","10:30:22",1194700
8600,-500,9600,"sd","10:30:22",1194400
8610,-490,100,"sd","10:30:22",1184800
8620,-480,100,"sd","10:30:22",1184700
8630,-470,1000,"bu","10:29:58",1184600
8630,-470,100,"bu","10:29:54",1183600
8630,-470,2000,"bu","10:29:50",1183500
8630,-470,800,"bu","10:29:47",1181500
8640,-460,1000,"bu","10:29:05",1180700
8640,-460,800,"bu","10:28:49",1179700
8640,-460,500,"bu","10:27:13",1178900
8630,-470,500,"bu","10:27:09",1178400
8640,-460,800,"bu","10:26:11",1177900
8650,-450,200,"bu","10:25:54",1177100
8600,-500,10400,"sd","10:25:24",1176900
8600,-500,500,"sd","10:25:24",1166500
8600,-500,600,"sd","10:25:24",1166000
8600,-500,100,"bu","10:24:09",1165400
8600,-500,1000,"bu","10:23:59",1165300
8590,-510,100,"sd","10:23:51",1164300
8600,-500,100,"bu","10:23:32",1164200
8600,-500,1000,"bu","10:23:22",1164100
8600,-500,300,"bu","10:23:02",1163100
8600,-500,1000,"bu","10:22:58",1162800
8600,-500,500,"bu","10:22:45",1161800
8600,-500,100,"bu","10:22:44",1161300
8600,-500,100,"sd","10:22:41",1161200
8600,-500,200,"sd","10:22:41",1161100
8600,-500,500,"sd","10:22:41",1160900
8600,-500,5000,"sd","10:22:41",1160400
8600,-500,100,"sd","10:22:41",1155400
8600,-500,300,"sd","10:22:41",1155300
8600,-500,200,"sd","10:22:41",1155000
8600,-500,1000,"sd","10:22:41",1154800
8600,-500,1900,"sd","10:22:41",1153800
8610,-490,3500,"sd","10:22:41",1151900
8610,-490,300,"sd","10:22:41",1148400
8600,-500,100,"sd","10:22:41",1148100
8610,-490,200,"sd","10:22:41",1148000
8600,-500,400,"sd","10:22:41",1147800
8620,-480,500,"sd","10:22:41",1147400
8600,-500,100,"sd","10:22:41",1146900
8620,-480,1000,"sd","10:22:41",1146800
8600,-500,200,"sd","10:22:41",1145800
8620,-480,300,"sd","10:22:41",1145600
8650,-450,300,"bu","10:22:23",1145300
8680,-420,300,"bu","10:21:46",1145000
8640,-460,500,"bu","10:21:26",1144700
8620,-480,300,"sd","10:21:22",1144200
8620,-480,1700,"sd","10:21:22",1143900
8620,-480,300,"sd","10:20:27",1142200
8620,-480,100,"sd","10:20:27",1141900
8620,-480,100,"sd","10:20:27",1141800
8650,-450,200,"bu","10:19:58",1141700
8650,-450,300,"bu","10:19:42",1141500
8650,-450,500,"bu","10:18:12",1141200
8650,-450,1000,"sd","10:18:08",1140700
8650,-450,500,"sd","10:18:08",1139700
8650,-450,600,"bu","10:17:39",1139200
8650,-450,200,"bu","10:17:39",1138600
8640,-460,400,"bu","10:17:39",1138400
8640,-460,100,"sd","10:17:29",1138000
8650,-450,200,"bu","10:17:24",1137900
8650,-450,100,"bu","10:17:17",1137700
8650,-450,200,"sd","10:15:49",1137600
8650,-450,300,"sd","10:15:49",1137400
8650,-450,500,"sd","10:13:35",1137100
8700,-400,200,"bu","10:12:51",1136600
8700,-400,500,"bu","10:12:32",1136400
8600,-500,3100,"sd","10:12:30",1135900
8600,-500,100,"sd","10:12:30",1132800
8600,-500,15000,"sd","10:12:30",1132700
8600,-500,1000,"sd","10:12:30",1117700
8600,-500,100,"sd","10:12:30",1116700
8600,-500,3800,"sd","10:12:30",1116600
8610,-490,5000,"sd","10:12:30",1112800
8610,-490,400,"sd","10:12:30",1107800
8610,-490,600,"sd","10:12:30",1107400
8610,-490,1000,"sd","10:12:30",1106800
8610,-490,200,"sd","10:12:30",1105800
8610,-490,200,"sd","10:12:30",1105600
8610,-490,500,"sd","10:12:30",1105400
8610,-490,1200,"sd","10:12:30",1104900
8630,-470,1000,"sd","10:12:30",1103700
8630,-470,200,"sd","10:12:30",1102700
8630,-470,5000,"sd","10:12:30",1102500
8640,-460,300,"sd","10:12:30",1097500
8640,-460,2400,"sd","10:12:30",1097200
8650,-450,100,"sd","10:12:30",1094800
8650,-450,100,"sd","10:12:30",1094700
8650,-450,300,"sd","10:12:30",1094600
8670,-430,300,"sd","10:12:30",1094300
8670,-430,200,"sd","10:12:30",1094000
8670,-430,700,"sd","10:12:30",1093800
8670,-430,300,"sd","10:11:50",1093100
8670,-430,100,"sd","10:11:50",1092800
8670,-430,100,"sd","10:11:50",1092700
8670,-430,100,"sd","10:11:50",1092600
8670,-430,400,"sd","10:11:50",1092500
8670,-430,100,"sd","10:11:42",1092100
8670,-430,500,"bu","10:11:26",1092000
8670,-430,200,"bu","10:11:16",1091500
8670,-430,10000,"bu","10:11:07",1091300
8650,-450,5000,"sd","10:10:27",1081300
8650,-450,5000,"bu","10:10:03",1076300
8650,-450,500,"bu","10:10:02",1071300
8650,-450,100,"bu","10:10:02",1070800
8650,-450,300,"bu","10:10:02",1070700
8650,-450,100,"bu","10:09:52",1070400
8640,-460,1100,"sd","10:09:38",1070300
8640,-460,500,"bu","10:09:28",1069200
8640,-460,1000,"bu","10:09:23",1068700
8640,-460,5000,"bu","10:09:09",1067700
8640,-460,500,"bu","10:08:59",1062700
8640,-460,12200,"bu","10:08:22",1062200
8630,-470,2000,"bu","10:08:06",1050000
8610,-490,100,"sd","10:07:06",1048000
8610,-490,600,"bu","10:06:06",1047900
8610,-490,1000,"bu","10:06:04",1047300
8610,-490,300,"bu","10:06:00",1046300
8610,-490,100,"sd","10:05:52",1046000
8600,-500,1000,"sd","10:05:38",1045900
8610,-490,100,"bu","10:05:17",1044900
8610,-490,100,"bu","10:05:17",1044800
8610,-490,1900,"bu","10:05:01",1044700
8610,-490,500,"bu","10:04:44",1042800
8610,-490,5000,"sd","10:04:41",1042300
8610,-490,500,"sd","10:04:41",1037300
8610,-490,100,"sd","10:04:41",1036800
8650,-450,3700,"bu","10:04:31",1036700
8650,-450,2500,"bu","10:04:31",1033000
8650,-450,3800,"bu","10:04:31",1030500
8650,-450,100,"bu","10:04:30",1026700
8650,-450,1000,"bu","10:03:16",1026600
8650,-450,100,"bu","10:03:03",1025600
8650,-450,500,"bu","10:02:30",1025500
8600,-500,200,"bu","10:02:12",1025000
8600,-500,1800,"bu","10:02:11",1024800
8600,-500,1200,"bu","10:02:11",1023000
8590,-510,400,"sd","10:02:04",1021800
8600,-500,800,"bu","10:01:55",1021400
8600,-500,5200,"bu","10:01:55",1020600
8600,-500,100,"bu","10:01:50",1015400
8590,-510,2000,"bu","10:01:11",1015300
8590,-510,1000,"bu","10:01:11",1013300
8580,-520,3000,"sd","10:01:09",1012300
8580,-520,1300,"bu","10:00:52",1009300
8580,-520,100,"bu","10:00:52",1008000
8580,-520,100,"bu","10:00:38",1007900
8580,-520,300,"bu","10:00:26",1007800
8580,-520,100,"bu","10:00:18",1007500
8580,-520,1400,"bu","10:00:08",1007400
8580,-520,600,"bu","10:00:08",1006000
8580,-520,3900,"bu","09:59:50",1005400
8580,-520,300,"bu","09:59:50",1001500
8580,-520,100,"bu","09:59:39",1001200
8570,-530,2100,"sd","09:59:38",1001100
8570,-530,500,"sd","09:59:38",999000
8570,-530,100,"sd","09:59:38",998500
8570,-530,200,"sd","09:59:38",998400
8570,-530,100,"sd","09:59:38",998200
8570,-530,100,"sd","09:59:26",998100
8570,-530,100,"sd","09:59:26",998000
8570,-530,1100,"sd","09:59:26",997900
8570,-530,2400,"sd","09:59:01",996800
8570,-530,500,"sd","09:58:40",994400
8570,-530,200,"sd","09:58:32",993900
8580,-520,100,"bu","09:58:31",993700
8570,-530,2100,"sd","09:58:09",993600
8570,-530,700,"bu","09:58:05",991500
8570,-530,100,"bu","09:58:02",990800
8570,-530,900,"bu","09:58:02",990700
8570,-530,100,"bu","09:57:35",989800
8560,-540,100,"bu","09:57:05",989700
8560,-540,100,"bu","09:57:01",989600
8550,-550,300,"bu","09:56:54",989500
8550,-550,8000,"bu","09:56:48",989200
8550,-550,1500,"sd","09:56:38",981200
8550,-550,200,"sd","09:56:38",979700
8560,-540,800,"bu","09:56:33",979500
8560,-540,1000,"bu","09:56:28",978700
8550,-550,500,"sd","09:56:08",977700
8550,-550,4300,"bu","09:56:03",977200
8550,-550,100,"bu","09:55:54",972900
8550,-550,500,"bu","09:55:51",972800
8550,-550,100,"bu","09:55:41",972300
8540,-560,500,"sd","09:55:25",972200
8540,-560,300,"bu","09:55:24",971700
8540,-560,100,"bu","09:54:33",971400
8540,-560,200,"bu","09:54:26",971300
8540,-560,200,"bu","09:54:23",971100
8540,-560,100,"bu","09:54:19",970900
8540,-560,100,"bu","09:54:12",970800
8540,-560,2000,"bu","09:54:11",970700
8530,-570,1000,"sd","09:54:10",968700
8530,-570,1000,"bu","09:53:57",967700
8530,-570,1000,"bu","09:53:55",966700
8530,-570,200,"bu","09:53:48",965700
8520,-580,20000,"sd","09:53:47",965500
8530,-570,800,"bu","09:53:47",945500
8530,-570,200,"bu","09:53:47",944700
8530,-570,100,"bu","09:53:40",944500
8530,-570,100,"bu","09:53:24",944400
8530,-570,1700,"bu","09:53:21",944300
8530,-570,800,"bu","09:53:10",942600
8510,-590,5600,"sd","09:53:03",941800
8520,-580,100,"sd","09:53:03",936200
8530,-570,100,"bu","09:52:54",936100
8510,-590,1000,"sd","09:52:33",936000
8510,-590,1500,"sd","09:52:28",935000
8510,-590,1000,"sd","09:52:25",933500
8510,-590,100,"bu","09:52:19",932500
8510,-590,100,"bu","09:52:19",932400
8510,-590,3000,"bu","09:52:17",932300
8510,-590,200,"bu","09:52:12",929300
8510,-590,1000,"bu","09:52:11",929100
8510,-590,3000,"bu","09:52:08",928100
8500,-600,1800,"sd","09:52:07",925100
8500,-600,1500,"sd","09:52:01",923300
8500,-600,500,"sd","09:52:01",921800
8500,-600,2000,"sd","09:52:01",921300
8500,-600,100,"sd","09:52:01",919300
8500,-600,100,"sd","09:52:01",919200
8500,-600,100,"sd","09:52:01",919100
8500,-600,2200,"sd","09:52:01",919000
8500,-600,1000,"sd","09:51:43",916800
8510,-590,3000,"bu","09:51:42",915800
8510,-590,800,"bu","09:51:36",912800
8510,-590,100,"bu","09:51:17",912000
8510,-590,3000,"sd","09:51:16",911900
8510,-590,100,"sd","09:51:16",908900
8510,-590,1000,"sd","09:51:16",908800
8510,-590,200,"sd","09:51:16",907800
8510,-590,9100,"sd","09:51:16",907600
8520,-580,1000,"sd","09:51:16",898500
8540,-560,200,"sd","09:51:16",897500
8550,-550,10000,"sd","09:51:14",897300
8510,-590,700,"sd","09:50:43",887300
8510,-590,100,"sd","09:50:43",886600
8510,-590,2300,"sd","09:50:43",886500
8510,-590,100,"sd","09:50:43",884200
8520,-580,500,"sd","09:50:43",884100
8510,-590,100,"sd","09:50:35",883600
8500,-600,300,"sd","09:50:01",883500
8510,-590,100,"sd","09:50:01",883200
8500,-600,6000,"sd","09:49:41",883100
8590,-510,500,"bu","09:49:04",877100
8500,-600,500,"sd","09:49:01",876600
8590,-510,100,"bu","09:49:01",876100
8590,-510,200,"bu","09:48:50",876000
8480,-620,2200,"sd","09:48:38",875800
8600,-500,100,"bu","09:48:23",873600
8480,-620,2500,"sd","09:48:21",873500
8590,-510,100,"unknown","09:48:21",871000
8480,-620,1000,"sd","09:48:21",870900
8480,-620,100,"sd","09:48:21",861900
8590,-510,5000,"sd","09:48:21",869900
8480,-620,500,"sd","09:48:21",864900
8590,-510,2500,"sd","09:48:21",864400
8490,-610,1000,"sd","09:48:21",861800
8500,-600,1800,"sd","09:48:21",860800
8500,-600,100,"sd","09:48:21",859000
8500,-600,1000,"sd","09:48:21",858900
8500,-600,500,"sd","09:48:21",857900
8500,-600,100,"sd","09:48:21",857400
8500,-600,200,"sd","09:48:21",857300
8590,-510,1000,"sd","09:48:21",857100
8600,-500,500,"bu","09:48:14",856100
8600,-500,100,"bu","09:47:53",855600
8590,-510,5000,"sd","09:47:22",855500
8590,-510,1000,"sd","09:47:21",850500
8590,-510,400,"bu","09:46:57",849500
8500,-600,1500,"sd","09:46:57",849100
8500,-600,300,"sd","09:46:57",847600
8500,-600,500,"sd","09:46:57",847300
8500,-600,2100,"sd","09:46:57",846800
8500,-600,100,"sd","09:46:57",844700
8500,-600,800,"sd","09:46:57",844600
8500,-600,2000,"sd","09:46:57",843800
8500,-600,100,"sd","09:46:57",841800
8500,-600,300,"sd","09:46:57",841700
8500,-600,2000,"sd","09:46:57",841400
8500,-600,200,"sd","09:46:57",839400
8500,-600,500,"sd","09:46:57",839200
8500,-600,500,"sd","09:46:57",838700
8500,-600,5000,"sd","09:46:57",838200
8500,-600,1000,"sd","09:46:57",833200
8500,-600,1200,"sd","09:46:57",832200
8500,-600,13300,"sd","09:46:57",831000
8500,-600,1000,"sd","09:46:57",817700
8500,-600,1500,"sd","09:46:57",816700
8500,-600,2000,"sd","09:46:57",815200
8500,-600,51000,"sd","09:46:57",813200
8500,-600,5000,"sd","09:46:57",762200
8500,-600,4200,"sd","09:46:57",757200
8500,-600,700,"sd","09:46:57",753000
8500,-600,2000,"sd","09:46:57",752300
8500,-600,500,"sd","09:46:57",750300
8500,-600,6000,"sd","09:46:57",749800
8500,-600,6000,"sd","09:46:57",743800
8500,-600,200,"sd","09:46:57",737800
8500,-600,4900,"sd","09:46:57",737600
8500,-600,5000,"sd","09:46:57",732700
8500,-600,200,"sd","09:46:57",727700
8500,-600,200,"sd","09:46:57",727500
8500,-600,4100,"sd","09:46:57",727300
8500,-600,20300,"sd","09:46:57",723200
8500,-600,200,"sd","09:46:57",702900
8500,-600,600,"sd","09:46:57",702700
8500,-600,400,"sd","09:46:57",702100
8500,-600,500,"sd","09:46:57",701700
8500,-600,3000,"sd","09:46:57",701200
8500,-600,1000,"sd","09:46:57",698200
8500,-600,1000,"sd","09:46:57",697200
8500,-600,800,"sd","09:46:57",696200
8500,-600,500,"sd","09:46:57",695400
8500,-600,3000,"sd","09:46:57",694900
8550,-550,1000,"sd","09:46:57",691900
8500,-600,100,"sd","09:46:57",690900
8500,-600,100,"sd","09:46:57",690800
8500,-600,1000,"sd","09:46:57",690700
8500,-600,2000,"sd","09:46:57",689700
8550,-550,5000,"sd","09:46:57",687700
8500,-600,5300,"sd","09:46:57",682700
8550,-550,200,"sd","09:46:57",677400
8500,-600,3000,"sd","09:46:57",677200
8550,-550,300,"sd","09:46:57",674200
8500,-600,300,"sd","09:46:57",673900
8550,-550,300,"sd","09:46:57",673600
8500,-600,100,"sd","09:46:57",673300
8550,-550,10000,"sd","09:46:57",673200
8510,-590,100,"sd","09:46:57",663200
8570,-530,1000,"sd","09:46:57",663100
8520,-580,30000,"sd","09:46:57",662100
8570,-530,3700,"sd","09:46:57",632100
8570,-530,1000,"sd","09:46:57",628400
8520,-580,10000,"sd","09:46:57",627400
8520,-580,100,"sd","09:46:57",617400
8530,-570,1000,"sd","09:46:57",617000
8530,-570,300,"sd","09:46:57",617300
8540,-560,300,"sd","09:46:57",616000
8590,-510,200,"sd","09:46:50",615700
8590,-510,100,"sd","09:46:50",615500
8590,-510,1000,"sd","09:46:50",615400
8600,-500,1000,"sd","09:46:50",614400
8600,-500,100,"sd","09:46:50",613400
8600,-500,200,"sd","09:46:50",613300
8600,-500,1000,"sd","09:46:50",613100
8600,-500,500,"sd","09:46:45",612100
8600,-500,100,"sd","09:46:45",611600
8600,-500,5000,"sd","09:46:45",611500
8600,-500,1000,"sd","09:46:45",606500
8600,-500,100,"sd","09:46:45",605500
8600,-500,100,"sd","09:46:45",605400
8600,-500,300,"sd","09:46:45",605300
8600,-500,2000,"sd","09:46:45",605000
8600,-500,100,"sd","09:46:45",603000
8600,-500,1500,"sd","09:46:45",602900
8600,-500,100,"sd","09:46:45",601400
8600,-500,500,"sd","09:46:45",601300
8600,-500,5000,"sd","09:46:45",600800
8600,-500,1000,"sd","09:46:45",595800
8600,-500,100,"sd","09:46:45",594800
8600,-500,3000,"sd","09:46:45",594700
8600,-500,100,"sd","09:46:45",591700
8600,-500,200,"sd","09:46:45",591600
8600,-500,5000,"sd","09:46:45",591400
8600,-500,100,"sd","09:46:45",586400
8600,-500,200,"sd","09:46:45",586300
8600,-500,100,"sd","09:46:45",586100
8600,-500,9500,"sd","09:46:45",586000
8600,-500,200,"sd","09:46:45",576500
8600,-500,1000,"sd","09:46:45",576300
8600,-500,3000,"sd","09:46:45",575300
8600,-500,200,"sd","09:46:45",572300
8610,-490,1000,"bu","09:46:30",572100
8610,-490,100,"bu","09:46:14",571100
8600,-500,500,"sd","09:46:12",571000
8600,-500,200,"sd","09:46:12",570500
8600,-500,100,"sd","09:46:12",570300
8600,-500,200,"sd","09:46:12",570200
8600,-500,1000,"sd","09:46:12",570000
8610,-490,1000,"bu","09:45:56",569000
8610,-490,200,"bu","09:45:50",568000
8610,-490,1000,"bu","09:45:47",567800
8610,-490,300,"bu","09:45:44",566800
8610,-490,1000,"sd","09:45:33",566500
8610,-490,200,"sd","09:45:33",565500
8610,-490,100,"sd","09:45:33",565300
8610,-490,1000,"sd","09:45:33",565200
8610,-490,1000,"sd","09:45:33",564200
8650,-450,300,"bu","09:45:32",563200
8610,-490,1000,"sd","09:45:18",562900
8630,-470,1000,"sd","09:45:18",561900
8630,-470,100,"sd","09:45:18",560900
8640,-460,1000,"sd","09:45:18",560800
8640,-460,1900,"sd","09:45:18",559800
8640,-460,1000,"sd","09:45:09",557900
8650,-450,2000,"bu","09:45:09",556900
8650,-450,100,"bu","09:44:42",554900
8640,-460,5500,"sd","09:44:41",554800
8640,-460,1000,"sd","09:44:39",549300
8650,-450,800,"bu","09:44:31",548300
8650,-450,2000,"sd","09:44:26",547500
8650,-450,500,"sd","09:44:26",545500
8650,-450,1000,"sd","09:44:26",545000
8650,-450,100,"sd","09:44:26",544000
8650,-450,100,"sd","09:44:26",543900
8650,-450,100,"sd","09:44:26",543800
8650,-450,3800,"sd","09:44:26",543700
8650,-450,300,"sd","09:44:26",539900
8650,-450,200,"sd","09:44:26",539600
8650,-450,200,"sd","09:44:26",539400
8650,-450,100,"sd","09:44:11",539200
8650,-450,900,"sd","09:44:11",539100
8650,-450,1000,"sd","09:44:11",538200
8660,-440,300,"sd","09:43:49",536200
8660,-440,1000,"sd","09:43:49",537200
8670,-430,1000,"bu","09:43:45",535900
8670,-430,100,"sd","09:43:40",534900
8670,-430,1000,"sd","09:43:40",534800
8670,-430,1000,"sd","09:43:40",533800
8670,-430,300,"sd","09:43:40",532800
8690,-410,2000,"bu","09:43:39",532500
8680,-420,8000,"bu","09:43:39",530500
8680,-420,2000,"bu","09:43:24",522500
8670,-430,700,"sd","09:43:15",520500
8690,-410,500,"bu","09:42:58",519800
8670,-430,100,"sd","09:42:51",519200
8670,-430,100,"sd","09:42:51",519300
8680,-420,1000,"sd","09:42:29",519100
8680,-420,100,"sd","09:42:29",518100
8680,-420,200,"sd","09:42:29",518000
8690,-410,100,"bu","09:42:28",517800
8690,-410,400,"sd","09:42:21",517700
8700,-400,2000,"bu","09:42:19",517300
8690,-410,600,"bu","09:42:02",515300
8690,-410,200,"sd","09:41:38",514700
8700,-400,200,"bu","09:41:18",514500
8700,-400,600,"bu","09:41:18",514300
8690,-410,200,"bu","09:41:04",513700
8690,-410,100,"bu","09:41:04",513500
8680,-420,100,"sd","09:40:59",513400
8690,-410,100,"bu","09:40:30",513300
8690,-410,100,"sd","09:40:30",513200
8700,-400,300,"bu","09:40:20",513100
8690,-410,1000,"sd","09:39:59",512800
8680,-420,4400,"sd","09:39:42",511800
8680,-420,10000,"sd","09:39:42",507400
8690,-410,100,"sd","09:39:42",497400
8700,-400,100,"bu","09:39:24",497300
8690,-410,1000,"sd","09:39:23",495200
8690,-410,2000,"sd","09:39:23",497200
8700,-400,200,"bu","09:38:55",494200
8700,-400,500,"bu","09:38:50",494000
8700,-400,200,"bu","09:38:50",493500
8710,-390,500,"bu","09:38:41",493300
8710,-390,100,"bu","09:38:37",492800
8710,-390,200,"bu","09:38:28",492700
8710,-390,100,"bu","09:38:16",492500
8710,-390,600,"bu","09:38:04",492400
8700,-400,400,"bu","09:38:04",491800
8700,-400,2000,"sd","09:37:59",491400
8700,-400,100,"sd","09:37:59",489400
8700,-400,400,"sd","09:37:49",489300
8700,-400,2500,"sd","09:37:40",488900
8700,-400,500,"sd","09:37:40",486400
8700,-400,500,"sd","09:37:35",485900
8700,-400,1000,"sd","09:37:25",485400
8700,-400,100,"sd","09:37:25",484400
8700,-400,100,"sd","09:37:25",484300
8700,-400,200,"sd","09:36:36",484200
8700,-400,100,"sd","09:36:30",484000
8700,-400,500,"sd","09:36:30",483900
8700,-400,500,"sd","09:36:30",483400
8700,-400,1000,"sd","09:36:30",482900
8700,-400,200,"sd","09:36:30",481900
8700,-400,100,"sd","09:36:30",481700
8700,-400,400,"sd","09:36:30",481600
8700,-400,1300,"sd","09:35:59",481200
8710,-390,200,"unknown","09:35:40",479900
8710,-390,200,"unknown","09:35:40",479700
8710,-390,2000,"sd","09:35:40",479500
8720,-380,500,"bu","09:35:12",477500
8720,-380,600,"bu","09:34:54",477000
8720,-380,900,"bu","09:34:54",476400
8720,-380,1100,"bu","09:34:34",475500
8720,-380,3900,"bu","09:34:34",474400
8720,-380,1000,"bu","09:34:12",470500
8720,-380,200,"bu","09:34:09",469500
8720,-380,500,"bu","09:34:04",469300
8720,-380,2000,"bu","09:34:03",468800
8700,-400,500,"bu","09:33:47",466800
8700,-400,2000,"bu","09:33:47",466300
8700,-400,5800,"bu","09:33:47",464300
8700,-400,100,"bu","09:33:46",458500
8700,-400,1000,"bu","09:33:42",458400
8700,-400,100,"bu","09:33:40",457400
8700,-400,2800,"bu","09:33:37",457300
8700,-400,2000,"bu","09:33:35",454500
8700,-400,500,"bu","09:33:34",452500
8700,-400,100,"bu","09:33:31",452000
8700,-400,5000,"bu","09:33:25",451900
8700,-400,2600,"bu","09:33:24",446900
8700,-400,5000,"bu","09:33:24",444300
8700,-400,2400,"bu","09:33:24",439300
8700,-400,3000,"bu","09:33:20",436900
8700,-400,500,"bu","09:33:14",433900
8650,-450,500,"sd","09:31:39",433400
8650,-450,8500,"sd","09:31:38",432900
8650,-450,2000,"bu","09:31:33",424400
8640,-460,400,"sd","09:31:27",422400
8650,-450,500,"bu","09:31:26",422000
8650,-450,2000,"bu","09:31:25",421500
8650,-450,2000,"bu","09:31:24",419500
8650,-450,3000,"bu","09:31:17",417500
8640,-460,200,"sd","09:31:14",414500
8630,-470,1000,"sd","09:31:02",414300
8630,-470,500,"bu","09:30:42",413300
8600,-500,300,"sd","09:30:23",412800
8600,-500,500,"sd","09:30:23",412500
8600,-500,500,"sd","09:30:23",412000
8600,-500,200,"sd","09:30:23",411500
8600,-500,1000,"sd","09:30:23",411300
8610,-490,500,"sd","09:30:23",410300
8600,-500,1000,"sd","09:30:08",409800
8600,-500,500,"sd","09:30:08",408800
8600,-500,500,"sd","09:30:08",408300
8600,-500,300,"sd","09:30:08",407800
8600,-500,2000,"sd","09:30:08",407500
8600,-500,1000,"sd","09:30:08",405500
8600,-500,300,"sd","09:30:08",404500
8600,-500,500,"sd","09:30:08",404200
8600,-500,3400,"sd","09:30:08",403700
8620,-480,400,"sd","09:30:08",400300
8600,-500,8100,"sd","09:30:03",399900
8620,-480,1900,"sd","09:30:03",391800
8610,-490,100,"bu","09:30:00",389900
8610,-490,200,"bu","09:29:50",389800
8610,-490,100,"sd","09:29:48",389600
8610,-490,100,"sd","09:29:48",389500
8650,-450,1000,"bu","09:29:43",389400
8610,-490,200,"sd","09:29:41",388400
8610,-490,200,"bu","09:29:22",388200
8600,-500,4600,"sd","09:29:19",388000
8600,-500,100,"sd","09:29:14",383400
8600,-500,3800,"bu","09:29:08",383300
8600,-500,1000,"sd","09:28:59",379500
8600,-500,100,"sd","09:28:59",378500
8600,-500,100,"sd","09:28:59",378400
8600,-500,500,"sd","09:28:57",378300
8600,-500,300,"sd","09:28:57",377800
8600,-500,2900,"sd","09:28:57",377500
8600,-500,1600,"sd","09:28:48",374600
8600,-500,900,"sd","09:28:48",373000
8650,-450,1000,"bu","09:28:45",372100
8600,-500,1100,"sd","09:28:37",371100
8600,-500,2900,"sd","09:28:37",370000
8600,-500,3000,"sd","09:28:29",367100
8600,-500,1200,"bu","09:28:21",364100
8600,-500,4000,"bu","09:28:21",362900
8600,-500,3900,"bu","09:28:21",358900
8600,-500,100,"bu","09:28:21",355000
8600,-500,10000,"bu","09:28:19",354900
8600,-500,1000,"bu","09:28:12",344900
8600,-500,100,"bu","09:28:10",343900
8600,-500,1000,"bu","09:27:56",343800
8600,-500,1000,"bu","09:27:54",342800
8600,-500,100,"bu","09:27:31",341800
8600,-500,3000,"bu","09:27:28",341700
8600,-500,8000,"bu","09:27:27",338700
8600,-500,1800,"bu","09:27:21",330700
8590,-510,5500,"bu","09:27:21",326200
8600,-500,2700,"bu","09:27:21",328900
8600,-500,200,"bu","09:27:10",320700
8600,-500,400,"bu","09:27:06",320500
8600,-500,200,"bu","09:27:06",320100
8600,-500,100,"bu","09:27:02",319900
8600,-500,100,"bu","09:26:57",319800
8600,-500,100,"bu","09:26:44",319700
8600,-500,3000,"sd","09:26:41",319600
8600,-500,1000,"sd","09:26:41",316600
8600,-500,200,"sd","09:26:41",315600
8600,-500,200,"sd","09:26:41",315400
8600,-500,100,"sd","09:26:41",315200
8600,-500,500,"sd","09:26:38",315100
8600,-500,400,"sd","09:26:38",314600
8600,-500,2000,"sd","09:26:38",314200
8600,-500,200,"sd","09:26:38",312200
8600,-500,2000,"sd","09:26:38",312000
8600,-500,500,"sd","09:26:38",310000
8600,-500,500,"sd","09:26:38",309500
8600,-500,1500,"sd","09:26:38",309000
8600,-500,4200,"sd","09:26:38",307500
8600,-500,1000,"sd","09:26:38",303300
8600,-500,100,"sd","09:26:38",302300
8600,-500,100,"sd","09:26:38",302200
8600,-500,1000,"sd","09:26:38",302100
8600,-500,600,"sd","09:26:15",301100
8600,-500,200,"sd","09:26:13",300500
8600,-500,7000,"sd","09:26:10",300300
8600,-500,1900,"sd","09:26:10",293300
8600,-500,6000,"sd","09:25:55",291400
8610,-490,100,"unknown","09:25:55",285400
8610,-490,5000,"unknown","09:25:55",285300
8610,-490,1000,"unknown","09:25:55",280300
8620,-480,17900,"sd","09:25:55",279300
8620,-480,1000,"sd","09:25:52",261400
8620,-480,100,"sd","09:25:48",260400
8620,-480,1000,"sd","09:25:44",260300
8600,-500,2000,"sd","09:25:04",259300
8600,-500,15400,"sd","09:24:56",257300
8610,-490,200,"sd","09:24:56",241900
8610,-490,1000,"sd","09:24:56",241700
8610,-490,2300,"sd","09:24:56",240700
8630,-470,100,"sd","09:24:56",238400
8650,-450,1000,"sd","09:24:56",238300
8610,-490,100,"sd","09:24:50",236600
8610,-490,700,"sd","09:24:50",237300
8630,-470,100,"sd","09:24:50",236500
8650,-450,100,"sd","09:24:50",236400
8700,-400,200,"bu","09:23:52",236300
8600,-500,4700,"sd","09:23:48",236100
8650,-450,2000,"sd","09:23:48",231400
8680,-420,3000,"sd","09:23:48",229400
8680,-420,200,"sd","09:23:48",226400
8680,-420,100,"sd","09:23:48",226200
8700,-400,200,"bu","09:23:46",226100
8700,-400,100,"bu","09:23:42",225900
8700,-400,800,"sd","09:23:36",225800
8700,-400,2000,"sd","09:23:36",225000
8700,-400,8800,"sd","09:23:36",223000
8700,-400,1200,"sd","09:23:08",214200
8700,-400,1800,"sd","09:23:08",213000
8700,-400,25300,"sd","09:23:07",211200
8700,-400,300,"sd","09:23:07",185900
8700,-400,100,"sd","09:23:07",185600
8700,-400,2000,"sd","09:23:07",185500
8700,-400,1000,"sd","09:23:07",183500
8700,-400,4000,"sd","09:23:07",182500
8700,-400,1400,"sd","09:23:07",178500
8700,-400,100,"sd","09:23:07",177100
8700,-400,100,"sd","09:23:07",177000
8700,-400,1500,"sd","09:23:07",176900
8710,-390,100,"sd","09:23:07",175400
8710,-390,500,"sd","09:23:07",175300
8710,-390,200,"sd","09:23:07",174800
8710,-390,1000,"sd","09:23:07",174600
8710,-390,100,"sd","09:23:07",170600
8710,-390,3000,"sd","09:23:07",173600
8720,-380,100,"bu","09:22:56",170500
8720,-380,1000,"sd","09:22:50",170400
8720,-380,400,"sd","09:22:50",169400
8720,-380,900,"sd","09:22:50",169000
8720,-380,100,"sd","09:22:45",168100
8720,-380,500,"sd","09:22:45",168000
8720,-380,1400,"sd","09:22:45",167500
8730,-370,500,"bu","09:22:41",166100
8730,-370,10000,"sd","09:22:35",165600
8800,-300,400,"bu","09:22:13",155600
8800,-300,600,"bu","09:22:13",155200
8800,-300,3000,"bu","09:22:13",154600
8800,-300,2000,"bu","09:21:49",151600
8720,-380,500,"sd","09:21:46",149600
8800,-300,2900,"sd","09:21:43",149100
8800,-300,100,"sd","09:21:36",146200
8730,-370,5000,"sd","09:21:34",143000
8720,-380,3100,"sd","09:21:34",146100
8740,-360,1000,"sd","09:21:34",138000
8800,-300,900,"sd","09:21:34",137000
8870,-230,200,"bu","09:21:28",136100
8800,-300,100,"sd","09:21:20",135900
8800,-300,500,"sd","09:21:20",135800
8800,-300,200,"sd","09:21:20",135300
8800,-300,1300,"sd","09:21:20",135100
8800,-300,200,"sd","09:21:20",133800
8830,-270,2000,"sd","09:21:01",133600
8800,-300,800,"sd","09:20:46",131600
8800,-300,100,"sd","09:20:46",130800
8800,-300,1000,"sd","09:20:46",130700
8800,-300,100,"sd","09:20:46",129700
8800,-300,5000,"sd","09:20:46",129600
8800,-300,100,"sd","09:20:46",124600
8800,-300,1500,"sd","09:20:46",124500
8810,-290,1000,"sd","09:20:46",123000
8810,-290,400,"sd","09:20:46",122000
8820,-280,5000,"sd","09:20:46",121600
8810,-290,100,"sd","09:20:25",116600
8870,-230,500,"bu","09:20:03",116500
8870,-230,1300,"sd","09:19:50",116000
8870,-230,1000,"bu","09:19:36",114700
8820,-280,300,"sd","09:19:34",106600
8810,-290,1600,"sd","09:19:34",105300
8800,-300,500,"sd","09:19:34",113700
8800,-300,5000,"sd","09:19:34",113200
8800,-300,100,"sd","09:19:34",108200
8820,-280,1500,"sd","09:19:34",108100
8800,-300,200,"sd","09:19:34",106300
8850,-250,100,"sd","09:19:34",106100
8850,-250,100,"sd","09:19:34",106000
8800,-300,300,"sd","09:19:34",105900
8850,-250,100,"sd","09:19:34",105600
8800,-300,200,"sd","09:19:34",105500
8870,-230,500,"bu","09:19:11",103700
8880,-220,500,"bu","09:18:39",103200
8870,-230,1500,"bu","09:18:39",102700
8870,-230,500,"sd","09:18:37",101200
8870,-230,2000,"sd","09:18:37",100700
8880,-220,200,"bu","09:18:28",98700
8880,-220,500,"bu","09:18:27",98500
8880,-220,200,"bu","09:17:17",98000
8880,-220,200,"bu","09:17:17",97800
8880,-220,100,"bu","09:17:09",97600
8800,-300,1000,"sd","09:17:09",97500
8880,-220,200,"bu","09:16:57",96500
8880,-220,300,"sd","09:16:56",95800
8880,-220,500,"sd","09:16:56",96300
8900,-200,100,"bu","09:16:41",95500
8900,-200,100,"bu","09:16:30",95400
8900,-200,500,"sd","09:16:29",95300
8900,-200,200,"sd","09:16:21",94800
8900,-200,100,"sd","09:16:21",94600
8900,-200,600,"sd","09:16:21",94500
8900,-200,100,"sd","09:16:21",93900
8900,-200,100,"sd","09:16:21",93800
8900,-200,300,"sd","09:16:21",93700
8900,-200,600,"sd","09:16:21",93400
8900,-200,8000,"sd","09:16:21",92800
8900,-200,1400,"sd","09:16:10",84800
8900,-200,1000,"sd","09:16:10",83400
8900,-200,100,"sd","09:16:10",82400
8900,-200,100,"sd","09:16:10",82300
8960,-140,100,"sd","09:16:10",81900
8950,-150,300,"sd","09:16:10",82200
8980,-120,100,"bu","09:15:52",81800
8980,-120,4900,"sd","09:15:46",81700
8980,-120,100,"sd","09:15:40",76800
9000,-100,76700,"bu","09:15:00",76700
