"price","change","match_qtty","side","time","total_vol"
20400,-1500,25400,"unknown","14:44:59",443900
20900,-1000,100,"bu","14:29:28",418500
20600,-1300,1900,"bu","14:29:28",418400
20400,-1500,1500,"sd","14:28:48",416500
20600,-1300,300,"bu","14:27:53",415000
20550,-1350,100,"bu","14:27:53",414700
20450,-1450,600,"bu","14:27:53",414600
20400,-1500,5000,"sd","14:26:43",414000
20400,-1500,100,"sd","14:26:43",409000
20400,-1500,300,"bu","14:25:29",408900
20400,-1500,500,"sd","14:24:54",408600
20400,-1500,200,"sd","14:24:53",408100
20400,-1500,100,"sd","14:24:53",407900
20400,-1500,200,"sd","14:24:53",407800
20400,-1500,200,"sd","14:24:53",407600
20400,-1500,1700,"sd","14:24:53",407400
20400,-1500,300,"sd","14:24:13",405700
20400,-1500,100,"sd","14:24:13",405400
20400,-1500,1000,"sd","14:24:11",405300
20400,-1500,900,"bu","14:23:46",404300
20400,-1500,100,"sd","14:23:42",403400
20400,-1500,1400,"bu","14:23:34",403300
20400,-1500,100,"sd","14:23:31",401900
20400,-1500,1000,"sd","14:23:31",401800
20450,-1450,1500,"sd","14:23:01",400800
20450,-1450,1000,"sd","14:22:28",399300
20400,-1500,600,"bu","14:19:48",398300
20400,-1500,1000,"bu","14:19:47",397700
20400,-1500,300,"bu","14:19:45",396700
20400,-1500,100,"bu","14:19:18",396400
20400,-1500,100,"bu","14:19:18",396300
20400,-1500,5000,"bu","14:19:06",396200
20400,-1500,5200,"bu","14:18:42",391200
20400,-1500,200,"bu","14:18:35",386000
20400,-1500,3200,"sd","14:18:14",385800
20400,-1500,1800,"bu","14:18:07",382600
20400,-1500,300,"bu","14:17:53",380800
20400,-1500,200,"bu","14:17:11",380500
20400,-1500,500,"bu","14:17:07",380300
20400,-1500,200,"sd","14:16:31",379800
20400,-1500,100,"sd","14:16:31",379600
20400,-1500,300,"sd","14:16:31",379500
20400,-1500,8000,"sd","14:16:31",379200
20400,-1500,10000,"sd","14:16:06",371200
20400,-1500,6000,"bu","14:15:40",361200
20400,-1500,200,"bu","14:15:36",355200
20400,-1500,100,"sd","14:15:17",355000
20400,-1500,100,"sd","14:15:17",354900
20400,-1500,500,"sd","14:15:17",354800
20400,-1500,2100,"sd","14:15:17",354300
20400,-1500,900,"sd","14:15:17",352200
20450,-1450,100,"sd","14:15:17",351300
20400,-1500,5900,"sd","14:14:58",351200
20400,-1500,700,"sd","14:14:58",345300
20400,-1500,1000,"sd","14:14:58",344600
20400,-1500,700,"sd","14:14:58",343600
20400,-1500,1700,"sd","14:14:58",342900
20400,-1500,5000,"sd","14:14:36",341200
20400,-1500,5000,"sd","14:14:25",336200
20400,-1500,1000,"sd","14:14:14",331200
20450,-1450,1000,"sd","14:14:14",330200
20400,-1500,5100,"sd","14:13:31",329200
20400,-1500,2000,"sd","14:13:31",324100
20400,-1500,1000,"sd","14:13:31",322100
20400,-1500,100,"sd","14:13:31",321100
20400,-1500,1000,"sd","14:13:31",321000
20400,-1500,100,"sd","14:13:31",320000
20400,-1500,200,"sd","14:13:31",319900
20400,-1500,500,"sd","14:13:31",319700
20450,-1450,2000,"bu","14:13:03",319200
20550,-1350,1000,"bu","14:13:03",317200
20850,-1050,1000,"bu","14:02:53",316200
20400,-1500,700,"sd","14:02:45",315200
20400,-1500,300,"sd","13:55:42",314500
20400,-1500,4700,"sd","13:55:42",314200
20400,-1500,1000,"sd","13:55:42",309500
20400,-1500,5000,"sd","13:55:06",308500
20400,-1500,2500,"sd","13:53:27",303500
20400,-1500,100,"sd","13:53:06",301000
20400,-1500,500,"sd","13:53:06",300900
20400,-1500,500,"sd","13:53:06",300400
20400,-1500,500,"sd","13:53:06",299900
20400,-1500,1000,"sd","13:53:06",299400
20400,-1500,100,"sd","13:53:06",298400
20400,-1500,6800,"sd","13:53:06",298300
20400,-1500,1000,"sd","13:53:06",291500
20400,-1500,9000,"sd","13:53:06",290500
20400,-1500,500,"sd","13:53:06",281500
20400,-1500,100,"sd","13:53:06",281000
20400,-1500,100,"sd","13:53:06",280900
20400,-1500,100,"sd","13:53:06",280800
20400,-1500,100,"sd","13:53:06",280700
20400,-1500,2500,"sd","13:53:06",280600
20400,-1500,1000,"sd","13:53:06",278100
20400,-1500,2000,"sd","13:53:06",277100
20400,-1500,1000,"sd","13:53:06",275100
20400,-1500,1800,"sd","13:53:06",274100
20450,-1450,1000,"sd","13:53:06",272300
20450,-1450,1000,"sd","13:53:06",271300
20450,-1450,500,"sd","13:53:06",270300
20450,-1450,6300,"sd","13:53:06",269800
20500,-1400,1200,"sd","13:52:57",263500
20500,-1400,8800,"sd","13:51:09",262300
20500,-1400,100,"sd","13:51:09",253500
20550,-1350,1100,"sd","13:51:09",253400
20550,-1350,3900,"bu","13:49:14",252300
20550,-1350,1100,"sd","13:47:48",248400
20600,-1300,100,"bu","13:46:32",247300
20600,-1300,1000,"bu","13:45:15",247200
20550,-1350,1100,"bu","13:44:20",246200
20550,-1350,1000,"bu","13:44:00",245100
20550,-1350,100,"bu","13:40:57",244100
20450,-1450,13700,"sd","13:40:05",244000
20450,-1450,5000,"sd","13:40:05",230300
20500,-1400,1000,"sd","13:40:05",225300
20500,-1400,100,"sd","13:40:05",224300
20500,-1400,200,"sd","13:40:05",224200
20550,-1350,3600,"sd","13:39:41",224000
20600,-1300,600,"sd","13:39:41",220400
20600,-1300,1400,"sd","13:39:31",219800
20600,-1300,100,"sd","13:39:31",218400
20600,-1300,500,"sd","13:38:49",218300
20600,-1300,2500,"sd","13:38:04",217800
20600,-1300,500,"sd","13:38:04",215300
20600,-1300,2000,"sd","13:36:28",214800
20600,-1300,2500,"sd","13:35:07",212800
20600,-1300,100,"sd","13:28:29",210300
20600,-1300,100,"sd","13:27:12",210200
20550,-1350,1400,"sd","13:23:15",210100
20550,-1350,100,"sd","13:23:15",208700
20550,-1350,200,"sd","13:23:15",208600
20650,-1250,300,"sd","13:23:15",208400
21000,-900,100,"bu","13:14:46",208100
20550,-1350,100,"sd","13:05:47",208000
20500,-1400,100,"sd","13:01:45",207900
20450,-1450,200,"sd","13:00:01",207800
21000,-900,100,"bu","11:18:52",207600
21000,-900,100,"bu","11:18:38",207500
20800,-1100,3800,"bu","11:18:22",207400
20800,-1100,100,"bu","11:18:06",203600
20400,-1500,200,"sd","11:11:48",203500
20400,-1500,500,"sd","11:11:48",203300
20400,-1500,1000,"sd","11:11:48",202800
20400,-1500,10000,"sd","11:11:48",201800
20400,-1500,300,"sd","11:11:48",191800
20400,-1500,21000,"sd","11:11:48",191500
20400,-1500,200,"sd","11:11:48",170500
20400,-1500,200,"sd","11:11:48",170300
20400,-1500,5000,"sd","11:11:48",170100
20400,-1500,100,"sd","11:11:48",165100
20400,-1500,100,"sd","11:11:48",165000
20400,-1500,500,"sd","11:11:48",164900
20400,-1500,200,"sd","11:11:48",164400
20400,-1500,100,"sd","11:11:48",164200
20400,-1500,100,"sd","11:11:48",164100
20400,-1500,100,"sd","11:11:48",164000
20450,-1450,1000,"sd","11:11:48",163900
20450,-1450,100,"sd","11:11:48",162900
20450,-1450,4000,"sd","11:11:48",162800
20500,-1400,1000,"sd","11:11:48",158800
20500,-1400,100,"sd","11:11:48",157800
20500,-1400,100,"sd","11:11:48",157700
20500,-1400,2000,"sd","11:11:48",157600
20500,-1400,500,"sd","11:11:48",155600
20500,-1400,1600,"sd","11:11:48",155100
20500,-1400,1400,"sd","11:10:53",153500
20500,-1400,200,"sd","11:10:53",152100
20700,-1200,400,"sd","11:10:53",151900
20500,-1400,800,"sd","11:05:04",151500
20500,-1400,200,"sd","11:05:04",150700
20500,-1400,500,"sd","11:05:04",150500
20500,-1400,100,"sd","11:05:04",150000
20500,-1400,400,"sd","11:05:04",149900
20500,-1400,100,"sd","11:05:04",149500
20550,-1350,2000,"sd","11:05:04",149400
20550,-1350,500,"sd","11:05:04",147400
20550,-1350,100,"sd","11:05:04",146900
20550,-1350,300,"sd","11:05:04",146800
20800,-1100,100,"bu","11:04:04",146500
20550,-1350,200,"bu","11:03:10",146400
20550,-1350,100,"sd","11:02:52",146200
20550,-1350,8500,"sd","11:02:52",146100
20600,-1300,10000,"sd","11:02:52",137600
20600,-1300,100,"sd","11:02:52",127600
20700,-1200,100,"sd","11:02:52",127500
20800,-1100,2000,"bu","11:02:39",127400
20800,-1100,3500,"bu","11:02:33",125400
20800,-1100,200,"bu","11:02:18",121900
20800,-1100,100,"sd","11:01:50",121700
20800,-1100,100,"sd","11:01:50",121600
20900,-1000,100,"sd","11:01:50",121500
21200,-700,100,"bu","11:01:00",121400
21100,-800,100,"bu","11:01:00",121300
20900,-1000,200,"sd","10:54:58",121200
20950,-950,100,"unknown","10:54:58",121000
20900,-1000,300,"bu","10:47:46",120900
20950,-950,100,"sd","10:47:21",120600
20950,-950,700,"sd","10:47:21",120500
20900,-1000,4200,"sd","10:47:21",119800
20900,-1000,5000,"sd","10:47:21",115600
20900,-1000,100,"sd","10:47:21",110600
20900,-1000,100,"sd","10:47:21",110500
20900,-1000,500,"sd","10:47:21",110400
21000,-900,300,"bu","10:45:36",109900
20950,-950,4300,"sd","10:43:14",109600
20950,-950,700,"sd","10:43:14",105300
21000,-900,1000,"bu","10:43:12",104600
21000,-900,2000,"bu","10:43:12",103600
20950,-950,1000,"sd","10:42:24",101600
20950,-950,3300,"bu","10:40:47",100600
20950,-950,300,"bu","10:40:30",97300
20900,-1000,500,"sd","10:40:06",97000
20900,-1000,5000,"sd","10:40:06",96500
20900,-1000,300,"sd","10:40:06",91500
20900,-1000,500,"sd","10:40:06",91200
20950,-950,100,"bu","10:39:57",90700
20950,-950,100,"bu","10:39:24",90600
21000,-900,2000,"bu","10:38:32",90500
21000,-900,900,"bu","10:38:31",88500
21000,-900,100,"bu","10:36:21",87600
21000,-900,2000,"bu","10:36:21",87500
21000,-900,2900,"bu","10:36:21",85500
21000,-900,4900,"bu","10:35:46",82600
21000,-900,1000,"sd","10:33:52",77700
21000,-900,100,"sd","10:33:52",76700
21000,-900,10000,"sd","10:33:52",76600
21000,-900,2000,"sd","10:33:52",66600
21000,-900,2100,"sd","10:33:52",64600
21000,-900,100,"sd","10:33:52",62500
21050,-850,1000,"sd","10:33:52",62400
21200,-700,1700,"bu","10:26:26",61400
21200,-700,300,"bu","10:26:26",59700
21200,-700,400,"bu","10:24:49",59400
21000,-900,9900,"sd","10:17:38",59000
21100,-800,100,"sd","10:17:38",49100
21300,-600,100,"bu","10:16:30",49000
21100,-800,3600,"bu","10:15:58",48900
21100,-800,100,"bu","10:14:52",45300
21100,-800,10000,"sd","10:13:58",45200
21100,-800,1000,"sd","10:13:58",35200
21100,-800,300,"sd","10:13:58",34200
21200,-700,1000,"bu","10:12:58",33900
21200,-700,1000,"bu","10:10:06",32900
21100,-800,2700,"bu","10:09:14",31900
21000,-900,500,"bu","10:06:39",29200
21000,-900,100,"bu","10:06:14",28700
21200,-700,2000,"bu","09:59:07",28600
21200,-700,200,"bu","09:59:07",26600
21200,-700,400,"bu","09:59:07",26400
20900,-1000,100,"bu","09:56:59",26000
20900,-1000,100,"bu","09:55:43",25900
20900,-1000,700,"bu","09:55:19",25800
20900,-1000,100,"sd","09:54:17",25100
21000,-900,100,"sd","09:54:17",25000
21000,-900,100,"sd","09:54:17",24900
21000,-900,1000,"sd","09:54:17",24800
21000,-900,1000,"sd","09:54:17",23800
20900,-1000,1000,"sd","09:54:17",22800
20900,-1000,700,"sd","09:54:17",21800
20900,-1000,100,"sd","09:54:17",21100
21000,-900,500,"bu","09:51:51",21000
21000,-900,100,"bu","09:51:28",20500
21000,-900,500,"bu","09:51:22",20400
21000,-900,200,"bu","09:50:59",19900
21000,-900,1000,"bu","09:50:24",19700
21000,-900,100,"sd","09:49:43",18700
21000,-900,200,"sd","09:49:43",18600
21000,-900,100,"sd","09:49:43",18400
21050,-850,100,"sd","09:49:43",18300
21050,-850,100,"sd","09:49:43",18200
21050,-850,100,"sd","09:49:43",18100
21200,-700,100,"sd","09:48:43",18000
21300,-600,1000,"bu","09:40:57",17900
21300,-600,200,"bu","09:36:47",16900
21300,-600,800,"bu","09:36:20",16700
21350,-550,500,"bu","09:32:17",15900
21300,-600,500,"bu","09:32:06",15400
21300,-600,2200,"bu","09:32:06",14900
21300,-600,2000,"bu","09:31:46",12700
21300,-600,100,"bu","09:31:26",10700
21300,-600,500,"bu","09:31:01",10600
21300,-600,200,"sd","09:28:58",10100
21300,-600,500,"bu","09:27:23",9900
21250,-650,300,"bu","09:26:14",9400
21250,-650,200,"sd","09:25:54",9100
21250,-650,300,"bu","09:25:47",8900
21300,-600,1200,"bu","09:23:44",8600
21300,-600,100,"sd","09:23:21",7400
21350,-550,1000,"sd","09:22:49",7300
21500,-400,100,"bu","09:21:32",6300
21500,-400,900,"bu","09:19:06",6200
21500,-400,200,"bu","09:19:06",5300
21500,-400,400,"bu","09:19:06",5100
21300,-600,4700,"sd","09:15:00",4700
