"price","change","match_qtty","side","time","total_vol"
4390,-330,157100,"bu","14:45:02",2399700
4400,-320,100,"bu","14:29:55",2242600
4390,-330,100,"sd","14:29:48",2242500
4390,-330,7100,"sd","14:29:48",2242400
4400,-320,800,"sd","14:29:48",2235300
4400,-320,2000,"sd","14:29:21",2234500
4400,-320,500,"bu","14:29:18",2232500
4400,-320,500,"bu","14:29:18",2232000
4400,-320,1200,"bu","14:29:18",2231500
4400,-320,100,"bu","14:29:17",2230300
4400,-320,200,"bu","14:29:09",2230200
4400,-320,100,"bu","14:29:08",2230000
4400,-320,100,"bu","14:29:06",2229900
4400,-320,3300,"bu","14:29:03",2229800
4400,-320,1000,"bu","14:29:03",2226500
4400,-320,5000,"bu","14:29:03",2225500
4400,-320,700,"bu","14:29:03",2220500
4400,-320,100,"bu","14:29:02",2219800
4400,-320,100,"bu","14:29:00",2219700
4400,-320,1100,"bu","14:28:53",2219600
4400,-320,300,"bu","14:28:53",2218500
4400,-320,100,"bu","14:28:53",2218200
4400,-320,3000,"bu","14:28:53",2218100
4400,-320,1000,"bu","14:28:53",2215100
4400,-320,4500,"bu","14:28:53",2214100
4390,-330,1000,"sd","14:28:46",2209600
4400,-320,100,"bu","14:28:25",2208600
4390,-330,41900,"sd","14:28:20",2208500
4390,-330,5000,"sd","14:28:20",2166600
4390,-330,100,"sd","14:28:20",2161600
4390,-330,1000,"sd","14:28:20",2161500
4390,-330,2400,"sd","14:28:20",2160500
4390,-330,400,"sd","14:28:20",2158100
4390,-330,500,"sd","14:28:20",2157700
4390,-330,2000,"sd","14:28:20",2157200
4390,-330,100,"sd","14:28:20",2155200
4390,-330,700,"sd","14:28:20",2155100
4390,-330,100,"sd","14:28:20",2154400
4390,-330,1000,"sd","14:28:20",2154300
4400,-320,500,"bu","14:28:20",2153300
4400,-320,100,"bu","14:27:50",2152800
4400,-320,100,"bu","14:27:44",2152700
4400,-320,1000,"bu","14:27:43",2152600
4400,-320,100,"bu","14:27:40",2151600
4400,-320,100,"bu","14:27:36",2151500
4400,-320,3500,"bu","14:26:06",2151400
4400,-320,1500,"bu","14:26:06",2147900
4390,-330,1600,"sd","14:25:56",2146400
4390,-330,100,"sd","14:25:56",2144800
4390,-330,46100,"sd","14:25:56",2144700
4400,-320,100,"bu","14:23:07",2098600
4400,-320,100,"bu","14:23:04",2098500
4390,-330,3900,"bu","14:22:29",2098400
4390,-330,100,"sd","14:22:20",2094500
4390,-330,100,"sd","14:22:20",2094400
4390,-330,900,"sd","14:22:20",2094300
4390,-330,100,"bu","14:21:19",2093400
4390,-330,500,"sd","14:21:05",2093300
4390,-330,2300,"sd","14:21:05",2092800
4390,-330,1000,"bu","14:20:51",2090500
4390,-330,6700,"bu","14:20:51",2089500
4390,-330,1000,"sd","14:20:28",2082800
4390,-330,5000,"sd","14:20:28",2081800
4390,-330,2000,"sd","14:20:28",2076800
4390,-330,1100,"sd","14:20:28",2074800
4390,-330,1000,"sd","14:20:28",2073700
4390,-330,10100,"sd","14:20:28",2072700
4390,-330,2200,"sd","14:20:28",2062600
4390,-330,5000,"sd","14:20:28",2060400
4400,-320,100,"bu","14:20:18",2055400
4390,-330,6600,"sd","14:20:02",2055300
4400,-320,100,"bu","14:19:47",2048700
4400,-320,100,"bu","14:18:59",2048600
4390,-330,1200,"sd","14:18:47",2048500
4390,-330,100,"sd","14:18:47",2047300
4390,-330,100,"sd","14:18:47",2047200
4390,-330,500,"sd","14:18:47",2047100
4390,-330,200,"sd","14:18:47",2046600
4390,-330,100,"sd","14:18:47",2046400
4390,-330,39800,"sd","14:18:47",2046300
4400,-320,100,"bu","14:18:25",2006500
4390,-330,2900,"sd","14:18:20",2006400
4400,-320,100,"sd","14:18:20",2003500
4390,-330,2000,"bu","14:17:39",2003400
4390,-330,5300,"bu","14:17:39",2001400
4390,-330,2700,"sd","14:17:24",1996100
4390,-330,200,"sd","14:17:14",1993400
4390,-330,200,"sd","14:17:14",1993200
4390,-330,200,"sd","14:17:14",1993000
4390,-330,800,"sd","14:17:14",1992800
4390,-330,2300,"sd","14:17:14",1992000
4390,-330,5000,"sd","14:17:14",1989700
4390,-330,500,"sd","14:17:14",1984700
4390,-330,3000,"sd","14:17:14",1984200
4390,-330,2100,"sd","14:17:14",1981200
4390,-330,100,"sd","14:17:14",1979100
4390,-330,300,"sd","14:17:14",1979000
4390,-330,200,"sd","14:17:14",1978700
4390,-330,1700,"sd","14:17:14",1978500
4390,-330,500,"sd","14:17:14",1976800
4390,-330,1000,"sd","14:17:14",1976300
4390,-330,500,"sd","14:17:14",1975300
4400,-320,100,"sd","14:16:53",1974800
4400,-320,600,"sd","14:16:53",1974700
4400,-320,12000,"sd","14:15:19",1974100
4400,-320,4000,"sd","14:15:05",1962100
4400,-320,3000,"bu","14:15:03",1958100
4400,-320,1200,"bu","14:15:03",1955100
4400,-320,1000,"bu","14:15:03",1953900
4400,-320,2000,"bu","14:15:03",1952900
4400,-320,100,"bu","14:14:35",1950900
4390,-330,4000,"sd","14:14:28",1950800
4400,-320,100,"bu","14:14:22",1946800
4390,-330,5200,"sd","14:14:13",1946700
4390,-330,100,"sd","14:14:13",1941500
4390,-330,200,"sd","14:14:13",1941400
4400,-320,100,"bu","14:13:55",1941200
4390,-330,200,"sd","14:13:28",1941100
4400,-320,4700,"bu","14:13:03",1940900
4400,-320,300,"bu","14:13:03",1936200
4400,-320,200,"bu","14:12:33",1935900
4400,-320,100,"bu","14:11:31",1935700
4390,-330,600,"sd","14:11:06",1935600
4390,-330,1000,"sd","14:11:06",1935000
4390,-330,1000,"sd","14:11:06",1934000
4390,-330,200,"sd","14:11:06",1933000
4390,-330,100,"sd","14:11:06",1932800
4390,-330,100,"sd","14:11:06",1932700
4390,-330,200,"sd","14:11:06",1932600
4390,-330,500,"sd","14:11:06",1932400
4390,-330,200,"sd","14:11:06",1931900
4390,-330,1000,"sd","14:11:06",1931700
4390,-330,200,"sd","14:11:06",1930700
4390,-330,42900,"sd","14:11:06",1930500
4400,-320,100,"bu","14:10:57",1887600
4400,-320,100,"bu","14:09:52",1887500
4400,-320,1200,"bu","14:09:35",1887400
4400,-320,3000,"bu","14:09:35",1886200
4400,-320,5000,"bu","14:09:35",1883200
4400,-320,800,"bu","14:09:35",1878200
4400,-320,100,"bu","14:08:57",1877400
4390,-330,3000,"sd","14:08:41",1877300
4400,-320,100,"bu","14:08:08",1874300
4390,-330,800,"sd","14:07:59",1874200
4400,-320,100,"bu","14:04:29",1873400
4390,-330,35000,"sd","14:04:13",1873300
4400,-320,100,"bu","14:03:57",1838300
4400,-320,100,"bu","14:03:36",1838200
4400,-320,1000,"bu","14:03:22",1838100
4400,-320,1000,"bu","14:03:08",1837100
4400,-320,600,"sd","14:02:09",1836100
4400,-320,400,"sd","14:01:47",1835500
4400,-320,200,"sd","14:01:47",1835100
4400,-320,400,"sd","14:01:47",1834900
4400,-320,100,"sd","14:01:40",1834500
4400,-320,2000,"sd","14:01:05",1834400
4400,-320,100,"sd","14:00:46",1832400
4400,-320,2400,"bu","14:00:13",1832300
4400,-320,500,"bu","14:00:04",1829900
4400,-320,100,"bu","13:59:39",1829400
4390,-330,800,"sd","13:59:12",1829300
4400,-320,200,"sd","13:59:12",1828500
4390,-330,1600,"sd","13:58:35",1828300
4390,-330,1300,"bu","13:58:30",1826700
4390,-330,14600,"bu","13:58:30",1825400
4390,-330,2000,"bu","13:58:26",1810800
4390,-330,100,"sd","13:57:26",1808800
4390,-330,200,"sd","13:57:26",1808700
4390,-330,200,"sd","13:57:26",1808500
4390,-330,600,"sd","13:57:26",1808300
4390,-330,100,"sd","13:57:26",1807700
4390,-330,1000,"sd","13:57:26",1807600
4390,-330,500,"sd","13:57:26",1806600
4390,-330,100,"sd","13:57:26",1806100
4390,-330,100,"sd","13:57:26",1806000
4390,-330,500,"sd","13:57:26",1805900
4390,-330,2000,"sd","13:57:26",1805400
4390,-330,2500,"sd","13:57:26",1803400
4390,-330,20500,"sd","13:57:26",1800900
4400,-320,1000,"bu","13:57:24",1780400
4400,-320,7500,"bu","13:57:24",1779400
4400,-320,100,"bu","13:56:51",1771900
4390,-330,1500,"sd","13:56:20",1771800
4390,-330,1100,"sd","13:56:20",1770300
4390,-330,2400,"sd","13:56:20",1769200
4390,-330,2600,"sd","13:56:19",1766800
4390,-330,100,"sd","13:56:19",1764200
4390,-330,400,"sd","13:56:19",1764100
4390,-330,200,"sd","13:56:19",1763700
4390,-330,200,"sd","13:56:19",1763500
4390,-330,500,"sd","13:56:19",1763300
4390,-330,500,"sd","13:56:19",1762800
4400,-320,200,"bu","13:56:06",1762300
4400,-320,1000,"bu","13:56:04",1762100
4390,-330,200,"sd","13:55:56",1761100
4390,-330,500,"sd","13:55:56",1760900
4390,-330,5000,"sd","13:55:56",1760400
4390,-330,1000,"sd","13:55:56",1755400
4390,-330,500,"sd","13:55:56",1754400
4390,-330,500,"sd","13:55:56",1753900
4390,-330,1000,"sd","13:55:56",1753400
4390,-330,100,"sd","13:55:56",1752400
4390,-330,500,"sd","13:55:56",1752300
4390,-330,300,"sd","13:55:56",1751800
4390,-330,200,"sd","13:55:56",1751500
4390,-330,200,"sd","13:55:56",1751300
4390,-330,7000,"sd","13:55:56",1751100
4390,-330,200,"sd","13:55:56",1744100
4390,-330,2800,"sd","13:55:56",1743900
4400,-320,200,"bu","13:54:54",1741100
4400,-320,100,"bu","13:54:04",1740900
4390,-330,5500,"sd","13:53:51",1740800
4400,-320,100,"bu","13:53:39",1735300
4400,-320,400,"bu","13:53:39",1735200
4400,-320,400,"sd","13:53:30",1734800
4400,-320,600,"bu","13:53:21",1734400
4400,-320,100,"bu","13:53:11",1733800
4390,-330,1700,"sd","13:53:11",1733700
4390,-330,500,"sd","13:53:11",1732000
4390,-330,500,"sd","13:53:11",1731500
4390,-330,2300,"sd","13:53:11",1731000
4400,-320,100,"bu","13:52:30",1728700
4390,-330,1600,"sd","13:52:19",1728600
4400,-320,100,"bu","13:52:10",1727000
4390,-330,800,"sd","13:52:09",1726900
4390,-330,100,"sd","13:52:09",1726100
4390,-330,2100,"sd","13:52:09",1726000
4390,-330,100,"sd","13:52:06",1723900
4390,-330,800,"sd","13:52:06",1723800
4390,-330,1200,"sd","13:51:33",1723000
4390,-330,100,"sd","13:51:33",1721800
4390,-330,200,"sd","13:51:33",1721700
4390,-330,500,"sd","13:51:33",1721500
4390,-330,600,"sd","13:51:33",1721000
4390,-330,200,"sd","13:51:33",1720400
4390,-330,100,"sd","13:51:33",1720200
4390,-330,5000,"sd","13:51:33",1720100
4390,-330,100,"sd","13:51:33",1715100
4390,-330,100,"sd","13:51:33",1715000
4390,-330,2200,"sd","13:51:33",1714900
4390,-330,9700,"sd","13:51:33",1712700
4390,-330,3000,"sd","13:51:30",1703000
4390,-330,1000,"sd","13:51:26",1700000
4390,-330,600,"sd","13:51:26",1699000
4390,-330,300,"sd","13:51:26",1698400
4390,-330,200,"sd","13:51:26",1698100
4390,-330,200,"sd","13:51:26",1697900
4390,-330,20000,"sd","13:51:26",1697700
4390,-330,8500,"sd","13:51:26",1677700
4390,-330,8200,"sd","13:51:26",1669200
4390,-330,1000,"sd","13:51:26",1661000
4390,-330,20000,"sd","13:51:26",1660000
4390,-330,200,"sd","13:51:25",1640000
4390,-330,500,"sd","13:49:35",1639800
4400,-320,400,"bu","13:49:13",1639300
4400,-320,100,"sd","13:48:40",1638900
4400,-320,500,"sd","13:48:40",1638800
4400,-320,2600,"sd","13:48:40",1638300
4400,-320,400,"sd","13:47:05",1635700
4400,-320,100,"sd","13:47:05",1635300
4400,-320,300,"bu","13:46:46",1635200
4400,-320,500,"sd","13:46:23",1634900
4400,-320,100,"sd","13:46:23",1634400
4400,-320,100,"sd","13:46:23",1634300
4400,-320,4900,"sd","13:45:38",1634200
4400,-320,500,"sd","13:45:38",1629300
4400,-320,9600,"sd","13:45:38",1628800
4440,-280,100,"bu","13:45:36",1619200
4400,-320,400,"sd","13:43:54",1619100
4400,-320,500,"sd","13:43:54",1618700
4400,-320,200,"sd","13:43:54",1618200
4400,-320,500,"sd","13:43:54",1618000
4410,-310,1000,"sd","13:43:54",1617500
4400,-320,100,"sd","13:39:06",1616500
4400,-320,100,"sd","13:39:06",1616400
4400,-320,100,"sd","13:39:06",1616300
4400,-320,100,"sd","13:39:06",1616200
4390,-330,800,"sd","13:34:01",1616100
4390,-330,100,"sd","13:34:01",1615300
4390,-330,200,"sd","13:34:01",1615200
4390,-330,100,"sd","13:34:01",1615000
4390,-330,500,"sd","13:34:01",1614900
4390,-330,100,"sd","13:34:01",1614400
4390,-330,100,"sd","13:34:01",1614300
4390,-330,1000,"sd","13:34:01",1614200
4390,-330,100,"sd","13:34:01",1613200
4390,-330,5000,"sd","13:34:01",1613100
4390,-330,1000,"sd","13:34:01",1608100
4390,-330,5000,"sd","13:34:01",1607100
4390,-330,100,"sd","13:34:01",1602100
4390,-330,3900,"sd","13:34:01",1602000
4390,-330,1000,"sd","13:34:01",1598100
4390,-330,1000,"sd","13:34:01",1597100
4390,-330,1000,"sd","13:34:01",1596100
4390,-330,1000,"sd","13:34:01",1595100
4390,-330,600,"sd","13:34:01",1594100
4390,-330,1500,"sd","13:34:01",1593500
4390,-330,100,"sd","13:34:01",1592000
4390,-330,500,"sd","13:34:01",1591900
4390,-330,1200,"sd","13:34:01",1591400
4390,-330,1500,"sd","13:34:01",1590200
4390,-330,200,"sd","13:34:01",1588700
4390,-330,400,"sd","13:34:01",1588500
4390,-330,3000,"sd","13:34:01",1588100
4390,-330,3000,"sd","13:34:01",1585100
4400,-320,800,"sd","13:34:01",1582100
4390,-330,200,"sd","13:34:01",1581300
4390,-330,4300,"sd","13:34:01",1581100
4400,-320,100,"sd","13:34:01",1576800
4400,-320,1500,"sd","13:34:01",1576700
4400,-320,100,"sd","13:34:01",1575200
4400,-320,2200,"sd","13:34:01",1575100
4400,-320,1000,"sd","13:34:01",1572900
4400,-320,200,"sd","13:34:01",1571900
4400,-320,100,"sd","13:34:01",1571700
4400,-320,4500,"sd","13:34:01",1571600
4400,-320,1000,"sd","13:34:01",1567100
4400,-320,300,"sd","13:33:46",1566100
4400,-320,1000,"sd","13:33:46",1565800
4400,-320,500,"sd","13:33:46",1564800
4400,-320,1300,"sd","13:33:46",1564300
4400,-320,100,"sd","13:33:46",1563000
4400,-320,500,"sd","13:33:46",1562900
4400,-320,100,"sd","13:33:45",1562400
4400,-320,1000,"sd","13:33:45",1562300
4400,-320,1000,"sd","13:33:45",1561300
4400,-320,100,"sd","13:33:45",1560300
4400,-320,1000,"sd","13:33:45",1560200
4400,-320,500,"sd","13:33:45",1559200
4400,-320,1400,"sd","13:33:45",1558700
4410,-310,2500,"sd","13:33:45",1557300
4410,-310,2000,"sd","13:33:45",1554800
4410,-310,1000,"sd","13:33:45",1552800
4420,-300,200,"sd","13:33:45",1551800
4420,-300,500,"sd","13:33:45",1551600
4400,-320,1600,"sd","13:26:59",1551100
4400,-320,100,"sd","13:26:59",1549500
4400,-320,2000,"sd","13:26:59",1549400
4400,-320,100,"sd","13:26:59",1547400
4400,-320,200,"sd","13:26:59",1547300
4400,-320,500,"sd","13:26:59",1547100
4400,-320,200,"sd","13:26:59",1546600
4400,-320,100,"sd","13:26:59",1546400
4400,-320,1000,"sd","13:26:59",1546300
4400,-320,1500,"sd","13:26:59",1545300
4400,-320,5000,"sd","13:26:59",1543800
4400,-320,200,"sd","13:26:59",1538800
4410,-310,2000,"sd","13:26:59",1538600
4440,-280,500,"sd","13:26:59",1536600
4440,-280,500,"bu","13:26:04",1536100
4440,-280,100,"bu","13:25:03",1535600
4440,-280,1000,"bu","13:22:49",1535500
4400,-320,800,"sd","13:22:21",1534500
4400,-320,1000,"sd","13:22:21",1533700
4400,-320,100,"sd","13:22:21",1532700
4400,-320,1000,"sd","13:22:21",1532600
4400,-320,9000,"sd","13:22:21",1531600
4400,-320,1000,"sd","13:22:21",1522600
4400,-320,6700,"sd","13:22:21",1521600
4420,-300,1000,"sd","13:22:21",1514900
4420,-300,200,"sd","13:22:21",1513900
4420,-300,800,"sd","13:22:21",1513700
4420,-300,200,"sd","13:22:21",1512900
4420,-300,8500,"sd","13:22:21",1512700
4430,-290,500,"sd","13:22:21",1504200
4430,-290,100,"sd","13:22:21",1503700
4430,-290,100,"sd","13:22:21",1503600
4430,-290,1000,"sd","13:22:21",1503500
4440,-280,1000,"bu","13:22:05",1502500
4440,-280,600,"bu","13:22:03",1501500
4440,-280,100,"bu","13:21:25",1500900
4440,-280,100,"bu","13:21:10",1500800
4440,-280,200,"sd","13:20:17",1500700
4440,-280,1000,"sd","13:20:17",1500500
4440,-280,400,"sd","13:20:17",1499500
4450,-270,2000,"bu","13:19:24",1499100
4450,-270,200,"bu","13:18:48",1497100
4450,-270,400,"bu","13:18:40",1496900
4450,-270,100,"bu","13:18:40",1496500
4450,-270,1500,"bu","13:18:40",1496400
4450,-270,1400,"bu","13:18:24",1494900
4450,-270,100,"bu","13:17:31",1493500
4440,-280,600,"sd","13:17:31",1493400
4440,-280,2000,"bu","13:14:28",1492800
4430,-290,900,"sd","13:14:17",1490800
4430,-290,100,"sd","13:14:16",1489900
4440,-280,1800,"bu","13:13:52",1489800
4440,-280,100,"bu","13:13:22",1488000
4440,-280,200,"bu","13:13:16",1487900
4440,-280,100,"bu","13:12:59",1487700
4440,-280,500,"bu","13:12:58",1487600
4430,-290,200,"bu","13:12:34",1487100
4430,-290,300,"bu","13:12:27",1486900
4430,-290,200,"bu","13:11:48",1486600
4430,-290,300,"bu","13:11:43",1486400
4430,-290,1000,"bu","13:10:57",1486100
4430,-290,3000,"bu","13:10:45",1485100
4430,-290,900,"bu","13:10:01",1482100
4430,-290,800,"bu","13:09:33",1481200
4430,-290,1000,"bu","13:09:01",1480400
4430,-290,500,"bu","13:08:26",1479400
4430,-290,1800,"sd","13:08:20",1478900
4430,-290,200,"sd","13:08:16",1477100
4430,-290,200,"sd","13:08:16",1476900
4440,-280,300,"bu","13:06:53",1476700
4440,-280,200,"bu","13:06:53",1476400
4440,-280,200,"bu","13:06:05",1476200
4430,-290,800,"bu","13:04:43",1476000
4430,-290,200,"bu","13:04:43",1475200
4420,-300,7800,"bu","13:01:02",1475000
4410,-310,3700,"bu","13:01:02",1467200
4410,-310,1000,"bu","13:00:49",1463500
4410,-310,10000,"bu","13:00:46",1462500
4410,-310,300,"sd","13:00:37",1452500
4420,-300,500,"bu","13:00:34",1452200
4400,-320,2300,"sd","13:00:12",1451700
4400,-320,2000,"sd","13:00:12",1449400
4410,-310,100,"sd","13:00:12",1447400
4410,-310,100,"sd","13:00:12",1447300
4410,-310,100,"sd","13:00:08",1447200
4410,-310,500,"unknown","13:00:02",1447100
4420,-300,1700,"bu","13:00:02",1446600
4410,-310,19000,"sd","13:00:01",1444900
4420,-300,600,"bu","13:00:01",1425900
4420,-300,300,"bu","13:00:00",1425300
4420,-300,10000,"bu","13:00:00",1425000
4400,-320,400,"sd","12:59:59",1415000
4400,-320,5500,"sd","12:59:59",1414600
4400,-320,9000,"sd","12:59:59",1409100
4400,-320,4400,"sd","12:59:59",1400100
4410,-310,400,"sd","12:59:59",1395700
4410,-310,1000,"sd","11:29:50",1395300
4410,-310,4000,"sd","11:29:50",1394300
4400,-320,200,"sd","11:21:47",1390300
4400,-320,400,"sd","11:21:41",1390100
4400,-320,100,"sd","11:21:41",1389700
4400,-320,20000,"sd","11:21:41",1389600
4400,-320,1000,"sd","11:21:41",1369600
4400,-320,300,"sd","11:21:41",1368600
4410,-310,200,"sd","11:21:41",1368300
4410,-310,100,"sd","11:21:41",1368100
4410,-310,1000,"sd","11:21:41",1368000
4410,-310,400,"sd","11:21:41",1367000
4410,-310,900,"bu","11:17:14",1366600
4400,-320,200,"sd","11:16:44",1365700
4400,-320,200,"sd","11:16:44",1365500
4400,-320,300,"sd","11:16:44",1365300
4410,-310,100,"bu","11:15:24",1365000
4400,-320,200,"bu","11:14:50",1364900
4400,-320,100,"bu","11:14:49",1364700
4400,-320,100,"bu","11:14:42",1364600
4400,-320,1000,"bu","11:14:32",1364500
4400,-320,100,"bu","11:14:32",1363500
4400,-320,10000,"sd","11:13:22",1363400
4390,-330,200,"sd","11:12:00",1353400
4390,-330,500,"sd","11:11:59",1353200
4390,-330,100,"sd","11:11:59",1352700
4390,-330,2000,"sd","11:11:59",1352600
4390,-330,7400,"sd","11:11:59",1350600
4420,-300,9300,"bu","11:11:58",1343200
4410,-310,2000,"bu","11:11:58",1333900
4410,-310,2000,"bu","11:11:58",1331900
4410,-310,13500,"bu","11:11:58",1329900
4400,-320,500,"bu","11:11:58",1316400
4400,-320,2000,"bu","11:11:58",1315900
4400,-320,700,"bu","11:11:58",1313900
4390,-330,2600,"sd","11:11:46",1313200
4390,-330,1400,"sd","11:11:46",1310600
4400,-320,500,"bu","11:11:24",1309200
4390,-330,600,"sd","11:11:13",1308700
4390,-330,1000,"sd","11:11:13",1308100
4390,-330,500,"sd","11:11:13",1307100
4390,-330,22900,"sd","11:11:13",1306600
4400,-320,500,"bu","11:10:49",1283700
4400,-320,200,"bu","11:10:38",1283200
4390,-330,500,"sd","11:10:18",1283000
4390,-330,5000,"sd","11:07:58",1282500
4400,-320,500,"bu","11:07:47",1277500
4400,-320,200,"bu","11:07:37",1277000
4400,-320,700,"bu","11:07:27",1276800
4390,-330,1600,"sd","11:07:21",1276100
4390,-330,1000,"sd","11:07:21",1274500
4390,-330,5000,"sd","11:07:21",1273500
4390,-330,300,"sd","11:07:21",1268500
4390,-330,700,"sd","11:07:21",1268200
4390,-330,10000,"sd","11:07:21",1267500
4390,-330,100,"sd","11:07:21",1257500
4390,-330,100,"sd","11:07:21",1257400
4390,-330,3000,"sd","11:07:21",1257300
4390,-330,200,"sd","11:07:21",1254300
4390,-330,200,"sd","11:07:21",1254100
4390,-330,100,"sd","11:07:21",1253900
4390,-330,1700,"sd","11:07:21",1253800
4390,-330,100,"sd","11:07:21",1252100
4390,-330,6000,"sd","11:07:20",1252000
4390,-330,1000,"sd","11:07:20",1246000
4390,-330,100,"sd","11:07:20",1245000
4390,-330,2000,"sd","11:07:20",1244900
4390,-330,500,"sd","11:07:20",1242900
4390,-330,1000,"sd","11:07:20",1242400
4390,-330,100,"sd","11:07:20",1241400
4390,-330,1700,"sd","11:07:20",1241300
4390,-330,100,"sd","11:07:20",1239600
4390,-330,500,"sd","11:07:20",1239500
4390,-330,500,"sd","11:07:20",1239000
4390,-330,20000,"sd","11:07:20",1238500
4390,-330,2500,"sd","11:07:20",1218500
4390,-330,13500,"sd","11:07:20",1216000
4390,-330,38900,"sd","11:07:20",1202500
4390,-330,2000,"sd","11:07:20",1163600
4390,-330,500,"sd","11:07:20",1161600
4390,-330,5000,"sd","11:07:20",1161100
4400,-320,100,"bu","11:07:17",1156100
4390,-330,50000,"sd","11:07:16",1156000
4400,-320,100,"bu","11:07:12",1106000
4400,-320,21500,"sd","11:07:01",1105900
4400,-320,1900,"sd","11:06:48",1084400
4400,-320,5000,"sd","11:06:23",1082500
4400,-320,200,"sd","11:05:23",1077500
4410,-310,1000,"bu","11:04:22",1077300
4400,-320,2000,"sd","11:04:14",1076300
4400,-320,19400,"sd","11:03:48",1074300
4400,-320,4600,"sd","11:03:48",1054900
4400,-320,400,"bu","11:03:43",1050300
4390,-330,31400,"sd","11:03:29",1049900
4390,-330,1000,"sd","11:03:29",1018500
4390,-330,1000,"sd","11:03:29",1017500
4390,-330,100,"sd","11:03:29",1016500
4390,-330,600,"sd","11:03:29",1016400
4390,-330,5000,"sd","11:03:29",1015800
4390,-330,100,"sd","11:03:29",1010800
4390,-330,2000,"sd","11:03:29",1010700
4390,-330,1000,"sd","11:03:29",1008700
4390,-330,3000,"sd","11:03:29",1007700
4390,-330,5000,"sd","11:03:29",1004700
4390,-330,3400,"sd","11:03:29",999700
4390,-330,200,"sd","11:03:29",996300
4390,-330,100,"sd","11:03:29",996100
4390,-330,500,"sd","11:03:29",996000
4390,-330,1000,"sd","11:03:29",995500
4390,-330,1600,"sd","11:03:29",994500
4390,-330,800,"sd","11:03:29",992900
4390,-330,1000,"sd","11:03:29",992100
4390,-330,100,"sd","11:03:29",991100
4390,-330,10000,"sd","11:03:29",991000
4390,-330,1000,"sd","11:03:29",981000
4390,-330,2000,"sd","11:03:29",980000
4390,-330,5000,"sd","11:03:29",978000
4390,-330,1300,"sd","11:03:29",973000
4390,-330,8900,"sd","11:03:29",971700
4390,-330,37700,"sd","11:03:29",962800
4390,-330,20000,"sd","11:03:29",925100
4390,-330,1000,"sd","11:03:29",905100
4390,-330,100,"sd","11:03:29",904100
4390,-330,100,"sd","11:03:29",904000
4390,-330,400,"sd","11:03:29",903900
4390,-330,600,"sd","11:03:29",903500
4390,-330,2000,"sd","11:03:29",902900
4390,-330,1000,"sd","11:03:29",900900
4400,-320,100,"bu","11:03:20",899900
4400,-320,500,"bu","11:03:05",899800
4390,-330,12300,"sd","11:02:52",899300
4390,-330,1000,"sd","11:02:52",887000
4390,-330,100,"sd","11:02:52",886000
4390,-330,3000,"sd","11:02:52",885900
4390,-330,3000,"sd","11:02:52",882900
4390,-330,2000,"sd","11:02:52",879900
4390,-330,2500,"sd","11:02:52",877900
4390,-330,3000,"sd","11:02:52",875400
4390,-330,8000,"sd","11:02:52",872400
4390,-330,1000,"sd","11:02:52",864400
4390,-330,13000,"sd","11:02:52",863400
4400,-320,1000,"sd","11:02:52",850400
4400,-320,100,"sd","11:02:52",849400
4400,-320,20300,"sd","11:02:36",849300
4390,-330,10000,"sd","11:02:36",829000
4400,-320,500,"sd","11:02:36",819000
4390,-330,7000,"sd","11:02:36",818500
4400,-320,1000,"sd","11:02:36",811500
4390,-330,400,"sd","11:02:36",810500
4390,-330,6200,"sd","11:02:36",810100
4390,-330,100,"sd","11:02:36",803900
4390,-330,100,"sd","11:02:36",803800
4390,-330,500,"sd","11:02:36",803700
4400,-320,1300,"sd","11:02:36",803200
4390,-330,300,"sd","11:02:36",801900
4390,-330,300,"sd","11:02:36",801600
4400,-320,2000,"sd","11:02:36",801300
4390,-330,3500,"sd","11:02:36",799300
4390,-330,1000,"sd","11:02:36",795800
4390,-330,100,"sd","11:02:36",794800
4390,-330,100,"sd","11:02:36",794700
4400,-320,5000,"sd","11:02:36",794600
4390,-330,400,"sd","11:02:36",789600
4400,-320,800,"sd","11:02:36",789200
4390,-330,1000,"sd","11:02:36",788400
4390,-330,400,"sd","11:02:36",787400
4400,-320,500,"sd","11:02:36",787000
4390,-330,1000,"sd","11:02:36",786500
4400,-320,200,"sd","11:02:36",785500
4390,-330,1000,"sd","11:02:36",785300
4400,-320,100,"sd","11:02:36",784300
4390,-330,5000,"sd","11:02:36",784200
4400,-320,1000,"sd","11:02:36",779200
4390,-330,100,"sd","11:02:36",778200
4400,-320,1000,"sd","11:02:36",778100
4390,-330,2000,"sd","11:02:36",777100
4400,-320,200,"sd","11:02:36",775100
4390,-330,1000,"sd","11:02:36",774900
4400,-320,6800,"sd","11:02:36",773900
4400,-320,100,"sd","11:02:36",767100
4400,-320,1000,"sd","11:02:36",767000
4400,-320,3900,"sd","11:02:36",766000
4400,-320,5000,"sd","11:02:36",762100
4400,-320,500,"sd","11:02:36",757100
4400,-320,100,"sd","11:02:36",756600
4400,-320,100,"sd","11:02:36",756500
4400,-320,500,"sd","11:02:36",756400
4400,-320,500,"sd","11:02:36",755900
4400,-320,11000,"sd","11:02:36",755400
4400,-320,1700,"sd","11:02:36",744400
4400,-320,200,"sd","11:02:36",742700
4400,-320,200,"sd","11:02:36",742500
4400,-320,10000,"sd","11:02:36",742300
4400,-320,300,"sd","11:02:36",732300
4400,-320,18000,"sd","11:02:36",732000
4400,-320,200,"sd","11:02:36",714000
4400,-320,5000,"sd","11:02:36",713800
4410,-310,500,"bu","11:02:30",708800
4410,-310,500,"bu","11:02:30",708300
4410,-310,100,"sd","11:02:11",707800
4410,-310,100,"sd","11:02:11",707700
4410,-310,100,"sd","11:02:11",707600
4410,-310,200,"sd","11:02:11",707500
4410,-310,200,"sd","11:02:04",707300
4410,-310,300,"sd","11:01:29",707100
4410,-310,9000,"sd","11:01:29",706800
4410,-310,5000,"sd","11:01:25",697800
4410,-310,2000,"sd","11:01:25",692800
4410,-310,3000,"sd","11:01:25",690800
4410,-310,1000,"sd","11:01:24",687800
4410,-310,100,"sd","11:00:15",686800
4410,-310,6900,"sd","10:59:47",686700
4410,-310,2000,"sd","10:59:47",679800
4410,-310,100,"sd","10:59:47",677800
4420,-300,100,"bu","10:59:42",677700
4420,-300,100,"sd","10:59:21",677600
4420,-300,100,"sd","10:59:21",677500
4420,-300,200,"sd","10:59:21",677400
4420,-300,100,"sd","10:59:21",677200
4420,-300,500,"sd","10:59:21",677100
4430,-290,1000,"bu","10:58:42",676600
4420,-300,3000,"sd","10:58:35",675600
4430,-290,100,"sd","10:58:31",672600
4430,-290,1500,"sd","10:58:31",672500
4430,-290,100,"sd","10:58:31",671000
4430,-290,500,"sd","10:58:31",670900
4430,-290,1600,"sd","10:58:31",670400
4430,-290,400,"bu","10:56:59",668800
4430,-290,100,"bu","10:56:45",668400
4420,-300,1800,"sd","10:56:31",668300
4420,-300,700,"sd","10:56:20",666500
4430,-290,1000,"sd","10:55:57",665800
4430,-290,7200,"sd","10:55:57",664800
4430,-290,2300,"sd","10:55:22",657600
4430,-290,100,"sd","10:55:22",655300
4440,-280,100,"sd","10:55:22",655200
4440,-280,100,"sd","10:55:22",655100
4440,-280,100,"sd","10:55:22",655000
4440,-280,300,"sd","10:55:22",654900
4440,-280,5300,"sd","10:55:22",654600
4450,-270,600,"sd","10:55:22",649300
4440,-280,200,"sd","10:55:09",648700
4450,-270,100,"sd","10:55:09",648500
4450,-270,3000,"sd","10:55:09",648400
4450,-270,2000,"bu","10:54:14",645400
4450,-270,500,"bu","10:54:14",643400
4450,-270,2500,"bu","10:54:14",642900
4450,-270,200,"sd","10:53:34",640400
4450,-270,100,"sd","10:53:34",640200
4450,-270,200,"sd","10:53:34",640100
4450,-270,2000,"sd","10:53:09",639900
4450,-270,3000,"sd","10:53:01",637900
4450,-270,1900,"sd","10:53:01",634900
4460,-260,100,"sd","10:53:01",633000
4450,-270,100,"bu","10:49:47",632900
4450,-270,200,"sd","10:49:25",632800
4440,-280,5500,"sd","10:48:13",632600
4450,-270,500,"sd","10:48:13",627100
4450,-270,3500,"sd","10:48:13",626600
4470,-250,9000,"sd","10:48:13",623100
4450,-270,400,"sd","10:48:13",614100
4470,-250,3000,"sd","10:48:13",613700
4470,-250,200,"sd","10:48:13",610700
4470,-250,100,"sd","10:48:13",610500
4450,-270,1500,"sd","10:48:13",610400
4480,-240,1000,"sd","10:48:13",608900
4460,-260,20000,"sd","10:48:13",607900
4480,-240,1100,"sd","10:48:13",587900
4460,-260,500,"sd","10:48:13",586800
4460,-260,2000,"sd","10:48:13",586300
4460,-260,100,"sd","10:48:13",584300
4470,-250,500,"sd","10:48:13",584200
4470,-250,1000,"sd","10:48:13",583700
4470,-250,100,"sd","10:48:13",582700
4480,-240,2900,"sd","10:48:01",582600
4480,-240,1000,"sd","10:48:01",579700
4480,-240,100,"sd","10:48:01",578700
4490,-230,100,"sd","10:47:35",578600
4500,-220,1000,"bu","10:46:10",578500
4500,-220,1000,"sd","10:45:30",577500
4500,-220,500,"sd","10:45:30",576500
4510,-210,100,"sd","10:45:20",576000
4510,-210,500,"sd","10:45:20",575900
4510,-210,500,"sd","10:45:20",575400
4510,-210,200,"sd","10:45:20",574900
4510,-210,300,"sd","10:45:20",574700
4510,-210,100,"sd","10:45:20",574400
4510,-210,300,"sd","10:45:20",574300
4510,-210,1000,"sd","10:45:08",574000
4520,-200,600,"bu","10:43:35",573000
4520,-200,2000,"bu","10:40:25",572400
4510,-210,1000,"sd","10:38:00",570400
4510,-210,2800,"bu","10:37:34",569400
4510,-210,400,"bu","10:36:59",566600
4510,-210,1800,"sd","10:36:48",566200
4510,-210,100,"bu","10:36:28",564400
4510,-210,500,"bu","10:36:28",564300
4510,-210,500,"bu","10:36:14",563800
4510,-210,500,"bu","10:35:42",563300
4500,-220,100,"bu","10:33:32",562800
4480,-240,100,"sd","10:29:25",562700
4470,-250,100,"sd","10:28:36",562600
4470,-250,700,"sd","10:26:43",562500
4470,-250,200,"sd","10:26:43",561800
4470,-250,200,"sd","10:26:43",561600
4470,-250,200,"sd","10:26:43",561400
4470,-250,300,"sd","10:26:43",561200
4470,-250,1100,"sd","10:26:43",560900
4470,-250,7900,"sd","10:26:20",559800
4470,-250,2800,"sd","10:26:20",551900
4470,-250,100,"sd","10:25:55",549100
4470,-250,100,"sd","10:23:42",549000
4470,-250,2500,"sd","10:23:42",548900
4480,-240,300,"bu","10:23:38",546400
4480,-240,100,"bu","10:23:37",546100
4480,-240,100,"bu","10:23:35",546000
4480,-240,10800,"bu","10:23:18",545900
4490,-230,100,"bu","10:23:18",535100
4490,-230,100,"bu","10:23:18",535000
4490,-230,200,"bu","10:23:18",534900
4490,-230,100,"bu","10:23:18",534700
4480,-240,100,"sd","10:23:18",534600
4480,-240,300,"sd","10:23:18",534500
4480,-240,100,"sd","10:23:18",534200
4480,-240,100,"sd","10:23:18",534100
4500,-220,1000,"sd","10:21:39",534000
4500,-220,5000,"bu","10:20:39",533000
4480,-240,200,"sd","10:19:19",528000
4500,-220,9000,"unknown","10:18:33",527800
4500,-220,6600,"sd","10:18:33",518800
4510,-210,300,"sd","10:17:56",512200
4510,-210,200,"bu","10:17:46",511900
4510,-210,100,"sd","10:17:06",511700
4510,-210,1700,"sd","10:17:06",511600
4510,-210,200,"sd","10:16:41",509900
4520,-200,1800,"sd","10:16:41",509700
4520,-200,200,"sd","10:16:32",507900
4510,-210,2000,"bu","10:16:05",507700
4510,-210,5000,"bu","10:16:05",505700
4510,-210,100,"bu","10:16:05",500700
4500,-220,4400,"sd","10:15:58",500600
4500,-220,100,"sd","10:15:58",496200
4500,-220,500,"sd","10:15:58",496100
4510,-210,100,"bu","10:15:49",495600
4500,-220,200,"sd","10:15:27",495500
4510,-210,100,"bu","10:15:20",495300
4500,-220,1900,"sd","10:15:19",495200
4510,-210,1000,"bu","10:15:01",493300
4500,-220,2600,"sd","10:15:00",492300
4500,-220,5000,"bu","10:14:44",489700
4500,-220,100,"bu","10:14:44",484700
4500,-220,100,"bu","10:14:44",484600
4480,-240,600,"bu","10:14:44",484500
4480,-240,100,"bu","10:14:09",483900
4480,-240,500,"bu","10:13:50",483800
4480,-240,100,"bu","10:13:42",483300
4470,-250,500,"sd","10:13:42",483200
4480,-240,2000,"bu","10:13:27",482700
4480,-240,100,"bu","10:13:20",480700
4480,-240,300,"bu","10:12:07",480600
4480,-240,300,"bu","10:11:44",480300
4480,-240,600,"bu","10:11:23",480000
4480,-240,400,"bu","10:11:23",479400
4480,-240,500,"bu","10:10:22",479000
4480,-240,200,"sd","10:09:53",478500
4480,-240,2000,"sd","10:09:53",478300
4480,-240,500,"sd","10:09:53",476300
4480,-240,5000,"sd","10:09:53",475800
4480,-240,400,"sd","10:09:53",470800
4490,-230,1000,"sd","10:09:53",470400
4480,-240,100,"sd","10:09:06",469400
4490,-230,600,"sd","10:09:06",469300
4480,-240,5400,"unknown","10:08:10",468700
4480,-240,4600,"sd","10:07:19",463300
4480,-240,1200,"sd","10:07:19",458700
4500,-220,100,"bu","10:07:18",457500
4480,-240,7000,"sd","10:06:28",457400
4480,-240,200,"sd","10:06:21",450400
4480,-240,1600,"bu","10:05:23",450200
4480,-240,100,"bu","10:04:36",448600
4450,-270,500,"sd","10:03:29",448500
4450,-270,1000,"sd","10:03:29",448000
4450,-270,100,"sd","10:03:29",447000
4460,-260,500,"sd","10:03:29",446900
4460,-260,500,"sd","10:03:29",446400
4460,-260,2200,"sd","10:03:29",445900
4470,-250,200,"sd","10:03:29",443700
4480,-240,100,"bu","10:02:56",443500
4480,-240,200,"bu","10:02:54",443400
4480,-240,300,"bu","10:02:42",443200
4460,-260,300,"sd","10:02:12",442900
4460,-260,100,"bu","10:00:56",442600
4460,-260,2400,"bu","10:00:56",442500
4460,-260,100,"bu","10:00:53",440100
4460,-260,500,"bu","10:00:44",440000
4460,-260,2200,"bu","09:59:23",439500
4460,-260,100,"bu","09:59:16",437300
4460,-260,200,"bu","09:59:09",437200
4460,-260,300,"bu","09:59:04",437000
4460,-260,100,"bu","09:58:49",436700
4460,-260,100,"bu","09:58:27",436600
4450,-270,100,"bu","09:56:48",436500
4450,-270,100,"bu","09:55:50",436400
4450,-270,900,"bu","09:55:50",436300
4440,-280,3000,"bu","09:55:19",435400
4420,-300,100,"sd","09:55:12",432400
4420,-300,700,"bu","09:55:06",432300
4420,-300,100,"bu","09:55:05",431600
4420,-300,200,"bu","09:55:01",431500
4420,-300,400,"bu","09:54:35",431300
4410,-310,600,"bu","09:54:35",430900
4410,-310,1000,"bu","09:54:32",430300
4410,-310,1400,"sd","09:54:30",429300
4410,-310,100,"sd","09:54:14",427900
4420,-300,200,"unknown","09:54:00",427800
4420,-300,200,"sd","09:54:00",427600
4420,-300,1300,"sd","09:54:00",427400
4420,-300,100,"sd","09:53:37",426100
4420,-300,400,"sd","09:53:30",426000
4440,-280,100,"sd","09:52:59",425600
4440,-280,100,"sd","09:52:33",425500
4420,-300,3200,"sd","09:52:12",425400
4420,-300,5000,"sd","09:52:12",422200
4440,-280,1000,"sd","09:52:12",417200
4400,-320,5000,"sd","09:50:21",416200
4390,-330,300,"sd","09:49:18",411200
4400,-320,9700,"sd","09:49:18",410900
4400,-320,300,"bu","09:49:16",401200
4400,-320,100,"bu","09:49:11",400900
4400,-320,300,"bu","09:49:05",400800
4390,-330,6200,"sd","09:49:00",400500
4390,-330,200,"sd","09:49:00",394300
4390,-330,300,"sd","09:49:00",394100
4390,-330,3000,"sd","09:49:00",393800
4390,-330,100,"sd","09:49:00",390800
4390,-330,1200,"sd","09:49:00",390700
4400,-320,1000,"bu","09:48:58",389500
4400,-320,6000,"bu","09:48:56",388500
4400,-320,100,"bu","09:48:48",382500
4400,-320,5000,"bu","09:48:45",382400
4400,-320,2000,"bu","09:48:44",377400
4400,-320,500,"bu","09:48:39",375400
4390,-330,8800,"sd","09:48:37",374900
4390,-330,500,"sd","09:48:37",366100
4390,-330,3000,"sd","09:48:37",365600
4390,-330,7000,"sd","09:48:37",362600
4390,-330,200,"sd","09:48:37",355600
4390,-330,1000,"sd","09:48:37",355400
4390,-330,300,"sd","09:48:37",354400
4390,-330,100,"sd","09:48:37",354100
4390,-330,100,"sd","09:48:37",354000
4390,-330,200,"sd","09:48:37",353900
4390,-330,200,"sd","09:48:37",353700
4390,-330,10000,"sd","09:48:37",353500
4390,-330,1000,"sd","09:48:37",343500
4390,-330,100,"sd","09:48:37",342500
4390,-330,100,"sd","09:48:37",342400
4390,-330,1000,"sd","09:48:37",342300
4390,-330,200,"sd","09:48:37",341300
4390,-330,10000,"sd","09:48:37",341100
4390,-330,1500,"sd","09:48:37",331100
4390,-330,1000,"sd","09:48:37",329600
4390,-330,100,"sd","09:48:37",328600
4390,-330,2000,"sd","09:48:37",328500
4390,-330,100,"sd","09:48:37",326500
4390,-330,2500,"sd","09:48:37",326400
4390,-330,20000,"sd","09:48:37",323900
4400,-320,5000,"bu","09:48:15",303900
4400,-320,5000,"sd","09:48:13",298900
4400,-320,100,"sd","09:48:13",293900
4400,-320,800,"sd","09:48:13",293800
4400,-320,2200,"sd","09:48:13",293000
4400,-320,500,"sd","09:48:13",290800
4400,-320,3000,"sd","09:48:13",290300
4400,-320,5000,"sd","09:48:13",287300
4400,-320,5000,"sd","09:48:13",282300
4400,-320,1000,"sd","09:48:13",277300
4400,-320,1000,"sd","09:48:13",276300
4400,-320,800,"sd","09:48:13",275300
4400,-320,1000,"sd","09:48:13",274500
4400,-320,300,"sd","09:48:13",273500
4400,-320,600,"sd","09:48:13",273200
4400,-320,22700,"sd","09:48:13",272600
4400,-320,100,"sd","09:48:13",249900
4400,-320,1000,"sd","09:48:13",249800
4400,-320,500,"sd","09:48:13",248800
4400,-320,100,"sd","09:48:13",248300
4400,-320,20000,"sd","09:48:13",248200
4400,-320,500,"sd","09:48:13",228200
4400,-320,200,"sd","09:48:13",227700
4400,-320,100,"sd","09:48:13",227500
4400,-320,1000,"sd","09:48:13",227400
4400,-320,400,"sd","09:48:13",226400
4410,-310,100,"sd","09:48:13",226000
4410,-310,1000,"sd","09:48:13",225900
4420,-300,300,"sd","09:48:13",224900
4420,-300,1000,"sd","09:48:13",224600
4420,-300,2000,"sd","09:48:13",223600
4440,-280,300,"sd","09:48:13",221600
4440,-280,1400,"sd","09:48:13",221300
4440,-280,500,"sd","09:48:13",219900
4440,-280,200,"sd","09:48:13",219400
4450,-270,500,"sd","09:48:08",219200
4450,-270,100,"sd","09:48:08",218700
4450,-270,100,"sd","09:48:08",218600
4450,-270,3400,"sd","09:48:08",218500
4450,-270,1000,"sd","09:48:08",215100
4450,-270,500,"sd","09:48:08",214100
4450,-270,500,"sd","09:48:08",213600
4460,-260,1000,"sd","09:47:43",213100
4450,-270,4500,"sd","09:47:10",212100
4450,-270,1000,"sd","09:47:10",207600
4450,-270,1000,"sd","09:47:10",206600
4450,-270,2000,"sd","09:47:10",205600
4450,-270,400,"sd","09:47:10",203600
4450,-270,200,"sd","09:47:10",203200
4480,-240,900,"sd","09:47:10",203000
4480,-240,4100,"bu","09:46:57",202100
4450,-270,800,"sd","09:46:38",198000
4450,-270,500,"sd","09:46:38",197200
4450,-270,600,"sd","09:46:37",196700
4460,-260,500,"sd","09:46:37",196100
4460,-260,5000,"sd","09:46:37",195600
4460,-260,200,"sd","09:46:37",190600
4460,-260,400,"sd","09:46:37",190400
4480,-240,1000,"sd","09:46:36",190000
4480,-240,4900,"sd","09:46:36",189000
4480,-240,4200,"sd","09:46:34",184100
4480,-240,100,"sd","09:46:15",179900
4480,-240,2000,"sd","09:45:34",179800
4500,-220,500,"sd","09:45:14",177800
4500,-220,300,"bu","09:44:19",177300
4500,-220,100,"bu","09:44:13",177000
4500,-220,100,"sd","09:44:00",176900
4500,-220,400,"sd","09:44:00",176800
4510,-210,300,"bu","09:43:40",176400
4500,-220,900,"sd","09:43:23",176100
4500,-220,300,"sd","09:43:23",175200
4500,-220,300,"sd","09:43:23",174900
4500,-220,100,"sd","09:43:23",174600
4500,-220,2000,"sd","09:43:23",174500
4500,-220,200,"sd","09:43:23",172500
4500,-220,800,"sd","09:43:23",172300
4510,-210,300,"bu","09:43:22",171500
4500,-220,100,"sd","09:43:09",171200
4500,-220,1000,"sd","09:43:09",171100
4500,-220,1000,"sd","09:43:09",170100
4500,-220,9000,"sd","09:43:01",169100
4500,-220,200,"sd","09:43:01",160100
4500,-220,100,"sd","09:43:01",159900
4500,-220,200,"sd","09:43:01",159800
4500,-220,500,"sd","09:43:01",159600
4510,-210,100,"bu","09:42:55",159100
4510,-210,9900,"bu","09:42:55",159000
4510,-210,4000,"sd","09:42:27",149100
4510,-210,2100,"sd","09:42:27",145100
4510,-210,3400,"sd","09:42:03",143000
4510,-210,1000,"sd","09:42:03",139600
4510,-210,1000,"sd","09:42:03",138600
4510,-210,1000,"sd","09:42:03",137600
4510,-210,9600,"sd","09:42:03",136600
4510,-210,400,"sd","09:41:46",127000
4510,-210,100,"sd","09:41:46",126600
4530,-190,200,"sd","09:41:05",126500
4530,-190,100,"sd","09:41:05",126300
4530,-190,700,"sd","09:41:05",126200
4530,-190,500,"sd","09:41:05",125500
4530,-190,200,"sd","09:41:05",125000
4530,-190,500,"sd","09:40:43",124800
4530,-190,300,"sd","09:39:38",124300
4530,-190,400,"sd","09:39:38",124000
4530,-190,300,"sd","09:39:08",123600
4550,-170,3000,"bu","09:38:56",123300
4530,-190,300,"bu","09:36:59",120300
4510,-210,600,"sd","09:35:36",120000
4510,-210,1000,"sd","09:35:36",119400
4530,-190,400,"sd","09:35:36",118400
4550,-170,1000,"bu","09:35:18",118000
4550,-170,100,"bu","09:35:12",117000
4550,-170,300,"sd","09:34:42",116900
4550,-170,500,"bu","09:34:06",116600
4550,-170,200,"bu","09:34:06",116100
4550,-170,800,"bu","09:33:52",115900
4550,-170,400,"bu","09:33:49",115100
4550,-170,300,"bu","09:33:27",114700
4550,-170,800,"bu","09:33:27",114400
4500,-220,100,"bu","09:31:46",113600
4500,-220,300,"bu","09:31:40",113500
4500,-220,100,"bu","09:31:18",113200
4460,-260,600,"sd","09:30:53",113100
4460,-260,1000,"sd","09:30:53",112500
4460,-260,100,"sd","09:30:53",111500
4500,-220,1000,"bu","09:30:50",111400
4450,-270,1000,"bu","09:29:18",110400
4450,-270,3400,"bu","09:29:18",109400
4450,-270,5000,"bu","09:29:17",106000
4450,-270,500,"bu","09:29:08",101000
4450,-270,100,"bu","09:28:57",100500
4450,-270,200,"bu","09:28:53",100400
4450,-270,100,"bu","09:28:38",100200
4450,-270,100,"bu","09:28:12",100100
4450,-270,1000,"bu","09:28:06",100000
4450,-270,500,"bu","09:28:00",99000
4450,-270,500,"bu","09:27:41",98500
4450,-270,100,"sd","09:27:39",98000
4450,-270,100,"sd","09:27:39",97900
4450,-270,500,"sd","09:27:39",97800
4450,-270,500,"sd","09:27:39",97300
4450,-270,1300,"sd","09:27:39",96800
4460,-260,100,"sd","09:27:39",95500
4450,-270,500,"sd","09:27:39",95400
4500,-220,100,"bu","09:27:18",94900
4450,-270,3700,"sd","09:27:11",94800
4450,-270,300,"sd","09:27:11",91100
4500,-220,100,"bu","09:27:09",90800
4500,-220,100,"bu","09:27:01",90700
4500,-220,100,"bu","09:26:30",90600
4500,-220,100,"sd","09:25:56",90500
4500,-220,1000,"sd","09:25:56",90400
4500,-220,1000,"sd","09:25:56",89400
4500,-220,5000,"sd","09:25:56",88400
4500,-220,100,"sd","09:25:56",83400
4500,-220,7600,"sd","09:25:56",83300
4550,-170,100,"bu","09:25:30",75700
4500,-220,2400,"sd","09:25:29",75600
4500,-220,300,"sd","09:25:29",73200
4500,-220,2000,"sd","09:25:29",72900
4500,-220,200,"sd","09:25:29",70900
4520,-200,4900,"sd","09:25:29",70700
4520,-200,100,"sd","09:25:29",65800
4530,-190,100,"sd","09:25:29",65700
4550,-170,200,"bu","09:25:02",65600
4550,-170,3300,"bu","09:24:00",65400
4550,-170,100,"sd","09:23:57",62100
4550,-170,200,"sd","09:23:57",62000
4550,-170,5300,"sd","09:23:57",61800
4550,-170,2000,"sd","09:23:35",56500
4550,-170,2700,"sd","09:23:34",54500
4550,-170,200,"sd","09:23:34",51800
4550,-170,100,"sd","09:23:34",51600
4570,-150,100,"bu","09:23:23",51500
4570,-150,200,"bu","09:21:58",51400
4580,-140,100,"sd","09:21:22",51200
4580,-140,100,"sd","09:21:22",51100
4580,-140,100,"sd","09:21:22",51000
4580,-140,900,"sd","09:21:22",50900
4580,-140,300,"sd","09:21:22",50000
4580,-140,500,"sd","09:21:01",49700
4600,-120,400,"bu","09:20:39",49200
4600,-120,7400,"sd","09:20:31",48800
4600,-120,1000,"sd","09:20:27",41400
4600,-120,800,"bu","09:20:25",40400
4600,-120,300,"bu","09:20:25",39600
4600,-120,100,"bu","09:20:25",39300
4600,-120,400,"bu","09:20:25",39200
4600,-120,200,"bu","09:20:18",38800
4600,-120,400,"bu","09:19:50",38600
4600,-120,100,"bu","09:19:43",38200
4600,-120,100,"bu","09:19:26",38100
4580,-140,400,"sd","09:19:14",38000
4600,-120,100,"bu","09:19:08",37600
4600,-120,200,"bu","09:17:44",37500
4600,-120,100,"bu","09:17:43",37300
4600,-120,10000,"sd","09:17:43",37200
4600,-120,100,"sd","09:17:43",27200
4600,-120,1500,"sd","09:17:43",27100
4610,-110,1100,"sd","09:17:43",25600
4650,-70,100,"bu","09:15:34",24500
4650,-70,1400,"sd","09:15:27",24400
4650,-70,3600,"sd","09:15:03",23000
4650,-70,19400,"bu","09:15:00",19400
