"price","change","match_qtty","side","time","total_vol"
4800,-400,31700,"sd","14:45:01",1119700
4900,-300,6400,"sd","14:29:12",1088000
4900,-300,4800,"bu","14:29:02",1081600
4900,-300,100,"bu","14:28:47",1076800
4900,-300,21100,"bu","14:28:43",1076700
4800,-400,300,"sd","14:27:09",1055600
4800,-400,5200,"sd","14:27:05",1055300
4800,-400,10000,"sd","14:26:58",1050100
4800,-400,500,"sd","14:25:46",1040100
4800,-400,3400,"sd","14:24:58",1039600
4800,-400,2000,"sd","14:24:39",1036200
4800,-400,400,"sd","14:24:12",1034200
4800,-400,500,"sd","14:24:08",1033800
4900,-300,100,"bu","14:22:24",1033300
4800,-400,1300,"sd","14:22:07",1033200
4900,-300,100,"bu","14:21:37",1031900
4800,-400,500,"sd","14:20:21",1031800
4800,-400,1400,"bu","14:19:55",1031300
4800,-400,100,"bu","14:19:39",1029900
4800,-400,400,"bu","14:17:43",1029800
4800,-400,3300,"bu","14:17:21",1029400
4800,-400,5000,"sd","14:16:54",1026100
4800,-400,1700,"bu","14:16:26",1021100
4800,-400,1000,"bu","14:16:15",1019400
4800,-400,1300,"sd","14:15:32",1018400
4800,-400,7000,"sd","14:14:30",1017100
4800,-400,2000,"sd","14:14:08",1010100
4800,-400,23600,"sd","14:14:05",1008100
4800,-400,5000,"sd","14:08:23",984500
4800,-400,100,"sd","14:06:07",979500
4800,-400,200,"bu","14:06:03",979400
4800,-400,200,"sd","14:05:48",979200
4800,-400,200,"bu","14:05:44",979000
4800,-400,200,"bu","14:05:37",978800
4800,-400,100,"bu","14:05:27",978600
4800,-400,200,"bu","14:05:03",978500
4800,-400,500,"bu","14:04:58",978300
4800,-400,1300,"sd","14:04:52",977800
4800,-400,800,"sd","14:04:48",976500
4800,-400,1000,"sd","14:04:24",975700
4800,-400,4000,"bu","14:04:14",974700
4800,-400,4100,"bu","14:04:11",970700
4800,-400,600,"bu","14:04:08",966600
4800,-400,10000,"bu","14:04:03",966000
4800,-400,2000,"bu","14:03:58",956000
4800,-400,5000,"bu","14:03:16",954000
4800,-400,100,"bu","14:02:42",949000
4800,-400,100,"bu","14:01:15",948900
4800,-400,2000,"bu","14:00:49",948800
4800,-400,500,"bu","13:59:18",946800
4800,-400,400,"bu","13:59:07",946300
4800,-400,100,"bu","13:58:54",945900
4800,-400,12900,"bu","13:58:43",945800
4800,-400,4700,"sd","13:58:41",932900
4800,-400,85000,"sd","13:58:27",928200
4800,-400,30000,"sd","13:57:54",843200
4800,-400,10000,"sd","13:57:51",813200
4800,-400,17800,"sd","13:57:03",803200
4800,-400,5000,"sd","13:50:09",785400
4800,-400,12100,"sd","13:49:50",780400
4800,-400,800,"sd","13:49:33",768300
4900,-300,100,"bu","13:43:01",767500
4900,-300,3000,"bu","13:42:01",767400
4900,-300,300,"bu","13:40:56",764400
4900,-300,3900,"bu","13:36:22",764100
4900,-300,100,"sd","13:36:06",760200
4900,-300,900,"sd","13:35:51",760100
4900,-300,2200,"sd","13:33:51",759200
4900,-300,500,"sd","13:33:35",757000
4900,-300,10000,"sd","13:33:27",756500
4900,-300,500,"sd","13:32:23",746500
4900,-300,400,"sd","13:31:33",746000
4900,-300,10000,"sd","13:30:52",745600
4900,-300,200,"sd","13:30:21",735600
4900,-300,1000,"sd","13:22:07",735400
4900,-300,49200,"sd","13:20:09",734400
4900,-300,1000,"bu","13:19:53",685200
4800,-400,500,"sd","13:19:52",684200
4900,-300,100,"bu","13:19:46",683700
4900,-300,500,"bu","13:19:31",683600
4900,-300,500,"bu","13:13:29",683100
4900,-300,500,"bu","13:13:24",682600
4900,-300,100,"bu","13:10:10",682100
4800,-400,700,"sd","13:07:58",682000
4900,-300,100,"bu","13:06:57",681300
4900,-300,1200,"bu","13:06:16",681200
4900,-300,100,"bu","13:06:07",680000
4800,-400,13500,"sd","13:05:48",679900
4800,-400,46900,"sd","13:05:22",666400
4800,-400,100,"sd","13:03:04",619500
4800,-400,400,"sd","13:02:23",619400
4800,-400,100,"sd","13:01:35",619000
4800,-400,1000,"sd","13:00:28",618900
4900,-300,5000,"bu","13:00:09",617900
4900,-300,10100,"bu","13:00:03",612900
4900,-300,1000,"bu","11:28:00",602800
4900,-300,700,"bu","11:25:22",601800
4900,-300,100,"bu","11:24:04",601100
4900,-300,100,"bu","11:23:55",601000
4900,-300,400,"bu","11:19:44",600900
4800,-400,2000,"sd","11:16:46",600500
4900,-300,100,"bu","11:16:22",598500
4800,-400,3500,"sd","11:15:07",598400
4900,-300,1000,"bu","11:13:45",594900
4800,-400,24900,"sd","11:13:25",593900
4900,-300,5000,"bu","11:07:44",569000
4900,-300,300,"bu","11:07:33",564000
4900,-300,200,"bu","11:06:48",563700
4800,-400,100,"sd","11:05:52",563500
4800,-400,800,"sd","11:04:26",563400
4900,-300,600,"bu","11:04:12",562600
4900,-300,5000,"bu","11:03:14",562000
4900,-300,800,"bu","11:02:50",557000
4900,-300,1000,"bu","11:02:43",556200
4900,-300,100,"bu","11:02:42",555200
4900,-300,1000,"bu","11:01:02",555100
4900,-300,66400,"sd","10:59:53",554100
4900,-300,200,"sd","10:57:59",487700
4900,-300,10000,"sd","10:57:40",487500
4900,-300,300,"sd","10:55:25",477500
4900,-300,8300,"sd","10:55:15",477200
4900,-300,2100,"sd","10:55:00",468900
4900,-300,400,"sd","10:50:19",466800
4900,-300,20000,"sd","10:45:18",466400
4900,-300,1000,"sd","10:43:31",446400
4900,-300,1000,"sd","10:40:41",445400
4900,-300,100,"sd","10:37:14",444400
5000,-200,200,"bu","10:36:15",444300
5000,-200,100,"bu","10:36:05",444100
5000,-200,2000,"bu","10:31:43",444000
5000,-200,400,"bu","10:30:51",442000
4900,-300,2100,"sd","10:27:33",441600
4900,-300,8000,"sd","10:24:52",439500
4900,-300,900,"sd","10:21:50",431500
4900,-300,2100,"sd","10:18:35",430600
5000,-200,100,"bu","10:11:20",428500
4900,-300,800,"sd","10:11:07",428400
4900,-300,400,"sd","10:11:03",427600
5000,-200,400,"bu","10:09:47",427200
5000,-200,400,"bu","10:08:33",426800
5000,-200,500,"bu","10:07:49",426400
5000,-200,2000,"bu","10:07:42",425900
5000,-200,100,"bu","10:07:32",423900
5000,-200,500,"bu","10:06:23",423800
5000,-200,5200,"sd","10:06:20",423300
5000,-200,600,"bu","10:04:55",418100
5000,-200,2000,"bu","10:04:13",417500
5000,-200,2000,"bu","10:03:52",415500
5000,-200,2000,"bu","10:03:42",413500
5000,-200,100,"bu","10:03:32",411500
5000,-200,100,"bu","10:03:12",411400
5000,-200,100,"bu","10:01:41",411300
5000,-200,5600,"bu","10:01:13",411200
5000,-200,2500,"bu","10:00:41",405600
5000,-200,8100,"bu","10:00:13",403100
5000,-200,2000,"bu","10:00:07",395000
5000,-200,100,"bu","09:59:29",393000
5000,-200,200,"bu","09:59:07",392900
5000,-200,100,"bu","09:58:54",392700
5000,-200,1500,"bu","09:58:12",392600
5000,-200,5000,"bu","09:57:54",391100
5000,-200,700,"bu","09:57:26",386100
5000,-200,200,"bu","09:56:50",385400
5000,-200,200,"bu","09:56:20",385200
5000,-200,1000,"bu","09:54:45",385000
5000,-200,200,"bu","09:54:26",384000
4900,-300,600,"sd","09:54:25",383800
5000,-200,10000,"bu","09:53:56",383200
5000,-200,700,"bu","09:48:43",373200
5000,-200,30000,"sd","09:48:42",372500
5000,-200,4000,"sd","09:48:34",342500
5000,-200,19000,"sd","09:48:19",338500
5000,-200,2000,"sd","09:48:11",319500
5000,-200,500,"sd","09:47:54",317500
5000,-200,100,"sd","09:47:28",317000
5000,-200,100,"sd","09:47:06",316900
5000,-200,5000,"sd","09:46:56",316800
5000,-200,500,"sd","09:46:37",311800
5000,-200,500,"sd","09:46:25",311300
5000,-200,7300,"sd","09:46:17",310800
5000,-200,6000,"sd","09:45:49",303500
5000,-200,500,"sd","09:45:09",297500
5000,-200,2000,"sd","09:44:59",297000
5000,-200,2000,"sd","09:44:46",295000
5000,-200,500,"sd","09:44:23",293000
5000,-200,500,"sd","09:44:15",292500
5000,-200,10000,"sd","09:43:46",292000
5000,-200,200,"sd","09:42:46",282000
5000,-200,1000,"sd","09:41:37",281800
5000,-200,11000,"sd","09:41:12",280800
5100,-100,3300,"bu","09:38:33",269800
5100,-100,100,"bu","09:33:14",266500
5100,-100,100,"bu","09:31:51",266400
5000,-200,1000,"sd","09:31:03",266300
5000,-200,1300,"sd","09:30:12",265300
5000,-200,700,"sd","09:29:28",264000
5000,-200,37300,"sd","09:28:15",263300
5000,-200,200,"bu","09:27:17",226000
4900,-300,1000,"sd","09:27:10",225800
5000,-200,100,"bu","09:26:48",224800
5000,-200,100,"bu","09:25:26",224700
5000,-200,200,"unknown","09:24:58",224600
5000,-200,300,"bu","09:24:52",224400
5000,-200,5000,"sd","09:24:38",224100
5000,-200,1700,"sd","09:24:08",219100
5000,-200,100,"sd","09:24:07",217400
5000,-200,2000,"sd","09:23:55",217300
5000,-200,23000,"sd","09:23:53",215300
5000,-200,1000,"sd","09:23:40",192300
5000,-200,20000,"sd","09:23:34",191300
5000,-200,20000,"sd","09:23:30",171300
5000,-200,19800,"sd","09:23:29",151300
5000,-200,200,"sd","09:23:25",131500
5000,-200,1100,"sd","09:23:02",131300
5000,-200,5000,"sd","09:22:46",130200
5000,-200,800,"sd","09:22:37",125200
5000,-200,5000,"sd","09:22:30",124400
5100,-100,200,"bu","09:22:18",119400
5000,-200,4000,"sd","09:22:00",119200
5100,-100,100,"bu","09:21:50",115200
5100,-100,1200,"bu","09:19:52",115100
5100,-100,5000,"bu","09:18:57",113900
5000,-200,500,"sd","09:18:42",108900
5100,-100,1700,"bu","09:17:35",108400
5100,-100,30000,"sd","09:17:31",106700
5100,-100,1700,"sd","09:17:29",76700
5100,-100,5000,"sd","09:17:22",75000
5100,-100,8000,"sd","09:17:12",70000
5100,-100,20300,"sd","09:17:06",62000
5100,-100,5000,"sd","09:16:59",41700
5100,-100,5000,"sd","09:16:47",36700
5100,-100,500,"sd","09:16:45",31700
5100,-100,5000,"sd","09:16:41",31200
5100,-100,1000,"sd","09:16:06",26200
5100,-100,8000,"sd","09:16:04",25200
5100,-100,500,"sd","09:16:03",17200
5100,-100,200,"sd","09:15:00",16700
5100,-100,10000,"sd","09:08:16",16500
5100,-100,300,"sd","09:07:39",6500
5200,0,2000,"unknown","09:07:02",6200
5200,0,2200,"sd","09:06:23",4200
5200,0,2000,"bu","09:06:13",2000
