"price","change","match_qtty","side","time","total_vol"
24600,-1850,111500,"bu","14:45:02",9247600
24600,-1850,200,"bu","14:29:55",9136100
24600,-1850,600,"bu","14:29:54",9135900
24600,-1850,1100,"bu","14:29:54",9135300
24600,-1850,2100,"bu","14:29:50",9134200
24600,-1850,100,"bu","14:29:48",9132100
24600,-1850,2300,"bu","14:29:47",9132000
24600,-1850,500,"bu","14:29:47",9129700
24600,-1850,1100,"bu","14:29:47",9129200
24600,-1850,200,"bu","14:29:47",9128100
24600,-1850,5900,"bu","14:29:47",9127900
24600,-1850,200,"bu","14:29:40",9122000
24600,-1850,100,"bu","14:29:39",9121800
24600,-1850,800,"bu","14:29:36",9121700
24600,-1850,3200,"bu","14:29:36",9120900
24600,-1850,1000,"bu","14:29:32",9117700
24600,-1850,5800,"bu","14:29:31",9116700
24600,-1850,1200,"bu","14:29:31",9110900
24600,-1850,600,"bu","14:29:31",9109700
24600,-1850,1000,"bu","14:29:31",9109100
24600,-1850,1400,"bu","14:29:31",9108100
24600,-1850,600,"bu","14:29:23",9106700
24600,-1850,100,"bu","14:29:23",9106100
24600,-1850,300,"bu","14:29:23",9106000
24600,-1850,1500,"bu","14:29:21",9105700
24600,-1850,1000,"bu","14:29:21",9104200
24600,-1850,1000,"bu","14:29:21",9103200
24600,-1850,300,"bu","14:29:21",9102200
24600,-1850,900,"bu","14:29:21",9101900
24600,-1850,200,"bu","14:29:19",9101000
24600,-1850,100,"bu","14:29:19",9100800
24600,-1850,100,"bu","14:29:15",9100700
24600,-1850,300,"bu","14:29:14",9100600
24600,-1850,10000,"bu","14:29:14",9100300
24600,-1850,9700,"bu","14:29:14",9090300
24600,-1850,25000,"bu","14:29:11",9080600
24600,-1850,500,"bu","14:29:05",9055600
24600,-1850,2000,"bu","14:29:04",9055100
24600,-1850,1000,"bu","14:29:04",9053100
24600,-1850,200,"bu","14:28:59",9052100
24600,-1850,200,"bu","14:28:57",9051900
24600,-1850,100,"bu","14:28:55",9051700
24600,-1850,1000,"bu","14:28:55",9051600
24600,-1850,10000,"bu","14:28:50",9050600
24600,-1850,200,"bu","14:28:49",9040600
24600,-1850,10000,"bu","14:28:34",9040400
24600,-1850,10000,"bu","14:28:33",9030400
24600,-1850,400,"bu","14:28:31",9020400
24600,-1850,1000,"bu","14:28:27",9020000
24600,-1850,10000,"bu","14:28:17",9019000
24600,-1850,2000,"bu","14:28:16",9009000
24600,-1850,200,"bu","14:28:15",9007000
24600,-1850,1000,"bu","14:28:12",9006800
24600,-1850,100,"bu","14:28:11",9005800
24600,-1850,1000,"bu","14:28:08",9005700
24600,-1850,100,"bu","14:27:47",9004700
24600,-1850,1200,"bu","14:27:47",9004600
24600,-1850,2700,"bu","14:27:43",9003400
24600,-1850,10000,"bu","14:27:42",9000700
24600,-1850,2100,"bu","14:27:42",8990700
24600,-1850,2000,"bu","14:27:42",8988600
24600,-1850,400,"bu","14:27:40",8986600
24600,-1850,100,"bu","14:27:37",8986200
24600,-1850,100,"bu","14:27:34",8986100
24600,-1850,15100,"bu","14:27:30",8986000
24600,-1850,4900,"bu","14:27:30",8970900
24600,-1850,3500,"bu","14:27:30",8966000
24600,-1850,100,"bu","14:27:25",8962500
24600,-1850,1500,"bu","14:27:21",8962400
24600,-1850,600,"bu","14:27:21",8960900
24600,-1850,2400,"bu","14:27:21",8960300
24600,-1850,1600,"bu","14:27:14",8957900
24600,-1850,2900,"bu","14:27:14",8956300
24600,-1850,100,"bu","14:27:04",8953400
24600,-1850,200,"bu","14:27:00",8953300
24600,-1850,200,"bu","14:26:57",8953100
24600,-1850,4500,"bu","14:26:56",8952900
24600,-1850,3000,"bu","14:26:54",8948400
24600,-1850,4000,"bu","14:26:54",8945400
24600,-1850,3000,"bu","14:26:45",8941400
24600,-1850,20000,"bu","14:26:45",8938400
24600,-1850,1000,"bu","14:26:44",8918400
24600,-1850,3000,"bu","14:26:32",8917400
24600,-1850,1100,"bu","14:26:32",8914400
24600,-1850,2000,"bu","14:26:32",8913300
24600,-1850,2500,"bu","14:26:32",8911300
24600,-1850,4500,"bu","14:26:32",8908800
24600,-1850,2800,"bu","14:26:32",8904300
24600,-1850,100,"bu","14:26:32",8901500
24600,-1850,900,"bu","14:26:32",8901400
24600,-1850,3500,"bu","14:26:32",8900500
24600,-1850,300,"bu","14:26:32",8897000
24600,-1850,2300,"bu","14:26:32",8896700
24600,-1850,1000,"bu","14:26:31",8894400
24600,-1850,200,"bu","14:26:29",8893400
24600,-1850,1600,"bu","14:26:29",8893200
24600,-1850,100,"bu","14:26:28",8891600
24600,-1850,1400,"bu","14:26:28",8891500
24600,-1850,200,"bu","14:26:28",8890100
24600,-1850,1100,"bu","14:26:28",8889900
24600,-1850,1800,"bu","14:26:28",8888800
24600,-1850,3000,"bu","14:26:28",8887000
24600,-1850,5200,"bu","14:26:25",8884000
24600,-1850,6000,"bu","14:26:25",8878800
24600,-1850,38800,"bu","14:26:25",8872800
24600,-1850,1000,"bu","14:26:20",8834000
24600,-1850,200,"bu","14:26:19",8833000
24600,-1850,2000,"bu","14:26:18",8832800
24600,-1850,8000,"bu","14:26:15",8830800
24600,-1850,12000,"bu","14:26:15",8822800
24600,-1850,4500,"bu","14:26:15",8810800
24600,-1850,500,"bu","14:26:08",8806300
24600,-1850,500,"bu","14:26:08",8805800
24600,-1850,4500,"bu","14:26:04",8805300
24600,-1850,20000,"bu","14:26:04",8800800
24600,-1850,10000,"bu","14:26:04",8780800
24600,-1850,100,"bu","14:26:02",8770800
24600,-1850,2100,"bu","14:25:52",8770700
24600,-1850,500,"bu","14:25:52",8768600
24600,-1850,900,"bu","14:25:52",8768100
24600,-1850,6200,"bu","14:25:52",8767200
24600,-1850,500,"bu","14:25:52",8761000
24600,-1850,800,"bu","14:25:52",8760500
24600,-1850,3000,"bu","14:25:52",8759700
24600,-1850,6000,"bu","14:25:52",8756700
24600,-1850,3000,"bu","14:25:50",8750700
24600,-1850,1000,"bu","14:25:45",8747700
24600,-1850,20000,"bu","14:25:41",8746700
24600,-1850,20000,"bu","14:25:31",8726700
24600,-1850,1000,"bu","14:25:29",8706700
24600,-1850,700,"bu","14:25:29",8705700
24600,-1850,4200,"bu","14:25:29",8705000
24600,-1850,800,"bu","14:25:26",8700800
24600,-1850,2200,"bu","14:25:26",8700000
24600,-1850,7800,"bu","14:25:24",8697800
24600,-1850,100,"bu","14:25:24",8690000
24600,-1850,500,"bu","14:25:24",8689900
24600,-1850,1000,"bu","14:25:24",8689400
24600,-1850,600,"bu","14:25:24",8688400
24600,-1850,5000,"bu","14:25:18",8687800
24600,-1850,4400,"bu","14:25:14",8682800
24600,-1850,300,"bu","14:25:14",8678400
24600,-1850,4000,"bu","14:25:14",8678100
24600,-1850,3800,"bu","14:25:14",8674100
24600,-1850,5100,"bu","14:25:14",8670300
24600,-1850,2400,"bu","14:25:14",8665200
24600,-1850,2800,"bu","14:24:32",8662800
24600,-1850,50000,"bu","14:24:32",8660000
24600,-1850,2000,"bu","14:24:21",8610000
24600,-1850,200,"bu","14:24:13",8608000
24600,-1850,41600,"bu","14:24:05",8607800
24600,-1850,500,"bu","14:24:05",8566200
24600,-1850,500,"bu","14:24:05",8565700
24600,-1850,2900,"bu","14:24:05",8565200
24600,-1850,2000,"bu","14:24:05",8562300
24600,-1850,1000,"bu","14:24:05",8560300
24600,-1850,1500,"bu","14:24:05",8559300
24600,-1850,23500,"bu","14:23:25",8557800
24600,-1850,26500,"bu","14:23:25",8534300
24600,-1850,100,"bu","14:23:21",8507800
24600,-1850,100,"bu","14:23:16",8507700
24600,-1850,200,"bu","14:22:53",8507600
24600,-1850,23100,"bu","14:22:41",8507400
24600,-1850,1000,"bu","14:22:41",8484300
24600,-1850,600,"bu","14:22:41",8483300
24600,-1850,25300,"bu","14:22:41",8482700
24600,-1850,100,"bu","14:22:34",8457400
24600,-1850,50000,"bu","14:22:15",8457300
24600,-1850,100,"bu","14:21:57",8407300
24600,-1850,200,"bu","14:21:42",8407200
24600,-1850,100,"bu","14:21:18",8407000
24600,-1850,24200,"bu","14:20:41",8406900
24600,-1850,25800,"bu","14:20:41",8382700
24600,-1850,100,"bu","14:20:01",8356900
24600,-1850,100,"bu","14:19:21",8356800
24600,-1850,24000,"bu","14:19:11",8356700
24600,-1850,26000,"bu","14:19:11",8332700
24600,-1850,39000,"bu","14:17:32",8306700
24600,-1850,1500,"bu","14:17:32",8267700
24600,-1850,35000,"bu","14:17:32",8266200
24600,-1850,10000,"bu","14:17:32",8231200
24600,-1850,100,"bu","14:17:32",8221200
24600,-1850,14400,"bu","14:17:32",8221100
24600,-1850,400,"bu","14:15:50",8206700
24600,-1850,15200,"bu","14:15:37",8206300
24600,-1850,2000,"bu","14:15:37",8191100
24600,-1850,82800,"bu","14:15:37",8189100
24600,-1850,100,"bu","14:15:08",8106300
24600,-1850,100,"bu","14:14:59",8106200
24600,-1850,200,"bu","14:14:26",8106100
24600,-1850,100000,"bu","14:14:21",8105900
24600,-1850,100,"bu","14:14:02",8005900
24600,-1850,400,"bu","14:14:00",8005800
24600,-1850,800,"bu","14:13:37",8005400
24600,-1850,100,"bu","14:12:28",8004600
24600,-1850,100,"bu","14:11:46",8004500
24600,-1850,300,"bu","14:11:43",8004400
24600,-1850,100,"bu","14:11:11",8004100
24600,-1850,100,"bu","14:09:36",8004000
24600,-1850,1000,"bu","14:09:14",8003900
24600,-1850,500,"bu","14:09:09",8002900
24600,-1850,10000,"bu","14:08:45",8002400
24600,-1850,200,"bu","14:08:00",7992400
24600,-1850,100,"bu","14:07:50",7992200
24600,-1850,1000,"bu","14:07:13",7992100
24600,-1850,2000,"bu","14:07:03",7991100
24600,-1850,2500,"bu","14:07:03",7989100
24600,-1850,100,"bu","14:05:57",7986600
24600,-1850,100,"bu","14:05:17",7986500
24600,-1850,1000,"bu","14:05:16",7986400
24600,-1850,100,"bu","14:04:43",7985400
24600,-1850,300,"bu","14:04:33",7985300
24600,-1850,200,"bu","14:03:42",7985000
24600,-1850,100,"bu","14:03:26",7984800
24600,-1850,4500,"bu","14:03:13",7984700
24600,-1850,200,"bu","14:02:56",7980200
24600,-1850,100,"bu","14:02:44",7980000
24600,-1850,100,"bu","14:02:41",7979900
24600,-1850,3000,"bu","14:02:28",7979800
24600,-1850,4500,"bu","14:02:05",7976800
24600,-1850,200,"bu","14:02:00",7972300
24600,-1850,100,"bu","14:01:18",7972100
24600,-1850,200,"bu","14:01:13",7972000
24600,-1850,1000,"bu","14:00:55",7971800
24600,-1850,800,"bu","14:00:09",7970800
24600,-1850,200,"bu","13:59:43",7970000
24600,-1850,200,"bu","13:59:27",7969800
24600,-1850,100,"bu","13:59:08",7969600
24600,-1850,100,"bu","13:56:22",7969500
24600,-1850,300,"bu","13:56:11",7969400
24600,-1850,200,"bu","13:56:11",7969100
24600,-1850,1300,"bu","13:55:47",7968900
24600,-1850,100,"bu","13:54:51",7967600
24600,-1850,100,"bu","13:54:20",7967500
24600,-1850,700,"bu","13:54:07",7967400
24600,-1850,100,"bu","13:54:03",7966700
24600,-1850,100,"bu","13:51:23",7966600
24600,-1850,1000,"bu","13:51:05",7966500
24600,-1850,200,"bu","13:50:44",7965500
24600,-1850,100,"bu","13:50:30",7965300
24600,-1850,100,"bu","13:49:59",7965200
24600,-1850,100,"bu","13:49:57",7965100
24600,-1850,900,"bu","13:48:25",7965000
24600,-1850,5400,"bu","13:48:25",7964100
24600,-1850,100,"bu","13:48:12",7958700
24600,-1850,1000,"bu","13:48:09",7958600
24600,-1850,1000,"bu","13:48:05",7957600
24600,-1850,500,"bu","13:47:23",7956600
24600,-1850,100,"bu","13:47:13",7956100
24600,-1850,100,"bu","13:46:51",7956000
24600,-1850,400,"bu","13:46:33",7955900
24600,-1850,100,"bu","13:45:53",7955500
24600,-1850,100,"bu","13:45:22",7955400
24600,-1850,200,"bu","13:45:03",7955300
24600,-1850,100,"bu","13:44:44",7955100
24600,-1850,100,"bu","13:44:38",7955000
24600,-1850,100,"bu","13:44:30",7954900
24600,-1850,5000,"bu","13:44:16",7954800
24600,-1850,100,"bu","13:43:18",7949800
24600,-1850,500,"bu","13:43:14",7949700
24600,-1850,12000,"bu","13:43:07",7949200
24600,-1850,100,"bu","13:42:03",7937200
24600,-1850,100,"bu","13:41:57",7937100
24600,-1850,100,"bu","13:41:56",7937000
24600,-1850,100,"bu","13:41:53",7936900
24600,-1850,200,"bu","13:41:27",7936800
24600,-1850,1500,"bu","13:41:17",7936600
24600,-1850,4500,"bu","13:41:08",7935100
24600,-1850,300,"bu","13:40:49",7930600
24600,-1850,4500,"bu","13:40:29",7930300
24600,-1850,3300,"bu","13:40:19",7925800
24600,-1850,3200,"bu","13:40:09",7922500
24600,-1850,4500,"bu","13:40:05",7919300
24600,-1850,4500,"bu","13:39:59",7914800
24600,-1850,900,"bu","13:39:59",7910300
24600,-1850,1500,"bu","13:39:57",7909400
24600,-1850,2700,"bu","13:39:48",7907900
24600,-1850,300,"bu","13:39:47",7905200
24600,-1850,2300,"bu","13:39:36",7904900
24600,-1850,100,"bu","13:39:28",7902600
24600,-1850,300,"bu","13:39:09",7902500
24600,-1850,100,"bu","13:39:07",7902200
24600,-1850,100,"bu","13:38:45",7902100
24600,-1850,400,"bu","13:38:41",7902000
24600,-1850,100,"bu","13:38:32",7901600
24600,-1850,300,"bu","13:38:25",7901500
24600,-1850,700,"bu","13:37:50",7901200
24600,-1850,600,"bu","13:37:34",7900500
24600,-1850,100,"bu","13:37:23",7899900
24600,-1850,500,"bu","13:37:18",7899800
24600,-1850,100,"bu","13:36:33",7899300
24600,-1850,400,"bu","13:35:42",7899200
24600,-1850,400,"bu","13:35:38",7898800
24600,-1850,100,"bu","13:35:32",7898400
24600,-1850,200,"bu","13:35:26",7898300
24600,-1850,1000,"bu","13:34:41",7898100
24600,-1850,5700,"bu","13:34:38",7897100
24600,-1850,500,"bu","13:34:29",7891400
24600,-1850,3000,"bu","13:34:12",7890900
24600,-1850,100,"bu","13:33:52",7887900
24600,-1850,100,"bu","13:33:48",7887800
24600,-1850,1000,"bu","13:33:46",7887700
24600,-1850,100,"bu","13:33:15",7886700
24600,-1850,100,"bu","13:33:11",7886600
24600,-1850,100,"bu","13:32:51",7886500
24600,-1850,100,"bu","13:32:47",7886400
24600,-1850,500,"bu","13:32:35",7886300
24600,-1850,2000,"bu","13:32:24",7885800
24600,-1850,1000,"bu","13:32:22",7883800
24600,-1850,1000,"bu","13:32:17",7882800
24600,-1850,1000,"bu","13:32:16",7881800
24600,-1850,200,"bu","13:31:36",7880800
24600,-1850,100,"bu","13:31:29",7880600
24600,-1850,2000,"bu","13:31:27",7880500
24600,-1850,1000,"bu","13:31:07",7878500
24600,-1850,500,"bu","13:31:05",7877500
24600,-1850,1000,"bu","13:31:01",7877000
24600,-1850,100,"bu","13:30:49",7876000
24600,-1850,200,"bu","13:30:49",7875900
24600,-1850,5600,"bu","13:30:43",7875700
24600,-1850,500,"bu","13:30:41",7870100
24600,-1850,1000,"bu","13:30:39",7869600
24600,-1850,100,"bu","13:30:30",7868600
24600,-1850,100,"bu","13:30:26",7868500
24600,-1850,80000,"bu","13:30:22",7868400
24600,-1850,100,"bu","13:30:15",7788400
24600,-1850,800,"bu","13:30:03",7788300
24600,-1850,100,"bu","13:29:59",7787500
24600,-1850,5000,"bu","13:29:53",7787400
24600,-1850,700,"bu","13:29:52",7782400
24600,-1850,500,"bu","13:29:40",7781700
24600,-1850,2000,"bu","13:29:34",7781200
24600,-1850,100,"bu","13:29:09",7779200
24600,-1850,100,"bu","13:29:08",7779100
24600,-1850,100,"bu","13:29:06",7779000
24600,-1850,2000,"bu","13:29:04",7778900
24600,-1850,1000,"bu","13:28:58",7776900
24600,-1850,11800,"bu","13:28:56",7775900
24600,-1850,200,"bu","13:28:56",7764100
24600,-1850,18000,"bu","13:28:56",7763900
24600,-1850,500,"bu","13:28:55",7745900
24600,-1850,100,"bu","13:28:54",7745400
24600,-1850,100,"bu","13:28:50",7745300
24600,-1850,20000,"bu","13:28:45",7745200
24600,-1850,2200,"bu","13:28:40",7725200
24600,-1850,400,"bu","13:28:40",7723000
24600,-1850,200,"bu","13:28:40",7722600
24600,-1850,1000,"bu","13:28:32",7722400
24600,-1850,300,"bu","13:28:30",7721400
24600,-1850,100,"bu","13:28:27",7721100
24600,-1850,100,"bu","13:28:25",7721000
24600,-1850,100,"bu","13:28:24",7720900
24600,-1850,100,"bu","13:28:19",7720800
24600,-1850,300,"bu","13:28:14",7720700
24600,-1850,500,"bu","13:28:02",7720400
24600,-1850,2000,"bu","13:27:55",7719900
24600,-1850,300,"bu","13:27:54",7717900
24600,-1850,2000,"bu","13:27:53",7717600
24600,-1850,4000,"bu","13:27:50",7715600
24600,-1850,300,"bu","13:27:44",7711600
24600,-1850,1000,"bu","13:27:42",7711300
24600,-1850,300,"bu","13:27:38",7710300
24600,-1850,1000,"bu","13:27:27",7710000
24600,-1850,1000,"bu","13:27:27",7709000
24600,-1850,600,"bu","13:27:18",7708000
24600,-1850,1000,"bu","13:27:18",7707400
24600,-1850,100,"bu","13:27:18",7706400
24600,-1850,100,"bu","13:27:06",7706300
24600,-1850,100,"bu","13:27:06",7706200
24600,-1850,2900,"bu","13:27:05",7706100
24600,-1850,100,"bu","13:27:04",7703200
24600,-1850,5000,"bu","13:27:02",7703100
24600,-1850,400,"bu","13:27:02",7698100
24600,-1850,500,"bu","13:27:01",7697700
24600,-1850,1000,"bu","13:26:59",7697200
24600,-1850,1000,"bu","13:26:58",7696200
24600,-1850,300,"bu","13:26:58",7695200
24600,-1850,300,"bu","13:26:50",7694900
24600,-1850,1000,"bu","13:26:50",7694600
24600,-1850,200,"bu","13:26:47",7693600
24600,-1850,1000,"bu","13:26:43",7693400
24600,-1850,1000,"bu","13:26:41",7692400
24600,-1850,100,"bu","13:26:38",7691400
24600,-1850,500,"bu","13:26:37",7691300
24600,-1850,1600,"bu","13:26:36",7690800
24600,-1850,1400,"bu","13:26:36",7689200
24600,-1850,1900,"bu","13:26:35",7687800
24600,-1850,200,"bu","13:26:32",7685900
24600,-1850,1200,"bu","13:26:32",7685700
24600,-1850,10000,"bu","13:26:31",7684500
24600,-1850,200,"bu","13:26:28",7674500
24600,-1850,100,"bu","13:26:25",7674300
24600,-1850,100,"bu","13:26:24",7674200
24600,-1850,10200,"bu","13:26:22",7674100
24600,-1850,1000,"bu","13:26:22",7663900
24600,-1850,2000,"bu","13:26:22",7662900
24600,-1850,9800,"bu","13:26:22",7660900
24600,-1850,3000,"bu","13:26:20",7651100
24600,-1850,20000,"bu","13:26:19",7648100
24600,-1850,1000,"bu","13:26:17",7628100
24600,-1850,800,"bu","13:26:14",7627100
24600,-1850,3000,"bu","13:26:14",7626300
24600,-1850,80000,"bu","13:26:12",7623300
24600,-1850,100,"bu","13:26:10",7543300
24600,-1850,100,"bu","13:26:10",7543200
24600,-1850,1000,"bu","13:26:09",7543100
24600,-1850,300,"bu","13:26:06",7542100
24600,-1850,100,"bu","13:26:05",7541800
24600,-1850,500,"bu","13:26:04",7541700
24600,-1850,600,"bu","13:26:02",7541200
24600,-1850,300,"bu","13:25:58",7540600
24600,-1850,1400,"bu","13:25:58",7540300
24600,-1850,300,"bu","13:25:57",7538900
24600,-1850,100,"bu","13:25:54",7538600
24600,-1850,1000,"bu","13:25:53",7538500
24600,-1850,3000,"sd","13:25:53",7537500
24600,-1850,100,"sd","13:25:53",7534500
24600,-1850,200,"sd","13:25:53",7534400
24650,-1800,4800,"bu","13:25:50",7534200
24650,-1800,5200,"bu","13:25:50",7529400
24650,-1800,2400,"bu","13:25:49",7524200
24650,-1800,400,"bu","13:25:47",7521800
24600,-1850,4800,"sd","13:25:47",7521400
24600,-1850,3000,"bu","13:25:46",7516600
24600,-1850,1000,"bu","13:25:44",7513600
24600,-1850,1000,"bu","13:25:43",7512600
24600,-1850,3700,"sd","13:25:42",7511600
24600,-1850,200,"sd","13:25:42",7507900
24600,-1850,500,"sd","13:25:42",7507700
24600,-1850,300,"sd","13:25:42",7507200
24600,-1850,5000,"sd","13:25:42",7506900
24600,-1850,100,"sd","13:25:42",7501900
24600,-1850,100,"sd","13:25:42",7501800
24600,-1850,20000,"sd","13:25:42",7501700
24600,-1850,1000,"sd","13:25:42",7481700
24600,-1850,200,"sd","13:25:42",7480700
24600,-1850,5000,"sd","13:25:42",7480500
24600,-1850,1100,"sd","13:25:42",7475500
24600,-1850,5000,"sd","13:25:42",7474400
24600,-1850,100,"sd","13:25:42",7469400
24600,-1850,8000,"sd","13:25:42",7469300
24600,-1850,100,"sd","13:25:42",7461300
24600,-1850,9500,"sd","13:25:42",7461200
24600,-1850,500,"sd","13:25:42",7451700
24600,-1850,4000,"sd","13:25:42",7451200
24600,-1850,4500,"sd","13:25:42",7447200
24600,-1850,3000,"sd","13:25:42",7442700
24600,-1850,3000,"sd","13:25:42",7439700
24600,-1850,1100,"sd","13:25:42",7436700
24600,-1850,100,"sd","13:25:42",7435600
24600,-1850,700,"sd","13:25:42",7435500
24600,-1850,100,"sd","13:25:42",7434800
24600,-1850,300,"sd","13:25:42",7434700
24600,-1850,5000,"sd","13:25:42",7434400
24600,-1850,200,"sd","13:25:42",7429400
24600,-1850,1000,"sd","13:25:42",7429200
24600,-1850,100,"sd","13:25:42",7428200
24600,-1850,500,"sd","13:25:42",7428100
24600,-1850,100,"sd","13:25:42",7427600
24600,-1850,1000,"sd","13:25:42",7427500
24600,-1850,5000,"sd","13:25:42",7426500
24600,-1850,100,"sd","13:25:42",7421500
24600,-1850,1100,"sd","13:25:39",7421400
24600,-1850,3900,"sd","13:25:39",7420300
24650,-1800,20000,"bu","13:25:39",7416400
24600,-1850,200,"sd","13:25:38",7396400
24650,-1800,13000,"bu","13:25:35",7396200
24650,-1800,800,"bu","13:25:32",7383200
24650,-1800,1000,"bu","13:25:28",7382400
24650,-1800,100,"bu","13:25:25",7381400
24650,-1800,1000,"bu","13:25:23",7381300
24650,-1800,2000,"bu","13:25:17",7380300
24650,-1800,2000,"sd","13:25:16",7378300
24650,-1800,2000,"sd","13:25:16",7376300
24650,-1800,50000,"sd","13:25:16",7374300
24650,-1800,100,"sd","13:25:16",7324300
24700,-1750,1100,"bu","13:25:12",7324200
24700,-1750,900,"bu","13:25:12",7323100
24700,-1750,100,"bu","13:25:10",7322200
24700,-1750,1100,"sd","13:25:00",7322100
24700,-1750,1000,"sd","13:24:56",7321000
24700,-1750,10000,"sd","13:24:54",7320000
24750,-1700,1000,"bu","13:24:51",7310000
24750,-1700,4500,"bu","13:24:51",7309000
24750,-1700,5000,"bu","13:24:48",7304500
24750,-1700,3000,"bu","13:24:46",7299500
24750,-1700,100,"sd","13:24:42",7296500
24750,-1700,100,"sd","13:24:42",7296400
24750,-1700,15100,"sd","13:24:42",7296300
24800,-1650,300,"bu","13:24:41",7281200
24800,-1650,100,"bu","13:24:41",7280900
24750,-1700,25900,"bu","13:24:34",7280800
24750,-1700,1000,"bu","13:24:33",7254900
24750,-1700,10000,"bu","13:24:31",7253900
24750,-1700,1000,"bu","13:24:30",7243900
24750,-1700,50000,"bu","13:24:28",7242900
24750,-1700,1000,"bu","13:24:27",7192900
24750,-1700,4500,"bu","13:24:23",7191900
24750,-1700,5000,"bu","13:24:18",7187400
24750,-1700,100,"bu","13:24:16",7182400
24750,-1700,1500,"bu","13:24:13",7182300
24700,-1750,7900,"bu","13:24:06",7180800
24700,-1750,1000,"bu","13:24:03",7172900
24700,-1750,20000,"bu","13:24:02",7171900
24700,-1750,1100,"bu","13:23:51",7151900
24700,-1750,100,"bu","13:23:51",7150800
24700,-1750,100,"bu","13:23:51",7150700
24650,-1800,5000,"bu","13:23:51",7150600
24650,-1800,1700,"bu","13:23:51",7145600
24650,-1800,100,"bu","13:23:51",7143900
24650,-1800,200,"bu","13:23:50",7143800
24650,-1800,300,"bu","13:23:50",7143600
24650,-1800,3000,"bu","13:23:43",7143300
24650,-1800,30000,"bu","13:23:42",7140300
24650,-1800,1500,"bu","13:23:33",7110300
24650,-1800,13200,"bu","13:23:31",7108800
24650,-1800,3200,"bu","13:23:31",7095600
24600,-1850,500,"bu","13:23:29",7092400
24600,-1850,200,"bu","13:23:29",7091900
24600,-1850,1000,"bu","13:23:29",7091700
24600,-1850,100,"bu","13:23:29",7090700
24600,-1850,1000,"bu","13:23:29",7090600
24600,-1850,100,"bu","13:23:29",7089600
24600,-1850,1000,"bu","13:23:29",7089500
24600,-1850,1000,"bu","13:23:29",7088500
24600,-1850,4000,"bu","13:23:29",7087500
24600,-1850,7000,"bu","13:23:29",7083500
24600,-1850,100,"bu","13:23:28",7076500
24600,-1850,500,"bu","13:23:28",7076400
24600,-1850,20400,"bu","13:23:27",7075900
24600,-1850,200,"bu","13:23:27",7055500
24600,-1850,100,"bu","13:23:27",7055300
24600,-1850,1000,"bu","13:23:27",7055200
24600,-1850,32700,"bu","13:23:27",7054200
24600,-1850,500,"bu","13:23:26",7021500
24600,-1850,100,"bu","13:23:26",7021000
24600,-1850,58000,"bu","13:23:26",7020900
24600,-1850,8700,"bu","13:23:26",6962900
24600,-1850,900,"bu","13:23:25",6954200
24600,-1850,10000,"bu","13:23:25",6953300
24600,-1850,1000,"bu","13:23:25",6943300
24600,-1850,2000,"bu","13:23:25",6942300
24600,-1850,77400,"bu","13:23:25",6940300
24600,-1850,500,"bu","13:23:25",6862900
24600,-1850,600,"bu","13:23:24",6862400
24600,-1850,100,"bu","13:23:24",6861800
24600,-1850,100,"bu","13:23:23",6861700
24600,-1850,1000,"bu","13:23:23",6861600
24600,-1850,100,"bu","13:23:23",6860600
24600,-1850,500,"bu","13:23:22",6860500
24600,-1850,5000,"bu","13:23:21",6860000
24600,-1850,1200,"bu","13:23:21",6855000
24600,-1850,2000,"bu","13:23:21",6853800
24600,-1850,400,"bu","13:23:19",6851800
24600,-1850,15000,"bu","13:23:18",6851400
24600,-1850,4000,"bu","13:23:15",6836400
24600,-1850,10000,"bu","13:23:15",6832400
24600,-1850,200,"bu","13:23:14",6822400
24600,-1850,1000,"bu","13:23:13",6822200
24600,-1850,2000,"bu","13:23:12",6821200
24600,-1850,3000,"bu","13:23:10",6819200
24600,-1850,200,"bu","13:23:10",6816200
24600,-1850,19000,"bu","13:23:10",6816000
24600,-1850,30000,"bu","13:23:10",6797000
24600,-1850,4500,"bu","13:23:10",6767000
24600,-1850,100,"bu","13:23:07",6762500
24600,-1850,500,"bu","13:23:07",6762400
24600,-1850,100,"bu","13:23:06",6761900
24600,-1850,100,"bu","13:23:05",6761800
24600,-1850,100,"bu","13:23:04",6761700
24600,-1850,30000,"bu","13:23:04",6761600
24600,-1850,100,"bu","13:23:04",6731600
24600,-1850,6400,"bu","13:23:03",6731500
24600,-1850,2000,"bu","13:23:02",6725100
24600,-1850,19400,"bu","13:23:00",6723100
24600,-1850,1000,"bu","13:23:00",6703700
24600,-1850,100,"bu","13:23:00",6702700
24600,-1850,10000,"bu","13:23:00",6702600
24600,-1850,100,"bu","13:23:00",6692600
24600,-1850,69400,"bu","13:23:00",6692500
24600,-1850,12400,"bu","13:22:56",6623100
24600,-1850,100,"bu","13:22:55",6610700
24600,-1850,100,"bu","13:22:52",6610600
24600,-1850,1000,"bu","13:22:51",6610500
24600,-1850,1500,"bu","13:22:50",6609500
24600,-1850,1000,"bu","13:22:48",6608000
24600,-1850,14500,"bu","13:22:45",6607000
24600,-1850,6000,"bu","13:22:45",6592500
24600,-1850,1300,"bu","13:22:45",6586500
24600,-1850,200,"bu","13:22:45",6585200
24600,-1850,500,"bu","13:22:45",6585000
24600,-1850,500,"bu","13:22:45",6584500
24600,-1850,7800,"bu","13:22:45",6584000
24600,-1850,10000,"bu","13:22:45",6576200
24600,-1850,300,"bu","13:22:45",6566200
24600,-1850,9100,"bu","13:22:45",6565900
24600,-1850,1100,"bu","13:22:45",6556800
24600,-1850,200,"bu","13:22:45",6555700
24600,-1850,20000,"bu","13:22:45",6555500
24600,-1850,1000,"bu","13:22:45",6535500
24600,-1850,2000,"bu","13:22:45",6534500
24600,-1850,100,"bu","13:22:45",6532500
24600,-1850,3000,"bu","13:22:45",6532400
24600,-1850,35200,"bu","13:22:45",6529400
24600,-1850,45000,"bu","13:22:45",6494200
24600,-1850,100,"bu","13:22:45",6449200
24600,-1850,2000,"bu","13:22:45",6449100
24600,-1850,1100,"bu","13:22:45",6447100
24600,-1850,30000,"bu","13:22:45",6446000
24600,-1850,1000,"bu","13:22:45",6416000
24600,-1850,8000,"bu","13:22:45",6415000
24600,-1850,1000,"bu","13:22:43",6407000
24600,-1850,1000,"bu","13:22:14",6406000
24600,-1850,1500,"bu","13:22:02",6405000
24600,-1850,1000,"bu","13:21:48",6403500
24600,-1850,10000,"bu","13:21:43",6402500
24600,-1850,10000,"bu","13:21:37",6392500
24600,-1850,300,"bu","13:21:32",6382500
24600,-1850,1000,"bu","13:21:26",6382200
24600,-1850,3000,"bu","13:21:25",6381200
24600,-1850,200,"bu","13:21:25",6378200
24600,-1850,1500,"bu","13:21:23",6378000
24600,-1850,800,"bu","13:21:15",6376500
24600,-1850,100,"bu","13:21:11",6375700
24600,-1850,1000,"bu","13:20:54",6375600
24600,-1850,200,"bu","13:20:49",6374600
24600,-1850,1000,"bu","13:20:48",6374400
24600,-1850,300,"bu","13:20:36",6373400
24600,-1850,5900,"bu","13:20:26",6373100
24600,-1850,2000,"bu","13:20:26",6367200
24600,-1850,25000,"bu","13:20:26",6365200
24600,-1850,300,"bu","13:20:26",6340200
24600,-1850,2000,"bu","13:20:26",6339900
24600,-1850,7000,"bu","13:20:26",6337900
24600,-1850,1300,"bu","13:20:26",6330900
24600,-1850,2000,"bu","13:20:26",6329600
24600,-1850,2000,"bu","13:20:26",6327600
24600,-1850,2000,"bu","13:20:26",6325600
24600,-1850,9000,"bu","13:20:26",6323600
24600,-1850,1000,"bu","13:20:26",6314600
24600,-1850,400,"bu","13:20:26",6313600
24600,-1850,15000,"bu","13:20:26",6313200
24600,-1850,300,"bu","13:20:26",6298200
24600,-1850,5000,"bu","13:20:26",6297900
24600,-1850,19800,"bu","13:20:26",6292900
24600,-1850,500,"bu","13:20:17",6273100
24600,-1850,9700,"bu","13:20:11",6272600
24600,-1850,5000,"bu","13:20:11",6262900
24600,-1850,100,"bu","13:20:11",6257900
24600,-1850,200,"bu","13:20:11",6257800
24600,-1850,400,"bu","13:20:11",6257600
24600,-1850,1000,"bu","13:20:11",6257200
24600,-1850,100,"bu","13:20:11",6256200
24600,-1850,20000,"bu","13:20:11",6256100
24600,-1850,100,"bu","13:20:11",6236100
24600,-1850,300,"bu","13:20:11",6236000
24600,-1850,100,"bu","13:20:11",6235700
24600,-1850,1000,"bu","13:20:11",6235600
24600,-1850,1000,"bu","13:20:11",6234600
24600,-1850,100,"bu","13:20:11",6233600
24600,-1850,1000,"bu","13:20:11",6233500
24600,-1850,300,"bu","13:20:11",6232500
24600,-1850,100,"bu","13:20:11",6232200
24600,-1850,500,"bu","13:20:11",6232100
24600,-1850,5000,"bu","13:20:11",6231600
24600,-1850,2300,"bu","13:20:11",6226600
24600,-1850,50000,"bu","13:20:11",6224300
24600,-1850,200,"bu","13:20:11",6174300
24600,-1850,100000,"bu","13:20:11",6174100
24600,-1850,1500,"bu","13:20:11",6074100
24600,-1850,1500,"bu","13:20:08",6072600
24600,-1850,1000,"bu","13:20:07",6071100
24600,-1850,1000,"bu","13:19:57",6070100
24600,-1850,2500,"bu","13:19:53",6069100
24600,-1850,200,"bu","13:19:48",6066600
24600,-1850,100,"bu","13:19:04",6066400
24600,-1850,300,"bu","13:19:00",6066300
24600,-1850,100,"bu","13:18:29",6066000
24600,-1850,200,"bu","13:17:59",6065900
24600,-1850,2000,"bu","13:17:52",6065700
24600,-1850,100,"bu","13:17:45",6063700
24600,-1850,200,"bu","13:17:44",6063600
24600,-1850,100,"bu","13:17:40",6063400
24600,-1850,1500,"bu","13:17:40",6063300
24600,-1850,6000,"bu","13:17:28",6061800
24600,-1850,100,"bu","13:17:28",6055800
24600,-1850,800,"bu","13:17:27",6055700
24600,-1850,300,"bu","13:17:23",6054900
24600,-1850,500,"bu","13:17:18",6054600
24600,-1850,2000,"bu","13:17:02",6054100
24600,-1850,100,"bu","13:16:29",6052100
24600,-1850,18900,"bu","13:16:11",6052000
24600,-1850,200,"bu","13:16:11",6033100
24600,-1850,900,"bu","13:16:11",6032900
24600,-1850,100,"bu","13:16:02",6032000
24600,-1850,100,"bu","13:15:56",6031900
24600,-1850,100,"bu","13:15:56",6031800
24600,-1850,200,"bu","13:15:41",6031700
24600,-1850,1000,"bu","13:15:41",6031500
24600,-1850,1000,"bu","13:15:41",6030500
24600,-1850,2300,"bu","13:15:41",6029500
24600,-1850,200,"bu","13:15:17",6027200
24600,-1850,1000,"bu","13:15:11",6027000
24600,-1850,200,"bu","13:14:58",6026000
24600,-1850,100,"bu","13:14:57",6025800
24600,-1850,1500,"bu","13:14:44",6025700
24600,-1850,1000,"bu","13:14:29",6024200
24600,-1850,300,"bu","13:14:19",6023200
24600,-1850,1000,"bu","13:14:18",6022900
24600,-1850,1500,"bu","13:14:08",6021900
24600,-1850,300,"bu","13:14:06",6020400
24600,-1850,3200,"bu","13:14:04",6020100
24600,-1850,3100,"bu","13:13:52",6016900
24600,-1850,100,"bu","13:13:45",6013800
24600,-1850,3100,"bu","13:13:42",6013700
24600,-1850,1500,"bu","13:13:39",6010600
24600,-1850,100,"bu","13:13:32",6009100
24600,-1850,15800,"bu","13:13:25",6009000
24600,-1850,3300,"bu","13:13:12",5993200
24600,-1850,5000,"bu","13:13:02",5989900
24600,-1850,200,"bu","13:12:51",5984900
24600,-1850,100,"bu","13:12:47",5984700
24600,-1850,200,"bu","13:12:34",5984600
24600,-1850,100,"bu","13:12:28",5984400
24600,-1850,3000,"bu","13:12:04",5984300
24600,-1850,1800,"bu","13:12:04",5981300
24600,-1850,2700,"bu","13:12:04",5979500
24600,-1850,100,"bu","13:11:46",5976800
24600,-1850,400,"bu","13:11:23",5976700
24600,-1850,4500,"bu","13:11:06",5976300
24600,-1850,100,"bu","13:10:29",5971800
24600,-1850,1000,"bu","13:10:29",5971700
24600,-1850,100,"bu","13:10:27",5970700
24600,-1850,100,"bu","13:10:22",5970600
24600,-1850,1000,"bu","13:10:05",5970500
24600,-1850,100,"bu","13:10:05",5969500
24600,-1850,900,"bu","13:10:05",5969400
24600,-1850,4500,"bu","13:09:55",5968500
24600,-1850,4500,"bu","13:09:48",5964000
24600,-1850,1500,"bu","13:09:46",5959500
24600,-1850,100,"bu","13:09:37",5958000
24600,-1850,1500,"bu","13:09:36",5957900
24600,-1850,1500,"bu","13:09:28",5956400
24600,-1850,100,"bu","13:09:23",5954900
24600,-1850,4400,"bu","13:09:23",5954800
24600,-1850,1500,"bu","13:09:21",5950400
24600,-1850,4500,"bu","13:09:17",5948900
24600,-1850,2900,"bu","13:09:13",5944400
24600,-1850,800,"bu","13:08:49",5941500
24600,-1850,4500,"bu","13:08:47",5940700
24600,-1850,100,"bu","13:08:38",5936200
24600,-1850,300,"bu","13:08:36",5936100
24600,-1850,100,"bu","13:08:18",5935800
24600,-1850,100,"bu","13:08:11",5935700
24600,-1850,3000,"bu","13:08:11",5935600
24600,-1850,4500,"bu","13:08:07",5932600
24600,-1850,200,"bu","13:08:05",5928100
24600,-1850,100,"bu","13:07:52",5927900
24600,-1850,3000,"bu","13:07:51",5927800
24600,-1850,100,"bu","13:07:39",5924800
24600,-1850,4500,"bu","13:07:26",5924700
24600,-1850,1500,"bu","13:07:24",5920200
24600,-1850,1500,"bu","13:07:18",5918700
24600,-1850,500,"bu","13:07:13",5917200
24600,-1850,100,"bu","13:07:09",5916700
24600,-1850,200,"bu","13:06:58",5916600
24600,-1850,500,"bu","13:06:47",5916400
24600,-1850,600,"bu","13:06:46",5915900
24600,-1850,200,"bu","13:06:33",5915300
24600,-1850,4500,"bu","13:06:22",5915100
24600,-1850,1000,"bu","13:06:21",5910600
24600,-1850,1500,"bu","13:06:16",5909600
24600,-1850,100,"bu","13:06:13",5908100
24600,-1850,100,"bu","13:05:55",5908000
24600,-1850,100,"bu","13:05:50",5907900
24600,-1850,3000,"bu","13:05:46",5907800
24600,-1850,200,"bu","13:05:46",5904800
24600,-1850,1000,"bu","13:05:46",5904600
24600,-1850,100,"bu","13:05:46",5903600
24600,-1850,200,"bu","13:05:46",5903500
24600,-1850,1000,"bu","13:04:38",5903300
24600,-1850,3500,"bu","13:04:28",5902300
24600,-1850,1200,"bu","13:04:19",5898800
24600,-1850,3300,"bu","13:04:11",5897600
24600,-1850,700,"bu","13:04:03",5894300
24600,-1850,200,"bu","13:04:00",5893600
24600,-1850,3100,"bu","13:03:58",5893400
24600,-1850,1000,"bu","13:03:45",5890300
24600,-1850,4500,"bu","13:03:39",5889300
24600,-1850,3500,"bu","13:03:38",5884800
24600,-1850,1500,"bu","13:03:37",5881300
24600,-1850,2900,"bu","13:03:31",5879800
24600,-1850,3500,"bu","13:03:24",5876900
24600,-1850,2000,"bu","13:03:11",5873400
24600,-1850,3100,"bu","13:03:07",5871400
24600,-1850,1500,"bu","13:03:05",5868300
24600,-1850,100,"bu","13:03:04",5866800
24600,-1850,100,"bu","13:02:51",5866700
24600,-1850,500,"bu","13:02:50",5866600
24600,-1850,3000,"bu","13:02:46",5866100
24600,-1850,3000,"bu","13:02:46",5863100
24600,-1850,3000,"bu","13:02:46",5860100
24600,-1850,3000,"bu","13:02:46",5857100
24600,-1850,200,"bu","13:02:44",5854100
24600,-1850,100,"bu","13:02:39",5853900
24600,-1850,400,"bu","13:02:30",5853800
24600,-1850,100,"bu","13:02:30",5853400
24600,-1850,1000,"bu","13:02:23",5853300
24600,-1850,100,"bu","13:02:23",5852300
24600,-1850,2400,"bu","13:02:23",5852200
24600,-1850,1000,"bu","13:02:23",5849800
24600,-1850,1000,"bu","13:02:13",5848800
24600,-1850,500,"bu","13:02:13",5847800
24600,-1850,3000,"bu","13:02:13",5847300
24600,-1850,3200,"bu","13:02:11",5844300
24600,-1850,900,"bu","13:01:59",5841100
24600,-1850,200,"bu","13:01:53",5840200
24600,-1850,3500,"bu","13:01:49",5840000
24600,-1850,3300,"bu","13:01:40",5836500
24600,-1850,3500,"bu","13:01:28",5833200
24600,-1850,2400,"bu","13:01:23",5829700
24600,-1850,500,"bu","13:01:23",5827300
24600,-1850,200,"bu","13:00:57",5826800
24600,-1850,1000,"bu","13:00:29",5826600
24600,-1850,300,"bu","13:00:27",5825600
24600,-1850,3800,"bu","13:00:26",5825300
24600,-1850,200,"bu","13:00:25",5821500
24600,-1850,500,"bu","13:00:25",5821300
24600,-1850,100,"bu","13:00:24",5820800
24600,-1850,200,"bu","13:00:23",5820700
24600,-1850,400,"bu","13:00:22",5820500
24600,-1850,100,"bu","13:00:21",5820100
24600,-1850,1000,"bu","13:00:20",5820000
24600,-1850,300,"bu","13:00:20",5819000
24600,-1850,100,"bu","13:00:20",5818700
24600,-1850,600,"bu","13:00:20",5818600
24600,-1850,100,"bu","13:00:19",5818000
24600,-1850,200,"bu","13:00:16",5817900
24600,-1850,100,"bu","13:00:16",5817700
24600,-1850,200,"bu","13:00:15",5817600
24600,-1850,100,"bu","13:00:15",5817400
24600,-1850,1000,"bu","13:00:15",5817300
24600,-1850,2000,"bu","13:00:14",5816300
24600,-1850,100,"bu","13:00:14",5814300
24600,-1850,200,"bu","13:00:13",5814200
24600,-1850,400,"bu","13:00:13",5814000
24600,-1850,200,"bu","13:00:10",5813600
24600,-1850,100,"bu","13:00:10",5813400
24600,-1850,200,"bu","13:00:09",5813300
24600,-1850,1000,"bu","13:00:09",5813100
24600,-1850,100,"bu","13:00:09",5812100
24600,-1850,100,"bu","13:00:09",5812000
24600,-1850,2000,"bu","13:00:08",5811900
24600,-1850,100,"bu","13:00:08",5809900
24600,-1850,100,"bu","13:00:07",5809800
24600,-1850,1000,"bu","13:00:07",5809700
24600,-1850,100,"bu","13:00:05",5808700
24600,-1850,600,"bu","13:00:05",5808600
24600,-1850,100,"bu","13:00:04",5808000
24600,-1850,100,"bu","13:00:04",5807900
24600,-1850,300,"bu","13:00:04",5807800
24600,-1850,100,"bu","13:00:04",5807500
24600,-1850,300,"bu","13:00:04",5807400
24600,-1850,600,"bu","13:00:04",5807100
24600,-1850,100,"bu","13:00:03",5806500
24600,-1850,1000,"bu","13:00:03",5806400
24600,-1850,300,"bu","13:00:03",5805400
24600,-1850,200,"bu","13:00:02",5805100
24600,-1850,400,"bu","13:00:02",5804900
24600,-1850,300,"bu","13:00:01",5804500
24600,-1850,100,"bu","13:00:01",5804200
24600,-1850,100,"bu","13:00:01",5804100
24600,-1850,100,"bu","13:00:00",5804000
24600,-1850,1100,"bu","12:59:59",5803900
24600,-1850,200,"bu","12:59:59",5802800
24600,-1850,100,"bu","12:59:59",5802600
24600,-1850,500,"bu","12:59:59",5802500
24600,-1850,200,"bu","12:59:59",5802000
24600,-1850,1000,"bu","12:59:59",5801800
24600,-1850,500,"bu","11:29:56",5800800
24600,-1850,200,"bu","11:29:54",5800300
24600,-1850,2000,"bu","11:29:40",5800100
24600,-1850,100,"bu","11:29:25",5798100
24600,-1850,300,"bu","11:29:22",5798000
24600,-1850,1500,"bu","11:29:04",5797700
24600,-1850,100,"bu","11:28:16",5796200
24600,-1850,200,"bu","11:28:15",5796100
24600,-1850,5000,"bu","11:28:07",5795900
24600,-1850,200,"bu","11:28:03",5790900
24600,-1850,1800,"bu","11:28:02",5790700
24600,-1850,1500,"bu","11:27:58",5788900
24600,-1850,100,"bu","11:27:58",5787400
24600,-1850,1400,"bu","11:27:58",5787300
24600,-1850,1500,"bu","11:27:58",5785900
24600,-1850,500,"bu","11:27:45",5784400
24600,-1850,1500,"bu","11:27:34",5783900
24600,-1850,1500,"bu","11:27:34",5782400
24600,-1850,1500,"bu","11:27:34",5780900
24600,-1850,1500,"bu","11:27:34",5779400
24600,-1850,1500,"bu","11:27:34",5777900
24600,-1850,1200,"bu","11:27:27",5776400
24600,-1850,1000,"bu","11:27:01",5775200
24600,-1850,500,"bu","11:26:51",5774200
24600,-1850,100,"bu","11:26:25",5773700
24600,-1850,800,"bu","11:26:21",5773600
24600,-1850,200,"bu","11:26:14",5772800
24600,-1850,100,"bu","11:25:46",5772600
24600,-1850,300,"bu","11:25:25",5772500
24600,-1850,100,"bu","11:25:24",5772200
24600,-1850,100,"bu","11:25:24",5772100
24600,-1850,1000,"bu","11:24:45",5772000
24600,-1850,1100,"bu","11:24:32",5771000
24600,-1850,200,"bu","11:24:31",5769900
24600,-1850,1000,"bu","11:24:21",5769700
24600,-1850,100,"bu","11:23:53",5768700
24600,-1850,1000,"bu","11:23:18",5768600
24600,-1850,1500,"bu","11:23:16",5767600
24600,-1850,1500,"bu","11:22:53",5766100
24600,-1850,1000,"bu","11:22:26",5764600
24600,-1850,1500,"bu","11:22:20",5763600
24600,-1850,100,"bu","11:22:12",5762100
24600,-1850,400,"bu","11:22:04",5762000
24600,-1850,2000,"bu","11:21:41",5761600
24600,-1850,2300,"bu","11:21:37",5759600
24600,-1850,1000,"bu","11:21:37",5757300
24600,-1850,1500,"bu","11:21:35",5756300
24600,-1850,3500,"bu","11:21:28",5754800
24600,-1850,3500,"bu","11:21:23",5751300
24600,-1850,1500,"bu","11:21:11",5747800
24600,-1850,100,"bu","11:20:05",5746300
24600,-1850,100,"bu","11:20:04",5746200
24600,-1850,1000,"bu","11:19:53",5746100
24600,-1850,1000,"bu","11:19:48",5745100
24600,-1850,2000,"bu","11:19:30",5744100
24600,-1850,1000,"bu","11:19:27",5742100
24600,-1850,100,"bu","11:19:18",5741100
24600,-1850,1500,"bu","11:18:58",5741000
24600,-1850,1000,"bu","11:18:57",5739500
24600,-1850,500,"bu","11:18:49",5738500
24600,-1850,1000,"bu","11:18:29",5738000
24600,-1850,200,"bu","11:18:25",5737000
24600,-1850,200,"bu","11:18:23",5736800
24600,-1850,100,"bu","11:18:19",5736600
24600,-1850,1500,"bu","11:18:05",5736500
24600,-1850,1500,"bu","11:18:05",5735000
24600,-1850,1500,"bu","11:18:05",5733500
24600,-1850,100,"bu","11:17:43",5732000
24600,-1850,1000,"bu","11:17:41",5731900
24600,-1850,1500,"bu","11:17:34",5730900
24600,-1850,20000,"bu","11:16:36",5729400
24600,-1850,200,"bu","11:16:19",5709400
24600,-1850,200,"bu","11:16:07",5709200
24600,-1850,1500,"bu","11:16:06",5709000
24600,-1850,200,"bu","11:16:05",5707500
24600,-1850,1500,"bu","11:16:03",5707300
24600,-1850,48500,"bu","11:16:02",5705800
24600,-1850,1500,"bu","11:16:02",5657300
24600,-1850,4500,"bu","11:15:57",5655800
24600,-1850,2800,"bu","11:15:55",5651300
24600,-1850,1200,"bu","11:15:49",5648500
24600,-1850,300,"bu","11:15:49",5647300
24600,-1850,3300,"bu","11:15:47",5647000
24600,-1850,1000,"bu","11:15:45",5643700
24600,-1850,3200,"bu","11:15:39",5642700
24600,-1850,2200,"bu","11:15:33",5639500
24600,-1850,500,"bu","11:15:33",5637300
24600,-1850,800,"bu","11:15:33",5636800
24600,-1850,800,"bu","11:15:22",5636000
24600,-1850,100,"bu","11:15:15",5635200
24600,-1850,3000,"bu","11:15:09",5635100
24600,-1850,200,"bu","11:15:09",5632100
24600,-1850,30000,"bu","11:15:09",5631900
24600,-1850,300,"bu","11:15:09",5601900
24600,-1850,16500,"bu","11:15:09",5601600
24600,-1850,1500,"bu","11:15:01",5585100
24600,-1850,100,"bu","11:14:45",5583600
24600,-1850,100,"bu","11:14:43",5583500
24600,-1850,1500,"bu","11:14:24",5583400
24600,-1850,300,"bu","11:14:24",5581900
24600,-1850,1200,"bu","11:14:24",5581600
24600,-1850,1500,"bu","11:14:24",5580400
24600,-1850,300,"bu","11:14:24",5578900
24600,-1850,1200,"bu","11:14:24",5578600
24600,-1850,2800,"bu","11:14:23",5577400
24600,-1850,300,"bu","11:14:23",5574600
24600,-1850,3500,"bu","11:14:16",5574300
24600,-1850,100,"bu","11:14:11",5570800
24600,-1850,3500,"bu","11:14:07",5570700
24600,-1850,1000,"bu","11:13:47",5567200
24600,-1850,400,"bu","11:13:44",5566200
24600,-1850,500,"bu","11:13:20",5565800
24600,-1850,300,"bu","11:12:58",5565300
24600,-1850,2600,"bu","11:12:37",5565000
24600,-1850,1000,"bu","11:12:28",5562400
24600,-1850,600,"bu","11:12:26",5561400
24600,-1850,1000,"bu","11:12:19",5560800
24600,-1850,500,"bu","11:12:11",5559800
24600,-1850,300,"bu","11:11:36",5559300
24600,-1850,200,"bu","11:11:26",5559000
24600,-1850,200,"bu","11:11:19",5558800
24600,-1850,100,"bu","11:10:59",5558600
24600,-1850,3100,"bu","11:10:55",5558500
24600,-1850,1500,"bu","11:10:23",5555400
24600,-1850,1500,"bu","11:10:23",5553900
24600,-1850,300,"bu","11:10:16",5552400
24600,-1850,1500,"bu","11:10:13",5552100
24600,-1850,100,"bu","11:10:04",5550600
24600,-1850,200,"bu","11:09:56",5550500
24600,-1850,200,"bu","11:09:55",5550300
24600,-1850,200,"bu","11:09:50",5550100
24600,-1850,10000,"bu","11:09:45",5549900
24600,-1850,2000,"bu","11:09:17",5539900
24600,-1850,100,"bu","11:09:01",5537900
24600,-1850,100,"bu","11:08:59",5537800
24600,-1850,3000,"bu","11:08:49",5537700
24600,-1850,100,"bu","11:08:24",5534700
24600,-1850,2600,"bu","11:08:16",5534600
24600,-1850,100,"bu","11:08:12",5532000
24600,-1850,300,"bu","11:07:50",5531900
24600,-1850,100,"bu","11:07:49",5531600
24600,-1850,800,"bu","11:07:37",5531500
24600,-1850,3500,"bu","11:07:26",5530700
24600,-1850,2600,"bu","11:07:16",5527200
24600,-1850,600,"bu","11:07:16",5524600
24600,-1850,200,"bu","11:07:06",5524000
24600,-1850,100,"bu","11:07:06",5523800
24600,-1850,400,"bu","11:06:58",5523700
24600,-1850,900,"bu","11:06:58",5523300
24600,-1850,200,"bu","11:06:58",5522400
24600,-1850,2800,"bu","11:06:57",5522200
24600,-1850,1500,"bu","11:06:46",5519400
24600,-1850,100,"bu","11:06:43",5517900
24600,-1850,100,"bu","11:06:26",5517800
24600,-1850,100,"bu","11:05:41",5517700
24600,-1850,2600,"bu","11:05:41",5517600
24600,-1850,700,"bu","11:05:07",5515000
24600,-1850,1500,"bu","11:04:53",5514300
24600,-1850,1500,"bu","11:04:30",5512800
24600,-1850,100,"bu","11:04:25",5511300
24600,-1850,1500,"bu","11:04:21",5511200
24600,-1850,1500,"bu","11:04:08",5509700
24600,-1850,1500,"bu","11:03:59",5508200
24600,-1850,1500,"bu","11:03:52",5506700
24600,-1850,500,"bu","11:03:44",5505200
24600,-1850,500,"bu","11:03:09",5504700
24600,-1850,100,"bu","11:02:57",5504200
24600,-1850,1800,"bu","11:02:30",5504100
24600,-1850,100,"bu","11:01:43",5502300
24600,-1850,500,"bu","11:01:31",5502200
24600,-1850,100,"bu","11:01:06",5501700
24600,-1850,300,"bu","11:00:28",5501600
24600,-1850,1500,"bu","11:00:11",5501300
24600,-1850,2000,"bu","10:59:14",5499800
24600,-1850,100,"bu","10:59:09",5497800
24600,-1850,1500,"bu","10:58:26",5497700
24600,-1850,500,"bu","10:58:10",5496200
24600,-1850,1000,"bu","10:58:07",5495700
24600,-1850,200,"bu","10:58:04",5494700
24600,-1850,100,"bu","10:58:04",5494500
24600,-1850,100,"bu","10:58:04",5494400
24600,-1850,100,"bu","10:57:47",5494300
24600,-1850,100,"bu","10:57:43",5494200
24600,-1850,200,"bu","10:57:28",5494100
24600,-1850,1000,"bu","10:57:23",5493900
24600,-1850,200,"bu","10:57:21",5492900
24600,-1850,200,"bu","10:57:13",5492700
24600,-1850,1500,"bu","10:56:44",5492500
24600,-1850,1000,"bu","10:56:41",5491000
24600,-1850,100,"bu","10:56:38",5490000
24600,-1850,100,"bu","10:55:35",5489900
24600,-1850,1500,"bu","10:55:31",5489800
24600,-1850,800,"bu","10:55:15",5488300
24600,-1850,1500,"bu","10:54:32",5487500
24600,-1850,1500,"bu","10:54:28",5486000
24600,-1850,1500,"bu","10:54:07",5484500
24600,-1850,1500,"bu","10:53:59",5483000
24600,-1850,300,"bu","10:53:32",5481500
24600,-1850,800,"bu","10:53:23",5481200
24600,-1850,200,"bu","10:53:20",5480400
24600,-1850,200,"bu","10:53:01",5480200
24600,-1850,100,"bu","10:53:00",5480000
24600,-1850,1500,"bu","10:52:42",5479900
24600,-1850,200,"bu","10:52:39",5478400
24600,-1850,100,"bu","10:52:21",5478200
24600,-1850,1200,"bu","10:52:00",5478100
24600,-1850,100,"bu","10:51:58",5476900
24600,-1850,100,"bu","10:51:28",5476800
24600,-1850,400,"bu","10:50:47",5476700
24600,-1850,100,"bu","10:50:38",5476300
24600,-1850,100,"bu","10:50:31",5476200
24600,-1850,1000,"bu","10:50:15",5476100
24600,-1850,1500,"bu","10:49:55",5475100
24600,-1850,1000,"bu","10:49:54",5473600
24600,-1850,1000,"bu","10:49:50",5472600
24600,-1850,500,"bu","10:49:33",5471600
24600,-1850,1500,"bu","10:49:25",5471100
24600,-1850,1500,"bu","10:49:13",5469600
24600,-1850,500,"bu","10:48:36",5468100
24600,-1850,500,"bu","10:48:36",5467600
24600,-1850,200,"bu","10:48:36",5467100
24600,-1850,500,"bu","10:48:31",5466900
24600,-1850,200,"bu","10:48:00",5466400
24600,-1850,200,"bu","10:48:00",5466200
24600,-1850,1500,"bu","10:47:56",5466000
24600,-1850,100,"bu","10:47:40",5464500
24600,-1850,2000,"bu","10:47:28",5464400
24600,-1850,1000,"bu","10:47:14",5462400
24600,-1850,500,"bu","10:47:13",5461400
24600,-1850,200,"bu","10:47:05",5460900
24600,-1850,200,"bu","10:46:51",5460700
24600,-1850,3400,"bu","10:46:42",5460500
24600,-1850,500,"bu","10:46:42",5457100
24600,-1850,10000,"bu","10:46:42",5456600
24600,-1850,200,"bu","10:46:42",5446600
24600,-1850,100,"bu","10:46:42",5446400
24600,-1850,2000,"bu","10:46:42",5446300
24600,-1850,10800,"bu","10:46:42",5444300
24600,-1850,1000,"bu","10:46:20",5433500
24600,-1850,100,"bu","10:46:01",5432500
24600,-1850,200,"bu","10:46:00",5432400
24600,-1850,10000,"bu","10:45:45",5432200
24600,-1850,500,"bu","10:45:30",5422200
24600,-1850,100,"bu","10:45:19",5421700
24600,-1850,200,"bu","10:45:10",5421600
24600,-1850,2000,"bu","10:44:56",5421400
24600,-1850,100,"bu","10:44:53",5419400
24600,-1850,400,"bu","10:44:53",5419300
24600,-1850,200,"bu","10:44:52",5418900
24600,-1850,900,"bu","10:44:31",5418700
24600,-1850,600,"bu","10:44:31",5417800
24600,-1850,4000,"bu","10:44:15",5417200
24600,-1850,200,"bu","10:43:54",5413200
24600,-1850,100,"bu","10:43:32",5413000
24600,-1850,100,"bu","10:43:23",5412900
24600,-1850,100,"bu","10:42:41",5412800
24600,-1850,2000,"bu","10:42:28",5412700
24600,-1850,500,"bu","10:42:20",5410700
24600,-1850,4400,"bu","10:42:14",5410200
24600,-1850,900,"bu","10:42:14",5405800
24600,-1850,1700,"bu","10:42:14",5404900
24600,-1850,100,"bu","10:42:10",5403200
24600,-1850,100,"bu","10:42:09",5403100
24600,-1850,900,"bu","10:41:42",5403000
24600,-1850,100,"bu","10:41:42",5402100
24600,-1850,200,"bu","10:41:42",5402000
24600,-1850,100,"bu","10:41:33",5401800
24600,-1850,200,"bu","10:41:32",5401700
24600,-1850,100,"bu","10:41:32",5401500
24600,-1850,1000,"bu","10:41:22",5401400
24600,-1850,300,"bu","10:41:21",5400400
24600,-1850,100,"bu","10:41:15",5400100
24600,-1850,100,"bu","10:41:12",5400000
24600,-1850,1000,"bu","10:41:04",5399900
24600,-1850,1000,"bu","10:41:01",5398900
24600,-1850,4000,"bu","10:41:01",5397900
24600,-1850,1000,"bu","10:40:57",5393900
24600,-1850,7100,"bu","10:40:57",5392900
24600,-1850,200,"bu","10:40:47",5385800
24600,-1850,200,"bu","10:40:37",5385600
24600,-1850,100,"bu","10:40:31",5385400
24600,-1850,100,"bu","10:40:17",5385300
24600,-1850,1000,"bu","10:40:15",5385200
24600,-1850,1000,"bu","10:40:13",5384200
24600,-1850,1000,"bu","10:39:54",5383200
24600,-1850,200,"bu","10:39:54",5382200
24600,-1850,100,"bu","10:39:46",5382000
24600,-1850,100,"bu","10:39:40",5381900
24600,-1850,100,"bu","10:39:17",5381800
24600,-1850,1000,"bu","10:39:10",5381700
24600,-1850,100,"bu","10:38:57",5380700
24600,-1850,2000,"bu","10:38:56",5380600
24600,-1850,100,"bu","10:38:51",5378600
24600,-1850,100,"bu","10:38:49",5378500
24600,-1850,4000,"bu","10:38:30",5378400
24600,-1850,100,"bu","10:38:19",5374400
24600,-1850,100,"bu","10:37:55",5374300
24600,-1850,300,"bu","10:37:24",5374200
24600,-1850,100,"bu","10:37:16",5373900
24600,-1850,100,"bu","10:37:10",5373800
24600,-1850,200,"bu","10:37:01",5373700
24600,-1850,4000,"bu","10:36:58",5373500
24600,-1850,100,"bu","10:36:36",5369500
24600,-1850,800,"bu","10:36:32",5369400
24600,-1850,400,"bu","10:36:30",5368600
24600,-1850,500,"bu","10:36:21",5368200
24600,-1850,100,"bu","10:36:17",5367700
24600,-1850,500,"bu","10:36:11",5367600
24600,-1850,100,"bu","10:36:10",5367100
24600,-1850,700,"bu","10:36:02",5367000
24600,-1850,100,"bu","10:36:02",5366300
24600,-1850,100,"bu","10:35:56",5366200
24600,-1850,400,"bu","10:35:54",5366100
24600,-1850,600,"bu","10:35:53",5365700
24600,-1850,100,"bu","10:35:37",5365100
24600,-1850,500,"bu","10:35:13",5365000
24600,-1850,500,"bu","10:35:07",5364500
24600,-1850,1500,"bu","10:34:58",5364000
24600,-1850,900,"bu","10:34:57",5362500
24600,-1850,1200,"bu","10:34:43",5361600
24600,-1850,500,"bu","10:34:43",5360400
24600,-1850,1300,"bu","10:34:43",5359900
24600,-1850,100,"bu","10:34:41",5358600
24600,-1850,200,"bu","10:34:32",5358500
24600,-1850,400,"bu","10:34:26",5358300
24600,-1850,100,"bu","10:34:25",5357900
24600,-1850,300,"bu","10:34:24",5357800
24600,-1850,400,"bu","10:34:20",5357500
24600,-1850,1000,"bu","10:34:17",5357100
24600,-1850,100,"bu","10:33:59",5356100
24600,-1850,200,"bu","10:33:59",5356000
24600,-1850,2000,"bu","10:33:57",5355800
24600,-1850,10000,"bu","10:33:54",5353800
24600,-1850,1300,"bu","10:33:53",5343800
24600,-1850,100,"bu","10:33:52",5342500
24600,-1850,600,"bu","10:33:50",5342400
24600,-1850,100,"bu","10:33:47",5341800
24600,-1850,400,"bu","10:33:46",5341700
24600,-1850,100,"bu","10:33:44",5341300
24600,-1850,300,"bu","10:33:41",5341200
24600,-1850,1000,"bu","10:33:41",5340900
24600,-1850,100,"bu","10:33:41",5339900
24600,-1850,1000,"bu","10:33:35",5339800
24600,-1850,100,"bu","10:33:28",5338800
24600,-1850,100,"bu","10:33:25",5338700
24600,-1850,200,"bu","10:33:25",5338600
24600,-1850,600,"bu","10:33:24",5338400
24600,-1850,200,"bu","10:33:23",5337800
24600,-1850,100,"bu","10:33:23",5337600
24600,-1850,10000,"bu","10:33:18",5337500
24600,-1850,100,"bu","10:33:15",5327500
24600,-1850,300,"bu","10:33:13",5327400
24600,-1850,8200,"bu","10:33:10",5327100
24600,-1850,800,"bu","10:33:10",5318900
24600,-1850,1700,"bu","10:33:09",5318100
24600,-1850,200,"bu","10:33:04",5316400
24600,-1850,1300,"bu","10:33:00",5316200
24600,-1850,3700,"bu","10:33:00",5314900
24600,-1850,10000,"bu","10:32:58",5311200
24600,-1850,1000,"bu","10:32:58",5301200
24600,-1850,200,"bu","10:32:55",5300200
24600,-1850,100,"bu","10:32:55",5300000
24600,-1850,100,"bu","10:32:54",5299900
24600,-1850,200,"bu","10:32:39",5299800
24600,-1850,300,"bu","10:32:34",5299600
24600,-1850,300,"bu","10:32:30",5299300
24600,-1850,200,"bu","10:32:23",5299000
24600,-1850,300,"bu","10:32:22",5298800
24600,-1850,5000,"bu","10:32:21",5298500
24600,-1850,100,"bu","10:32:17",5293500
24600,-1850,8500,"bu","10:32:17",5293400
24600,-1850,11500,"bu","10:32:17",5284900
24600,-1850,1000,"bu","10:32:08",5273400
24600,-1850,200,"bu","10:31:58",5272400
24600,-1850,1000,"bu","10:31:56",5272200
24600,-1850,2000,"bu","10:31:55",5271200
24600,-1850,100,"bu","10:31:46",5269200
24600,-1850,100,"bu","10:31:45",5269100
24600,-1850,71000,"bu","10:31:42",5269000
24600,-1850,1000,"bu","10:31:42",5198000
24600,-1850,1300,"bu","10:31:42",5197000
24600,-1850,17100,"bu","10:31:42",5195700
24600,-1850,9600,"bu","10:31:42",5178600
24600,-1850,500,"bu","10:31:36",5169000
24600,-1850,100,"bu","10:31:34",5168500
24600,-1850,5000,"bu","10:31:32",5168400
24600,-1850,14800,"bu","10:31:27",5163400
24600,-1850,2300,"bu","10:31:27",5148600
24600,-1850,2000,"bu","10:31:27",5146300
24600,-1850,5500,"bu","10:31:27",5144300
24600,-1850,18000,"bu","10:31:27",5138800
24600,-1850,3200,"bu","10:31:27",5120800
24600,-1850,4200,"bu","10:31:27",5117600
24600,-1850,100,"bu","10:31:14",5113400
24600,-1850,100,"bu","10:31:09",5113300
24600,-1850,100,"bu","10:31:06",5113200
24600,-1850,1000,"bu","10:31:04",5113100
24600,-1850,3000,"bu","10:31:02",5112100
24600,-1850,400,"bu","10:30:59",5109100
24600,-1850,1100,"bu","10:30:56",5108700
24600,-1850,2000,"bu","10:30:45",5107600
24600,-1850,100,"bu","10:30:38",5105600
24600,-1850,100,"bu","10:30:32",5105500
24600,-1850,100,"bu","10:30:29",5105400
24600,-1850,1500,"bu","10:30:28",5105300
24600,-1850,100,"bu","10:30:27",5103800
24600,-1850,500,"bu","10:30:14",5103700
24600,-1850,200,"bu","10:30:13",5103200
24600,-1850,100,"bu","10:30:09",5103000
24600,-1850,100,"bu","10:30:02",5102900
24600,-1850,500,"bu","10:30:01",5102800
24600,-1850,100,"bu","10:30:00",5102300
24600,-1850,41000,"bu","10:29:59",5102200
24600,-1850,500,"bu","10:29:55",5061200
24600,-1850,300,"bu","10:29:48",5060700
24600,-1850,3000,"bu","10:29:47",5060400
24600,-1850,100,"bu","10:29:45",5057400
24600,-1850,10000,"bu","10:29:45",5057300
24600,-1850,3500,"bu","10:29:43",5047300
24600,-1850,1100,"bu","10:29:39",5043800
24600,-1850,5300,"bu","10:29:15",5042700
24600,-1850,100,"bu","10:29:13",5037400
24600,-1850,1000,"bu","10:29:02",5037300
24600,-1850,200,"bu","10:28:48",5036300
24600,-1850,1000,"bu","10:28:42",5036100
24600,-1850,100,"bu","10:28:37",5035100
24600,-1850,2000,"bu","10:28:32",5035000
24600,-1850,600,"bu","10:28:30",5033000
24600,-1850,3000,"bu","10:28:27",5032400
24600,-1850,200,"bu","10:28:26",5029400
24600,-1850,3700,"bu","10:28:15",5029200
24600,-1850,100,"bu","10:28:09",5025500
24600,-1850,1500,"bu","10:28:09",5025400
24600,-1850,600,"bu","10:28:08",5023900
24600,-1850,100,"bu","10:28:04",5023300
24600,-1850,4000,"bu","10:28:03",5023200
24600,-1850,700,"bu","10:28:02",5019200
24600,-1850,100,"bu","10:27:58",5018500
24600,-1850,800,"bu","10:27:55",5018400
24600,-1850,1200,"bu","10:27:55",5017600
24600,-1850,100,"bu","10:27:53",5016400
24600,-1850,800,"bu","10:27:52",5016300
24600,-1850,100,"bu","10:27:49",5015500
24600,-1850,1500,"bu","10:27:47",5015400
24600,-1850,1000,"bu","10:27:45",5013900
24600,-1850,1000,"bu","10:27:44",5012900
24600,-1850,500,"bu","10:27:43",5011900
24600,-1850,300,"bu","10:27:43",5011400
24600,-1850,100,"bu","10:27:34",5011100
24600,-1850,100,"bu","10:27:28",5011000
24600,-1850,500,"bu","10:27:19",5010900
24600,-1850,4000,"bu","10:27:10",5010400
24600,-1850,2100,"bu","10:27:10",5006400
24600,-1850,100,"bu","10:27:10",5004300
24600,-1850,2000,"bu","10:27:03",5004200
24600,-1850,800,"bu","10:27:02",5002200
24600,-1850,200,"bu","10:27:02",5001400
24600,-1850,100,"bu","10:27:00",5001200
24600,-1850,600,"bu","10:26:58",5001100
24600,-1850,9400,"bu","10:26:58",5000500
24600,-1850,100,"bu","10:26:58",4991100
24600,-1850,1000,"bu","10:26:56",4991000
24600,-1850,800,"bu","10:26:51",4990000
24600,-1850,500,"bu","10:26:48",4989200
24600,-1850,500,"bu","10:26:45",4988700
24600,-1850,1000,"bu","10:26:44",4988200
24600,-1850,1000,"bu","10:26:42",4987200
24600,-1850,1000,"bu","10:26:42",4986200
24600,-1850,2700,"bu","10:26:29",4985200
24600,-1850,300,"bu","10:26:29",4982500
24600,-1850,1000,"bu","10:26:22",4982200
24600,-1850,500,"bu","10:26:16",4981200
24600,-1850,100,"bu","10:26:10",4980700
24600,-1850,100,"bu","10:26:04",4980600
24600,-1850,500,"bu","10:26:01",4980500
24600,-1850,100,"bu","10:25:56",4980000
24600,-1850,100,"bu","10:25:38",4979900
24600,-1850,500,"bu","10:25:37",4979800
24600,-1850,100,"bu","10:25:25",4979300
24600,-1850,1000,"bu","10:25:22",4979200
24600,-1850,200,"bu","10:25:19",4978200
24600,-1850,100,"bu","10:25:17",4978000
24600,-1850,200,"bu","10:25:15",4977900
24600,-1850,200,"bu","10:25:12",4977700
24600,-1850,200,"bu","10:25:11",4977500
24600,-1850,100,"bu","10:25:07",4977300
24600,-1850,3000,"bu","10:25:01",4977200
24600,-1850,1000,"bu","10:25:00",4974200
24600,-1850,100,"bu","10:24:44",4973200
24600,-1850,100,"bu","10:24:43",4973100
24600,-1850,100,"bu","10:24:37",4973000
24600,-1850,100,"bu","10:24:29",4972900
24600,-1850,100,"bu","10:24:16",4972800
24600,-1850,100,"bu","10:24:14",4972700
24600,-1850,500,"bu","10:24:07",4972600
24600,-1850,100,"bu","10:24:05",4972100
24600,-1850,100,"bu","10:24:05",4972000
24600,-1850,100,"bu","10:24:02",4971900
24600,-1850,300,"bu","10:24:01",4971800
24600,-1850,1000,"bu","10:24:00",4971500
24600,-1850,200,"bu","10:24:00",4970500
24600,-1850,100,"bu","10:24:00",4970300
24600,-1850,100,"bu","10:23:50",4970200
24600,-1850,3000,"bu","10:23:49",4970100
24600,-1850,500,"bu","10:23:47",4967100
24600,-1850,3000,"bu","10:23:44",4966600
24600,-1850,200,"bu","10:23:36",4963600
24600,-1850,100,"bu","10:23:21",4963400
24600,-1850,1000,"bu","10:23:16",4963300
24600,-1850,500,"bu","10:23:12",4962300
24600,-1850,100,"bu","10:23:03",4961800
24600,-1850,800,"bu","10:23:01",4961700
24600,-1850,300,"bu","10:22:58",4960900
24600,-1850,1300,"bu","10:22:56",4960600
24600,-1850,100,"bu","10:22:55",4959300
24600,-1850,100,"bu","10:22:51",4959200
24600,-1850,3000,"bu","10:22:48",4959100
24600,-1850,100,"bu","10:22:43",4956100
24600,-1850,100,"bu","10:22:38",4956000
24600,-1850,100,"bu","10:22:33",4955900
24600,-1850,200,"bu","10:22:29",4955800
24600,-1850,100,"bu","10:22:25",4955600
24600,-1850,200,"bu","10:22:22",4955500
24600,-1850,1900,"bu","10:22:17",4955300
24600,-1850,100,"bu","10:22:17",4953400
24600,-1850,1100,"bu","10:22:09",4953300
24600,-1850,5000,"bu","10:22:03",4952200
24600,-1850,5000,"bu","10:21:58",4947200
24600,-1850,1000,"bu","10:21:56",4942200
24600,-1850,100,"bu","10:21:45",4941200
24600,-1850,2000,"bu","10:21:41",4941100
24600,-1850,500,"bu","10:21:35",4939100
24600,-1850,100,"bu","10:21:27",4938600
24600,-1850,1000,"bu","10:21:24",4938500
24600,-1850,100,"bu","10:21:14",4937500
24600,-1850,500,"bu","10:21:08",4937400
24600,-1850,100,"bu","10:21:00",4936900
24600,-1850,500,"bu","10:20:49",4936800
24600,-1850,100,"bu","10:20:47",4936300
24600,-1850,200,"bu","10:20:46",4936200
24600,-1850,100,"bu","10:20:40",4936000
24600,-1850,100,"bu","10:20:36",4935900
24600,-1850,100,"bu","10:20:30",4935800
24600,-1850,500,"bu","10:20:24",4935700
24600,-1850,100,"bu","10:20:24",4935200
24600,-1850,200,"bu","10:20:18",4935100
24600,-1850,100,"bu","10:20:17",4934900
24600,-1850,200,"bu","10:20:16",4934800
24600,-1850,200,"bu","10:20:12",4934600
24600,-1850,200,"bu","10:20:11",4934400
24600,-1850,2800,"bu","10:20:03",4934200
24600,-1850,100,"bu","10:19:58",4931400
24600,-1850,3000,"bu","10:19:55",4931300
24600,-1850,100,"bu","10:19:54",4928300
24600,-1850,100,"bu","10:19:51",4928200
24600,-1850,1000,"bu","10:19:45",4928100
24600,-1850,3000,"bu","10:19:45",4927100
24600,-1850,3000,"bu","10:19:45",4924100
24600,-1850,100,"bu","10:19:29",4921100
24600,-1850,3000,"bu","10:19:25",4921000
24600,-1850,100,"bu","10:19:22",4918000
24600,-1850,1300,"bu","10:19:21",4917900
24600,-1850,100,"bu","10:19:13",4916600
24600,-1850,1000,"bu","10:19:11",4916500
24600,-1850,100,"bu","10:19:11",4915500
24600,-1850,2000,"bu","10:19:07",4915400
24600,-1850,100,"bu","10:19:06",4913400
24600,-1850,500,"bu","10:19:06",4913300
24600,-1850,2300,"bu","10:19:02",4912800
24600,-1850,700,"bu","10:19:02",4910500
24600,-1850,300,"bu","10:19:00",4909800
24600,-1850,1000,"bu","10:18:45",4909500
24600,-1850,100,"bu","10:18:36",4908500
24600,-1850,2000,"bu","10:18:33",4908400
24600,-1850,2000,"bu","10:18:23",4906400
24600,-1850,300,"bu","10:18:10",4904400
24600,-1850,600,"bu","10:18:08",4904100
24600,-1850,700,"bu","10:17:59",4903500
24600,-1850,100,"bu","10:17:59",4902800
24600,-1850,2100,"bu","10:17:55",4902700
24600,-1850,100,"bu","10:17:55",4900600
24600,-1850,200,"bu","10:17:43",4900500
24600,-1850,1800,"bu","10:17:35",4900300
24600,-1850,200,"bu","10:17:35",4898500
24600,-1850,300,"bu","10:17:15",4898300
24600,-1850,300,"bu","10:17:07",4898000
24600,-1850,200,"bu","10:16:55",4897700
24600,-1850,1700,"bu","10:16:55",4897500
24600,-1850,28300,"bu","10:16:55",4895800
24600,-1850,100,"bu","10:16:55",4867500
24600,-1850,200,"bu","10:16:42",4867400
24600,-1850,5000,"bu","10:16:30",4867200
24600,-1850,1000,"bu","10:16:25",4862200
24600,-1850,3000,"bu","10:16:15",4861200
24600,-1850,100,"bu","10:16:05",4858200
24600,-1850,1000,"bu","10:16:02",4858100
24600,-1850,1000,"bu","10:15:59",4857100
24600,-1850,2000,"bu","10:15:49",4856100
24600,-1850,100,"bu","10:15:14",4854100
24600,-1850,300,"bu","10:15:14",4854000
24600,-1850,400,"bu","10:14:47",4853700
24600,-1850,100,"bu","10:14:37",4853300
24600,-1850,500,"bu","10:14:36",4853200
24600,-1850,500,"bu","10:14:21",4852700
24600,-1850,300,"bu","10:14:19",4852200
24600,-1850,100,"bu","10:14:07",4851900
24600,-1850,200,"bu","10:14:01",4851800
24600,-1850,200,"bu","10:13:58",4851600
24600,-1850,100,"bu","10:13:56",4851400
24600,-1850,100,"bu","10:13:50",4851300
24600,-1850,200,"bu","10:13:45",4851200
24600,-1850,100,"bu","10:13:42",4851000
24600,-1850,100,"bu","10:13:41",4850900
24600,-1850,1000,"bu","10:13:37",4850800
24600,-1850,1000,"bu","10:13:34",4849800
24600,-1850,500,"bu","10:13:33",4848800
24600,-1850,300,"bu","10:13:32",4848300
24600,-1850,100,"bu","10:13:27",4848000
24600,-1850,100,"bu","10:13:23",4847900
24600,-1850,500,"bu","10:13:21",4847800
24600,-1850,500,"bu","10:13:18",4847300
24600,-1850,200,"bu","10:13:18",4846800
24600,-1850,800,"bu","10:13:17",4846600
24600,-1850,200,"bu","10:13:17",4845800
24600,-1850,100,"bu","10:13:09",4845600
24600,-1850,600,"bu","10:13:01",4845500
24600,-1850,5000,"bu","10:12:55",4844900
24600,-1850,100,"bu","10:12:53",4839900
24600,-1850,2000,"bu","10:12:51",4839800
24600,-1850,1500,"bu","10:12:44",4837800
24600,-1850,100,"bu","10:12:42",4836300
24600,-1850,8000,"bu","10:12:41",4836200
24600,-1850,100,"bu","10:12:40",4828200
24600,-1850,400,"bu","10:12:29",4828100
24600,-1850,200,"bu","10:12:28",4827700
24600,-1850,200,"bu","10:12:27",4827500
24600,-1850,200,"bu","10:12:23",4827300
24600,-1850,300,"bu","10:12:19",4827100
24600,-1850,500,"bu","10:12:17",4826800
24600,-1850,100,"bu","10:12:11",4826300
24600,-1850,200,"bu","10:12:10",4826200
24600,-1850,100,"bu","10:12:07",4826000
24600,-1850,600,"bu","10:12:06",4825900
24600,-1850,100,"bu","10:12:05",4825300
24600,-1850,20000,"bu","10:12:05",4825200
24600,-1850,2000,"bu","10:12:04",4805200
24600,-1850,100,"bu","10:12:03",4803200
24600,-1850,100,"bu","10:12:02",4803100
24600,-1850,1000,"bu","10:11:57",4803000
24600,-1850,2800,"bu","10:11:53",4802000
24600,-1850,100,"bu","10:11:53",4799200
24600,-1850,200,"bu","10:11:49",4799100
24600,-1850,1300,"bu","10:11:46",4798900
24600,-1850,100,"bu","10:11:44",4797600
24600,-1850,500,"bu","10:11:42",4797500
24600,-1850,200,"bu","10:11:40",4797000
24600,-1850,1000,"bu","10:11:32",4796800
24600,-1850,200,"bu","10:11:29",4795800
24600,-1850,800,"bu","10:11:24",4795600
24600,-1850,1200,"bu","10:11:24",4794800
24600,-1850,400,"bu","10:11:18",4793600
24600,-1850,500,"bu","10:11:17",4793200
24600,-1850,500,"bu","10:11:17",4792700
24600,-1850,1000,"bu","10:11:16",4792200
24600,-1850,100,"bu","10:11:15",4791200
24600,-1850,300,"bu","10:11:15",4791100
24600,-1850,1400,"bu","10:11:14",4790800
24600,-1850,200,"bu","10:11:13",4789400
24600,-1850,200,"bu","10:11:12",4789200
24600,-1850,1500,"bu","10:11:12",4789000
24600,-1850,1000,"bu","10:11:08",4787500
24600,-1850,200,"bu","10:11:07",4786500
24600,-1850,8000,"bu","10:11:05",4786300
24600,-1850,1000,"bu","10:11:03",4778300
24600,-1850,200,"bu","10:10:59",4777300
24600,-1850,100,"bu","10:10:57",4777100
24600,-1850,100,"bu","10:10:57",4777000
24600,-1850,100,"bu","10:10:57",4776900
24600,-1850,100,"bu","10:10:52",4776800
24600,-1850,1000,"bu","10:10:48",4776700
24600,-1850,100,"sd","10:10:44",4775700
24600,-1850,500,"sd","10:10:44",4775600
24600,-1850,300,"sd","10:10:44",4775100
24600,-1850,50000,"sd","10:10:44",4774800
24600,-1850,4000,"sd","10:10:44",4724800
24600,-1850,500,"sd","10:10:44",4720800
24600,-1850,3000,"sd","10:10:44",4720300
24600,-1850,500,"sd","10:10:44",4717300
24600,-1850,100,"sd","10:10:44",4716800
24600,-1850,100,"sd","10:10:44",4716700
24600,-1850,1000,"sd","10:10:44",4716600
24600,-1850,200,"sd","10:10:44",4715600
24600,-1850,20000,"sd","10:10:44",4715400
24600,-1850,500,"sd","10:10:44",4695400
24600,-1850,100,"sd","10:10:44",4694900
24650,-1800,200,"bu","10:10:42",4694800
24650,-1800,100,"bu","10:10:40",4694600
24600,-1850,400,"bu","10:10:22",4694500
24600,-1850,100,"bu","10:10:20",4694100
24600,-1850,1000,"bu","10:10:17",4694000
24600,-1850,100,"bu","10:10:16",4693000
24600,-1850,100,"bu","10:10:14",4692900
24600,-1850,200,"bu","10:10:13",4692800
24600,-1850,200,"bu","10:10:13",4692600
24600,-1850,100,"bu","10:10:13",4692400
24600,-1850,1000,"bu","10:10:13",4692300
24600,-1850,1000,"sd","10:10:13",4691300
24600,-1850,500,"sd","10:10:13",4690300
24600,-1850,300,"sd","10:10:13",4689800
24600,-1850,2000,"sd","10:10:13",4689500
24600,-1850,100,"sd","10:10:13",4687500
24600,-1850,300,"sd","10:10:13",4687400
24600,-1850,500,"sd","10:10:13",4687100
24600,-1850,1000,"sd","10:10:13",4686600
24600,-1850,1000,"sd","10:10:13",4685600
24600,-1850,100,"sd","10:10:13",4684600
24600,-1850,900,"sd","10:10:13",4684500
24600,-1850,8800,"sd","10:10:13",4683600
24600,-1850,200,"sd","10:10:13",4674800
24600,-1850,100,"sd","10:10:13",4674600
24650,-1800,300,"bu","10:10:07",4674500
24650,-1800,2000,"bu","10:10:03",4674200
24600,-1850,300,"bu","10:09:46",4672200
24600,-1850,2600,"bu","10:09:43",4671900
24600,-1850,4000,"bu","10:09:43",4669300
24600,-1850,5000,"bu","10:09:43",4665300
24600,-1850,500,"bu","10:09:43",4660300
24600,-1850,7900,"bu","10:09:43",4659800
24600,-1850,100,"bu","10:09:41",4651900
24600,-1850,100,"bu","10:09:38",4651800
24600,-1850,1100,"bu","10:09:36",4651700
24600,-1850,700,"bu","10:09:32",4650600
24600,-1850,500,"bu","10:09:32",4649900
24600,-1850,5000,"bu","10:09:26",4649400
24600,-1850,20000,"bu","10:09:26",4644400
24600,-1850,100,"bu","10:09:25",4624400
24600,-1850,1000,"bu","10:09:25",4624300
24600,-1850,100,"bu","10:09:24",4623300
24600,-1850,1000,"bu","10:09:23",4623200
24600,-1850,100,"bu","10:09:22",4622200
24600,-1850,100,"bu","10:09:16",4622100
24600,-1850,1100,"bu","10:09:12",4622000
24600,-1850,100,"bu","10:09:11",4620900
24600,-1850,500,"bu","10:09:08",4620800
24600,-1850,300,"bu","10:09:06",4620300
24600,-1850,500,"bu","10:09:04",4620000
24600,-1850,500,"bu","10:09:03",4619500
24600,-1850,300,"bu","10:09:03",4619000
24600,-1850,300,"sd","10:09:03",4618700
24600,-1850,600,"sd","10:09:03",4618400
24600,-1850,300,"sd","10:09:03",4617800
24600,-1850,100,"sd","10:09:03",4617500
24600,-1850,100,"sd","10:09:02",4617400
24600,-1850,100,"sd","10:09:02",4617300
24600,-1850,100,"sd","10:09:02",4617200
24600,-1850,1500,"sd","10:09:02",4617100
24600,-1850,100,"sd","10:09:02",4615600
24600,-1850,100,"sd","10:09:02",4615500
24600,-1850,500,"sd","10:09:02",4615400
24600,-1850,1300,"sd","10:09:02",4614900
24600,-1850,500,"sd","10:09:02",4613600
24600,-1850,800,"sd","10:09:02",4613100
24600,-1850,19700,"sd","10:09:02",4612300
24600,-1850,2000,"sd","10:09:02",4592600
24600,-1850,100,"sd","10:09:02",4590600
24600,-1850,700,"sd","10:09:02",4590500
24600,-1850,500,"sd","10:09:02",4589800
24600,-1850,200,"sd","10:09:02",4589300
24600,-1850,500,"sd","10:09:02",4589100
24600,-1850,5000,"sd","10:09:02",4588600
24600,-1850,500,"sd","10:09:02",4583600
24600,-1850,100,"sd","10:09:02",4583100
24600,-1850,100,"sd","10:09:02",4583000
24600,-1850,100,"sd","10:09:02",4582900
24600,-1850,500,"sd","10:09:02",4582800
24600,-1850,100,"sd","10:09:02",4582300
24600,-1850,1500,"sd","10:09:02",4582200
24600,-1850,100,"sd","10:09:02",4580700
24600,-1850,1000,"sd","10:09:02",4580600
24600,-1850,200,"sd","10:09:02",4579600
24600,-1850,1000,"sd","10:09:02",4579400
24600,-1850,100,"sd","10:09:02",4578400
24600,-1850,100,"sd","10:09:02",4578300
24600,-1850,5000,"sd","10:09:02",4578200
24600,-1850,500,"sd","10:09:02",4573200
24600,-1850,1000,"sd","10:09:02",4572700
24600,-1850,2000,"sd","10:09:02",4571700
24600,-1850,2000,"sd","10:09:02",4569700
24600,-1850,1000,"sd","10:09:02",4567700
24600,-1850,200,"sd","10:09:02",4566700
24600,-1850,300,"sd","10:09:02",4566500
24600,-1850,1000,"sd","10:09:02",4566200
24600,-1850,5000,"sd","10:09:02",4565200
24600,-1850,400,"sd","10:09:02",4560200
24650,-1800,200,"bu","10:08:52",4559800
24600,-1850,100,"sd","10:08:45",4559600
24600,-1850,100,"sd","10:08:45",4559500
24600,-1850,100,"sd","10:08:45",4559400
24600,-1850,100,"sd","10:08:45",4559300
24600,-1850,100,"sd","10:08:45",4559200
24600,-1850,1000,"sd","10:08:45",4559100
24600,-1850,600,"sd","10:08:45",4558100
24600,-1850,2900,"sd","10:08:45",4557500
24650,-1800,100,"bu","10:08:40",4554600
24650,-1800,1000,"bu","10:08:40",4554500
24600,-1850,5700,"sd","10:08:18",4553500
24650,-1800,3000,"bu","10:08:18",4547800
24650,-1800,14000,"bu","10:08:14",4544800
24600,-1850,900,"sd","10:08:14",4530800
24650,-1800,100,"bu","10:08:12",4529900
24650,-1800,100,"bu","10:08:08",4529800
24650,-1800,500,"bu","10:08:03",4529700
24650,-1800,200,"bu","10:07:56",4529200
24600,-1850,1000,"bu","10:07:36",4529000
24600,-1850,3000,"bu","10:07:36",4528000
24600,-1850,2500,"bu","10:07:36",4525000
24600,-1850,500,"bu","10:07:35",4522500
24600,-1850,100,"bu","10:07:33",4522000
24600,-1850,100,"bu","10:07:32",4521900
24600,-1850,100,"bu","10:07:31",4521800
24600,-1850,2000,"bu","10:07:28",4521700
24600,-1850,500,"bu","10:07:26",4519700
24600,-1850,500,"bu","10:07:26",4519200
24600,-1850,200,"bu","10:07:24",4518700
24600,-1850,500,"bu","10:07:24",4518500
24600,-1850,2700,"bu","10:07:24",4518000
24600,-1850,100,"bu","10:07:23",4515300
24600,-1850,10000,"bu","10:07:23",4515200
24600,-1850,2000,"bu","10:07:21",4505200
24600,-1850,200,"bu","10:07:19",4503200
24600,-1850,100,"bu","10:07:19",4503000
24600,-1850,100,"bu","10:07:18",4502900
24600,-1850,600,"bu","10:07:17",4502800
24600,-1850,200,"bu","10:07:17",4502200
24600,-1850,100,"bu","10:07:14",4502000
24600,-1850,500,"bu","10:07:10",4501900
24600,-1850,1500,"bu","10:07:09",4501400
24600,-1850,100,"bu","10:07:08",4499900
24600,-1850,500,"bu","10:07:08",4499800
24600,-1850,500,"bu","10:07:08",4499300
24600,-1850,100,"bu","10:07:06",4498800
24600,-1850,1000,"bu","10:07:05",4498700
24600,-1850,100,"bu","10:07:02",4497700
24600,-1850,500,"bu","10:06:58",4497600
24600,-1850,400,"bu","10:06:56",4497100
24600,-1850,200,"bu","10:06:55",4496700
24600,-1850,700,"bu","10:06:53",4496500
24600,-1850,1900,"bu","10:06:53",4495800
24600,-1850,100,"bu","10:06:52",4493900
24600,-1850,400,"bu","10:06:52",4493800
24600,-1850,500,"bu","10:06:51",4493400
24600,-1850,2700,"bu","10:06:49",4492900
24600,-1850,400,"bu","10:06:47",4490200
24600,-1850,5000,"bu","10:06:46",4489800
24600,-1850,600,"bu","10:06:45",4484800
24600,-1850,200,"bu","10:06:44",4484200
24600,-1850,200,"bu","10:06:42",4484000
24600,-1850,800,"bu","10:06:42",4483800
24600,-1850,500,"bu","10:06:39",4483000
24600,-1850,100,"bu","10:06:39",4482500
24600,-1850,500,"bu","10:06:35",4482400
24600,-1850,100,"bu","10:06:34",4481900
24600,-1850,400,"bu","10:06:34",4481800
24600,-1850,1000,"bu","10:06:33",4481400
24600,-1850,100,"bu","10:06:32",4480400
24600,-1850,5000,"bu","10:06:28",4480300
24600,-1850,100,"bu","10:06:27",4475300
24600,-1850,100,"bu","10:06:23",4475200
24600,-1850,100,"bu","10:06:22",4475100
24600,-1850,5000,"bu","10:06:17",4475000
24600,-1850,2000,"bu","10:06:16",4470000
24600,-1850,200,"bu","10:06:13",4468000
24600,-1850,400,"bu","10:06:13",4467800
24600,-1850,100,"bu","10:06:10",4467400
24600,-1850,1200,"bu","10:06:10",4467300
24600,-1850,2500,"bu","10:06:05",4466100
24600,-1850,500,"bu","10:06:05",4463600
24600,-1850,2000,"bu","10:06:03",4463100
24600,-1850,1000,"bu","10:06:03",4461100
24600,-1850,100,"bu","10:06:02",4460100
24600,-1850,100,"bu","10:06:01",4460000
24600,-1850,100,"bu","10:06:01",4459900
24600,-1850,200,"bu","10:06:00",4459800
24600,-1850,500,"bu","10:06:00",4459600
24600,-1850,100,"bu","10:05:56",4459100
24600,-1850,1000,"bu","10:05:56",4459000
24600,-1850,5200,"bu","10:05:55",4458000
24600,-1850,200,"bu","10:05:54",4452800
24600,-1850,100,"bu","10:05:54",4452600
24600,-1850,500,"bu","10:05:53",4452500
24600,-1850,100,"bu","10:05:52",4452000
24600,-1850,400,"bu","10:05:51",4451900
24600,-1850,1000,"bu","10:05:51",4451500
24600,-1850,100,"bu","10:05:50",4450500
24600,-1850,5000,"bu","10:05:49",4450400
24600,-1850,200,"bu","10:05:48",4445400
24600,-1850,100,"bu","10:05:48",4445200
24600,-1850,100,"bu","10:05:47",4445100
24600,-1850,200,"bu","10:05:44",4445000
24600,-1850,3000,"bu","10:05:41",4444800
24600,-1850,200,"bu","10:05:41",4441800
24600,-1850,500,"bu","10:05:41",4441600
24600,-1850,100,"bu","10:05:40",4441100
24600,-1850,500,"bu","10:05:38",4441000
24600,-1850,1000,"bu","10:05:35",4440500
24600,-1850,100,"sd","10:05:35",4439500
24600,-1850,5000,"sd","10:05:35",4439400
24600,-1850,400,"sd","10:05:34",4434400
24600,-1850,300,"sd","10:05:34",4434000
24600,-1850,100,"sd","10:05:34",4433700
24600,-1850,1000,"sd","10:05:34",4433600
24600,-1850,200,"sd","10:05:34",4432600
24600,-1850,400,"sd","10:05:34",4432400
24600,-1850,200,"sd","10:05:34",4432000
24600,-1850,3200,"sd","10:05:34",4431800
24600,-1850,200,"sd","10:05:34",4428600
24600,-1850,100,"sd","10:05:34",4428400
24600,-1850,1900,"sd","10:05:34",4428300
24600,-1850,400,"sd","10:05:34",4426400
24600,-1850,500,"sd","10:05:34",4426000
24600,-1850,400,"sd","10:05:34",4425500
24600,-1850,500,"sd","10:05:34",4425100
24600,-1850,400,"sd","10:05:34",4424600
24600,-1850,900,"sd","10:05:34",4424200
24600,-1850,5000,"sd","10:05:34",4423300
24600,-1850,200,"sd","10:05:34",4418300
24600,-1850,15000,"sd","10:05:34",4418100
24600,-1850,100,"sd","10:05:34",4403100
24600,-1850,10000,"sd","10:05:34",4403000
24600,-1850,500,"sd","10:05:34",4393000
24600,-1850,200,"sd","10:05:34",4392500
24600,-1850,200,"sd","10:05:34",4392300
24600,-1850,1500,"sd","10:05:34",4392100
24600,-1850,500,"sd","10:05:34",4390600
24600,-1850,1000,"sd","10:05:34",4390100
24600,-1850,200,"sd","10:05:34",4389100
24600,-1850,5000,"sd","10:05:34",4388900
24600,-1850,1000,"sd","10:05:34",4383900
24600,-1850,500,"sd","10:05:34",4382900
24600,-1850,1300,"sd","10:05:34",4382400
24600,-1850,100,"sd","10:05:34",4381100
24600,-1850,600,"sd","10:05:34",4381000
24650,-1800,600,"bu","10:05:32",4380400
24650,-1800,1000,"bu","10:05:31",4379800
24650,-1800,500,"bu","10:05:26",4378800
24650,-1800,400,"bu","10:05:20",4378300
24650,-1800,600,"bu","10:05:20",4377900
24650,-1800,9400,"bu","10:05:20",4377300
24600,-1850,900,"sd","10:05:18",4367900
24600,-1850,1400,"sd","10:05:18",4367000
24600,-1850,100,"sd","10:05:18",4365600
24600,-1850,200,"sd","10:05:18",4365500
24600,-1850,500,"sd","10:05:18",4365300
24600,-1850,100,"sd","10:05:18",4364800
24600,-1850,100,"sd","10:05:18",4364700
24600,-1850,4000,"sd","10:05:18",4364600
24600,-1850,700,"sd","10:05:18",4360600
24600,-1850,700,"sd","10:05:18",4359900
24600,-1850,1300,"sd","10:05:18",4359200
24650,-1800,5000,"bu","10:05:18",4357900
24650,-1800,200,"bu","10:05:08",4352900
24650,-1800,100,"bu","10:05:08",4352700
24600,-1850,8700,"sd","10:05:07",4352600
24600,-1850,700,"sd","10:05:07",4343900
24600,-1850,200,"sd","10:05:07",4343200
24600,-1850,400,"sd","10:05:07",4343000
24600,-1850,600,"sd","10:05:06",4342600
24600,-1850,100,"sd","10:05:06",4342000
24600,-1850,2000,"sd","10:05:06",4341900
24600,-1850,1000,"sd","10:05:06",4339900
24600,-1850,1000,"sd","10:05:06",4338900
24600,-1850,3300,"sd","10:05:06",4337900
24600,-1850,1700,"sd","10:04:57",4334600
24600,-1850,100,"sd","10:04:57",4332900
24600,-1850,500,"sd","10:04:57",4332800
24600,-1850,2400,"sd","10:04:57",4332300
24600,-1850,26000,"sd","10:04:57",4329900
24600,-1850,100,"sd","10:04:57",4303900
24600,-1850,100,"sd","10:04:57",4303800
24600,-1850,5000,"sd","10:04:57",4303700
24600,-1850,5000,"sd","10:04:57",4298700
24600,-1850,500,"sd","10:04:57",4293700
24600,-1850,1000,"sd","10:04:57",4293200
24600,-1850,7600,"sd","10:04:57",4292200
24650,-1800,10000,"bu","10:04:56",4284600
24600,-1850,700,"sd","10:04:52",4274600
24600,-1850,400,"sd","10:04:51",4273900
24650,-1800,10000,"bu","10:04:50",4273500
24650,-1800,200,"bu","10:04:46",4263500
24650,-1800,100,"bu","10:04:44",4263300
24600,-1850,1000,"sd","10:04:42",4263200
24650,-1800,4300,"bu","10:04:41",4262200
24650,-1800,100,"bu","10:04:28",4257900
24600,-1850,300,"sd","10:04:24",4257800
24600,-1850,200,"sd","10:04:24",4257500
24600,-1850,800,"bu","10:03:58",4257300
24600,-1850,100,"sd","10:03:58",4256500
24600,-1850,3000,"sd","10:03:58",4256400
24600,-1850,500,"sd","10:03:58",4253400
24600,-1850,100,"sd","10:03:58",4252900
24600,-1850,500,"sd","10:03:58",4252800
24600,-1850,5000,"sd","10:03:58",4252300
24650,-1800,3000,"bu","10:03:57",4247300
24600,-1850,100,"sd","10:03:52",4244300
24600,-1850,4900,"sd","10:03:52",4244200
24600,-1850,5100,"bu","10:03:51",4239300
24600,-1850,5000,"bu","10:03:49",4234200
24600,-1850,5000,"bu","10:03:49",4229200
24600,-1850,100,"sd","10:03:48",4224200
24600,-1850,100,"sd","10:03:48",4224100
24600,-1850,3000,"sd","10:03:48",4224000
24600,-1850,7000,"bu","10:03:47",4221000
24600,-1850,1000,"bu","10:03:46",4214000
24600,-1850,200,"bu","10:03:46",4213000
24600,-1850,100,"bu","10:03:44",4212800
24600,-1850,800,"bu","10:03:44",4212700
24600,-1850,900,"bu","10:03:39",4211900
24600,-1850,1100,"bu","10:03:39",4211000
24600,-1850,300,"bu","10:03:39",4209900
24600,-1850,5000,"bu","10:03:38",4209600
24600,-1850,100,"bu","10:03:37",4204600
24600,-1850,200,"bu","10:03:36",4204500
24600,-1850,100,"bu","10:03:36",4204300
24600,-1850,500,"bu","10:03:35",4204200
24600,-1850,200,"bu","10:03:35",4203700
24600,-1850,100,"bu","10:03:34",4203500
24600,-1850,4900,"bu","10:03:34",4203400
24600,-1850,1000,"bu","10:03:34",4198500
24600,-1850,400,"bu","10:03:33",4197500
24600,-1850,100,"bu","10:03:32",4197100
24600,-1850,500,"bu","10:03:32",4197000
24600,-1850,1000,"bu","10:03:32",4196500
24600,-1850,2000,"bu","10:03:32",4195500
24600,-1850,8000,"bu","10:03:31",4193500
24600,-1850,5000,"bu","10:03:31",4185500
24600,-1850,3000,"bu","10:03:30",4180500
24600,-1850,100,"bu","10:03:30",4177500
24600,-1850,1000,"bu","10:03:30",4177400
24600,-1850,500,"bu","10:03:29",4176400
24600,-1850,500,"bu","10:03:29",4175900
24600,-1850,500,"sd","10:03:29",4175400
24600,-1850,2000,"sd","10:03:29",4174900
24600,-1850,3000,"sd","10:03:29",4172900
24600,-1850,1000,"sd","10:03:29",4169900
24600,-1850,1500,"sd","10:03:29",4168900
24600,-1850,100,"sd","10:03:29",4167400
24600,-1850,200,"sd","10:03:29",4167300
24600,-1850,200,"sd","10:03:29",4167100
24600,-1850,1000,"sd","10:03:29",4166900
24600,-1850,3000,"sd","10:03:28",4165900
24600,-1850,1900,"sd","10:03:28",4162900
24600,-1850,600,"sd","10:03:23",4161000
24600,-1850,300,"sd","10:03:23",4160400
24600,-1850,100,"sd","10:03:23",4160100
24600,-1850,100,"sd","10:03:23",4160000
24600,-1850,3900,"sd","10:03:23",4159900
24600,-1850,1100,"sd","10:03:18",4156000
24600,-1850,900,"sd","10:03:18",4154900
24600,-1850,2100,"sd","10:03:16",4154000
24600,-1850,12900,"sd","10:03:16",4151900
24600,-1850,3000,"sd","10:03:14",4139000
24600,-1850,10000,"bu","10:03:13",4136000
24600,-1850,24100,"bu","10:03:13",4126000
24600,-1850,2100,"bu","10:03:12",4101900
24600,-1850,500,"bu","10:03:11",4099800
24600,-1850,200,"bu","10:03:11",4099300
24600,-1850,1000,"bu","10:03:10",4099100
24600,-1850,5000,"bu","10:03:07",4098100
24600,-1850,100,"bu","10:03:06",4093100
24600,-1850,100,"bu","10:03:06",4093000
24600,-1850,300,"bu","10:03:06",4092900
24600,-1850,100,"bu","10:03:05",4092600
24600,-1850,100,"bu","10:03:05",4092500
24600,-1850,400,"bu","10:03:04",4092400
24600,-1850,100,"bu","10:03:03",4092000
24600,-1850,100,"bu","10:03:03",4091900
24600,-1850,1000,"bu","10:03:03",4091800
24600,-1850,200,"bu","10:03:02",4090800
24600,-1850,100,"bu","10:03:00",4090600
24600,-1850,10000,"bu","10:02:59",4090500
24600,-1850,4500,"bu","10:02:59",4080500
24600,-1850,500,"bu","10:02:59",4076000
24600,-1850,100,"bu","10:02:58",4075500
24600,-1850,100,"bu","10:02:57",4075400
24600,-1850,500,"bu","10:02:57",4075300
24600,-1850,2000,"bu","10:02:57",4074800
24600,-1850,100,"bu","10:02:56",4072800
24600,-1850,100,"bu","10:02:56",4072700
24600,-1850,1500,"bu","10:02:55",4072600
24600,-1850,1000,"sd","10:02:52",4071100
24600,-1850,600,"sd","10:02:52",4070100
24600,-1850,100,"sd","10:02:52",4069500
24600,-1850,300,"sd","10:02:52",4069400
24600,-1850,2000,"sd","10:02:52",4069100
24600,-1850,2000,"sd","10:02:52",4067100
24600,-1850,2000,"sd","10:02:52",4065100
24600,-1850,2300,"sd","10:02:52",4063100
24600,-1850,1700,"sd","10:02:51",4060800
24600,-1850,100,"sd","10:02:51",4059100
24600,-1850,1500,"sd","10:02:51",4059000
24600,-1850,1000,"sd","10:02:51",4057500
24600,-1850,200,"sd","10:02:51",4056500
24600,-1850,5500,"sd","10:02:51",4056300
24650,-1800,2100,"bu","10:02:51",4050800
24650,-1800,2000,"bu","10:02:49",4048700
24650,-1800,10000,"bu","10:02:48",4046700
24600,-1850,24500,"sd","10:02:45",4036700
24600,-1850,500,"sd","10:02:45",4012200
24600,-1850,100,"sd","10:02:45",4011700
24600,-1850,800,"sd","10:02:45",4011600
24600,-1850,100,"sd","10:02:45",4010800
24600,-1850,1000,"sd","10:02:45",4010700
24600,-1850,100,"sd","10:02:45",4009700
24600,-1850,1000,"sd","10:02:45",4009600
24600,-1850,1900,"sd","10:02:45",4008600
24600,-1850,18100,"sd","10:02:40",4006700
24600,-1850,100,"sd","10:02:40",3988600
24600,-1850,300,"sd","10:02:40",3988500
24600,-1850,100,"sd","10:02:40",3988200
24600,-1850,100,"sd","10:02:40",3988100
24600,-1850,7000,"sd","10:02:40",3988000
24600,-1850,6700,"sd","10:02:40",3981000
24600,-1850,10000,"sd","10:02:40",3974300
24600,-1850,1000,"sd","10:02:40",3964300
24600,-1850,300,"sd","10:02:40",3963300
24600,-1850,100,"sd","10:02:40",3963000
24600,-1850,200,"sd","10:02:40",3962900
24600,-1850,1000,"sd","10:02:40",3962700
24600,-1850,5000,"sd","10:02:40",3961700
24650,-1800,2000,"bu","10:02:37",3956700
24650,-1800,1000,"bu","10:02:32",3954700
24600,-1850,3300,"sd","10:02:32",3953700
24600,-1850,4000,"sd","10:02:32",3950400
24600,-1850,500,"sd","10:02:32",3946400
24600,-1850,500,"sd","10:02:32",3945900
24600,-1850,100,"sd","10:02:32",3945400
24600,-1850,3000,"sd","10:02:32",3945300
24600,-1850,8500,"sd","10:02:32",3942300
24600,-1850,2400,"sd","10:02:32",3933800
24600,-1850,1000,"sd","10:02:32",3931400
24600,-1850,1000,"sd","10:02:32",3930400
24600,-1850,5700,"sd","10:02:32",3929400
24650,-1800,30000,"bu","10:02:26",3923700
24600,-1850,14300,"bu","10:02:14",3893700
24600,-1850,200,"bu","10:02:14",3879400
24600,-1850,1500,"bu","10:02:14",3879200
24600,-1850,100,"bu","10:02:14",3877700
24600,-1850,21900,"bu","10:02:14",3877600
24600,-1850,5700,"bu","10:02:14",3855700
24600,-1850,30000,"bu","10:02:14",3850000
24600,-1850,20000,"bu","10:02:14",3820000
24600,-1850,100,"bu","10:02:14",3800000
24600,-1850,100,"bu","10:02:14",3799900
24600,-1850,1000,"bu","10:02:14",3799800
24600,-1850,20000,"bu","10:02:14",3798800
24600,-1850,100,"bu","10:02:14",3778800
24600,-1850,200,"bu","10:02:14",3778700
24600,-1850,100,"bu","10:02:14",3778500
24600,-1850,1000,"bu","10:02:13",3778400
24600,-1850,100,"bu","10:02:12",3777400
24600,-1850,100,"bu","10:02:12",3777300
24600,-1850,100,"bu","10:02:12",3777200
24600,-1850,1000,"bu","10:02:12",3777100
24600,-1850,4800,"bu","10:02:12",3776100
24600,-1850,25200,"bu","10:02:12",3771300
24600,-1850,1100,"bu","10:02:11",3746100
24600,-1850,3300,"bu","10:02:11",3745000
24600,-1850,400,"bu","10:02:10",3741700
24600,-1850,1600,"bu","10:02:10",3741300
24600,-1850,700,"bu","10:02:09",3739700
24600,-1850,1000,"bu","10:02:09",3739000
24600,-1850,3100,"bu","10:02:09",3738000
24600,-1850,10000,"bu","10:02:09",3734900
24600,-1850,3000,"bu","10:02:09",3724900
24600,-1850,500,"bu","10:02:08",3721900
24600,-1850,300,"bu","10:02:08",3721400
24600,-1850,500,"bu","10:02:07",3721100
24600,-1850,100,"bu","10:02:07",3720600
24600,-1850,200,"bu","10:02:07",3720500
24600,-1850,1000,"bu","10:02:07",3720300
24600,-1850,10000,"bu","10:02:07",3719300
24600,-1850,200,"bu","10:02:06",3709300
24600,-1850,10000,"bu","10:02:06",3709100
24600,-1850,1000,"bu","10:02:05",3699100
24600,-1850,100,"bu","10:02:05",3698100
24600,-1850,5000,"bu","10:02:04",3698000
24600,-1850,10000,"bu","10:02:03",3693000
24600,-1850,1000,"bu","10:02:03",3683000
24600,-1850,100,"bu","10:02:02",3682000
24600,-1850,1000,"bu","10:02:02",3681900
24600,-1850,20000,"bu","10:02:01",3680900
24600,-1850,4000,"bu","10:02:00",3660900
24600,-1850,100,"bu","10:01:59",3656900
24600,-1850,800,"bu","10:01:59",3656800
24600,-1850,100,"bu","10:01:58",3656000
24600,-1850,800,"bu","10:01:58",3655900
24600,-1850,2000,"bu","10:01:57",3655100
24600,-1850,2000,"bu","10:01:57",3653100
24600,-1850,500,"bu","10:01:55",3651100
24600,-1850,1500,"bu","10:01:54",3650600
24600,-1850,5000,"bu","10:01:54",3649100
24600,-1850,100,"bu","10:01:53",3644100
24600,-1850,100,"bu","10:01:52",3644000
24600,-1850,2600,"bu","10:01:52",3643900
24600,-1850,100,"bu","10:01:52",3641300
24600,-1850,7300,"bu","10:01:52",3641200
24600,-1850,100,"bu","10:01:50",3633900
24600,-1850,100,"bu","10:01:50",3633800
24600,-1850,1000,"bu","10:01:50",3633700
24600,-1850,3300,"bu","10:01:49",3632700
24600,-1850,400,"bu","10:01:48",3629400
24600,-1850,100,"bu","10:01:47",3629000
24600,-1850,500,"bu","10:01:45",3628900
24600,-1850,600,"bu","10:01:44",3628400
24600,-1850,100,"bu","10:01:43",3627800
24600,-1850,2200,"bu","10:01:42",3627700
24600,-1850,100,"bu","10:01:40",3625500
24600,-1850,1000,"bu","10:01:40",3625400
24600,-1850,100,"bu","10:01:40",3624400
24600,-1850,500,"bu","10:01:40",3624300
24600,-1850,500,"bu","10:01:39",3623800
24600,-1850,100,"bu","10:01:39",3623300
24600,-1850,200,"bu","10:01:38",3623200
24600,-1850,100,"bu","10:01:38",3623000
24600,-1850,1000,"bu","10:01:38",3622900
24600,-1850,700,"bu","10:01:37",3621900
24600,-1850,100,"bu","10:01:37",3621200
24600,-1850,100,"bu","10:01:37",3621100
24600,-1850,12000,"bu","10:01:37",3621000
24600,-1850,2000,"bu","10:01:37",3609000
24600,-1850,200,"bu","10:01:37",3607000
24600,-1850,1600,"bu","10:01:37",3606800
24600,-1850,3300,"bu","10:01:37",3605200
24600,-1850,200,"bu","10:01:35",3601900
24600,-1850,2000,"bu","10:01:35",3601700
24600,-1850,100,"bu","10:01:33",3599700
24600,-1850,1000,"bu","10:01:32",3599600
24600,-1850,2000,"bu","10:01:31",3598600
24600,-1850,500,"bu","10:01:31",3596600
24600,-1850,100,"bu","10:01:31",3596100
24600,-1850,200,"bu","10:01:29",3596000
24600,-1850,300,"bu","10:01:29",3595800
24600,-1850,200,"bu","10:01:28",3595500
24600,-1850,2000,"bu","10:01:27",3595300
24600,-1850,500,"bu","10:01:27",3593300
24600,-1850,100,"bu","10:01:26",3592800
24600,-1850,500,"bu","10:01:26",3592700
24600,-1850,1000,"bu","10:01:26",3592200
24600,-1850,6000,"bu","10:01:26",3591200
24600,-1850,4000,"bu","10:01:26",3585200
24600,-1850,1000,"bu","10:01:24",3581200
24600,-1850,100,"bu","10:01:24",3580200
24600,-1850,100,"bu","10:01:23",3580100
24600,-1850,100,"bu","10:01:22",3580000
24600,-1850,5000,"bu","10:01:22",3579900
24600,-1850,5000,"bu","10:01:22",3574900
24600,-1850,100,"bu","10:01:21",3569900
24600,-1850,800,"bu","10:01:21",3569800
24600,-1850,1000,"bu","10:01:21",3569000
24600,-1850,100,"bu","10:01:20",3568000
24600,-1850,1000,"bu","10:01:19",3567900
24600,-1850,100,"bu","10:01:18",3566900
24600,-1850,700,"bu","10:01:18",3566800
24600,-1850,10000,"bu","10:01:18",3566100
24600,-1850,10000,"bu","10:01:17",3556100
24600,-1850,3600,"bu","10:01:16",3546100
24600,-1850,500,"bu","10:01:16",3542500
24600,-1850,500,"bu","10:01:15",3542000
24600,-1850,1000,"bu","10:01:15",3541500
24600,-1850,4500,"bu","10:01:15",3540500
24600,-1850,500,"bu","10:01:14",3536000
24600,-1850,500,"bu","10:01:13",3535500
24600,-1850,1000,"bu","10:01:12",3535000
24600,-1850,100,"bu","10:01:11",3534000
24600,-1850,25000,"bu","10:01:11",3533900
24600,-1850,3700,"bu","10:01:10",3508900
24600,-1850,2000,"bu","10:01:10",3505200
24600,-1850,14300,"bu","10:01:10",3503200
24600,-1850,1000,"bu","10:01:10",3488900
24600,-1850,2000,"bu","10:01:09",3487900
24600,-1850,5000,"bu","10:01:08",3485900
24600,-1850,300,"bu","10:01:08",3480900
24600,-1850,3000,"bu","10:01:06",3480600
24600,-1850,1000,"bu","10:01:06",3477600
24600,-1850,500,"bu","10:01:06",3476600
24600,-1850,100,"bu","10:01:05",3476100
24600,-1850,300,"bu","10:01:04",3476000
24600,-1850,5500,"bu","10:01:03",3475700
24600,-1850,1100,"bu","10:01:02",3470200
24600,-1850,100,"bu","10:01:02",3469100
24600,-1850,2000,"bu","10:01:00",3469000
24600,-1850,100,"bu","10:00:59",3467000
24600,-1850,200,"bu","10:00:59",3466900
24600,-1850,5000,"bu","10:00:57",3466700
24600,-1850,8500,"bu","10:00:56",3461700
24600,-1850,800,"bu","10:00:56",3453200
24600,-1850,700,"bu","10:00:56",3452400
24600,-1850,100,"bu","10:00:56",3451700
24600,-1850,300,"bu","10:00:55",3451600
24600,-1850,100,"bu","10:00:53",3451300
24600,-1850,2000,"bu","10:00:53",3451200
24600,-1850,10000,"bu","10:00:53",3449200
24600,-1850,1400,"bu","10:00:51",3439200
24600,-1850,100,"bu","10:00:50",3437800
24600,-1850,10300,"bu","10:00:50",3437700
24600,-1850,9700,"bu","10:00:50",3427400
24600,-1850,200,"bu","10:00:48",3417700
24600,-1850,900,"bu","10:00:46",3417500
24600,-1850,9000,"bu","10:00:46",3416600
24600,-1850,4000,"bu","10:00:45",3407600
24600,-1850,1000,"bu","10:00:44",3403600
24600,-1850,200,"bu","10:00:43",3402600
24600,-1850,300,"bu","10:00:41",3402400
24600,-1850,100,"bu","10:00:39",3402100
24600,-1850,800,"bu","10:00:35",3402000
24600,-1850,100,"bu","10:00:33",3401200
24600,-1850,400,"bu","10:00:32",3401100
24600,-1850,1300,"bu","10:00:31",3400700
24600,-1850,100,"bu","10:00:24",3399400
24600,-1850,100,"bu","10:00:21",3399300
24600,-1850,1000,"bu","10:00:20",3399200
24600,-1850,100,"bu","10:00:19",3398200
24600,-1850,100,"bu","10:00:17",3398100
24600,-1850,3000,"bu","10:00:16",3398000
24600,-1850,100,"bu","10:00:15",3395000
24600,-1850,1800,"bu","10:00:15",3394900
24600,-1850,100,"bu","10:00:13",3393100
24600,-1850,2000,"bu","10:00:12",3393000
24600,-1850,12000,"bu","10:00:10",3391000
24600,-1850,400,"bu","10:00:09",3379000
24600,-1850,400,"bu","10:00:07",3378600
24600,-1850,800,"bu","10:00:06",3378200
24600,-1850,700,"bu","10:00:06",3377400
24600,-1850,1000,"bu","10:00:06",3376700
24600,-1850,2200,"bu","10:00:02",3375700
24600,-1850,1200,"bu","10:00:01",3373500
24600,-1850,800,"bu","10:00:01",3372300
24600,-1850,300,"bu","09:59:59",3371500
24600,-1850,100,"bu","09:59:57",3371200
24600,-1850,3000,"bu","09:59:56",3371100
24600,-1850,300,"bu","09:59:56",3368100
24600,-1850,500,"bu","09:59:52",3367800
24600,-1850,500,"bu","09:59:52",3367300
24600,-1850,100,"bu","09:59:51",3366800
24600,-1850,5000,"bu","09:59:46",3366700
24600,-1850,100,"bu","09:59:43",3361700
24600,-1850,100,"bu","09:59:41",3361600
24600,-1850,600,"bu","09:59:41",3361500
24600,-1850,1000,"bu","09:59:41",3360900
24600,-1850,100,"bu","09:59:41",3359900
24600,-1850,100,"bu","09:59:35",3359800
24600,-1850,10000,"bu","09:59:33",3359700
24600,-1850,100,"bu","09:59:33",3349700
24600,-1850,500,"bu","09:59:31",3349600
24600,-1850,3000,"bu","09:59:30",3349100
24600,-1850,1000,"bu","09:59:29",3346100
24600,-1850,500,"bu","09:59:29",3345100
24600,-1850,400,"bu","09:59:28",3344600
24600,-1850,100,"bu","09:59:28",3344200
24600,-1850,100,"bu","09:59:27",3344100
24600,-1850,100,"bu","09:59:26",3344000
24600,-1850,1100,"bu","09:59:26",3343900
24600,-1850,500,"bu","09:59:26",3342800
24600,-1850,500,"bu","09:59:25",3342300
24600,-1850,200,"bu","09:59:25",3341800
24600,-1850,100,"bu","09:59:24",3341600
24600,-1850,2500,"bu","09:59:23",3341500
24600,-1850,100,"bu","09:59:22",3339000
24600,-1850,600,"bu","09:59:19",3338900
24600,-1850,400,"bu","09:59:19",3338300
24600,-1850,100,"bu","09:59:16",3337900
24600,-1850,700,"bu","09:59:14",3337800
24600,-1850,1000,"bu","09:59:14",3337100
24600,-1850,3000,"bu","09:59:10",3336100
24600,-1850,100,"bu","09:59:10",3333100
24600,-1850,100,"bu","09:59:10",3333000
24600,-1850,1000,"bu","09:59:05",3332900
24600,-1850,100,"bu","09:59:04",3331900
24600,-1850,2000,"bu","09:59:04",3331800
24600,-1850,200,"bu","09:59:01",3329800
24600,-1850,500,"bu","09:58:59",3329600
24600,-1850,500,"bu","09:58:59",3329100
24600,-1850,1000,"bu","09:58:55",3328600
24600,-1850,18000,"bu","09:58:54",3327600
24600,-1850,1000,"bu","09:58:50",3309600
24600,-1850,100,"bu","09:58:50",3308600
24600,-1850,5000,"bu","09:58:48",3308500
24600,-1850,200,"bu","09:58:48",3303500
24600,-1850,100,"bu","09:58:47",3303300
24600,-1850,1000,"bu","09:58:46",3303200
24600,-1850,1000,"bu","09:58:44",3302200
24600,-1850,800,"bu","09:58:40",3301200
24600,-1850,1500,"bu","09:58:40",3300400
24600,-1850,1900,"bu","09:58:39",3298900
24600,-1850,7100,"bu","09:58:38",3297000
24600,-1850,2800,"bu","09:58:36",3289900
24600,-1850,700,"bu","09:58:29",3287100
24600,-1850,100,"bu","09:58:28",3286400
24600,-1850,800,"bu","09:58:24",3286300
24600,-1850,100,"bu","09:58:23",3285500
24600,-1850,100,"bu","09:58:22",3285400
24600,-1850,1600,"bu","09:58:15",3285300
24600,-1850,10000,"bu","09:58:15",3283700
24600,-1850,100,"bu","09:58:14",3273700
24600,-1850,600,"bu","09:58:08",3273600
24600,-1850,1000,"bu","09:58:07",3273000
24600,-1850,4700,"bu","09:58:06",3272000
24600,-1850,300,"bu","09:58:06",3267300
24600,-1850,500,"bu","09:58:06",3267000
24600,-1850,100,"bu","09:58:03",3266500
24600,-1850,600,"bu","09:58:00",3266400
24600,-1850,100,"bu","09:57:58",3265800
24600,-1850,100,"bu","09:57:55",3265700
24600,-1850,100,"bu","09:57:55",3265600
24600,-1850,100,"bu","09:57:52",3265500
24600,-1850,500,"bu","09:57:52",3265400
24600,-1850,100,"bu","09:57:43",3264900
24600,-1850,1500,"bu","09:57:43",3264800
24600,-1850,7300,"bu","09:57:43",3263300
24600,-1850,200,"bu","09:57:42",3256000
24600,-1850,100,"bu","09:57:38",3255800
24600,-1850,1000,"bu","09:57:37",3255700
24600,-1850,3000,"bu","09:57:37",3254700
24600,-1850,100,"bu","09:57:35",3251700
24600,-1850,10000,"bu","09:57:35",3251600
24600,-1850,100,"bu","09:57:34",3241600
24600,-1850,400,"bu","09:57:28",3241500
24600,-1850,1500,"bu","09:57:28",3241100
24600,-1850,1200,"bu","09:57:28",3239600
24600,-1850,1000,"bu","09:57:27",3238400
24600,-1850,100,"bu","09:57:24",3237400
24600,-1850,100,"bu","09:57:21",3237300
24600,-1850,500,"bu","09:57:16",3237200
24600,-1850,100,"bu","09:57:16",3236700
24600,-1850,100,"bu","09:57:14",3236600
24600,-1850,300,"bu","09:57:13",3236500
24600,-1850,500,"bu","09:57:13",3236200
24600,-1850,100,"bu","09:57:12",3235700
24600,-1850,1000,"bu","09:57:12",3235600
24600,-1850,1000,"bu","09:57:11",3234600
24600,-1850,500,"bu","09:57:07",3233600
24600,-1850,500,"bu","09:57:06",3233100
24600,-1850,100,"bu","09:57:06",3232600
24600,-1850,200,"bu","09:57:05",3232500
24600,-1850,100,"bu","09:57:05",3232300
24600,-1850,1000,"bu","09:57:04",3232200
24600,-1850,100,"bu","09:57:04",3231200
24600,-1850,3000,"bu","09:57:03",3231100
24600,-1850,5000,"bu","09:56:54",3228100
24600,-1850,100,"bu","09:56:54",3223100
24600,-1850,500,"bu","09:56:54",3223000
24600,-1850,100,"bu","09:56:53",3222500
24600,-1850,500,"bu","09:56:52",3222400
24600,-1850,100,"bu","09:56:46",3221900
24600,-1850,200,"bu","09:56:42",3221800
24600,-1850,1000,"bu","09:56:41",3221600
24600,-1850,100,"bu","09:56:41",3220600
24600,-1850,100,"bu","09:56:41",3220500
24600,-1850,1800,"bu","09:56:37",3220400
24600,-1850,1000,"bu","09:56:34",3218600
24600,-1850,1000,"bu","09:56:32",3217600
24600,-1850,300,"bu","09:56:31",3216600
24600,-1850,100,"bu","09:56:30",3216300
24600,-1850,300,"bu","09:56:27",3216200
24600,-1850,2600,"bu","09:56:27",3215900
24600,-1850,2400,"bu","09:56:27",3213300
24600,-1850,100,"bu","09:56:23",3210900
24600,-1850,100,"bu","09:56:22",3210800
24600,-1850,1000,"bu","09:56:20",3210700
24600,-1850,100,"bu","09:56:17",3209700
24600,-1850,100,"bu","09:56:12",3209600
24600,-1850,200,"bu","09:56:11",3209500
24600,-1850,100,"bu","09:56:08",3209300
24600,-1850,100,"bu","09:56:03",3209200
24600,-1850,100,"bu","09:56:01",3209100
24600,-1850,1100,"bu","09:55:55",3209000
24600,-1850,300,"bu","09:55:52",3207900
24600,-1850,800,"bu","09:55:51",3207600
24600,-1850,3000,"bu","09:55:51",3206800
24600,-1850,100,"bu","09:55:47",3203800
24600,-1850,1000,"bu","09:55:47",3203700
24600,-1850,1000,"bu","09:55:43",3202700
24600,-1850,100,"bu","09:55:43",3201700
24600,-1850,200,"bu","09:55:40",3201600
24600,-1850,2000,"bu","09:55:39",3201400
24600,-1850,500,"bu","09:55:38",3199400
24600,-1850,100,"bu","09:55:37",3198900
24600,-1850,10000,"bu","09:55:36",3198800
24600,-1850,100,"bu","09:55:34",3188800
24600,-1850,10000,"bu","09:55:34",3188700
24600,-1850,5000,"bu","09:55:33",3178700
24600,-1850,500,"bu","09:55:30",3173700
24600,-1850,100,"bu","09:55:28",3173200
24600,-1850,1000,"bu","09:55:26",3173100
24600,-1850,2000,"bu","09:55:25",3172100
24600,-1850,200,"bu","09:55:22",3170100
24600,-1850,200,"bu","09:55:18",3169900
24600,-1850,1000,"bu","09:55:18",3169700
24600,-1850,100,"bu","09:55:15",3168700
24600,-1850,1000,"bu","09:55:14",3168600
24600,-1850,100,"bu","09:55:13",3167600
24600,-1850,500,"bu","09:55:11",3167500
24600,-1850,100,"bu","09:55:05",3167000
24600,-1850,300,"bu","09:55:05",3166900
24600,-1850,400,"bu","09:55:03",3166600
24600,-1850,300,"bu","09:54:59",3166200
24600,-1850,200,"bu","09:54:57",3165900
24600,-1850,1000,"bu","09:54:57",3165700
24600,-1850,1400,"bu","09:54:56",3164700
24600,-1850,600,"bu","09:54:56",3163300
24600,-1850,100,"bu","09:54:55",3162700
24600,-1850,600,"bu","09:54:54",3162600
24600,-1850,400,"bu","09:54:54",3162000
24600,-1850,400,"bu","09:54:52",3161600
24600,-1850,100,"bu","09:54:50",3161200
24600,-1850,200,"bu","09:54:49",3161100
24600,-1850,100,"bu","09:54:45",3160900
24600,-1850,8800,"bu","09:54:45",3160800
24600,-1850,10000,"bu","09:54:45",3152000
24600,-1850,1200,"bu","09:54:45",3142000
24600,-1850,1000,"bu","09:54:45",3140800
24600,-1850,100,"bu","09:54:44",3139800
24600,-1850,100,"bu","09:54:40",3139700
24600,-1850,4600,"bu","09:54:36",3139600
24600,-1850,400,"bu","09:54:36",3135000
24600,-1850,100,"bu","09:54:24",3134600
24600,-1850,300,"bu","09:54:21",3134500
24600,-1850,100,"bu","09:54:21",3134200
24600,-1850,1000,"bu","09:54:20",3134100
24600,-1850,400,"bu","09:54:18",3133100
24600,-1850,100,"bu","09:54:17",3132700
24600,-1850,100,"bu","09:54:17",3132600
24600,-1850,100,"bu","09:54:16",3132500
24600,-1850,400,"bu","09:54:12",3132400
24600,-1850,200,"bu","09:54:04",3132000
24600,-1850,200,"bu","09:54:02",3131800
24600,-1850,300,"bu","09:54:00",3131600
24600,-1850,200,"bu","09:54:00",3131300
24600,-1850,800,"bu","09:53:59",3131100
24600,-1850,400,"bu","09:53:59",3130300
24600,-1850,500,"bu","09:53:59",3129900
24600,-1850,200,"bu","09:53:59",3129400
24600,-1850,200,"bu","09:53:58",3129200
24600,-1850,200,"bu","09:53:57",3129000
24600,-1850,100,"bu","09:53:57",3128800
24600,-1850,5000,"bu","09:53:56",3128700
24600,-1850,1000,"bu","09:53:55",3123700
24600,-1850,300,"bu","09:53:55",3122700
24600,-1850,200,"bu","09:53:55",3122400
24600,-1850,1000,"bu","09:53:54",3122200
24600,-1850,2000,"bu","09:53:54",3121200
24600,-1850,300,"bu","09:53:53",3119200
24600,-1850,500,"bu","09:53:53",3118900
24600,-1850,200,"bu","09:53:53",3118400
24600,-1850,1900,"bu","09:53:52",3118200
24600,-1850,1000,"bu","09:53:52",3116300
24600,-1850,200,"bu","09:53:52",3115300
24600,-1850,10000,"bu","09:53:51",3115100
24600,-1850,200,"bu","09:53:49",3105100
24600,-1850,100,"bu","09:53:46",3104900
24600,-1850,1000,"bu","09:53:45",3104800
24600,-1850,100,"bu","09:53:44",3103800
24600,-1850,300,"bu","09:53:38",3103700
24600,-1850,4000,"bu","09:53:38",3103400
24600,-1850,200,"bu","09:53:37",3099400
24600,-1850,1000,"bu","09:53:37",3099200
24600,-1850,100,"bu","09:53:36",3098200
24600,-1850,100,"bu","09:53:34",3098100
24600,-1850,600,"bu","09:53:31",3098000
24600,-1850,4000,"bu","09:53:30",3097400
24600,-1850,100,"bu","09:53:26",3093400
24600,-1850,200,"bu","09:53:25",3093300
24600,-1850,500,"bu","09:53:24",3093100
24600,-1850,1000,"bu","09:53:21",3092600
24600,-1850,100,"bu","09:53:19",3091600
24600,-1850,2600,"bu","09:53:13",3091500
24600,-1850,100,"bu","09:53:13",3088900
24600,-1850,1500,"bu","09:53:13",3088800
24600,-1850,500,"bu","09:53:11",3087300
24600,-1850,100,"bu","09:53:08",3086800
24600,-1850,100,"bu","09:53:07",3086700
24600,-1850,3000,"bu","09:53:07",3086600
24600,-1850,200,"bu","09:53:04",3083600
24600,-1850,500,"bu","09:52:58",3083400
24600,-1850,10000,"bu","09:52:57",3082900
24600,-1850,1000,"bu","09:52:56",3072900
24600,-1850,7500,"bu","09:52:54",3071900
24600,-1850,2500,"bu","09:52:54",3064400
