"price","change","match_qtty","side","time","total_vol"
32500,500,26500,"unknown","14:45:01",862000
32300,300,300,"sd","14:29:58",835500
32300,300,100,"sd","14:29:57",835200
32300,300,300,"sd","14:29:51",835100
32300,300,200,"sd","14:29:51",834800
32300,300,1000,"bu","14:29:40",834600
32300,300,1000,"bu","14:29:40",833600
32300,300,500,"bu","14:29:40",832600
32300,300,500,"bu","14:29:29",832100
32300,300,200,"bu","14:29:26",831600
32300,300,300,"bu","14:29:24",831400
32250,250,500,"sd","14:29:03",831100
32250,250,500,"sd","14:29:01",830600
32250,250,2000,"sd","14:28:49",830100
32300,300,300,"bu","14:28:38",828100
32250,250,400,"bu","14:28:38",827800
32200,200,1000,"sd","14:28:16",827400
32250,250,400,"bu","14:28:12",825800
32250,250,600,"bu","14:28:12",826400
32200,200,300,"bu","14:27:47",825400
32200,200,100,"bu","14:27:47",825100
32200,200,200,"bu","14:27:47",825000
32200,200,1000,"bu","14:27:47",824800
32200,200,1000,"bu","14:27:47",823800
32150,150,500,"bu","14:27:41",822800
32150,150,500,"bu","14:27:29",822300
32150,150,300,"bu","14:27:15",821800
32150,150,200,"bu","14:27:12",821500
32100,100,500,"sd","14:26:34",821300
32100,100,500,"sd","14:26:15",820800
32100,100,600,"sd","14:26:14",820300
32100,100,400,"sd","14:26:14",819700
32100,100,200,"bu","14:25:53",819300
32100,100,100,"sd","14:25:50",819100
32100,100,1800,"bu","14:25:39",819000
32100,100,100,"bu","14:25:36",817200
32100,100,900,"bu","14:25:36",817100
32100,100,200,"bu","14:25:36",816200
32100,100,900,"bu","14:25:29",816000
32100,100,100,"bu","14:25:29",815100
32100,100,400,"bu","14:25:24",815000
32100,100,500,"bu","14:25:24",814600
32100,100,2100,"bu","14:25:24",814100
32100,100,200,"bu","14:25:04",812000
32100,100,200,"bu","14:24:43",811800
32100,100,500,"bu","14:24:42",811600
32100,100,500,"bu","14:24:42",811100
32100,100,1000,"bu","14:24:42",810600
32000,0,1100,"bu","14:24:14",809600
32000,0,3900,"bu","14:24:03",808500
32000,0,300,"bu","14:24:03",804600
32000,0,500,"bu","14:24:03",804300
32000,0,10300,"bu","14:24:03",803800
32000,0,1000,"bu","14:23:51",793500
32000,0,100,"bu","14:23:50",792500
32000,0,200,"bu","14:23:39",792400
31950,-50,900,"sd","14:23:34",792200
31950,-50,100,"sd","14:23:34",791300
31950,-50,100,"sd","14:23:23",791200
32000,0,800,"bu","14:23:16",791100
32000,0,900,"bu","14:23:12",790300
31950,-50,100,"sd","14:22:17",789400
31950,-50,500,"sd","14:22:17",789300
31950,-50,300,"sd","14:22:17",788800
31950,-50,100,"bu","14:22:16",788500
31950,-50,600,"bu","14:22:16",788400
31950,-50,1000,"bu","14:22:16",787800
31950,-50,100,"bu","14:22:16",786800
31950,-50,500,"bu","14:21:47",786700
31950,-50,300,"bu","14:21:26",786200
31850,-150,600,"bu","14:21:09",785900
31850,-150,100,"bu","14:20:56",785300
31850,-150,100,"bu","14:20:48",785200
31850,-150,100,"bu","14:20:47",785100
31850,-150,100,"bu","14:20:41",785000
31850,-150,500,"bu","14:20:24",784900
31800,-200,21700,"sd","14:19:18",784400
31850,-150,10000,"sd","14:19:18",762700
31850,-150,100,"sd","14:19:18",752700
31900,-100,500,"sd","14:19:18",752600
31950,-50,800,"bu","14:17:57",752100
31950,-50,1300,"bu","14:17:57",751300
31950,-50,500,"bu","14:17:57",750000
31950,-50,2300,"bu","14:17:57",749500
31950,-50,100,"bu","14:17:57",747200
31950,-50,200,"bu","14:17:30",747100
31950,-50,200,"bu","14:17:29",746900
31950,-50,100,"bu","14:16:42",746700
31950,-50,200,"unknown","14:16:10",746600
31950,-50,100,"sd","14:16:02",746400
31950,-50,100,"bu","14:15:52",746300
31950,-50,1600,"bu","14:15:52",746200
31950,-50,100,"bu","14:14:54",744600
31950,-50,100,"bu","14:14:34",744500
31950,-50,200,"bu","14:14:34",744400
31950,-50,300,"bu","14:14:08",744200
31950,-50,100,"bu","14:14:04",743900
31950,-50,100,"bu","14:13:53",743800
31900,-100,500,"sd","14:13:17",743700
31900,-100,1500,"sd","14:13:17",743200
31900,-100,1000,"sd","14:12:31",741700
31950,-50,500,"sd","14:12:31",740700
31950,-50,200,"sd","14:12:31",740200
31950,-50,200,"sd","14:12:31",740000
32000,0,100,"sd","14:12:06",739800
32000,0,1000,"sd","14:12:06",739700
32000,0,700,"sd","14:12:06",738700
32000,0,1000,"sd","14:12:06",738000
32000,0,500,"sd","14:12:06",737000
32000,0,500,"sd","14:12:05",736500
32050,50,2000,"sd","14:12:05",736000
32050,50,900,"sd","14:12:05",734000
32050,50,1000,"sd","14:11:58",733100
32050,50,100,"sd","14:11:56",732100
32100,100,300,"bu","14:11:55",732000
32050,50,700,"sd","14:11:53",731700
32050,50,1100,"sd","14:11:50",731000
32050,50,1900,"sd","14:11:50",729900
32050,50,200,"sd","14:11:49",728000
32100,100,300,"bu","14:11:31",727800
32100,100,700,"bu","14:11:31",727500
32050,50,200,"sd","14:11:30",726800
32100,100,300,"bu","14:11:14",726600
32100,100,100,"bu","14:11:14",726300
32100,100,200,"bu","14:11:14",726200
32100,100,400,"bu","14:11:14",726000
32050,50,200,"sd","14:11:13",725600
32050,50,200,"sd","14:11:04",725400
32050,50,100,"sd","14:10:41",725200
32100,100,100,"bu","14:10:36",725100
32100,100,100,"bu","14:10:36",725000
32100,100,800,"bu","14:10:36",724900
32050,50,200,"sd","14:10:26",724100
32050,50,200,"sd","14:10:26",723900
32050,50,100,"sd","14:10:26",723700
32100,100,100,"bu","14:09:56",723600
32050,50,300,"sd","14:09:54",723500
32100,100,100,"bu","14:09:35",723200
32050,50,100,"bu","14:09:23",723100
32000,0,200,"sd","14:08:52",723000
32000,0,3200,"sd","14:08:50",722800
32000,0,200,"bu","14:08:49",719600
32000,0,500,"bu","14:08:48",719400
32000,0,1900,"bu","14:08:46",718900
32000,0,500,"bu","14:08:43",717000
32000,0,1000,"bu","14:08:41",716500
32000,0,600,"bu","14:08:39",715500
32000,0,500,"bu","14:08:35",714900
32000,0,100,"bu","14:08:34",714400
32000,0,300,"bu","14:08:27",714300
32000,0,200,"bu","14:08:27",714000
32000,0,1000,"bu","14:08:24",713800
32000,0,1000,"bu","14:08:24",712800
32000,0,3000,"bu","14:08:18",711800
32000,0,500,"bu","14:08:14",708800
32000,0,500,"bu","14:08:03",708300
32000,0,500,"bu","14:08:03",707800
32000,0,1000,"bu","14:07:52",707300
32000,0,1900,"bu","14:07:52",706300
32000,0,1000,"bu","14:07:52",704400
32000,0,500,"bu","14:07:52",703400
32000,0,3500,"bu","14:07:52",702900
32000,0,100,"bu","14:07:52",699400
32000,0,2000,"bu","14:07:52",699300
31950,-50,900,"sd","14:06:40",697300
31950,-50,200,"sd","14:06:24",696400
31950,-50,700,"bu","14:04:33",696200
31950,-50,1300,"bu","14:04:27",695500
31950,-50,1000,"bu","14:04:27",694200
31950,-50,800,"bu","14:04:27",693200
31950,-50,100,"bu","14:04:19",692400
31900,-100,500,"sd","14:03:57",692300
31900,-100,500,"bu","14:03:56",691800
31900,-100,100,"bu","14:03:56",691300
31900,-100,5000,"bu","14:03:56",691200
31900,-100,1400,"bu","14:03:56",686200
31800,-200,500,"sd","14:03:43",684800
31800,-200,200,"sd","14:03:43",684300
31850,-150,300,"sd","14:03:43",684100
31850,-150,200,"bu","14:03:32",683800
31850,-150,400,"bu","14:03:29",683600
31850,-150,2000,"bu","14:03:29",683200
31850,-150,500,"bu","14:03:28",681200
31850,-150,1500,"bu","14:03:16",680700
31800,-200,400,"bu","14:02:57",679200
31800,-200,200,"sd","14:02:55",678800
31800,-200,400,"sd","14:02:55",678600
31800,-200,600,"sd","14:02:50",678200
31800,-200,900,"sd","14:02:50",677600
31800,-200,500,"sd","14:02:50",676700
31800,-200,200,"unknown","14:02:20",676200
31800,-200,100,"bu","14:02:13",676000
31800,-200,200,"bu","14:01:56",675900
31800,-200,1000,"bu","14:01:54",675700
31800,-200,1800,"bu","14:01:47",674700
31800,-200,1700,"bu","14:01:36",672900
31750,-250,2000,"bu","14:01:18",671200
31650,-350,2000,"sd","14:00:35",669200
31700,-300,1000,"sd","14:00:35",667200
31700,-300,5000,"sd","14:00:34",666200
31650,-350,800,"sd","14:00:31",661200
31700,-300,600,"bu","14:00:05",660400
31650,-350,300,"sd","13:59:13",659800
31650,-350,500,"sd","13:59:13",659500
31650,-350,200,"sd","13:59:13",659000
31700,-300,200,"sd","13:58:41",658800
31700,-300,1000,"sd","13:58:11",658600
31700,-300,200,"sd","13:58:11",657600
31750,-250,1000,"bu","13:57:31",657400
31750,-250,1000,"sd","13:56:25",656400
31700,-300,300,"sd","13:55:02",655400
31700,-300,200,"sd","13:55:02",655100
31700,-300,300,"sd","13:54:30",654900
31700,-300,100,"sd","13:54:30",654600
31700,-300,600,"sd","13:54:30",654500
31700,-300,400,"sd","13:53:24",653900
31750,-250,500,"sd","13:52:43",653500
31750,-250,100,"sd","13:52:43",653000
31750,-250,2400,"sd","13:52:43",652900
31750,-250,600,"sd","13:51:37",650500
31750,-250,1400,"sd","13:51:37",649900
31800,-200,2000,"bu","13:51:30",648500
31800,-200,800,"bu","13:50:23",646500
31800,-200,200,"bu","13:50:23",645700
31800,-200,200,"bu","13:49:44",645500
31800,-200,200,"bu","13:49:28",645300
31800,-200,1000,"bu","13:49:28",645100
31800,-200,800,"bu","13:49:28",644100
31800,-200,500,"bu","13:48:42",643300
31800,-200,200,"sd","13:48:21",642800
31800,-200,1000,"sd","13:48:21",642600
31800,-200,500,"sd","13:48:20",641600
31800,-200,200,"bu","13:48:03",641100
31800,-200,100,"bu","13:47:46",640900
31800,-200,1000,"bu","13:47:02",640800
31800,-200,200,"bu","13:46:51",639800
31800,-200,1000,"bu","13:46:49",639600
31800,-200,500,"sd","13:46:37",638600
31850,-150,1000,"bu","13:46:27",638100
31750,-250,300,"sd","13:46:21",637100
31800,-200,100,"sd","13:46:21",636800
31800,-200,600,"sd","13:46:21",636700
31800,-200,2400,"sd","13:46:03",636100
31800,-200,100,"sd","13:46:03",633700
31800,-200,100,"sd","13:46:03",633600
31800,-200,2400,"sd","13:46:03",633500
31800,-200,100,"bu","13:45:05",631100
31800,-200,300,"bu","13:45:04",631000
31800,-200,200,"bu","13:45:04",630700
31800,-200,100,"bu","13:45:04",630500
31800,-200,100,"bu","13:45:04",630400
31800,-200,500,"bu","13:45:04",630300
31800,-200,700,"bu","13:45:04",629800
31800,-200,100,"bu","13:45:04",629100
31800,-200,1000,"bu","13:45:01",629000
31800,-200,1300,"bu","13:44:21",628000
31750,-250,200,"bu","13:44:11",626700
31750,-250,7300,"bu","13:44:11",626500
31750,-250,800,"bu","13:44:11",619200
31750,-250,500,"bu","13:44:07",618400
31750,-250,1000,"bu","13:44:00",617900
31600,-400,1000,"sd","13:42:19",616900
31650,-350,1000,"bu","13:42:15",615900
31650,-350,10000,"bu","13:42:08",614900
31650,-350,100,"bu","13:41:58",604900
31650,-350,500,"bu","13:41:22",604800
31650,-350,5000,"sd","13:41:09",604300
31650,-350,500,"sd","13:41:09",599300
31650,-350,200,"sd","13:41:09",598800
31650,-350,400,"sd","13:41:09",598600
31650,-350,1000,"sd","13:41:09",598200
31650,-350,100,"sd","13:41:09",597200
31650,-350,1200,"sd","13:41:09",597100
31650,-350,500,"sd","13:40:56",595900
31650,-350,100,"sd","13:40:42",595400
31650,-350,400,"sd","13:40:40",595300
31650,-350,3700,"sd","13:39:54",594900
31700,-300,1500,"bu","13:39:35",591200
31650,-350,4100,"sd","13:39:34",589700
31650,-350,100,"sd","13:39:34",585600
31650,-350,300,"sd","13:39:34",585500
31650,-350,300,"sd","13:39:34",585200
31650,-350,200,"sd","13:39:34",584900
31700,-300,600,"bu","13:39:19",584700
31700,-300,900,"sd","13:39:18",584100
31700,-300,1100,"sd","13:39:09",583200
31700,-300,600,"sd","13:39:09",582100
31700,-300,300,"sd","13:39:09",581500
31750,-250,200,"bu","13:38:41",581200
31750,-250,500,"bu","13:38:36",581000
31700,-300,200,"sd","13:38:33",580500
31700,-300,1500,"sd","13:38:33",580300
31700,-300,300,"sd","13:38:33",578800
31700,-300,200,"sd","13:37:15",578500
31700,-300,100,"sd","13:37:07",578300
31700,-300,400,"sd","13:36:16",578200
31700,-300,600,"sd","13:36:16",577800
31700,-300,100,"sd","13:35:45",577200
31700,-300,200,"sd","13:35:24",577100
31650,-350,100,"sd","13:34:40",576900
31700,-300,100,"sd","13:34:40",576800
31700,-300,400,"bu","13:34:40",576700
31700,-300,100,"sd","13:34:36",576300
31700,-300,300,"sd","13:34:36",576200
31700,-300,100,"sd","13:34:36",575900
31700,-300,100,"sd","13:34:36",575800
31700,-300,900,"sd","13:34:18",575700
31700,-300,100,"sd","13:34:18",574800
31700,-300,700,"sd","13:33:52",574700
31800,-200,200,"bu","13:33:49",574000
31800,-200,200,"bu","13:33:45",573800
31800,-200,500,"bu","13:33:37",573600
31750,-250,500,"unknown","13:33:35",573100
31700,-300,2000,"sd","13:33:27",572600
31700,-300,1700,"sd","13:33:19",570600
31700,-300,600,"sd","13:33:08",568900
31700,-300,100,"sd","13:33:08",568300
31750,-250,100,"bu","13:33:04",568200
31750,-250,100,"bu","13:32:53",568100
31750,-250,100,"sd","13:32:05",568000
31800,-200,1100,"bu","13:30:37",567900
31800,-200,400,"bu","13:28:52",566800
31800,-200,2600,"bu","13:28:52",566400
31750,-250,2000,"bu","13:28:52",563800
31700,-300,500,"sd","13:28:43",561800
31700,-300,200,"sd","13:28:13",561300
31700,-300,2000,"sd","13:27:51",561100
31700,-300,500,"sd","13:27:51",559100
31700,-300,100,"sd","13:27:50",558600
31800,-200,200,"bu","13:27:04",558500
31800,-200,1100,"bu","13:26:41",558300
31750,-250,3800,"bu","13:26:41",557200
31750,-250,100,"bu","13:26:41",553400
31700,-300,400,"sd","13:26:37",553300
31700,-300,100,"sd","13:26:37",552900
31700,-300,1000,"sd","13:26:37",552800
31700,-300,1000,"sd","13:26:05",551800
31750,-250,400,"bu","13:25:51",550800
31750,-250,100,"bu","13:24:58",550400
31750,-250,1300,"bu","13:24:43",550300
31750,-250,700,"bu","13:24:43",549000
31750,-250,200,"bu","13:24:18",548300
31750,-250,100,"bu","13:24:13",548100
31750,-250,900,"bu","13:24:13",548000
31750,-250,300,"bu","13:24:04",547100
31700,-300,700,"bu","13:23:02",546800
31700,-300,400,"bu","13:23:02",546100
31700,-300,800,"bu","13:23:02",545700
31700,-300,200,"bu","13:22:23",544900
31600,-400,500,"sd","13:22:21",544700
31600,-400,100,"sd","13:22:14",544200
31650,-350,900,"sd","13:22:14",544100
31650,-350,100,"sd","13:22:14",543200
31650,-350,100,"sd","13:22:14",543100
31700,-300,100,"bu","13:22:03",543000
31700,-300,300,"bu","13:20:40",542900
31650,-350,5000,"sd","13:20:37",542600
31700,-300,300,"bu","13:20:26",537600
31700,-300,300,"bu","13:20:25",537300
31700,-300,700,"bu","13:20:25",537000
31700,-300,900,"bu","13:20:07",536300
31700,-300,1200,"bu","13:19:57",535400
31700,-300,400,"bu","13:19:57",534200
31700,-300,300,"bu","13:19:57",533800
31700,-300,300,"bu","13:19:38",533500
31700,-300,4800,"bu","13:19:08",533200
31650,-350,200,"bu","13:19:08",528400
31650,-350,500,"sd","13:18:57",528200
31650,-350,300,"sd","13:18:57",527700
31700,-300,800,"bu","13:18:07",527400
31700,-300,4600,"bu","13:18:07",526600
31700,-300,1000,"bu","13:18:07",522000
31650,-350,1000,"bu","13:17:41",521000
31650,-350,2600,"bu","13:17:41",520000
31650,-350,200,"bu","13:17:37",517400
31650,-350,100,"bu","13:17:17",517200
31650,-350,100,"bu","13:17:09",517100
31650,-350,500,"bu","13:17:09",517000
31650,-350,900,"bu","13:17:09",516500
31650,-350,100,"bu","13:16:56",515600
31600,-400,3000,"sd","13:16:52",515500
31600,-400,200,"sd","13:16:28",512500
31600,-400,800,"sd","13:16:28",512300
31600,-400,1000,"sd","13:16:11",511500
31600,-400,500,"bu","13:14:28",510500
31600,-400,1200,"bu","13:14:28",510000
31600,-400,100,"bu","13:14:28",508800
31600,-400,1400,"bu","13:14:28",508700
31600,-400,100,"bu","13:13:46",507300
31600,-400,1000,"bu","13:12:52",507200
31550,-450,100,"bu","13:12:10",506200
31550,-450,200,"bu","13:12:10",506100
31550,-450,100,"bu","13:12:02",505900
31550,-450,700,"bu","13:11:50",505800
31550,-450,300,"bu","13:11:50",505100
31550,-450,300,"bu","13:11:49",504800
31550,-450,1000,"bu","13:11:34",504500
31550,-450,200,"bu","13:09:59",503500
31550,-450,500,"sd","13:09:58",503300
31550,-450,3700,"sd","13:09:58",502800
31550,-450,500,"sd","13:09:21",499100
31550,-450,4700,"sd","13:07:59",498600
31600,-400,500,"bu","13:07:27",493900
31600,-400,200,"bu","13:07:10",493400
31600,-400,3700,"bu","13:06:51",493200
31600,-400,1000,"bu","13:06:47",489500
31600,-400,7100,"bu","13:06:38",488500
31600,-400,900,"bu","13:06:38",481400
31550,-450,500,"bu","13:06:10",480500
31550,-450,400,"bu","13:06:10",480000
31550,-450,200,"bu","13:06:10",479600
31500,-500,500,"sd","13:05:52",479400
31550,-450,500,"bu","13:05:44",478900
31500,-500,500,"bu","13:05:26",478400
31500,-500,200,"bu","13:04:36",477900
31500,-500,200,"bu","13:04:16",477700
31500,-500,100,"bu","13:04:16",477500
31500,-500,500,"bu","13:04:16",477400
31500,-500,400,"bu","13:04:16",476900
31500,-500,100,"bu","13:04:16",476500
31500,-500,600,"bu","13:04:07",476400
31500,-500,1400,"bu","13:04:07",475800
31500,-500,200,"bu","13:04:02",474400
31500,-500,1000,"bu","13:03:55",474200
31500,-500,300,"bu","13:03:42",473200
31500,-500,1000,"bu","13:03:39",472900
31500,-500,100,"bu","13:03:39",471900
31500,-500,1000,"bu","13:03:20",471800
31400,-600,400,"sd","13:02:44",470800
31400,-600,600,"bu","13:02:36",470400
31400,-600,400,"bu","13:02:36",469800
31400,-600,100,"bu","13:02:36",469400
31400,-600,200,"sd","13:02:02",469300
31400,-600,1000,"sd","13:02:02",469100
31400,-600,2000,"sd","13:02:02",468100
31400,-600,100,"sd","13:02:02",466100
31400,-600,100,"sd","13:02:02",466000
31400,-600,100,"sd","13:02:02",465900
31400,-600,100,"sd","13:02:02",465800
31400,-600,100,"sd","13:02:02",465700
31450,-550,700,"sd","13:02:02",465600
31450,-550,100,"sd","13:02:02",464900
31500,-500,500,"bu","13:02:01",464800
31500,-500,500,"bu","13:01:36",464300
31500,-500,200,"bu","13:01:27",463800
31500,-500,300,"bu","13:01:24",463600
31450,-550,500,"sd","13:01:23",463300
31500,-500,200,"bu","13:01:20",462800
31500,-500,100,"sd","13:01:19",462600
31500,-500,200,"sd","13:01:19",462500
31500,-500,1500,"sd","13:01:19",462300
31500,-500,500,"sd","13:01:18",460800
31500,-500,500,"sd","13:01:18",460300
31500,-500,100,"sd","13:00:38",459800
31500,-500,100,"sd","13:00:09",459700
31500,-500,100,"sd","13:00:09",459600
31500,-500,900,"sd","13:00:08",459500
31500,-500,100,"sd","13:00:08",458600
31500,-500,2900,"sd","13:00:05",458500
31500,-500,200,"sd","13:00:04",455600
31500,-500,500,"sd","13:00:03",455400
31500,-500,200,"sd","13:00:03",454900
31500,-500,200,"sd","13:00:03",454700
31500,-500,600,"sd","13:00:03",454500
31500,-500,400,"sd","13:00:02",453900
31500,-500,100,"sd","13:00:02",453500
31500,-500,100,"sd","13:00:02",453400
31550,-450,100,"bu","13:00:01",453300
31500,-500,2100,"sd","13:00:01",453200
31500,-500,200,"sd","13:00:01",451100
31550,-450,100,"bu","13:00:01",450900
31550,-450,100,"bu","13:00:00",450800
31550,-450,400,"bu","11:29:40",450700
31550,-450,300,"sd","11:29:33",450300
31550,-450,300,"sd","11:29:33",450000
31550,-450,300,"sd","11:29:16",449700
31550,-450,1100,"sd","11:29:16",449400
31550,-450,2000,"sd","11:29:13",448300
31550,-450,900,"sd","11:28:23",446300
31550,-450,100,"sd","11:28:23",445400
31600,-400,300,"bu","11:27:41",445300
31600,-400,300,"sd","11:25:52",445000
31600,-400,1000,"sd","11:25:30",444700
31600,-400,2200,"sd","11:25:17",443700
31600,-400,500,"sd","11:25:10",441500
31600,-400,2000,"sd","11:24:53",441000
31600,-400,1000,"sd","11:24:49",439000
31600,-400,2100,"sd","11:24:47",438000
31600,-400,3000,"sd","11:24:41",435900
31600,-400,500,"sd","11:23:38",432900
31600,-400,5000,"bu","11:23:38",432400
31600,-400,1000,"bu","11:23:38",427400
31500,-500,700,"sd","11:22:57",426400
31500,-500,100,"sd","11:22:57",425700
31500,-500,200,"sd","11:22:57",425600
31550,-450,1000,"sd","11:21:54",425400
31550,-450,100,"sd","11:21:23",424400
31550,-450,500,"sd","11:21:23",424300
31550,-450,100,"sd","11:21:23",423800
31550,-450,2700,"sd","11:21:23",423700
31550,-450,300,"sd","11:21:16",421000
31600,-400,200,"bu","11:20:49",420700
31600,-400,100,"bu","11:20:43",420500
31600,-400,200,"bu","11:20:43",420400
31600,-400,200,"bu","11:19:39",420200
31600,-400,300,"bu","11:19:35",420000
31600,-400,600,"bu","11:19:12",419700
31600,-400,100,"unknown","11:18:16",419100
31600,-400,100,"bu","11:18:16",419000
31600,-400,1000,"sd","11:17:31",418900
31600,-400,1000,"sd","11:17:31",417900
31600,-400,2500,"sd","11:17:31",416900
31600,-400,3900,"sd","11:17:30",414400
31600,-400,100,"sd","11:17:19",410500
31600,-400,300,"sd","11:17:15",410400
31600,-400,5000,"sd","11:17:01",410100
31700,-300,400,"sd","11:15:33",405100
31700,-300,6000,"sd","11:15:26",404700
31700,-300,1000,"bu","11:14:30",398700
31700,-300,1000,"bu","11:14:30",397700
31700,-300,400,"bu","11:14:30",396700
31700,-300,500,"bu","11:14:30",396300
31700,-300,700,"bu","11:14:30",395800
31600,-400,800,"sd","11:14:06",395100
31600,-400,1000,"sd","11:14:06",394300
31600,-400,600,"sd","11:14:06",393300
31600,-400,2800,"sd","11:14:06",392700
31650,-350,200,"unknown","11:14:06",389900
31650,-350,300,"unknown","11:14:05",389700
31650,-350,400,"unknown","11:14:05",389400
31650,-350,2700,"unknown","11:14:05",389000
31600,-400,200,"sd","11:14:05",386300
31600,-400,5000,"sd","11:14:05",386100
31600,-400,1000,"sd","11:14:05",381100
31650,-350,300,"bu","11:13:46",380100
31650,-350,3300,"bu","11:13:46",379800
31650,-350,200,"bu","11:13:42",376500
31650,-350,200,"bu","11:13:28",376300
31600,-400,600,"sd","11:12:29",376100
31650,-350,5000,"sd","11:11:29",375500
31650,-350,500,"sd","11:11:29",370500
31650,-350,500,"sd","11:11:29",370000
31700,-300,300,"bu","11:10:32",369500
31700,-300,1000,"bu","11:07:47",369200
31700,-300,200,"bu","11:05:04",368200
31700,-300,500,"bu","11:04:04",368000
31600,-400,100,"sd","11:03:26",367500
31700,-300,300,"bu","11:03:24",367400
31700,-300,1000,"bu","11:03:24",367100
31600,-400,1000,"sd","10:59:23",366100
31700,-300,500,"bu","10:58:40",365100
31600,-400,500,"bu","10:58:23",364600
31550,-450,1000,"bu","10:58:03",364100
31550,-450,1000,"bu","10:58:03",363100
31500,-500,1400,"bu","10:58:02",362100
31500,-500,100,"sd","10:58:00",360700
31500,-500,300,"sd","10:58:00",360600
31500,-500,200,"sd","10:58:00",360300
31500,-500,100,"sd","10:58:00",360100
31500,-500,4300,"sd","10:58:00",360000
31500,-500,200,"sd","10:58:00",355700
31500,-500,100,"sd","10:57:41",355500
31500,-500,300,"sd","10:57:32",355400
31500,-500,200,"sd","10:57:32",355100
31500,-500,1600,"sd","10:57:32",354900
31500,-500,300,"sd","10:57:32",353300
31500,-500,100,"sd","10:57:32",353000
31500,-500,500,"sd","10:57:32",352900
31500,-500,100,"sd","10:57:32",352400
31500,-500,200,"sd","10:57:23",352300
31500,-500,800,"sd","10:57:23",352100
31500,-500,200,"sd","10:57:22",351300
31500,-500,300,"sd","10:57:22",351100
31500,-500,200,"sd","10:57:22",350800
31500,-500,300,"sd","10:57:22",350600
31500,-500,1000,"unknown","10:56:33",350300
31500,-500,1000,"unknown","10:56:33",349300
31500,-500,100,"bu","10:56:25",348300
31500,-500,3000,"sd","10:55:41",348200
31500,-500,200,"sd","10:55:41",345200
31500,-500,100,"sd","10:55:35",345000
31500,-500,900,"sd","10:55:35",344900
31500,-500,100,"sd","10:55:22",344000
31500,-500,400,"sd","10:55:22",343900
31500,-500,1000,"sd","10:55:10",343500
31500,-500,500,"sd","10:55:07",342500
31500,-500,2000,"sd","10:54:46",342000
31600,-400,200,"bu","10:54:44",340000
31500,-500,1100,"sd","10:54:41",339800
31500,-500,1000,"sd","10:54:41",338700
31500,-500,100,"sd","10:54:41",337700
31500,-500,800,"sd","10:54:41",337600
31500,-500,100,"sd","10:54:41",336800
31600,-400,100,"bu","10:53:59",336700
31500,-500,1500,"sd","10:53:37",336600
31500,-500,2600,"sd","10:53:34",335100
31500,-500,300,"sd","10:53:34",332500
31500,-500,300,"sd","10:53:34",332200
31500,-500,100,"sd","10:53:34",331900
31500,-500,200,"sd","10:53:34",331800
31500,-500,100,"sd","10:53:34",331600
31500,-500,300,"sd","10:53:34",331500
31500,-500,500,"sd","10:53:34",331200
31500,-500,3000,"sd","10:53:34",330700
31500,-500,100,"sd","10:53:34",327700
31500,-500,100,"sd","10:53:34",327600
31500,-500,100,"sd","10:53:34",327500
31500,-500,900,"sd","10:53:34",327400
31500,-500,100,"sd","10:53:34",326500
31500,-500,500,"sd","10:53:34",326400
31500,-500,5000,"sd","10:53:34",325900
31500,-500,5000,"sd","10:53:34",320900
31500,-500,500,"sd","10:53:34",315900
31500,-500,300,"sd","10:53:34",315400
31500,-500,1700,"sd","10:53:30",315100
31500,-500,3000,"sd","10:53:30",313400
31500,-500,300,"sd","10:53:30",310400
31500,-500,1700,"sd","10:53:24",310100
31500,-500,1000,"sd","10:53:24",308400
31500,-500,2000,"sd","10:53:24",307400
31500,-500,300,"sd","10:53:24",305400
31500,-500,700,"sd","10:53:23",305100
31500,-500,1300,"sd","10:53:23",304400
31500,-500,200,"sd","10:53:12",303100
31500,-500,1500,"sd","10:53:02",302900
31500,-500,500,"sd","10:53:02",301400
31550,-450,100,"bu","10:53:01",300900
31500,-500,500,"sd","10:52:54",300800
31500,-500,500,"sd","10:52:54",300300
31500,-500,200,"sd","10:52:54",299800
31500,-500,100,"sd","10:52:54",299600
31500,-500,2400,"sd","10:52:54",299500
31500,-500,7600,"sd","10:52:30",297100
31550,-450,200,"sd","10:52:30",289500
31550,-450,1000,"sd","10:52:30",289300
31550,-450,2500,"sd","10:52:30",288300
31550,-450,2000,"sd","10:51:58",285800
31550,-450,500,"sd","10:51:51",283800
31550,-450,1000,"bu","10:51:30",283300
31550,-450,1000,"bu","10:51:28",282300
31500,-500,100,"sd","10:50:45",281300
31500,-500,200,"sd","10:50:45",281200
31500,-500,100,"sd","10:50:45",281000
31550,-450,100,"sd","10:50:09",280900
31550,-450,300,"sd","10:50:09",280800
31600,-400,600,"bu","10:50:04",280500
31550,-450,700,"sd","10:49:58",279900
31550,-450,100,"sd","10:49:58",279200
31550,-450,200,"sd","10:49:58",279100
31550,-450,100,"sd","10:49:58",278900
31550,-450,100,"sd","10:49:58",278800
31550,-450,200,"sd","10:49:58",278700
31550,-450,500,"sd","10:49:58",278500
31550,-450,500,"sd","10:49:58",278000
31550,-450,100,"sd","10:49:58",277500
31550,-450,100,"sd","10:49:58",277400
31550,-450,600,"sd","10:49:58",277300
31550,-450,300,"sd","10:49:58",276700
31550,-450,1500,"sd","10:49:58",276400
31550,-450,100,"sd","10:49:25",274900
31550,-450,200,"sd","10:48:18",274800
31550,-450,200,"sd","10:47:09",274600
31550,-450,100,"sd","10:47:09",274400
31550,-450,200,"sd","10:46:59",274300
31550,-450,300,"sd","10:46:57",274100
31550,-450,1900,"sd","10:46:47",273800
31550,-450,100,"sd","10:46:47",271900
31550,-450,2000,"sd","10:46:47",271800
31550,-450,1000,"sd","10:46:47",269800
31600,-400,3000,"sd","10:46:35",268800
31600,-400,100,"sd","10:46:35",265800
31600,-400,100,"sd","10:46:35",265700
31600,-400,100,"sd","10:46:35",265600
31600,-400,100,"sd","10:46:35",265500
31600,-400,100,"sd","10:46:35",265400
31600,-400,100,"sd","10:46:35",265300
31600,-400,500,"sd","10:46:35",265200
31600,-400,300,"sd","10:46:35",264700
31600,-400,5000,"sd","10:46:35",264400
31600,-400,2300,"sd","10:46:35",259400
31600,-400,2700,"sd","10:45:09",257100
31600,-400,100,"sd","10:45:09",254400
31600,-400,200,"sd","10:45:09",254300
31600,-400,1000,"sd","10:45:09",254100
31600,-400,400,"sd","10:45:09",253100
31600,-400,500,"sd","10:45:09",252700
31600,-400,1000,"sd","10:45:09",252200
31600,-400,200,"sd","10:45:09",251200
31600,-400,1300,"sd","10:45:09",251000
31650,-350,100,"sd","10:45:09",249700
31650,-350,400,"sd","10:44:43",249600
31650,-350,100,"sd","10:44:43",249200
31650,-350,300,"sd","10:44:43",249100
31650,-350,200,"sd","10:44:43",248800
31650,-350,600,"sd","10:44:04",248600
31750,-250,200,"bu","10:43:23",248000
31650,-350,200,"sd","10:43:23",247800
31750,-250,100,"bu","10:42:29",247600
31650,-350,1100,"sd","10:42:27",247500
31650,-350,300,"sd","10:42:27",246400
31650,-350,1000,"sd","10:42:27",246100
31650,-350,1000,"sd","10:42:27",245100
31650,-350,5000,"sd","10:42:27",244100
31650,-350,100,"sd","10:42:27",239100
31650,-350,300,"sd","10:42:27",239000
31650,-350,500,"sd","10:42:27",238700
31650,-350,100,"sd","10:42:27",238200
31650,-350,200,"sd","10:42:27",238100
31650,-350,200,"sd","10:42:27",237900
31650,-350,400,"sd","10:42:27",237700
31650,-350,1000,"sd","10:42:27",237300
31650,-350,100,"sd","10:42:27",236300
31700,-300,1000,"sd","10:42:27",236200
31650,-350,100,"sd","10:42:27",235200
31700,-300,1000,"sd","10:42:27",235100
31700,-300,100,"sd","10:42:27",234100
31700,-300,300,"sd","10:42:27",234000
31700,-300,100,"sd","10:42:27",233700
31700,-300,500,"sd","10:42:27",233600
31700,-300,900,"sd","10:42:27",233100
31700,-300,100,"sd","10:42:27",232200
31700,-300,200,"sd","10:42:27",232100
31700,-300,500,"sd","10:42:27",231900
31700,-300,10000,"sd","10:42:27",231400
31700,-300,100,"sd","10:42:27",221400
31700,-300,2000,"sd","10:42:27",221300
31700,-300,100,"sd","10:42:27",219300
31700,-300,200,"sd","10:42:27",219200
31700,-300,100,"sd","10:42:27",219000
31700,-300,1400,"sd","10:42:27",218900
31750,-250,100,"bu","10:42:27",217500
31750,-250,500,"bu","10:42:03",217400
31750,-250,100,"bu","10:40:30",216900
31750,-250,900,"bu","10:39:12",216800
31750,-250,500,"bu","10:38:31",215900
31750,-250,200,"bu","10:38:23",215400
31750,-250,400,"bu","10:38:04",215200
31750,-250,300,"bu","10:37:59",214800
31750,-250,200,"bu","10:37:55",214500
31700,-300,3600,"sd","10:37:53",214300
31700,-300,300,"sd","10:37:53",210700
31750,-250,200,"bu","10:37:51",210400
31750,-250,400,"bu","10:37:46",210200
31750,-250,300,"bu","10:37:41",209800
31750,-250,300,"bu","10:37:28",209500
31750,-250,100,"bu","10:36:53",209200
31750,-250,500,"sd","10:36:49",209100
31750,-250,1300,"sd","10:36:49",208600
31800,-200,2000,"bu","10:36:33",207300
31800,-200,1000,"bu","10:36:33",205300
31750,-250,700,"unknown","10:34:18",204300
31750,-250,3000,"unknown","10:34:18",203600
31750,-250,700,"unknown","10:34:18",200600
31800,-200,100,"unknown","10:34:18",199900
31800,-200,100,"bu","10:33:20",199800
31800,-200,200,"sd","10:33:04",199700
31800,-200,200,"sd","10:33:04",199500
31850,-150,200,"bu","10:32:42",199300
31800,-200,800,"bu","10:32:10",199100
31800,-200,200,"bu","10:32:02",198300
31800,-200,300,"bu","10:32:02",198100
31750,-250,1400,"bu","10:31:46",197800
31750,-250,100,"bu","10:31:43",196400
31750,-250,500,"sd","10:31:16",196300
31700,-300,600,"sd","10:29:44",195800
31700,-300,1300,"sd","10:29:44",195200
31700,-300,1800,"sd","10:29:09",193900
31700,-300,2900,"sd","10:27:47",192100
31700,-300,3900,"sd","10:26:56",189200
31700,-300,100,"sd","10:26:39",185300
31700,-300,100,"sd","10:26:39",185200
31700,-300,1000,"sd","10:26:39",185100
31700,-300,800,"sd","10:26:39",184100
31700,-300,200,"sd","10:26:39",183300
31750,-250,200,"bu","10:26:32",183100
31700,-300,800,"sd","10:26:14",182900
31700,-300,300,"sd","10:26:14",182100
31700,-300,2000,"sd","10:26:14",181800
31700,-300,100,"sd","10:26:14",179800
31700,-300,1000,"sd","10:26:14",179700
31700,-300,500,"sd","10:26:14",178700
31700,-300,300,"sd","10:26:14",178200
31700,-300,200,"sd","10:26:14",177900
31700,-300,1000,"sd","10:26:14",177700
31700,-300,100,"sd","10:26:14",176700
31700,-300,1000,"sd","10:26:14",176600
31700,-300,2000,"sd","10:26:14",175600
31700,-300,300,"sd","10:26:14",173600
31700,-300,400,"sd","10:26:14",173300
31750,-250,1000,"bu","10:26:12",172900
31750,-250,1000,"bu","10:25:47",171900
31750,-250,300,"bu","10:25:14",170900
31750,-250,200,"bu","10:25:14",170600
31750,-250,200,"bu","10:25:07",170400
31750,-250,300,"bu","10:24:55",170200
31750,-250,500,"bu","10:24:49",169900
31750,-250,100,"bu","10:24:36",169400
31750,-250,100,"bu","10:24:36",169300
31750,-250,100,"bu","10:24:36",169200
31750,-250,100,"bu","10:24:36",169100
31750,-250,500,"bu","10:24:36",169000
31750,-250,1000,"bu","10:24:36",168500
31750,-250,100,"bu","10:24:36",167500
31750,-250,4500,"bu","10:24:36",167400
31800,-200,300,"bu","10:24:27",162900
31800,-200,100,"bu","10:24:27",162600
31750,-250,500,"sd","10:23:19",162500
31800,-200,100,"bu","10:23:10",162000
31800,-200,500,"bu","10:23:00",161900
31800,-200,300,"sd","10:22:59",161400
31800,-200,500,"sd","10:21:59",161100
31800,-200,1000,"bu","10:21:51",160600
31800,-200,100,"sd","10:21:45",159600
31800,-200,1000,"sd","10:21:45",159500
31800,-200,100,"sd","10:21:45",158500
31800,-200,200,"sd","10:21:45",158400
31800,-200,1000,"sd","10:21:45",158200
31800,-200,600,"sd","10:21:45",157200
31800,-200,400,"sd","10:21:30",156600
31800,-200,100,"sd","10:21:30",156200
31800,-200,100,"sd","10:19:30",156100
31800,-200,200,"sd","10:19:30",156000
31800,-200,100,"sd","10:19:30",155800
31800,-200,100,"sd","10:18:26",155700
31800,-200,200,"sd","10:18:26",155600
31800,-200,100,"sd","10:18:26",155400
31800,-200,4000,"sd","10:18:26",155300
31850,-150,400,"bu","10:17:06",151300
31850,-150,100,"sd","10:15:23",150900
31900,-100,100,"bu","10:14:57",150800
31900,-100,1000,"sd","10:14:18",150700
31900,-100,100,"sd","10:14:18",149700
31900,-100,300,"sd","10:14:18",149600
31950,-50,100,"bu","10:13:11",149300
31950,-50,2000,"bu","10:13:11",149200
31950,-50,900,"bu","10:13:11",147200
31900,-100,100,"sd","10:13:03",146300
31900,-100,400,"sd","10:13:03",146200
31900,-100,3500,"sd","10:13:03",145800
31950,-50,100,"bu","10:13:00",142300
31900,-100,2000,"sd","10:12:43",142200
31900,-100,200,"sd","10:12:36",140200
31900,-100,200,"sd","10:12:28",140000
31950,-50,100,"bu","10:11:34",139800
31950,-50,100,"bu","10:10:32",139700
31950,-50,200,"bu","10:09:55",139600
31950,-50,600,"sd","10:07:30",139400
31950,-50,1400,"sd","10:07:15",138800
31950,-50,2000,"sd","10:07:15",137400
31950,-50,600,"sd","10:07:15",135400
31950,-50,400,"bu","10:06:40",134800
31950,-50,2000,"bu","10:06:40",134400
31950,-50,200,"bu","10:05:45",132400
31950,-50,3000,"bu","10:05:45",132200
31900,-100,2700,"sd","10:05:08",129200
31850,-150,800,"bu","10:04:21",126500
31850,-150,100,"bu","10:04:19",125700
31950,-50,2300,"bu","10:04:16",125600
31900,-100,5000,"bu","10:04:16",123300
31900,-100,2000,"bu","10:04:15",118300
31900,-100,700,"bu","10:04:15",116300
31900,-100,100,"bu","10:03:13",115600
31800,-200,100,"bu","10:02:11",115500
31800,-200,2000,"bu","10:02:05",115400
31800,-200,1600,"bu","10:01:49",113400
31800,-200,100,"bu","10:01:22",111800
31750,-250,500,"bu","10:00:07",111700
31750,-250,1100,"bu","10:00:07",111200
31750,-250,100,"sd","09:59:42",110100
31800,-200,200,"bu","09:58:32",110000
31700,-300,100,"sd","09:58:23",109800
31750,-250,200,"sd","09:57:57",109700
31700,-300,100,"sd","09:54:26",109500
31700,-300,200,"sd","09:52:15",109400
31800,-200,1000,"bu","09:50:48",109200
31700,-300,1200,"sd","09:50:47",108200
31700,-300,3800,"sd","09:50:47",107000
31700,-300,1200,"bu","09:50:02",103200
31700,-300,1000,"sd","09:49:45",102000
31700,-300,200,"sd","09:49:45",101000
31700,-300,300,"sd","09:49:45",100800
31700,-300,800,"sd","09:49:45",100500
31750,-250,500,"sd","09:49:45",99700
31750,-250,600,"sd","09:49:45",99200
31800,-200,100,"sd","09:49:45",98600
31850,-150,300,"sd","09:49:45",98500
31850,-150,200,"bu","09:49:45",98200
31850,-150,100,"sd","09:48:21",98000
31850,-150,100,"bu","09:48:01",97900
31850,-150,400,"bu","09:47:44",97800
31850,-150,100,"bu","09:47:44",97400
31850,-150,300,"bu","09:47:43",97300
31800,-200,600,"sd","09:47:32",97000
31800,-200,500,"sd","09:47:28",96400
31800,-200,300,"bu","09:47:17",95900
31750,-250,500,"bu","09:47:17",95600
31700,-300,200,"bu","09:46:21",95100
31700,-300,1500,"sd","09:46:12",94900
31700,-300,1300,"sd","09:46:12",93400
31700,-300,500,"bu","09:45:50",92100
31700,-300,3200,"bu","09:45:50",91600
31700,-300,100,"bu","09:45:32",88400
31700,-300,300,"bu","09:45:25",88300
31700,-300,100,"bu","09:44:53",88000
31700,-300,200,"bu","09:44:40",87900
31700,-300,300,"bu","09:44:37",87700
31700,-300,1000,"bu","09:44:09",87400
31700,-300,100,"bu","09:44:03",86400
31700,-300,500,"bu","09:44:00",86300
31700,-300,400,"bu","09:43:57",85800
31700,-300,1600,"bu","09:43:57",85400
31700,-300,200,"bu","09:43:48",83800
31700,-300,100,"bu","09:42:56",83600
31700,-300,100,"bu","09:42:42",83500
31650,-350,900,"sd","09:42:13",83400
31700,-300,2000,"sd","09:42:13",82500
31700,-300,500,"sd","09:42:13",80500
31700,-300,1500,"sd","09:42:13",80000
31750,-250,100,"sd","09:42:13",78500
31700,-300,500,"bu","09:41:32",78400
31700,-300,100,"bu","09:41:27",77900
31700,-300,200,"bu","09:41:27",77800
31700,-300,200,"bu","09:41:27",77600
31700,-300,300,"bu","09:41:27",77400
31700,-300,100,"bu","09:41:27",77100
31700,-300,400,"bu","09:41:27",77000
31700,-300,1000,"unknown","09:41:27",76600
31700,-300,100,"sd","09:41:27",75600
31700,-300,100,"sd","09:41:27",75500
31700,-300,100,"sd","09:41:21",75400
31700,-300,1300,"sd","09:40:29",75300
31750,-250,100,"sd","09:40:29",74000
31750,-250,300,"sd","09:40:29",73900
31750,-250,200,"sd","09:40:29",73600
31750,-250,300,"sd","09:40:16",73400
31750,-250,200,"sd","09:40:16",73100
31750,-250,300,"sd","09:40:00",72900
31750,-250,100,"sd","09:40:00",72600
31750,-250,1000,"sd","09:40:00",72500
31800,-200,500,"bu","09:39:59",71500
31800,-200,200,"sd","09:39:51",71000
31800,-200,300,"sd","09:39:51",70800
31800,-200,300,"sd","09:39:51",70500
31800,-200,500,"sd","09:39:51",70200
31800,-200,2000,"sd","09:39:51",69700
31800,-200,1100,"sd","09:38:54",67700
31800,-200,100,"sd","09:38:54",66600
31800,-200,17800,"sd","09:38:54",66500
31850,-150,1000,"unknown","09:38:54",48700
31850,-150,1000,"sd","09:38:11",47700
31850,-150,100,"sd","09:38:11",46700
31900,-100,1000,"bu","09:37:53",46600
31900,-100,200,"bu","09:37:08",45600
31850,-150,100,"sd","09:36:57",45400
31850,-150,200,"bu","09:36:22",45300
31850,-150,100,"bu","09:36:06",45100
31800,-200,2200,"sd","09:35:43",45000
31800,-200,100,"sd","09:35:43",42800
31800,-200,400,"sd","09:35:43",42700
31800,-200,600,"sd","09:35:43",42300
31800,-200,400,"sd","09:35:15",41700
31800,-200,2000,"sd","09:35:15",41300
31850,-150,200,"sd","09:35:15",39300
31800,-200,100,"sd","09:35:15",39100
31800,-200,400,"sd","09:35:15",39000
31850,-150,500,"sd","09:35:15",38600
31850,-150,400,"sd","09:35:15",38100
31850,-150,2000,"sd","09:35:15",37700
31850,-150,200,"sd","09:35:15",35700
31850,-150,200,"sd","09:35:15",35500
31900,-100,100,"sd","09:35:08",35300
31900,-100,100,"sd","09:35:08",35200
31900,-100,500,"sd","09:34:27",35100
31900,-100,300,"sd","09:34:21",34600
31900,-100,100,"unknown","09:33:08",34300
31900,-100,900,"sd","09:32:56",34200
31900,-100,100,"sd","09:32:35",33300
31950,-50,500,"bu","09:31:41",33200
31900,-100,300,"bu","09:31:11",32700
31850,-150,800,"sd","09:30:32",32400
31900,-100,200,"bu","09:30:25",31600
31850,-150,1300,"sd","09:29:49",31400
31850,-150,100,"sd","09:29:04",30100
31850,-150,200,"sd","09:28:43",30000
31850,-150,200,"sd","09:28:43",29800
31850,-150,100,"sd","09:28:43",29600
31800,-200,1000,"sd","09:27:34",29500
31800,-200,1600,"sd","09:27:04",28500
31850,-150,1000,"bu","09:26:59",26900
31850,-150,200,"sd","09:26:56",25900
31850,-150,500,"sd","09:26:56",25700
31850,-150,100,"sd","09:26:56",25200
31950,-50,300,"bu","09:22:35",25100
31950,-50,1000,"bu","09:21:38",24800
31950,-50,200,"bu","09:21:25",23800
31950,-50,1000,"bu","09:21:25",23600
31900,-100,500,"bu","09:21:25",22600
31900,-100,300,"bu","09:21:25",22100
31750,-250,1000,"sd","09:21:13",21800
31750,-250,900,"sd","09:20:14",20800
31850,-150,100,"sd","09:20:14",19900
31750,-250,1100,"sd","09:20:07",19800
31750,-250,2000,"sd","09:20:07",18700
31750,-250,900,"sd","09:20:07",16700
31800,-200,100,"bu","09:19:48",15800
31800,-200,100,"sd","09:19:28",15700
31800,-200,500,"sd","09:19:28",15600
31800,-200,300,"sd","09:19:28",15100
31800,-200,300,"sd","09:19:25",14800
31800,-200,200,"sd","09:19:25",14500
31800,-200,200,"sd","09:18:54",14300
31800,-200,100,"sd","09:18:54",14100
31900,-100,100,"bu","09:18:32",14000
31900,-100,100,"bu","09:18:02",13900
31950,-50,200,"bu","09:17:27",13800
31800,-200,400,"sd","09:16:39",13600
31950,-50,700,"bu","09:15:56",13200
31750,-250,12500,"sd","09:15:00",12500
