"price","change","match_qtty","side","time","total_vol"
22350,-50,100,"bu","14:29:45",115100
21950,-450,800,"sd","14:22:05",115000
21950,-450,100,"sd","14:22:05",114200
21950,-450,200,"sd","14:22:05",114100
21950,-450,100,"sd","14:22:05",113900
21950,-450,100,"sd","14:22:05",113800
21950,-450,100,"sd","14:22:05",113700
21950,-450,500,"sd","14:22:05",113600
21950,-450,1000,"sd","14:22:05",113100
22000,-400,1500,"sd","14:21:49",112100
22000,-400,1000,"sd","14:21:49",110600
22000,-400,100,"sd","14:21:49",109600
22000,-400,800,"sd","14:14:28",109500
22000,-400,2700,"sd","14:14:28",108700
22000,-400,1000,"sd","14:14:28",106000
22000,-400,100,"sd","14:14:28",105000
22000,-400,1000,"sd","14:14:28",104900
22000,-400,200,"sd","14:14:28",103900
22000,-400,500,"sd","14:14:28",103700
22000,-400,1000,"sd","14:14:28",103200
22000,-400,900,"sd","14:14:28",102200
22050,-350,1000,"sd","14:14:22",101300
22000,-400,100,"bu","14:07:19",100300
22000,-400,300,"bu","14:07:14",100200
22000,-400,100,"bu","14:07:12",99900
22000,-400,4000,"bu","14:07:04",99800
22000,-400,500,"sd","14:06:30",95800
22350,-50,400,"bu","14:00:04",95300
22350,-50,100,"bu","14:00:04",94900
22350,-50,500,"bu","14:00:04",94800
22350,-50,100,"bu","13:53:41",94300
22000,-400,300,"bu","13:53:08",94200
22000,-400,100,"bu","13:52:59",93900
22000,-400,200,"bu","13:52:31",93800
22000,-400,2000,"bu","13:52:14",93600
22000,-400,4200,"bu","13:51:58",91600
22000,-400,500,"bu","13:50:52",87400
22000,-400,200,"bu","13:48:07",86900
22000,-400,200,"bu","13:45:27",86700
22000,-400,100,"bu","13:44:52",86500
22000,-400,200,"bu","13:44:43",86400
22000,-400,300,"bu","13:42:41",86200
22000,-400,100,"bu","13:42:00",85900
22000,-400,300,"bu","13:41:11",85800
22000,-400,100,"bu","13:39:18",85500
22000,-400,1000,"sd","13:38:15",85400
22000,-400,200,"sd","13:38:15",84400
22000,-400,100,"bu","13:32:35",84200
22000,-400,3000,"bu","13:31:40",84100
22000,-400,900,"bu","13:31:36",81100
22000,-400,500,"bu","13:30:54",80200
22000,-400,100,"bu","13:30:46",79700
22000,-400,500,"bu","13:29:49",79600
21950,-450,300,"sd","13:29:40",79100
21950,-450,1000,"sd","13:29:40",78100
21950,-450,700,"sd","13:29:40",78800
22000,-400,200,"bu","13:28:07",77100
22000,-400,1000,"sd","13:26:55",76900
22000,-400,100,"sd","13:26:55",75900
22000,-400,100,"sd","13:26:55",75800
22000,-400,200,"sd","13:26:55",75700
22000,-400,300,"sd","13:26:55",75500
22050,-350,3000,"sd","13:26:55",75200
22000,-400,700,"bu","13:21:20",72200
22000,-400,200,"bu","13:21:17",71500
22000,-400,200,"sd","13:21:15",71300
22000,-400,900,"sd","13:21:15",71100
22000,-400,100,"bu","13:20:53",70200
22000,-400,100,"bu","13:20:41",70100
22000,-400,1000,"bu","13:20:15",70000
22000,-400,200,"bu","13:20:14",69000
22000,-400,200,"bu","13:19:05",68800
22000,-400,200,"bu","13:18:43",68600
22000,-400,600,"bu","13:18:14",68400
22000,-400,200,"bu","13:17:57",67800
22000,-400,1000,"bu","13:17:23",67600
22000,-400,1000,"sd","13:16:34",66600
22000,-400,300,"sd","13:16:34",65600
22000,-400,500,"sd","13:16:34",65300
22000,-400,500,"sd","13:16:34",64800
22000,-400,3100,"sd","13:16:34",64300
22050,-350,1000,"sd","13:16:34",61200
22000,-400,1900,"bu","13:02:04",60200
22000,-400,500,"bu","13:00:06",58300
22000,-400,500,"bu","13:00:06",57800
22000,-400,400,"bu","13:00:05",57300
22000,-400,300,"bu","13:00:03",56900
22000,-400,1000,"bu","11:28:23",56600
22000,-400,300,"sd","11:27:29",55600
22000,-400,500,"sd","11:27:29",55300
22000,-400,1000,"sd","11:27:29",54800
22000,-400,2000,"sd","11:27:29",53800
22000,-400,200,"sd","11:27:29",51800
22000,-400,100,"sd","11:27:29",51600
22000,-400,5000,"sd","11:27:29",51500
22050,-350,500,"sd","11:27:29",46500
22050,-350,300,"sd","11:27:29",46000
22050,-350,500,"sd","11:27:29",45700
22000,-400,100,"bu","11:16:55",45200
22000,-400,200,"bu","11:16:51",45100
22000,-400,2500,"bu","11:16:50",44900
22000,-400,500,"bu","11:16:34",42400
22000,-400,100,"bu","11:16:29",41900
22000,-400,500,"bu","11:16:10",41800
22000,-400,1000,"sd","11:15:46",41300
22000,-400,100,"sd","11:15:46",40300
22000,-400,500,"sd","11:15:46",40200
22000,-400,300,"sd","11:15:46",39700
22000,-400,1000,"sd","11:15:46",39400
22000,-400,100,"sd","11:15:46",38400
22000,-400,200,"sd","11:15:46",38300
22000,-400,500,"sd","11:15:46",38100
22000,-400,500,"sd","11:15:46",37600
22000,-400,600,"sd","11:15:46",37100
22050,-350,100,"sd","11:15:46",36500
22050,-350,100,"sd","11:15:46",36400
22050,-350,100,"sd","11:15:46",36300
22050,-350,300,"sd","11:15:46",36200
22300,-100,500,"sd","11:15:46",35900
22300,-100,100,"sd","11:15:46",35400
22300,-100,100,"sd","11:15:46",35300
22350,-50,100,"sd","11:15:27",35200
22350,-50,500,"bu","11:09:51",35100
22050,-350,700,"sd","11:05:05",34600
22050,-350,100,"sd","11:05:05",33900
22050,-350,100,"sd","11:05:05",33800
22000,-400,400,"sd","10:59:16",33700
22000,-400,100,"sd","10:59:16",33300
22000,-400,100,"sd","10:59:16",33200
22000,-400,500,"sd","10:59:16",33100
22000,-400,1000,"sd","10:59:16",32600
22000,-400,200,"sd","10:59:16",31600
22000,-400,200,"sd","10:59:16",31400
22050,-350,400,"sd","10:59:16",31200
22050,-350,100,"sd","10:59:16",30800
22000,-400,1400,"bu","10:49:29",30700
22000,-400,500,"bu","10:49:24",29300
22000,-400,200,"bu","10:48:55",28800
22000,-400,300,"sd","10:48:54",28600
22050,-350,1000,"sd","10:48:54",28300
22050,-350,200,"sd","10:48:54",27300
22050,-350,500,"sd","10:48:54",27100
22100,-300,200,"sd","10:48:54",26600
22100,-300,500,"sd","10:48:54",26400
22000,-400,3000,"sd","10:48:54",25900
22200,-200,500,"sd","10:48:54",22900
22000,-400,100,"sd","10:48:54",22400
22200,-200,700,"sd","10:48:54",22300
22000,-400,1000,"sd","10:48:54",21600
22000,-400,100,"sd","10:48:54",18600
22200,-200,2000,"sd","10:48:54",20600
22200,-200,500,"sd","10:48:54",18200
22200,-200,300,"sd","10:48:54",18500
22250,-150,300,"sd","10:48:54",17500
22250,-150,200,"sd","10:48:54",17700
22300,-100,600,"sd","10:48:54",17200
22300,-100,1000,"sd","10:48:54",16600
22300,-100,200,"sd","10:48:54",15600
22300,-100,500,"sd","10:48:54",15400
22300,-100,300,"sd","10:48:54",14900
22300,-100,1000,"sd","10:48:54",14600
22300,-100,1000,"sd","10:48:54",13600
22350,-50,200,"sd","10:48:54",12600
22350,-50,100,"sd","10:48:54",12400
22350,-50,300,"sd","10:48:54",12300
22350,-50,300,"sd","10:48:54",12000
22350,-50,1000,"sd","10:48:54",11700
22350,-50,500,"sd","10:48:11",10700
22350,-50,500,"sd","10:16:17",10200
22350,-50,300,"bu","10:08:44",9700
22350,-50,700,"sd","10:08:38",9400
22350,-50,100,"bu","10:04:13",8700
22350,-50,300,"bu","10:04:13",8600
22350,-50,1000,"bu","10:04:01",8300
22350,-50,100,"bu","10:02:26",7300
22350,-50,200,"sd","09:59:18",7200
22350,-50,300,"sd","09:59:18",7000
22400,0,100,"sd","09:57:44",6700
22400,0,100,"sd","09:57:44",6600
22500,100,4200,"bu","09:25:52",6500
22500,100,100,"bu","09:24:45",2300
22500,100,2200,"bu","09:15:02",2200
