"price","change","match_qtty","side","time","total_vol"
5020,140,85400,"unknown","14:44:59",4005600
5020,140,500,"bu","14:29:52",3920200
4960,80,3400,"sd","14:29:19",3919700
4960,80,800,"sd","14:29:19",3916300
4970,90,4000,"sd","14:29:19",3915500
4970,90,1300,"sd","14:29:19",3911500
5000,120,500,"sd","14:29:19",3910200
5000,120,1000,"bu","14:29:18",3909700
5000,120,100,"bu","14:29:12",3908700
5000,120,2000,"bu","14:29:10",3908600
5000,120,200,"bu","14:29:07",3906600
5000,120,12700,"bu","14:28:53",3906400
5000,120,2300,"bu","14:28:53",3893700
5000,120,1500,"bu","14:28:22",3891400
4960,80,200,"bu","14:28:21",3889900
4960,80,200,"bu","14:28:21",3889700
4960,80,3000,"bu","14:28:21",3889500
4960,80,900,"bu","14:28:19",3886500
4960,80,3000,"bu","14:28:19",3885600
4960,80,2000,"bu","14:28:08",3882600
4960,80,1000,"bu","14:28:00",3880600
4960,80,500,"bu","14:27:58",3879600
4960,80,900,"bu","14:27:55",3879100
4960,80,3000,"bu","14:27:52",3878200
4960,80,100,"bu","14:27:51",3875200
4950,70,4800,"bu","14:27:51",3875100
4950,70,2000,"bu","14:27:50",3870300
4950,70,500,"sd","14:27:44",3868300
4950,70,1000,"sd","14:27:44",3867800
4950,70,700,"sd","14:27:44",3866800
4950,70,400,"sd","14:27:44",3866100
4960,80,200,"bu","14:27:34",3865700
4950,70,3000,"bu","14:27:12",3865500
4940,60,900,"bu","14:27:12",3862500
4940,60,100,"sd","14:27:11",3861600
4910,30,1000,"sd","14:26:13",3861500
4910,30,3000,"sd","14:25:52",3860500
4910,30,3000,"sd","14:25:52",3857500
4920,40,500,"sd","14:25:52",3854500
4930,50,9000,"sd","14:25:52",3854000
4930,50,1000,"sd","14:25:52",3845000
4930,50,2100,"sd","14:25:52",3844000
4940,60,2000,"sd","14:25:52",3841900
4940,60,100,"sd","14:25:52",3839900
4940,60,1000,"sd","14:25:52",3839800
4950,70,300,"sd","14:25:52",3838800
4950,70,2000,"sd","14:25:52",3838500
4950,70,100,"sd","14:25:52",3836500
4950,70,100,"sd","14:25:52",3836400
4950,70,300,"sd","14:25:52",3836300
4950,70,1500,"sd","14:25:52",3836000
4950,70,1200,"sd","14:25:14",3834500
4950,70,300,"sd","14:24:36",3833300
4950,70,500,"sd","14:24:26",3833000
4950,70,200,"sd","14:24:26",3832500
4950,70,300,"sd","14:24:17",3832300
4950,70,500,"sd","14:24:17",3832000
4950,70,100,"sd","14:24:17",3831500
4950,70,200,"sd","14:24:17",3831400
4950,70,800,"sd","14:23:54",3831200
4950,70,200,"sd","14:23:54",3830400
4950,70,2000,"sd","14:23:54",3830200
4950,70,100,"sd","14:23:54",3828200
4950,70,100,"sd","14:23:54",3828100
4950,70,100,"sd","14:23:54",3828000
4950,70,2700,"sd","14:23:54",3827900
4950,70,2300,"sd","14:23:27",3825200
4950,70,2500,"sd","14:23:27",3822900
4960,80,1200,"sd","14:23:27",3820400
4960,80,1000,"sd","14:23:27",3819200
4950,70,7500,"sd","14:22:07",3818200
4950,70,3000,"sd","14:22:07",3810700
4950,70,100,"sd","14:22:07",3807700
4950,70,500,"sd","14:22:07",3807600
4950,70,500,"sd","14:22:07",3807100
4950,70,100,"sd","14:22:07",3806600
4950,70,1000,"sd","14:22:07",3806500
4950,70,700,"sd","14:22:07",3805500
4950,70,300,"sd","14:22:07",3804800
4960,80,1000,"sd","14:22:07",3804500
4960,80,1000,"sd","14:22:07",3803500
4960,80,100,"sd","14:22:07",3802500
4960,80,100,"sd","14:21:44",3802400
4960,80,1200,"sd","14:21:44",3802300
4960,80,1000,"sd","14:21:44",3801100
4960,80,100,"sd","14:21:44",3800100
4970,90,5000,"sd","14:21:44",3800000
4970,90,5000,"sd","14:21:44",3795000
4970,90,7000,"sd","14:21:44",3790000
4970,90,600,"sd","14:21:44",3783000
4970,90,200,"sd","14:21:07",3782400
4970,90,5200,"sd","14:20:52",3782200
4970,90,1000,"sd","14:20:52",3777000
4970,90,500,"sd","14:20:52",3776000
4970,90,5000,"sd","14:20:52",3775500
4970,90,2000,"sd","14:20:52",3770500
4970,90,5000,"sd","14:20:52",3768500
4970,90,300,"sd","14:20:52",3763500
5000,120,6000,"bu","14:20:07",3763200
4970,90,2700,"sd","14:20:05",3757200
4970,90,5000,"sd","14:20:05",3754500
4970,90,100,"sd","14:20:05",3749500
4970,90,4200,"sd","14:20:05",3749400
5000,120,200,"bu","14:19:54",3745200
4970,90,800,"sd","14:19:53",3745000
4970,90,200,"sd","14:19:53",3744200
4970,90,1800,"sd","14:19:36",3744000
4970,90,5000,"sd","14:19:36",3742200
4970,90,200,"sd","14:19:36",3737200
4980,100,5000,"sd","14:19:36",3737000
4970,90,800,"bu","14:19:14",3732000
4970,90,500,"bu","14:19:12",3731200
4970,90,200,"bu","14:19:10",3730700
4970,90,100,"bu","14:19:10",3730500
4970,90,400,"bu","14:19:00",3730400
4970,90,600,"bu","14:19:00",3730000
4970,90,300,"bu","14:18:47",3729400
4970,90,5000,"bu","14:18:44",3729100
4960,80,2900,"sd","14:18:43",3724100
4960,80,100,"sd","14:18:43",3721200
4960,80,900,"sd","14:18:38",3721100
4950,70,200,"sd","14:18:12",3720200
4950,70,19800,"sd","14:18:12",3720000
4970,90,1100,"bu","14:18:08",3700200
4970,90,200,"bu","14:18:08",3699100
4970,90,1000,"bu","14:18:01",3698900
4970,90,200,"bu","14:17:59",3697900
4970,90,3000,"bu","14:17:59",3697700
4960,80,100,"bu","14:17:47",3694700
4950,70,200,"bu","14:17:43",3694600
4950,70,100,"bu","14:17:40",3694400
4950,70,100,"sd","14:17:39",3694300
4950,70,200,"sd","14:17:39",3694200
4950,70,3400,"sd","14:17:39",3694000
4950,70,1600,"sd","14:16:58",3690600
4950,70,1000,"sd","14:16:58",3689000
4950,70,500,"sd","14:16:58",3685000
4950,70,3000,"sd","14:16:58",3688000
4960,80,100,"sd","14:16:58",3684500
4960,80,4800,"sd","14:16:58",3684400
4960,80,200,"sd","14:16:33",3679600
4970,90,100,"sd","14:16:20",3679400
4970,90,2100,"sd","14:16:20",3679300
4970,90,2400,"sd","14:16:20",3677200
4970,90,2000,"sd","14:16:06",3674800
4980,100,2000,"sd","14:16:06",3672800
4980,100,200,"sd","14:16:06",3670800
4980,100,800,"sd","14:16:06",3670600
4980,100,200,"sd","14:15:56",3669800
4980,100,1000,"sd","14:15:46",3669600
4980,100,500,"sd","14:15:30",3668600
4980,100,400,"sd","14:15:30",3668100
4990,110,1000,"sd","14:15:12",3667700
4980,100,1600,"sd","14:15:04",3666700
4980,100,200,"sd","14:15:04",3665100
4980,100,100,"sd","14:15:04",3664900
4980,100,3000,"sd","14:15:04",3664800
4990,110,100,"sd","14:15:04",3661800
4990,110,200,"sd","14:14:59",3661700
4990,110,100,"sd","14:14:59",3661500
4990,110,300,"sd","14:14:59",3661400
4990,110,200,"sd","14:14:59",3661100
5000,120,500,"bu","14:14:48",3660900
5000,120,100,"bu","14:14:45",3660400
5000,120,1000,"bu","14:14:24",3660300
5000,120,1000,"sd","14:13:55",3659300
5000,120,300,"sd","14:13:55",3658300
5000,120,2100,"sd","14:13:55",3658000
5000,120,900,"bu","14:12:50",3655900
5000,120,2000,"bu","14:12:48",3655000
5000,120,100,"bu","14:12:21",3653000
5000,120,1000,"sd","14:12:17",3652900
5000,120,1000,"sd","14:12:17",3651900
5000,120,500,"sd","14:12:17",3650900
5000,120,5000,"sd","14:12:17",3650400
5000,120,500,"sd","14:12:17",3645400
5000,120,1000,"sd","14:12:17",3644900
5000,120,500,"sd","14:12:17",3643900
5000,120,2000,"sd","14:12:17",3643400
5000,120,300,"sd","14:12:17",3641400
5000,120,500,"sd","14:12:17",3641100
5000,120,5000,"sd","14:12:17",3640600
5000,120,1000,"sd","14:12:17",3635600
5000,120,100,"sd","14:12:17",3634600
5000,120,1000,"sd","14:12:17",3634500
5000,120,1000,"sd","14:12:17",3633500
5000,120,1800,"sd","14:12:17",3632500
5000,120,2000,"sd","14:12:17",3630700
5010,130,1000,"sd","14:12:17",3628700
5000,120,500,"sd","14:12:17",3627700
5010,130,1000,"sd","14:12:17",3627200
5010,130,300,"sd","14:12:17",3626200
5010,130,1900,"sd","14:10:57",3625900
5010,130,8100,"sd","14:10:57",3624000
5010,130,1000,"sd","14:10:06",3615900
5000,120,200,"sd","14:08:54",3614900
5000,120,200,"sd","14:08:54",3614700
5000,120,200,"sd","14:08:54",3614500
5000,120,400,"sd","14:08:54",3614300
5010,130,100,"sd","14:08:54",3613900
5010,130,2000,"sd","14:08:54",3613800
5000,120,3200,"sd","14:08:54",3611800
5010,130,3700,"sd","14:08:54",3608600
5010,130,700,"sd","14:08:54",3604900
5010,130,4300,"sd","14:08:54",3604200
5010,130,600,"sd","14:08:25",3599900
5010,130,100,"sd","14:08:05",3599300
5010,130,900,"sd","14:08:05",3599200
5020,140,4000,"bu","14:07:43",3598300
5020,140,1000,"bu","14:07:43",3594300
5020,140,900,"bu","14:07:39",3593300
5020,140,2800,"bu","14:07:37",3592400
5020,140,100,"sd","14:07:32",3589600
5020,140,6200,"sd","14:07:32",3589500
5030,150,3000,"sd","14:07:32",3583300
5020,140,5800,"bu","14:07:00",3580300
5020,140,100,"bu","14:06:53",3574500
5020,140,1000,"sd","14:06:37",3574400
5020,140,100,"sd","14:06:37",3573400
5020,140,5000,"sd","14:06:37",3573300
5020,140,18500,"sd","14:06:37",3568300
5020,140,5400,"sd","14:06:37",3549800
5020,140,1000,"sd","14:06:37",3544400
5020,140,4900,"sd","14:06:37",3543400
5020,140,3000,"sd","14:06:37",3538500
5020,140,2400,"sd","14:06:37",3535500
5030,150,200,"sd","14:06:37",3533100
5030,150,100,"sd","14:06:37",3532900
5030,150,700,"sd","14:06:37",3532800
5030,150,500,"sd","14:06:37",3532100
5030,150,1000,"sd","14:06:37",3531600
5040,160,300,"sd","14:06:37",3530600
5040,160,400,"bu","14:06:31",3530300
5040,160,200,"bu","14:06:31",3529900
5040,160,100,"sd","14:04:20",3529700
5040,160,100,"sd","14:04:20",3529600
5040,160,4600,"sd","14:04:20",3529500
5040,160,100,"sd","14:04:05",3524900
5050,170,200,"bu","14:03:57",3524800
5050,170,3000,"bu","14:03:54",3524600
5050,170,500,"sd","14:03:16",3521600
5050,170,500,"sd","14:03:16",3521100
5050,170,3800,"sd","14:03:16",3520600
5060,180,300,"bu","14:03:12",3516800
5050,170,100,"bu","14:02:42",3516500
5050,170,1000,"sd","14:01:41",3516400
5070,190,100,"bu","14:01:35",3515400
5080,200,100,"bu","13:59:23",3515300
5060,180,500,"bu","13:59:23",3515200
5060,180,600,"bu","13:59:23",3514700
5050,170,200,"bu","13:59:23",3514100
5060,180,400,"bu","13:59:02",3513900
5060,180,500,"bu","13:59:02",3513500
5060,180,200,"bu","13:59:02",3513000
5060,180,4900,"bu","13:59:02",3512800
5060,180,100,"bu","13:58:52",3507900
5050,170,100,"bu","13:58:29",3507800
5050,170,400,"sd","13:58:12",3507700
5040,160,1000,"bu","13:56:45",3507300
5040,160,19300,"bu","13:56:45",3506300
5040,160,700,"bu","13:56:26",3487000
5040,160,300,"bu","13:56:26",3486300
5040,160,100,"bu","13:56:00",3486000
5040,160,100,"bu","13:55:46",3485900
5040,160,4500,"bu","13:55:04",3485800
5040,160,500,"bu","13:55:04",3481300
5020,140,4300,"bu","13:54:34",3480800
5020,140,200,"bu","13:54:15",3476500
5020,140,1000,"bu","13:53:49",3476300
5020,140,600,"bu","13:53:43",3475300
5020,140,4100,"bu","13:53:43",3474700
5010,130,100,"sd","13:52:36",3470600
5010,130,100,"sd","13:52:36",3470500
5010,130,300,"sd","13:52:36",3470400
5020,140,18000,"bu","13:52:31",3470100
5010,130,3000,"sd","13:51:19",3452100
5020,140,3000,"sd","13:50:45",3449100
5020,140,4900,"sd","13:50:45",3446100
5020,140,2300,"sd","13:50:41",3441200
5020,140,3800,"sd","13:50:41",3438900
5020,140,100,"sd","13:50:41",3435100
5020,140,2800,"sd","13:50:41",3435000
5020,140,300,"bu","13:49:53",3432200
5020,140,600,"bu","13:49:38",3431900
5020,140,2000,"bu","13:49:33",3431300
5020,140,1000,"bu","13:49:29",3429300
5020,140,4800,"bu","13:49:24",3428300
5020,140,5000,"bu","13:49:19",3423500
5020,140,2000,"bu","13:49:02",3418500
5020,140,500,"bu","13:48:31",3416500
5020,140,100,"sd","13:48:07",3416000
5020,140,200,"sd","13:48:07",3415900
5020,140,4500,"sd","13:48:07",3415700
5030,150,2000,"sd","13:48:07",3411200
5020,140,500,"bu","13:47:14",3409200
5020,140,300,"bu","13:46:55",3408700
5020,140,100,"bu","13:46:52",3408400
5020,140,500,"bu","13:46:45",3408300
5020,140,500,"sd","13:46:25",3407800
5020,140,5000,"sd","13:46:25",3407300
5020,140,4800,"sd","13:46:25",3402300
5030,150,2000,"sd","13:46:25",3397500
5030,150,6300,"sd","13:46:25",3395500
5040,160,9000,"bu","13:46:19",3389200
5040,160,1000,"bu","13:46:19",3380200
5030,150,200,"sd","13:45:58",3379200
5030,150,700,"sd","13:45:58",3379000
5030,150,300,"bu","13:45:49",3378300
5030,150,700,"bu","13:45:48",3378000
5030,150,1300,"bu","13:45:48",3377300
5030,150,400,"bu","13:45:22",3376000
5020,140,2000,"bu","13:44:52",3375600
5010,130,900,"bu","13:44:21",3373600
5010,130,100,"bu","13:44:16",3372700
5010,130,900,"bu","13:44:16",3372600
5000,120,600,"sd","13:43:09",3371700
5000,120,100,"sd","13:43:09",3371100
5000,120,100,"sd","13:43:09",3371000
5000,120,100,"sd","13:43:09",3370900
5000,120,5000,"sd","13:43:09",3370800
5000,120,300,"sd","13:43:09",3365800
5000,120,200,"sd","13:43:09",3365500
5000,120,5000,"sd","13:43:09",3365300
5000,120,1000,"sd","13:43:09",3360300
5000,120,500,"sd","13:43:09",3359300
5000,120,1100,"sd","13:43:09",3358800
5000,120,900,"sd","13:43:09",3357700
5000,120,100,"sd","13:43:09",3356800
5010,130,1000,"bu","13:43:02",3356700
5010,130,100,"bu","13:42:55",3355700
5000,120,8900,"sd","13:42:11",3355600
5000,120,200,"sd","13:42:11",3346700
5000,120,1000,"sd","13:42:11",3346500
5000,120,27900,"sd","13:42:11",3345500
5010,130,1000,"sd","13:42:11",3317600
5010,130,2000,"sd","13:42:11",3316600
5020,140,5000,"sd","13:42:11",3314600
5000,120,29900,"sd","13:42:01",3309600
5010,130,2000,"sd","13:42:01",3279700
5010,130,500,"sd","13:42:01",3277700
5010,130,2500,"sd","13:42:01",3277200
5010,130,1600,"sd","13:42:01",3274700
5010,130,4700,"sd","13:42:01",3273100
5010,130,200,"sd","13:42:01",3268400
5010,130,500,"sd","13:42:01",3268200
5010,130,1000,"sd","13:42:01",3267700
5010,130,500,"sd","13:42:01",3266700
5010,130,500,"sd","13:42:01",3266200
5010,130,300,"sd","13:41:42",3265700
5020,140,200,"unknown","13:41:42",3265400
5010,130,700,"bu","13:40:22",3265200
5010,130,2000,"bu","13:40:18",3264500
5010,130,100,"bu","13:40:10",3262500
5010,130,500,"bu","13:40:07",3262400
5010,130,500,"bu","13:40:02",3261900
5010,130,1200,"sd","13:39:56",3261400
5010,130,1800,"sd","13:39:52",3260200
5010,130,3000,"sd","13:39:52",3258400
5010,130,100,"sd","13:39:52",3255400
5010,130,100,"sd","13:39:52",3255300
5000,120,7200,"bu","13:38:57",3255200
5000,120,1000,"bu","13:38:55",3248000
5000,120,5000,"sd","13:38:46",3247000
5000,120,2300,"sd","13:38:46",3242000
5000,120,5000,"sd","13:38:46",3239700
5000,120,500,"sd","13:38:46",3234700
5000,120,8000,"sd","13:38:46",3234200
5000,120,12000,"sd","13:38:33",3226200
5000,120,1000,"sd","13:38:33",3214200
5000,120,22000,"sd","13:38:33",3213200
5000,120,18000,"bu","13:38:15",3191200
5000,120,500,"bu","13:38:13",3173200
5000,120,1000,"sd","13:38:05",3172700
5000,120,2000,"sd","13:38:05",3171700
5000,120,5000,"sd","13:38:04",3169700
5000,120,1800,"sd","13:38:04",3164700
5000,120,300,"sd","13:38:04",3162900
5000,120,500,"sd","13:38:04",3162600
5000,120,300,"sd","13:38:04",3162100
5000,120,300,"sd","13:38:04",3161800
5010,130,300,"sd","13:38:04",3161500
5020,140,300,"bu","13:37:58",3161200
5000,120,1700,"sd","13:37:53",3160900
5000,120,10000,"sd","13:37:53",3159200
5000,120,5000,"sd","13:37:53",3149200
5000,120,23300,"sd","13:37:53",3144200
5020,140,1000,"bu","13:37:51",3120900
5020,140,100,"bu","13:37:44",3119900
5000,120,1700,"bu","13:37:29",3119800
5000,120,5000,"bu","13:37:27",3118100
5000,120,200,"bu","13:37:25",3113100
5000,120,200,"bu","13:37:24",3112900
5000,120,1000,"bu","13:37:24",3112700
5000,120,4000,"bu","13:37:18",3111700
5000,120,800,"bu","13:37:09",3107700
5000,120,500,"sd","13:37:03",3106900
5000,120,29000,"sd","13:37:03",3106400
5010,130,7000,"sd","13:37:03",3077400
5010,130,600,"sd","13:37:03",3070400
5020,140,500,"bu","13:37:02",3069800
5020,140,200,"bu","13:36:58",3069300
5020,140,2200,"bu","13:36:49",3069100
5010,130,1400,"bu","13:36:45",3066900
5010,130,1000,"bu","13:36:44",3065500
5010,130,100,"bu","13:36:44",3064500
5000,120,1000,"bu","13:36:37",3064400
5020,140,4000,"bu","13:36:28",3063400
5010,130,5600,"bu","13:36:28",3059400
5000,120,10400,"bu","13:36:28",3053800
5000,120,20000,"bu","13:36:26",3043400
5000,120,2000,"sd","13:36:25",3023400
5000,120,6900,"sd","13:36:25",3021400
5000,120,200,"sd","13:36:25",3014500
5000,120,5000,"sd","13:36:25",3014300
5000,120,1800,"sd","13:36:25",3009300
5000,120,5000,"sd","13:36:25",3007500
5000,120,900,"sd","13:36:25",3002500
5000,120,500,"sd","13:36:25",3001600
5000,120,500,"sd","13:36:25",3001100
5000,120,4900,"sd","13:36:25",3000600
5000,120,100,"sd","13:36:25",2995700
5000,120,500,"sd","13:36:25",2995600
5000,120,100,"sd","13:36:25",2995100
5000,120,1000,"sd","13:36:25",2995000
5000,120,500,"sd","13:36:25",2994000
5000,120,1000,"sd","13:36:25",2993500
5000,120,100000,"sd","13:36:25",2992500
5000,120,10000,"sd","13:36:25",2892500
5000,120,5800,"sd","13:36:25",2882500
5000,120,10000,"sd","13:36:25",2876700
5000,120,1000,"sd","13:36:25",2866700
5000,120,500,"sd","13:36:25",2865700
5000,120,100,"sd","13:36:25",2865200
5000,120,100,"sd","13:36:25",2865100
5000,120,5000,"sd","13:36:25",2865000
5000,120,5000,"sd","13:36:25",2860000
5000,120,200,"sd","13:36:25",2855000
5000,120,1000,"sd","13:36:25",2854800
5010,130,3600,"bu","13:36:15",2853800
5010,130,500,"sd","13:36:14",2850200
5010,130,10200,"sd","13:36:14",2849700
5010,130,500,"sd","13:36:14",2839500
5010,130,6500,"sd","13:36:14",2839000
5010,130,1500,"sd","13:36:14",2832500
5010,130,100,"sd","13:36:14",2831000
5010,130,500,"sd","13:36:14",2830900
5010,130,1000,"sd","13:36:14",2830400
5020,140,1100,"bu","13:36:12",2829400
5020,140,400,"sd","13:36:06",2828300
5020,140,5000,"sd","13:36:06",2827900
5020,140,1000,"sd","13:36:06",2822900
5020,140,1000,"sd","13:36:06",2821900
5020,140,500,"sd","13:36:06",2820900
5020,140,500,"sd","13:36:06",2819400
5020,140,1000,"sd","13:36:06",2820400
5030,150,2800,"bu","13:36:02",2818900
5040,160,1200,"bu","13:36:02",2816100
5030,150,5000,"sd","13:36:01",2814900
5030,150,100,"sd","13:36:01",2809900
5030,150,500,"sd","13:36:01",2809800
5030,150,100,"sd","13:36:01",2809300
5030,150,500,"sd","13:36:01",2809200
5030,150,1000,"sd","13:36:01",2808700
5040,160,500,"bu","13:35:51",2807700
5040,160,100,"bu","13:35:42",2807200
5040,160,100,"bu","13:35:37",2807100
5040,160,500,"bu","13:35:11",2807000
5040,160,1100,"bu","13:34:43",2806500
5040,160,1000,"sd","13:34:15",2805400
5040,160,500,"sd","13:34:14",2804400
5040,160,1000,"sd","13:34:14",2803900
5040,160,700,"sd","13:34:14",2802900
5040,160,100,"sd","13:34:14",2802200
5040,160,200,"sd","13:34:14",2802100
5040,160,300,"sd","13:34:14",2801900
5040,160,500,"sd","13:34:14",2801600
5040,160,1000,"sd","13:34:14",2801100
5040,160,500,"sd","13:34:14",2800100
5040,160,500,"sd","13:34:14",2799600
5040,160,200,"sd","13:34:14",2799100
5050,170,700,"sd","13:33:21",2798900
5050,170,300,"bu","13:33:10",2798200
5050,170,300,"bu","13:32:52",2797900
5050,170,100,"bu","13:32:51",2797600
5050,170,300,"bu","13:32:50",2797500
5050,170,900,"bu","13:32:47",2797200
5050,170,2100,"bu","13:32:39",2796300
5050,170,1000,"bu","13:32:39",2794200
5050,170,6900,"bu","13:32:39",2793200
5050,170,1000,"bu","13:32:23",2786300
5050,170,100,"bu","13:31:45",2785300
5050,170,100,"sd","13:31:32",2785200
5050,170,200,"sd","13:31:32",2785100
5050,170,200,"sd","13:31:32",2784900
5050,170,1500,"sd","13:31:32",2784700
5060,180,2500,"bu","13:30:53",2783200
5060,180,5800,"bu","13:30:36",2780700
5060,180,500,"bu","13:30:20",2774900
5060,180,100,"bu","13:30:05",2774400
5060,180,200,"bu","13:30:00",2774300
5060,180,500,"bu","13:29:57",2774100
5050,170,1000,"sd","13:29:21",2773600
5070,190,400,"bu","13:29:15",2772600
5050,170,3700,"sd","13:29:12",2772200
5050,170,2000,"sd","13:29:12",2768500
5050,170,10000,"sd","13:29:12",2766500
5050,170,200,"sd","13:29:12",2756500
5050,170,500,"sd","13:29:12",2756300
5050,170,500,"sd","13:29:12",2755800
5050,170,5000,"sd","13:29:12",2755300
5060,180,500,"sd","13:29:12",2750300
5050,170,7700,"sd","13:29:12",2749800
5060,180,5000,"sd","13:29:12",2742100
5050,170,3000,"sd","13:29:12",2737100
5060,180,500,"sd","13:29:12",2734100
5050,170,5000,"sd","13:29:12",2733600
5060,180,2000,"sd","13:29:12",2728300
5060,180,300,"sd","13:29:12",2728600
5050,170,100,"sd","13:29:12",2726300
5050,170,1000,"sd","13:29:12",2726200
5050,170,2000,"sd","13:29:12",2725200
5050,170,1000,"sd","13:29:12",2723200
5070,190,500,"bu","13:29:08",2722200
5070,190,500,"bu","13:29:06",2721700
5070,190,2000,"bu","13:29:02",2721200
5070,190,500,"sd","13:28:42",2719200
5070,190,200,"sd","13:28:42",2718700
5070,190,1000,"sd","13:28:42",2718500
5070,190,1000,"sd","13:28:42",2717500
5070,190,2000,"sd","13:28:42",2716500
5070,190,1000,"sd","13:28:42",2714500
5070,190,600,"sd","13:28:42",2713500
5080,200,700,"bu","13:28:23",2712900
5080,200,1000,"bu","13:27:57",2712200
5080,200,1000,"sd","13:27:52",2711200
5080,200,400,"sd","13:27:52",2710200
5080,200,500,"sd","13:27:52",2709800
5080,200,5000,"sd","13:27:52",2709300
5080,200,9000,"sd","13:27:52",2704300
5090,210,1000,"sd","13:27:52",2695300
5090,210,500,"sd","13:27:52",2694300
5100,220,500,"sd","13:27:41",2693800
5100,220,500,"bu","13:27:16",2693300
5100,220,100,"bu","13:26:39",2692800
5090,210,1000,"bu","13:26:03",2692700
5090,210,1100,"bu","13:26:02",2691700
5090,210,700,"bu","13:25:59",2690600
5090,210,500,"bu","13:25:56",2689900
5090,210,1000,"bu","13:25:28",2689400
5090,210,500,"bu","13:25:13",2688400
5100,220,400,"bu","13:23:02",2687900
5090,210,2000,"bu","13:23:02",2687500
5090,210,2600,"bu","13:23:02",2685500
5090,210,5000,"sd","13:21:38",2682900
5090,210,1000,"sd","13:21:38",2677900
5090,210,1000,"sd","13:21:38",2676900
5090,210,1600,"sd","13:21:38",2675900
5090,210,100,"sd","13:21:38",2674300
5090,210,400,"sd","13:21:38",2674200
5090,210,2000,"sd","13:20:50",2673800
5100,220,200,"sd","13:20:11",2671800
5100,220,1500,"sd","13:20:11",2671600
5100,220,1000,"sd","13:20:11",2670100
5100,220,1000,"sd","13:20:11",2669100
5100,220,100,"sd","13:20:11",2668100
5110,230,3000,"sd","13:19:56",2668000
5120,240,100,"sd","13:19:36",2665000
5140,260,100,"bu","13:18:53",2664900
5140,260,100,"bu","13:17:50",2664800
5100,220,900,"bu","13:16:18",2664700
5100,220,600,"bu","13:16:18",2663800
5100,220,1000,"bu","13:16:15",2663200
5100,220,200,"sd","13:15:50",2662200
5090,210,2600,"sd","13:14:50",2662000
5090,210,1000,"sd","13:14:50",2659400
5090,210,3700,"sd","13:14:50",2658400
5090,210,1300,"bu","13:14:40",2654700
5090,210,2500,"bu","13:14:39",2653400
5090,210,200,"bu","13:14:36",2650900
5090,210,400,"bu","13:14:36",2650700
5090,210,600,"bu","13:14:32",2650300
5090,210,3100,"bu","13:14:32",2649700
5090,210,2000,"bu","13:14:21",2646600
5080,200,100,"bu","13:14:21",2644600
5080,200,100,"bu","13:14:21",2644500
5080,200,9800,"bu","13:14:21",2644400
5080,200,5000,"bu","13:14:12",2634600
5080,200,700,"bu","13:14:04",2629600
5070,190,300,"bu","13:14:04",2628900
5070,190,500,"sd","13:14:01",2628600
5070,190,200,"sd","13:14:01",2628100
5070,190,1800,"sd","13:13:50",2627900
5070,190,5700,"sd","13:13:50",2626100
5070,190,5000,"sd","13:13:50",2620400
5070,190,1000,"sd","13:13:50",2615400
5070,190,1500,"sd","13:13:50",2614400
5080,200,100,"bu","13:13:44",2612900
5080,200,1000,"bu","13:13:42",2612800
5080,200,1000,"bu","13:13:17",2611800
5070,190,500,"sd","13:13:15",2610800
5080,200,1000,"bu","13:12:54",2610300
5080,200,500,"sd","13:12:33",2609300
5080,200,900,"sd","13:12:33",2608800
5080,200,1000,"sd","13:11:56",2607900
5090,210,100,"bu","13:11:44",2606900
5090,210,3700,"bu","13:11:39",2606800
5090,210,1300,"bu","13:11:39",2603100
5090,210,700,"bu","13:11:29",2601800
5080,200,300,"bu","13:11:29",2601100
5080,200,200,"sd","13:11:25",2600800
5080,200,200,"sd","13:11:25",2600600
5080,200,1000,"sd","13:11:25",2600400
5080,200,300,"sd","13:11:25",2599400
5090,210,900,"bu","13:11:14",2599100
5080,200,200,"sd","13:10:53",2598200
5090,210,2000,"sd","13:10:46",2598000
5090,210,200,"sd","13:10:46",2596000
5090,210,2000,"sd","13:10:46",2595800
5090,210,500,"sd","13:10:46",2593800
5090,210,500,"sd","13:10:46",2593300
5090,210,200,"sd","13:10:46",2592800
5090,210,1200,"sd","13:10:46",2592600
5090,210,800,"sd","13:10:40",2591400
5090,210,3000,"sd","13:10:28",2590600
5090,210,100,"sd","13:10:16",2587600
5100,220,1000,"sd","13:09:46",2587500
5100,220,500,"sd","13:09:46",2586500
5100,220,300,"sd","13:09:46",2586000
5100,220,500,"sd","13:09:46",2585700
5100,220,1000,"sd","13:09:46",2585200
5100,220,500,"sd","13:09:46",2584200
5100,220,3500,"sd","13:09:37",2583700
5100,220,100,"sd","13:09:37",2580200
5100,220,5000,"sd","13:09:37",2580100
5100,220,2000,"sd","13:09:37",2575100
5100,220,5000,"sd","13:09:37",2573100
5100,220,600,"sd","13:09:37",2568100
5100,220,5000,"sd","13:09:37",2567500
5100,220,20000,"sd","13:09:37",2562500
5100,220,1000,"sd","13:09:37",2542500
5100,220,2000,"sd","13:09:37",2541500
5100,220,5000,"sd","13:09:37",2539500
5100,220,200,"sd","13:09:37",2534500
5100,220,200,"sd","13:09:37",2534300
5100,220,400,"sd","13:09:37",2534100
5100,220,3000,"sd","13:09:16",2533700
5100,220,1000,"sd","13:09:14",2530700
5100,220,600,"sd","13:08:51",2529700
5110,230,300,"sd","13:08:51",2529100
5110,230,2000,"sd","13:08:51",2528800
5110,230,1000,"sd","13:08:51",2526800
5110,230,100,"sd","13:08:51",2525800
5120,240,1000,"bu","13:07:51",2525700
5120,240,500,"sd","13:07:48",2524700
5120,240,500,"sd","13:07:48",2524200
5120,240,200,"sd","13:07:48",2523700
5120,240,500,"sd","13:07:48",2523500
5120,240,1000,"sd","13:07:14",2523000
5120,240,4200,"sd","13:07:14",2522000
5130,250,3100,"bu","13:06:42",2517800
5130,250,200,"bu","13:06:42",2514700
5130,250,3000,"bu","13:06:07",2514500
5130,250,2900,"bu","13:05:55",2511500
5130,250,500,"sd","13:05:49",2508600
5130,250,3400,"sd","13:05:49",2508100
5130,250,1600,"sd","13:04:47",2504700
5130,250,100,"sd","13:04:47",2503100
5130,250,200,"sd","13:04:47",2503000
5130,250,800,"sd","13:04:47",2502800
5130,250,1500,"sd","13:04:47",2502000
5130,250,2000,"sd","13:04:35",2500500
5130,250,2200,"sd","13:04:33",2498500
5130,250,1500,"sd","13:04:23",2496300
5130,250,500,"sd","13:04:05",2494800
5130,250,500,"sd","13:03:49",2494300
5130,250,800,"sd","13:02:27",2493800
5150,270,200,"bu","13:01:21",2493000
5150,270,500,"sd","13:00:51",2492800
5150,270,1400,"sd","13:00:29",2492300
5150,270,1000,"sd","13:00:29",2490900
5150,270,100,"sd","13:00:29",2489900
5150,270,100,"sd","13:00:09",2489800
5150,270,500,"sd","13:00:08",2489700
5150,270,100,"sd","13:00:06",2489200
5130,250,700,"sd","13:00:02",2489100
5130,250,300,"sd","13:00:01",2488400
5130,250,1000,"sd","13:00:00",2488100
5150,270,8400,"bu","13:00:00",2487100
5120,240,200,"sd","13:00:00",2478700
5120,240,600,"sd","13:00:00",2478500
5150,270,9200,"bu","13:00:00",2477900
5140,260,2600,"bu","13:00:00",2468700
5120,240,1000,"sd","13:00:00",2466100
5150,270,1100,"sd","11:26:33",2465100
5150,270,1700,"sd","11:26:33",2464000
5150,270,1000,"sd","11:25:39",2462300
5150,270,400,"bu","11:24:53",2461300
5150,270,500,"bu","11:24:53",2460900
5150,270,1400,"bu","11:24:53",2460400
5150,270,100,"bu","11:17:11",2459000
5150,270,1000,"bu","11:16:53",2458900
5150,270,7500,"bu","11:16:21",2457900
5150,270,2000,"bu","11:16:21",2450400
5150,270,500,"bu","11:16:21",2448400
5150,270,100,"bu","11:16:21",2447900
5150,270,2100,"bu","11:16:21",2447800
5140,260,200,"bu","11:16:21",2445700
5140,260,1000,"bu","11:16:15",2445500
5140,260,100,"bu","11:16:03",2444500
5140,260,100,"bu","11:15:51",2444400
5140,260,100,"bu","11:14:32",2444300
5140,260,1600,"bu","11:14:16",2444200
5140,260,1400,"bu","11:14:16",2442600
5140,260,500,"bu","11:14:04",2441200
5140,260,5000,"bu","11:13:39",2440700
5140,260,1900,"bu","11:13:37",2435700
5140,260,900,"bu","11:13:29",2433800
5140,260,900,"bu","11:13:23",2432900
5140,260,4500,"bu","11:12:31",2432000
5140,260,500,"bu","11:12:31",2427500
5130,250,500,"bu","11:12:08",2427000
5130,250,600,"bu","11:12:08",2426500
5130,250,100,"bu","11:12:00",2425900
5130,250,9000,"bu","11:11:43",2425800
5120,240,5200,"bu","11:11:37",2416800
5120,240,1000,"bu","11:11:02",2411600
5120,240,500,"bu","11:10:54",2410600
5120,240,100,"sd","11:10:42",2410100
5120,240,1000,"sd","11:10:42",2410000
5120,240,2200,"sd","11:10:42",2409000
5130,250,300,"bu","11:10:36",2406800
5120,240,500,"sd","11:10:29",2406500
5120,240,1300,"bu","11:10:14",2406000
5120,240,1000,"bu","11:10:11",2404700
5120,240,700,"bu","11:09:51",2403700
5110,230,6400,"sd","11:08:29",2403000
5110,230,1600,"sd","11:08:29",2396600
5120,240,500,"sd","11:08:29",2395000
5120,240,1500,"sd","11:08:29",2394500
5130,250,5000,"bu","11:08:09",2393000
5110,230,400,"sd","11:07:27",2388000
5120,240,2600,"sd","11:07:27",2387600
5120,240,800,"bu","11:06:35",2385000
5120,240,2600,"bu","11:06:35",2384200
5120,240,500,"bu","11:06:32",2381600
5120,240,200,"bu","11:06:21",2381100
5120,240,1000,"bu","11:06:16",2380900
5120,240,300,"bu","11:06:09",2379900
5120,240,100,"bu","11:05:58",2379600
5120,240,1000,"bu","11:05:51",2379500
5120,240,2000,"bu","11:05:43",2378500
5120,240,500,"sd","11:04:10",2376500
5120,240,200,"sd","11:04:10",2376000
5120,240,500,"sd","11:04:10",2375800
5120,240,12000,"sd","11:04:10",2375300
5120,240,2000,"sd","11:02:40",2363300
5120,240,4500,"sd","11:02:10",2361300
5120,240,500,"sd","11:01:22",2356800
5120,240,700,"sd","11:01:22",2356300
5120,240,5000,"sd","11:01:22",2355600
5120,240,300,"sd","11:01:22",2350600
5120,240,1000,"sd","11:01:22",2350300
5130,250,1000,"sd","11:01:22",2349300
5130,250,100,"sd","11:01:22",2348300
5130,250,1000,"sd","11:01:22",2348200
5130,250,10000,"sd","11:01:22",2347200
5130,250,1000,"sd","11:01:22",2337200
5130,250,200,"sd","11:01:22",2336200
5130,250,200,"sd","11:01:22",2336000
5140,260,1000,"bu","10:58:30",2335800
5140,260,100,"sd","10:56:20",2334800
5140,260,100,"sd","10:56:01",2334700
5140,260,500,"sd","10:54:52",2334600
5140,260,19500,"bu","10:54:32",2334100
5140,260,200,"sd","10:54:21",2314600
5140,260,100,"sd","10:54:21",2314400
5140,260,200,"sd","10:54:21",2314300
5140,260,1000,"sd","10:54:08",2314100
5140,260,7600,"sd","10:53:58",2313100
5150,270,1400,"sd","10:53:58",2305500
5160,280,300,"bu","10:53:06",2304100
5160,280,300,"bu","10:52:49",2303800
5160,280,1500,"bu","10:52:28",2303500
5150,270,3000,"sd","10:52:22",2302000
5160,280,5000,"bu","10:52:16",2299000
5150,270,300,"bu","10:52:05",2294000
5150,270,1300,"bu","10:52:05",2293700
5150,270,200,"bu","10:52:02",2292400
5150,270,100,"bu","10:51:58",2292200
5150,270,200,"bu","10:51:47",2292100
5140,260,7400,"bu","10:51:18",2291900
5130,250,4700,"bu","10:50:45",2284500
5130,250,500,"bu","10:50:23",2279800
5130,250,2500,"bu","10:50:23",2279300
5130,250,2000,"bu","10:50:23",2276800
5130,250,3000,"sd","10:49:56",2274800
5140,260,100,"sd","10:49:42",2271800
5140,260,1700,"sd","10:49:42",2271700
5140,260,800,"sd","10:49:42",2270000
5140,260,2000,"sd","10:49:39",2269200
5150,270,20000,"bu","10:49:39",2267200
5140,260,500,"sd","10:49:38",2247200
5150,270,11000,"sd","10:49:25",2246700
5150,270,5000,"sd","10:49:25",2235700
5150,270,700,"sd","10:49:25",2230700
5150,270,5000,"sd","10:49:25",2230000
5150,270,4000,"sd","10:49:25",2225000
5150,270,1000,"sd","10:49:25",2221000
5150,270,2000,"sd","10:49:25",2220000
5150,270,1000,"sd","10:49:25",2218000
5150,270,10000,"sd","10:49:25",2217000
5150,270,500,"sd","10:49:25",2207000
5150,270,5000,"sd","10:49:25",2206500
5150,270,30000,"sd","10:49:25",2201500
5150,270,3000,"sd","10:49:25",2171500
5160,280,300,"bu","10:49:23",2168500
5160,280,10000,"sd","10:49:17",2168200
5160,280,5000,"sd","10:49:17",2158200
5160,280,20000,"sd","10:49:17",2153200
5160,280,5000,"sd","10:49:17",2133200
5160,280,4000,"sd","10:49:17",2128200
5160,280,20000,"sd","10:49:17",2124200
5160,280,3300,"sd","10:49:17",2104200
5160,280,3200,"sd","10:49:17",2100900
5160,280,6800,"sd","10:48:32",2097700
5160,280,3200,"sd","10:48:32",2090900
5170,290,2000,"bu","10:46:01",2087700
5160,280,800,"sd","10:45:55",2085700
5160,280,1000,"sd","10:45:28",2084900
5160,280,100,"sd","10:45:02",2083900
5170,290,6100,"sd","10:44:16",2083800
5170,290,3900,"bu","10:43:46",2077700
5170,290,5000,"sd","10:43:38",2073800
5170,290,5000,"sd","10:43:38",2068800
5170,290,6100,"sd","10:43:38",2063800
5170,290,100,"sd","10:43:36",2057700
5170,290,1300,"bu","10:43:20",2057600
5170,290,10000,"bu","10:43:02",2056300
5170,290,6400,"sd","10:42:26",2046300
5170,290,2000,"sd","10:42:26",2039900
5170,290,10000,"sd","10:42:26",2037900
5170,290,300,"sd","10:42:26",2027900
5170,290,400,"sd","10:42:14",2027600
5180,300,600,"bu","10:40:24",2027200
5170,290,500,"sd","10:38:53",2026600
5170,290,200,"sd","10:38:45",2026100
5170,290,4600,"bu","10:37:43",2025900
5170,290,5000,"bu","10:37:19",2021300
5170,290,5900,"bu","10:37:12",2016300
5170,290,500,"sd","10:36:21",2010400
5170,290,100,"sd","10:36:21",2009900
5170,290,5000,"sd","10:36:21",2009800
5170,290,300,"sd","10:36:21",2004800
5170,290,2000,"sd","10:36:14",2004500
5170,290,5000,"sd","10:35:59",2002500
5170,290,2700,"sd","10:35:45",1997500
5170,290,300,"sd","10:35:45",1994800
5170,290,400,"sd","10:35:45",1994500
5170,290,5000,"sd","10:35:45",1994100
5170,290,1600,"sd","10:35:45",1989100
5170,290,3400,"sd","10:35:26",1987500
5170,290,1600,"sd","10:35:26",1984100
5170,290,4700,"sd","10:35:16",1982500
5180,300,400,"bu","10:35:12",1977800
5180,300,900,"bu","10:33:46",1977400
5180,300,500,"bu","10:33:46",1976500
5180,300,3600,"bu","10:33:46",1976000
5170,290,500,"sd","10:33:37",1972400
5180,300,5000,"bu","10:33:14",1971900
5180,300,1400,"bu","10:32:52",1966900
5180,300,3600,"bu","10:32:52",1965500
5180,300,400,"sd","10:31:50",1961900
5180,300,1700,"sd","10:31:43",1961500
5180,300,2900,"bu","10:31:09",1959800
5170,290,1400,"sd","10:30:46",1956900
5180,300,700,"sd","10:30:27",1955500
5180,300,500,"sd","10:30:27",1954800
5180,300,1000,"sd","10:30:25",1954300
5180,300,1000,"bu","10:29:30",1953300
5180,300,2500,"bu","10:29:30",1952300
5180,300,4300,"bu","10:29:30",1949800
5170,290,5300,"bu","10:29:13",1945500
5170,290,500,"bu","10:28:59",1940200
5170,290,200,"bu","10:28:26",1939700
5170,290,300,"bu","10:28:26",1939500
5170,290,500,"bu","10:28:23",1939200
5170,290,100,"bu","10:27:40",1938700
5170,290,100,"sd","10:27:25",1938600
5170,290,5000,"sd","10:27:25",1938500
5170,290,10000,"sd","10:27:25",1933500
5170,290,2000,"sd","10:27:25",1923500
5170,290,5000,"sd","10:27:25",1921500
5170,290,1000,"sd","10:27:25",1916500
5180,300,100,"bu","10:27:15",1915500
5170,290,6000,"sd","10:26:45",1915400
5170,290,800,"sd","10:25:50",1909400
5170,290,1000,"sd","10:25:26",1908600
5170,290,1200,"sd","10:24:27",1907600
5170,290,5100,"sd","10:24:27",1906400
5180,300,1000,"bu","10:24:10",1901300
5180,300,500,"bu","10:23:55",1900300
5180,300,2000,"sd","10:23:53",1899800
5180,300,4000,"sd","10:23:53",1897800
5180,300,6200,"sd","10:23:53",1893800
5180,300,600,"sd","10:23:37",1887600
5180,300,300,"sd","10:23:20",1887000
5180,300,200,"sd","10:22:54",1886700
5180,300,500,"sd","10:22:07",1886500
5180,300,500,"bu","10:21:59",1886000
5180,300,1700,"bu","10:21:59",1885500
5180,300,600,"bu","10:21:56",1883800
5180,300,100,"bu","10:21:53",1883200
5180,300,9000,"bu","10:21:26",1883100
5180,300,1000,"bu","10:21:26",1874100
5180,300,2000,"sd","10:21:00",1873100
5180,300,5000,"sd","10:21:00",1871100
5180,300,2000,"sd","10:21:00",1866100
5180,300,1000,"sd","10:20:50",1864100
5180,300,300,"sd","10:19:45",1863100
5180,300,1000,"sd","10:19:26",1862800
5180,300,5700,"bu","10:19:00",1861800
5180,300,3000,"sd","10:18:48",1856100
5180,300,1300,"sd","10:18:48",1853100
5180,300,1000,"sd","10:18:35",1851800
5180,300,400,"bu","10:18:24",1850800
5180,300,100,"sd","10:18:12",1850400
5180,300,400,"bu","10:17:56",1850300
5180,300,400,"bu","10:17:56",1849900
5180,300,100,"bu","10:17:55",1849500
5180,300,500,"bu","10:17:52",1849400
5180,300,9500,"bu","10:17:52",1848900
5180,300,100,"bu","10:17:41",1839400
5180,300,6100,"bu","10:17:30",1839300
5180,300,3900,"bu","10:17:30",1833200
5180,300,100,"bu","10:17:10",1829300
5170,290,1000,"sd","10:16:23",1829200
5170,290,500,"sd","10:15:27",1828200
5170,290,1000,"sd","10:15:12",1827700
5170,290,2400,"sd","10:14:09",1826700
5170,290,100,"sd","10:14:09",1824300
5170,290,10000,"sd","10:14:09",1824200
5170,290,100,"sd","10:14:09",1814200
5170,290,7400,"sd","10:14:09",1814100
5180,300,700,"sd","10:13:03",1806700
5180,300,300,"bu","10:12:43",1806000
5180,300,3000,"bu","10:12:43",1805700
5180,300,1000,"bu","10:12:43",1802700
5180,300,4000,"sd","10:11:47",1801700
5180,300,1000,"sd","10:11:27",1797700
5180,300,2000,"sd","10:10:36",1796700
5180,300,2000,"sd","10:09:55",1794700
5190,310,100,"bu","10:09:23",1792700
5190,310,2000,"bu","10:08:53",1792600
5180,300,1000,"sd","10:08:46",1790600
5190,310,100,"bu","10:07:00",1789600
5190,310,100,"bu","10:06:36",1789500
5190,310,4000,"sd","10:06:14",1789400
5190,310,3800,"sd","10:06:14",1785400
5190,310,5900,"sd","10:06:14",1781600
5200,320,100,"bu","10:05:52",1775700
5200,320,200,"bu","10:04:46",1775600
5200,320,100,"bu","10:04:46",1775400
5200,320,700,"bu","10:04:46",1775300
5200,320,3000,"bu","10:04:46",1774600
5200,320,300,"bu","10:04:46",1771600
5200,320,500,"bu","10:04:46",1771300
5200,320,200,"bu","10:04:46",1770800
5190,310,500,"bu","10:04:20",1770600
5190,310,10000,"bu","10:04:20",1770100
5190,310,10000,"bu","10:04:20",1760100
5190,310,17700,"bu","10:04:20",1750100
5180,300,4900,"bu","10:04:20",1732400
5180,300,1000,"bu","10:04:20",1727500
5180,300,10000,"bu","10:04:20",1726500
5180,300,20000,"bu","10:04:20",1716500
5170,290,2600,"sd","10:04:01",1696500
5170,290,1400,"sd","10:04:01",1693900
5170,290,100,"sd","10:03:26",1692500
5170,290,2000,"sd","10:03:19",1692400
5170,290,1000,"sd","10:03:10",1690400
5170,290,2000,"sd","10:02:43",1689400
5170,290,500,"bu","10:02:33",1687400
5170,290,3000,"bu","10:02:33",1686900
5170,290,2000,"bu","10:02:16",1683900
5170,290,200,"bu","10:01:50",1681900
5170,290,800,"sd","10:01:27",1681700
5170,290,200,"sd","10:01:00",1680900
5170,290,300,"sd","10:01:00",1680700
5170,290,2000,"sd","10:00:37",1680400
5170,290,2000,"sd","10:00:16",1678400
5170,290,400,"bu","10:00:01",1676400
5170,290,300,"bu","10:00:01",1676000
5170,290,500,"bu","09:59:44",1675700
5170,290,100,"bu","09:58:52",1675200
5170,290,100,"bu","09:58:47",1675100
5170,290,900,"bu","09:58:47",1675000
5170,290,100,"bu","09:58:33",1674100
5170,290,1000,"bu","09:58:28",1674000
5170,290,2200,"bu","09:58:28",1673000
5170,290,5000,"bu","09:58:28",1670800
5170,290,100,"bu","09:58:28",1665800
5170,290,100,"bu","09:58:28",1665700
5170,290,1500,"bu","09:58:28",1665600
5170,290,100,"bu","09:58:28",1664100
5170,290,100,"bu","09:58:17",1664000
5170,290,200,"bu","09:57:04",1663900
5170,290,600,"bu","09:56:59",1663700
5170,290,9400,"bu","09:56:59",1663100
5170,290,600,"bu","09:56:34",1653700
5170,290,400,"bu","09:56:34",1653100
5170,290,4000,"bu","09:56:34",1652700
5170,290,300,"bu","09:56:02",1648700
5170,290,10000,"bu","09:55:51",1648400
5170,290,300,"bu","09:55:42",1638400
5170,290,2000,"bu","09:55:15",1638100
5170,290,800,"bu","09:54:24",1636100
5170,290,10000,"bu","09:54:24",1635300
5170,290,10000,"bu","09:54:24",1625300
5170,290,10000,"bu","09:54:24",1615300
5170,290,100,"bu","09:54:24",1605300
5180,300,2500,"bu","09:54:24",1605200
5180,300,500,"sd","09:54:21",1602700
5180,300,2000,"sd","09:54:21",1602200
5180,300,3000,"sd","09:54:04",1600200
5180,300,2000,"sd","09:54:04",1597200
5180,300,1000,"sd","09:53:41",1595200
5190,310,2300,"bu","09:53:20",1594200
5190,310,4900,"bu","09:53:20",1591900
5190,310,1000,"bu","09:53:20",1587000
5180,300,1300,"bu","09:53:08",1586000
5180,300,500,"bu","09:53:08",1584700
5180,300,300,"sd","09:52:55",1584200
5180,300,3200,"sd","09:52:55",1583900
5180,300,6700,"sd","09:51:37",1580700
5180,300,100,"bu","09:51:37",1574000
5180,300,200,"bu","09:51:15",1573900
5180,300,43100,"bu","09:51:08",1573700
5180,300,1000,"bu","09:51:08",1530600
5180,300,5900,"bu","09:51:08",1529600
5170,290,300,"sd","09:50:59",1523700
5170,290,4700,"sd","09:50:59",1523400
5170,290,5000,"sd","09:50:27",1518700
5170,290,300,"bu","09:50:06",1513700
5170,290,100,"sd","09:49:58",1513400
5170,290,9900,"sd","09:49:35",1513300
5170,290,100,"sd","09:49:35",1503400
5180,300,4100,"bu","09:49:21",1503300
5180,300,5900,"bu","09:49:21",1499200
5180,300,400,"bu","09:49:10",1493300
5180,300,3700,"bu","09:48:27",1492900
5180,300,6300,"bu","09:48:27",1489200
5180,300,3700,"sd","09:48:08",1482900
5180,300,1000,"sd","09:47:57",1479200
5180,300,5300,"bu","09:47:50",1478200
5180,300,100,"sd","09:47:33",1472900
5180,300,100,"sd","09:47:33",1472800
5180,300,4500,"sd","09:47:33",1472700
5180,300,500,"sd","09:46:48",1468200
5180,300,5000,"sd","09:46:39",1467700
5200,320,1300,"bu","09:46:14",1462700
5200,320,10000,"bu","09:46:14",1461400
5200,320,300,"bu","09:46:14",1451400
5200,320,200,"bu","09:46:14",1451100
5200,320,3000,"bu","09:46:14",1450900
5200,320,6000,"bu","09:46:14",1447900
5200,320,500,"bu","09:46:14",1441900
5200,320,200,"bu","09:46:14",1441400
5200,320,4800,"bu","09:46:14",1441200
5200,320,1300,"bu","09:46:14",1436400
5200,320,500,"bu","09:46:14",1435100
5200,320,900,"bu","09:46:14",1434600
5200,320,5000,"bu","09:46:14",1433700
5200,320,1000,"bu","09:46:14",1428700
5200,320,4000,"bu","09:46:14",1427700
5200,320,2000,"bu","09:46:14",1423700
5190,310,1000,"bu","09:46:14",1421700
5180,300,3000,"bu","09:46:14",1420700
5180,300,1000,"bu","09:46:14",1417700
5180,300,4000,"bu","09:46:14",1416700
5180,300,100,"bu","09:45:58",1412700
5180,300,5900,"bu","09:45:29",1412600
5180,300,200,"bu","09:45:29",1406700
5180,300,1000,"bu","09:45:29",1406500
5180,300,2500,"bu","09:45:29",1405500
5170,290,100,"bu","09:45:29",1403000
5170,290,300,"bu","09:45:29",1402900
5170,290,2000,"bu","09:45:02",1402600
5160,280,5000,"sd","09:44:45",1400600
5170,290,300,"sd","09:44:20",1395600
5170,290,16700,"sd","09:44:20",1395300
5170,290,700,"sd","09:44:20",1378600
5180,300,17500,"bu","09:43:47",1377900
5180,300,2500,"bu","09:43:47",1360400
5170,290,200,"bu","09:43:45",1357900
5170,290,9100,"bu","09:43:45",1357700
5170,290,900,"sd","09:43:14",1348600
5170,290,1900,"bu","09:43:00",1347700
5170,290,3000,"bu","09:42:57",1345800
5160,280,9900,"sd","09:42:57",1342800
5160,280,100,"sd","09:42:57",1332900
5170,290,100,"sd","09:42:43",1332800
5170,290,1000,"bu","09:41:57",1332700
5170,290,4000,"sd","09:41:48",1331700
5160,280,3200,"bu","09:41:09",1327700
5160,280,6700,"bu","09:41:09",1324500
5160,280,3000,"bu","09:40:55",1317800
5160,280,300,"bu","09:40:52",1314800
5160,280,200,"bu","09:40:52",1314500
5160,280,500,"bu","09:40:52",1314300
5150,270,2000,"bu","09:40:50",1313800
5150,270,2800,"bu","09:40:49",1311800
5150,270,700,"bu","09:40:48",1309000
5150,270,3000,"bu","09:40:47",1308300
5150,270,2100,"sd","09:40:44",1305300
5160,280,100,"bu","09:40:20",1303200
5150,270,2900,"sd","09:40:18",1303100
5150,270,2000,"sd","09:40:18",1300200
5150,270,2300,"sd","09:40:18",1298200
5150,270,4800,"sd","09:40:18",1295900
5150,270,200,"sd","09:39:57",1291100
5160,280,100,"sd","09:39:38",1290900
5160,280,100,"sd","09:39:38",1290800
5160,280,20000,"sd","09:39:38",1290700
5160,280,17200,"sd","09:39:38",1270700
5160,280,100,"sd","09:39:38",1253500
5160,280,1900,"sd","09:39:38",1253400
5160,280,3000,"sd","09:39:38",1251500
5160,280,100,"sd","09:39:35",1248500
5180,300,200,"bu","09:39:13",1248400
5180,300,200,"bu","09:39:03",1248200
5180,300,1100,"bu","09:38:51",1248000
5180,300,100,"bu","09:38:51",1246900
5170,290,3800,"bu","09:38:51",1246800
5170,290,700,"bu","09:38:51",1243000
5170,290,10000,"sd","09:38:49",1242300
5170,290,25000,"sd","09:38:49",1232300
5170,290,500,"sd","09:38:49",1207300
5180,300,1000,"bu","09:38:29",1206800
5180,300,5000,"bu","09:38:28",1205800
5180,300,1000,"sd","09:38:14",1200800
5180,300,2000,"sd","09:38:14",1199800
5180,300,2000,"sd","09:38:14",1197800
5180,300,7200,"sd","09:38:14",1195800
5180,300,1000,"sd","09:38:14",1188600
5180,300,100,"sd","09:38:14",1187600
5180,300,100,"sd","09:38:14",1187500
5180,300,500,"sd","09:38:14",1187400
5200,320,100,"bu","09:38:02",1186900
5200,320,1400,"bu","09:37:51",1186800
5200,320,500,"bu","09:37:29",1185400
5180,300,100,"sd","09:36:48",1184900
5180,300,5000,"sd","09:36:43",1184800
5180,300,5000,"sd","09:36:01",1179800
5180,300,5000,"sd","09:35:50",1174800
5180,300,100,"sd","09:35:42",1169800
5180,300,4300,"bu","09:35:34",1169700
5180,300,100,"bu","09:35:30",1165400
5180,300,100,"bu","09:35:15",1165300
5180,300,500,"sd","09:35:00",1165200
5180,300,15000,"sd","09:35:00",1164700
5180,300,10000,"sd","09:35:00",1149700
5200,320,2000,"bu","09:34:27",1139700
5210,330,100,"bu","09:34:23",1137700
5210,330,500,"bu","09:34:22",1137600
5210,330,100,"bu","09:34:22",1137100
5210,330,7900,"bu","09:34:22",1137000
5200,320,1500,"bu","09:34:22",1129100
5200,320,400,"bu","09:34:18",1127600
5200,320,100,"sd","09:34:18",1127200
5200,320,200,"sd","09:34:10",1127100
5200,320,4700,"sd","09:34:07",1126900
5200,320,200,"sd","09:34:07",1122200
5200,320,8100,"sd","09:34:07",1122000
5210,330,20000,"bu","09:33:55",1113900
5200,320,700,"sd","09:33:45",1093900
5200,320,2000,"sd","09:33:44",1093200
5200,320,300,"sd","09:33:24",1091200
5200,320,3100,"sd","09:33:21",1090900
5200,320,2000,"sd","09:33:07",1087800
5200,320,1000,"sd","09:33:06",1085800
5200,320,2000,"sd","09:32:34",1084800
5200,320,5000,"sd","09:32:31",1082800
5200,320,200,"bu","09:32:14",1077800
5200,320,1000,"bu","09:32:14",1077600
5200,320,1600,"bu","09:32:14",1076600
5200,320,3000,"bu","09:32:14",1075000
5200,320,1100,"bu","09:32:14",1072000
5200,320,500,"bu","09:32:14",1070900
5200,320,900,"bu","09:32:14",1070400
5180,300,7500,"bu","09:32:14",1069500
5180,300,7000,"bu","09:32:13",1062000
5180,300,100,"sd","09:32:05",1055000
5180,300,10000,"sd","09:32:05",1054900
5180,300,200,"sd","09:32:05",1044900
5190,310,6800,"bu","09:32:05",1044700
5190,310,3200,"bu","09:32:04",1037900
5190,310,800,"bu","09:32:04",1034700
5190,310,500,"bu","09:32:04",1033900
5190,310,3700,"bu","09:32:04",1033400
5190,310,100,"bu","09:32:01",1029700
5190,310,5000,"bu","09:31:53",1029600
5190,310,5000,"bu","09:31:48",1024600
5190,310,100,"sd","09:31:38",1019600
5200,320,1900,"bu","09:31:35",1019500
5190,310,1100,"bu","09:31:35",1017600
5190,310,8900,"sd","09:31:21",1016500
5190,310,1100,"sd","09:31:20",1007600
5190,310,300,"sd","09:31:20",1006500
5190,310,1700,"sd","09:31:16",1006200
5200,320,5000,"sd","09:30:54",1004500
5200,320,500,"sd","09:30:54",999500
5200,320,3300,"sd","09:30:49",999000
5210,330,6000,"sd","09:30:26",995700
5210,330,500,"sd","09:30:26",989700
5210,330,100,"sd","09:30:26",989200
5210,330,2000,"sd","09:30:26",989100
5210,330,500,"sd","09:30:26",987100
5210,330,500,"sd","09:30:26",986600
5210,330,200,"sd","09:30:26",986100
5210,330,2300,"sd","09:30:26",985900
5210,330,6000,"sd","09:30:24",983600
5210,330,100,"sd","09:30:19",977600
5210,330,20000,"sd","09:30:16",977500
5210,330,900,"sd","09:30:03",957500
5220,340,100,"bu","09:30:03",956600
5210,330,700,"sd","09:30:03",956500
5210,330,300,"sd","09:30:03",955800
5210,330,2000,"sd","09:30:01",955500
5210,330,1000,"sd","09:29:54",953500
5210,330,2000,"sd","09:29:51",952500
5210,330,1000,"sd","09:29:48",950500
5210,330,3700,"sd","09:29:47",949500
5210,330,6300,"sd","09:29:47",945800
5210,330,3400,"sd","09:29:40",939500
5210,330,300,"sd","09:29:40",936100
5210,330,9700,"sd","09:29:40",935800
5210,330,300,"sd","09:29:32",926100
5210,330,1400,"sd","09:29:32",925800
5220,340,300,"bu","09:29:27",924400
5220,340,400,"bu","09:29:24",924100
5220,340,100,"bu","09:29:24",923700
5220,340,100,"bu","09:29:18",923600
5220,340,2100,"bu","09:28:54",923500
5220,340,200,"bu","09:28:54",921400
5220,340,2100,"bu","09:28:54",921200
5220,340,100,"bu","09:28:54",919100
5220,340,200,"bu","09:28:54",919000
5220,340,800,"bu","09:28:54",918800
5220,340,100,"bu","09:28:54",918000
5220,340,300,"bu","09:28:54",917900
5220,340,300,"bu","09:28:54",917600
5220,340,500,"bu","09:28:54",917300
5220,340,200,"bu","09:28:54",916800
5220,340,500,"bu","09:28:54",916600
5220,340,2500,"bu","09:28:54",916100
5210,330,3500,"sd","09:28:50",913600
5210,330,100,"sd","09:28:49",910100
5210,330,4000,"sd","09:28:49",910000
5210,330,1000,"sd","09:28:49",906000
5210,330,500,"sd","09:28:42",905000
5210,330,2000,"sd","09:28:40",904500
5220,340,2500,"bu","09:28:39",902500
5220,340,5000,"bu","09:28:39",900000
5220,340,2500,"bu","09:28:39",895000
5210,330,6000,"sd","09:28:38",892500
5210,330,600,"sd","09:28:31",886500
5210,330,100,"sd","09:28:27",885900
5210,330,400,"sd","09:28:19",885800
5210,330,100,"sd","09:28:14",885400
5220,340,1000,"bu","09:28:13",885300
5220,340,1000,"bu","09:28:12",884300
5220,340,100,"bu","09:28:12",883300
5220,340,400,"bu","09:28:05",883200
5220,340,1600,"bu","09:28:00",882800
5220,340,1000,"bu","09:27:57",881200
5210,330,200,"sd","09:27:57",880200
5220,340,100,"bu","09:27:56",880000
5220,340,900,"bu","09:27:50",879900
5220,340,1400,"bu","09:27:47",879000
5220,340,100,"bu","09:27:47",877600
5220,340,1000,"bu","09:27:45",877500
5220,340,1500,"bu","09:27:34",876500
5220,340,1600,"bu","09:27:22",875000
5220,340,100,"bu","09:27:13",873400
5210,330,5000,"sd","09:27:10",873300
5210,330,5100,"sd","09:27:04",868300
5210,330,4900,"sd","09:27:04",863200
5220,340,800,"bu","09:26:59",858300
5220,340,1200,"bu","09:26:59",857500
5220,340,3800,"bu","09:26:57",856300
5220,340,1600,"bu","09:26:57",852500
5210,330,100,"sd","09:26:55",850900
5210,330,1900,"sd","09:26:55",850800
5220,340,3400,"bu","09:26:44",848900
5220,340,5000,"bu","09:26:44",845500
5220,340,2000,"bu","09:26:44",840500
5220,340,5000,"bu","09:26:44",838500
5220,340,5000,"bu","09:26:44",833500
5220,340,1000,"bu","09:26:44",828500
5220,340,100,"bu","09:26:44",827500
5220,340,200,"bu","09:26:44",827400
5220,340,4000,"bu","09:26:44",827200
5220,340,1000,"bu","09:26:44",823200
5220,340,1000,"bu","09:26:44",822200
5220,340,300,"bu","09:26:44",821200
5220,340,10000,"bu","09:26:44",820900
5220,340,200,"bu","09:26:44",810900
5220,340,1000,"bu","09:26:44",810700
5220,340,800,"bu","09:26:44",809700
5210,330,2000,"bu","09:26:41",808900
5210,330,4100,"bu","09:26:41",806900
5210,330,200,"bu","09:26:40",802800
5210,330,5000,"bu","09:26:36",802600
5210,330,200,"sd","09:26:31",797600
5210,330,200,"sd","09:26:31",797400
5210,330,300,"sd","09:26:31",797200
5210,330,300,"sd","09:26:30",796900
5210,330,200,"sd","09:26:30",796600
5210,330,4800,"sd","09:26:30",796400
5220,340,1000,"bu","09:26:27",791600
5210,330,400,"sd","09:26:24",790600
5220,340,200,"bu","09:26:18",790200
5210,330,100,"sd","09:26:11",790000
5210,330,2000,"bu","09:26:11",789900
5210,330,600,"bu","09:26:11",787900
5210,330,100,"bu","09:26:11",787300
5210,330,200,"bu","09:26:11",787200
5210,330,100,"bu","09:26:11",787000
5210,330,1700,"bu","09:26:11",786900
5210,330,3800,"bu","09:26:09",785200
5210,330,500,"bu","09:26:06",781400
5210,330,100,"bu","09:26:04",780900
5210,330,2900,"bu","09:26:01",780800
5210,330,2100,"bu","09:26:01",777900
5210,330,100,"bu","09:26:00",775800
5210,330,800,"bu","09:25:59",775700
5210,330,400,"bu","09:25:59",774900
5210,330,500,"bu","09:25:59",774500
5210,330,1000,"bu","09:25:59",774000
5210,330,100,"bu","09:25:59",773000
5210,330,200,"bu","09:25:59",772900
5210,330,500,"bu","09:25:59",772700
5210,330,3200,"bu","09:25:59",772200
5210,330,3600,"bu","09:25:58",769000
5210,330,200,"bu","09:25:57",765400
5210,330,1000,"bu","09:25:56",765200
5210,330,1000,"bu","09:25:54",764200
5210,330,1000,"bu","09:25:52",763200
5210,330,500,"bu","09:25:52",762200
5210,330,1000,"bu","09:25:52",761700
5210,330,1000,"bu","09:25:52",760700
5210,330,2000,"bu","09:25:52",759700
5210,330,4500,"bu","09:25:52",757700
5210,330,5000,"bu","09:25:46",753200
5210,330,1300,"bu","09:25:32",748200
5200,320,1100,"bu","09:25:15",746900
5200,320,100,"bu","09:25:15",745800
5190,310,1000,"sd","09:25:13",745700
5200,320,2000,"bu","09:25:13",744700
5200,320,100,"bu","09:25:11",742700
5210,330,19200,"bu","09:25:10",742600
5200,320,7800,"sd","09:25:10",723400
5210,330,2000,"bu","09:25:10",715600
5210,330,7800,"bu","09:25:10",713600
5200,320,4000,"sd","09:25:08",705800
5200,320,3000,"sd","09:24:57",701800
5200,320,200,"bu","09:24:50",698800
5200,320,400,"bu","09:24:50",698600
5200,320,1000,"bu","09:24:50",698200
5200,320,1000,"bu","09:24:50",697200
5200,320,2000,"bu","09:24:50",696200
5200,320,1100,"bu","09:24:50",694200
5190,310,9500,"bu","09:24:50",693100
5190,310,100,"bu","09:24:49",683600
5190,310,1000,"bu","09:24:44",683500
5190,310,2000,"bu","09:24:42",682500
5190,310,1000,"sd","09:24:37",680500
5190,310,5000,"sd","09:24:37",679500
5190,310,1700,"sd","09:24:37",674500
5200,320,3900,"bu","09:24:27",672800
5200,320,1000,"bu","09:24:27",668900
5200,320,300,"bu","09:24:27",667900
5200,320,2000,"bu","09:24:26",667600
5200,320,200,"bu","09:24:26",665600
5200,320,1000,"bu","09:24:26",665400
5200,320,1000,"bu","09:24:26",664400
5200,320,100,"bu","09:24:26",663400
5200,320,100,"bu","09:24:26",663300
5200,320,500,"bu","09:24:26",663200
5200,320,900,"bu","09:24:26",662700
5200,320,500,"bu","09:24:26",661800
5200,320,500,"bu","09:24:26",661300
5190,310,800,"bu","09:24:18",660800
5190,310,4200,"bu","09:24:09",660000
5190,310,800,"bu","09:24:09",655800
5190,310,100,"bu","09:24:05",655000
5190,310,200,"sd","09:24:02",654900
5190,310,8900,"sd","09:24:02",654700
5190,310,700,"sd","09:24:02",645800
5190,310,1000,"sd","09:23:57",645100
5190,310,100,"sd","09:23:51",644100
5190,310,8000,"sd","09:23:50",644000
5190,310,1300,"sd","09:23:50",636000
5190,310,8700,"sd","09:23:50",634700
5200,320,3500,"bu","09:23:49",626000
5200,320,5000,"bu","09:23:49",622500
5200,320,3000,"bu","09:23:49",617500
5200,320,500,"bu","09:23:49",614500
5200,320,500,"bu","09:23:49",614000
5200,320,100,"bu","09:23:49",613500
5200,320,100,"bu","09:23:49",613400
5200,320,100,"bu","09:23:49",613300
5200,320,500,"bu","09:23:49",613200
5200,320,1000,"bu","09:23:49",612700
5200,320,3000,"bu","09:23:49",611700
5200,320,9300,"bu","09:23:49",608700
5200,320,2000,"bu","09:23:49",599400
5200,320,200,"bu","09:23:49",597400
5200,320,1200,"bu","09:23:49",597200
5190,310,1000,"bu","09:23:36",596000
5190,310,900,"bu","09:23:36",595000
5190,310,2000,"bu","09:23:36",594100
5190,310,17400,"bu","09:23:36",592100
5180,300,600,"sd","09:23:26",574700
5180,300,900,"sd","09:23:26",574100
5190,310,7100,"bu","09:23:01",573200
5180,300,2900,"bu","09:23:01",566100
5180,300,100,"bu","09:22:59",563200
5190,310,2700,"bu","09:22:54",563100
5180,300,2200,"bu","09:22:54",560400
5180,300,100,"bu","09:22:54",558200
5170,290,4300,"sd","09:22:54",558100
5180,300,5000,"sd","09:22:47",553800
5180,300,4900,"sd","09:22:47",548800
5190,310,3000,"bu","09:22:45",543900
5180,300,100,"sd","09:22:45",540900
5180,300,100,"bu","09:22:33",540800
5180,300,300,"bu","09:22:33",540700
5180,300,7000,"bu","09:22:32",540400
5180,300,3000,"bu","09:22:28",533400
5170,290,200,"sd","09:22:18",530400
5180,300,100,"bu","09:22:12",530200
5180,300,1700,"bu","09:22:11",530100
5180,300,1000,"bu","09:22:11",528400
5180,300,300,"bu","09:22:11",527400
5180,300,300,"bu","09:22:11",527100
5180,300,5300,"bu","09:22:11",526800
5180,300,1500,"bu","09:22:11",521500
5180,300,300,"bu","09:21:52",520000
5180,300,500,"bu","09:21:46",519700
5180,300,100,"bu","09:21:30",519200
5180,300,1000,"sd","09:21:29",519100
5180,300,6600,"sd","09:21:29",518100
5180,300,2300,"sd","09:21:29",511500
5180,300,1100,"sd","09:21:21",509200
5180,300,1800,"sd","09:21:21",508100
5180,300,100,"sd","09:21:03",506300
5180,300,400,"sd","09:20:52",506200
5180,300,1000,"sd","09:20:44",505800
5190,310,600,"bu","09:20:36",504800
5180,300,700,"sd","09:20:33",504200
5190,310,800,"bu","09:20:28",503500
5180,300,4000,"sd","09:20:24",502700
5180,300,1000,"sd","09:20:23",498700
5190,310,25000,"bu","09:20:19",497700
5180,300,2900,"sd","09:20:09",472700
5190,310,1000,"bu","09:20:02",469800
5180,300,2000,"sd","09:19:59",468800
5190,310,8000,"bu","09:19:58",466800
5180,300,100,"bu","09:19:56",458800
5180,300,200,"sd","09:19:45",458700
5180,300,200,"sd","09:19:45",458500
5180,300,300,"sd","09:19:41",458300
5200,320,100,"bu","09:19:25",458000
5200,320,600,"bu","09:19:01",457900
5200,320,4000,"bu","09:18:51",457300
5200,320,100,"bu","09:18:47",453300
5200,320,1000,"bu","09:18:22",453200
5200,320,300,"bu","09:18:11",452200
5200,320,2700,"bu","09:17:51",451900
5200,320,2000,"bu","09:17:51",449200
5190,310,2500,"bu","09:17:51",447200
5190,310,100,"bu","09:17:29",444700
5160,280,900,"sd","09:17:24",444600
5160,280,2500,"sd","09:17:23",443700
5170,290,100,"sd","09:17:23",441200
5170,290,400,"sd","09:17:23",441100
5200,320,1500,"bu","09:17:16",440700
5200,320,4300,"bu","09:17:16",439200
5200,320,500,"bu","09:17:16",434900
5200,320,5000,"bu","09:17:16",434400
5200,320,4500,"bu","09:17:16",429400
5200,320,4000,"bu","09:17:16",424900
5200,320,1500,"bu","09:17:16",420900
5190,310,200,"bu","09:17:16",419400
5190,310,5000,"bu","09:17:16",419200
5190,310,100,"bu","09:17:16",414200
5190,310,700,"bu","09:17:16",414100
5190,310,700,"bu","09:17:16",413400
5180,300,100,"bu","09:17:16",412700
5170,290,1900,"bu","09:17:16",412600
5170,290,100,"bu","09:17:11",410700
5160,280,21500,"sd","09:17:08",410600
5160,280,1000,"sd","09:16:52",389100
5160,280,6000,"sd","09:16:45",388100
5160,280,1800,"sd","09:16:27",382100
5160,280,900,"sd","09:16:25",380300
5160,280,5000,"sd","09:16:19",379400
5160,280,100,"bu","09:16:16",374400
5160,280,100,"bu","09:16:16",374300
5160,280,100,"bu","09:16:16",374200
5160,280,900,"bu","09:16:07",374100
5160,280,3000,"sd","09:15:49",373200
5160,280,100,"sd","09:15:49",370200
5160,280,200,"sd","09:15:49",370100
5200,320,2500,"bu","09:15:47",369900
5200,320,1000,"bu","09:15:47",367400
5190,310,1500,"bu","09:15:47",366400
5160,280,100,"sd","09:15:33",364900
5200,320,500,"bu","09:15:27",364800
5150,270,1000,"sd","09:15:05",364300
5210,330,363300,"unknown","09:15:00",363300
