"price","change","match_qtty","side","time","total_vol"
19150,50,16000,"sd","14:45:00",289800
19250,150,500,"sd","14:29:53",273800
19250,150,1000,"sd","14:29:11",273300
19300,200,100,"sd","14:29:11",272300
19250,150,2000,"sd","14:26:09",272200
19250,150,1000,"sd","14:26:09",270200
19500,400,400,"bu","14:21:07",269200
19500,400,100,"bu","14:21:07",268800
19200,100,500,"sd","14:20:32",268700
19200,100,400,"bu","14:18:56",268200
19200,100,100,"sd","14:18:42",267800
19200,100,1000,"sd","14:18:42",267700
19200,100,100,"sd","14:18:42",266700
19200,100,200,"sd","14:18:42",266500
19200,100,100,"sd","14:18:42",266600
19300,200,3300,"bu","14:17:40",266300
19300,200,500,"sd","14:16:56",263000
19300,200,500,"sd","14:16:47",262500
19300,200,100,"sd","14:16:47",262000
19300,200,400,"sd","14:16:47",261900
19300,200,100,"sd","14:16:36",261500
19300,200,100,"sd","14:16:36",261400
19300,200,200,"sd","14:16:36",261300
19300,200,100,"sd","14:16:36",261100
19350,250,100,"sd","14:16:32",261000
19350,250,100,"sd","14:16:32",260900
19350,250,900,"sd","14:16:32",260800
19350,250,500,"sd","14:16:14",259900
19350,250,300,"sd","14:16:14",259400
19400,300,500,"sd","14:15:34",259100
19400,300,500,"bu","14:15:32",258600
19400,300,800,"sd","14:15:20",258100
19400,300,200,"bu","14:14:27",257300
19400,300,900,"sd","14:14:10",257100
19400,300,100,"bu","14:14:08",256200
19400,300,100,"bu","14:13:43",256100
19400,300,1900,"bu","14:13:43",256000
19400,300,2100,"bu","14:13:39",254100
19400,300,2900,"bu","14:13:39",252000
19350,250,400,"sd","14:12:40",249100
19400,300,100,"sd","14:10:34",248700
19400,300,4200,"sd","14:10:34",248600
19400,300,1500,"sd","14:10:34",244400
19400,300,1300,"sd","14:10:34",242900
19400,300,1000,"sd","14:10:29",241600
19400,300,200,"sd","14:10:29",240600
19450,350,1000,"sd","14:10:12",240400
19450,350,300,"sd","14:10:12",239400
19450,350,100,"sd","14:10:12",239100
19450,350,100,"sd","14:10:12",239000
19500,400,1900,"bu","14:09:27",238900
19500,400,100,"bu","14:09:27",237000
19500,400,200,"sd","14:06:04",236900
19500,400,100,"sd","14:06:04",236700
19500,400,2000,"sd","14:04:57",236600
19500,400,7900,"sd","14:04:28",234600
19500,400,100,"sd","14:04:28",226700
19500,400,1700,"sd","14:04:28",226600
19500,400,100,"sd","14:04:28",224900
19500,400,200,"sd","14:04:28",224800
19500,400,500,"sd","14:04:28",224600
19500,400,1000,"sd","14:04:28",224100
19500,400,3400,"sd","14:04:28",223100
19550,450,100,"sd","14:04:28",219700
19550,450,100,"sd","14:04:10",219600
19550,450,900,"sd","14:04:10",219500
19550,450,100,"bu","14:03:15",218600
19550,450,500,"bu","14:03:15",218500
19550,450,100,"bu","14:03:15",218000
19550,450,500,"bu","14:01:15",217900
19550,450,100,"sd","14:00:24",217400
19550,450,300,"sd","14:00:24",217300
19600,500,100,"bu","13:58:20",217000
19500,400,100,"sd","13:57:44",216900
19600,500,1800,"bu","13:57:11",216800
19600,500,100,"bu","13:54:23",215000
19550,450,100,"bu","13:54:23",214900
19550,450,2000,"sd","13:54:01",214800
19550,450,2900,"sd","13:54:01",212800
19550,450,200,"sd","13:53:28",209900
19550,450,1000,"sd","13:52:03",209700
19600,500,100,"bu","13:50:57",208700
19550,450,100,"sd","13:50:45",208600
19550,450,800,"sd","13:50:41",208500
19550,450,200,"sd","13:50:41",207700
19550,450,1000,"sd","13:50:25",207500
19600,500,800,"bu","13:46:35",206500
19600,500,100,"bu","13:46:35",205700
19600,500,900,"bu","13:46:17",205600
19600,500,2000,"bu","13:46:17",204700
19600,500,100,"bu","13:46:17",202700
19550,450,1000,"sd","13:44:10",202600
19550,450,1000,"sd","13:44:10",201600
19600,500,1300,"bu","13:41:42",200600
19600,500,300,"bu","13:41:42",199300
19550,450,500,"bu","13:40:11",199000
19550,450,500,"bu","13:40:11",198500
19500,400,100,"sd","13:39:21",198000
19500,400,2000,"sd","13:33:51",197900
19500,400,200,"sd","13:33:09",195900
19500,400,100,"sd","13:31:38",195700
19500,400,2000,"sd","13:31:18",195600
19550,450,500,"bu","13:30:00",193600
19550,450,300,"sd","13:26:37",193100
19550,450,100,"sd","13:26:37",192800
19550,450,2000,"sd","13:26:37",192700
19550,450,1000,"sd","13:26:37",190700
19550,450,600,"sd","13:26:37",189700
19550,450,1000,"sd","13:26:29",189100
19550,450,1400,"sd","13:25:54",188100
19550,450,600,"sd","13:23:59",186700
19600,500,100,"sd","13:23:59",186100
19600,500,300,"sd","13:23:59",186000
19650,550,100,"bu","13:22:24",185700
19650,550,100,"bu","13:19:10",185600
19600,500,1000,"sd","13:18:43",185500
19600,500,600,"sd","13:18:19",184500
19600,500,100,"bu","13:12:41",183900
19600,500,500,"bu","13:12:14",183800
19600,500,400,"sd","13:12:04",183300
19600,500,100,"bu","13:11:33",182900
19600,500,400,"bu","13:10:43",182800
19600,500,200,"bu","13:10:38",182400
19600,500,1000,"bu","13:09:59",182200
19600,500,2000,"bu","13:09:15",181200
19600,500,1300,"sd","13:08:37",179200
19600,500,700,"sd","13:08:10",177900
19600,500,2600,"bu","13:04:50",177200
19600,500,1000,"bu","13:04:10",174600
19600,500,5400,"bu","13:04:10",173600
19550,450,2000,"sd","13:01:50",168200
19550,450,100,"sd","13:01:21",166200
19600,500,2600,"sd","13:00:45",166100
19600,500,100,"sd","13:00:45",163500
19600,500,100,"sd","13:00:45",163400
19600,500,200,"sd","13:00:00",163300
19600,500,200,"sd","13:00:00",163100
19600,500,4000,"bu","11:28:45",162900
19600,500,1000,"bu","11:28:15",158900
19600,500,100,"bu","11:27:13",157900
19600,500,2000,"bu","11:24:45",157800
19600,500,100,"sd","11:23:39",155800
19600,500,700,"bu","11:22:25",155700
19600,500,300,"bu","11:22:02",155000
19600,500,100,"bu","11:21:01",154700
19600,500,1000,"bu","11:21:01",154600
19550,450,100,"sd","11:20:46",153600
19550,450,600,"sd","11:11:04",153500
19600,500,100,"sd","11:11:04",152900
19600,500,300,"sd","11:11:04",152800
19650,550,2000,"bu","11:08:46",152500
19650,550,3000,"bu","11:08:46",150500
19650,550,200,"bu","11:08:46",147500
19650,550,300,"bu","11:08:46",147300
19650,550,1000,"bu","11:08:46",147000
19650,550,1600,"bu","11:08:46",146000
19650,550,100,"bu","11:08:46",144400
19650,550,1500,"bu","11:08:46",144300
19600,500,200,"sd","11:05:55",142800
19600,500,500,"sd","11:05:43",142600
19600,500,7000,"bu","11:05:43",142100
19600,500,200,"bu","11:05:43",135100
19600,500,1000,"bu","11:05:42",134900
19600,500,200,"bu","11:05:42",133900
19600,500,300,"bu","11:05:42",133700
19600,500,500,"bu","11:05:42",133400
19600,500,500,"bu","11:05:42",132900
19600,500,300,"bu","11:05:42",132400
19550,450,300,"sd","11:04:56",132100
19550,450,300,"sd","11:00:49",131800
19550,450,100,"sd","11:00:49",131500
19550,450,600,"sd","11:00:49",131400
19550,450,500,"sd","10:59:02",130800
19550,450,400,"sd","10:58:03",130300
19550,450,1000,"sd","10:57:06",129900
19550,450,500,"sd","10:53:46",128900
19600,500,500,"bu","10:50:44",128400
19600,500,2000,"bu","10:50:44",127900
19600,500,200,"bu","10:50:44",125900
19600,500,300,"bu","10:50:44",125700
19600,500,100,"bu","10:49:05",125400
19550,450,600,"sd","10:45:24",125300
19550,450,100,"sd","10:43:27",124700
19550,450,2000,"sd","10:42:33",124600
19550,450,2000,"sd","10:42:15",122600
19600,500,100,"bu","10:42:14",120600
19550,450,100,"sd","10:40:07",120500
19600,500,500,"bu","10:38:50",120400
19600,500,1000,"bu","10:38:50",119900
19600,500,100,"bu","10:38:50",118900
19650,550,200,"bu","10:33:42",118800
19650,550,100,"bu","10:33:42",118600
19650,550,500,"bu","10:33:42",118500
19650,550,500,"bu","10:33:42",118000
19600,500,100,"bu","10:33:42",117500
19650,550,100,"bu","10:33:42",117400
19600,500,3000,"bu","10:33:42",117300
19650,550,100,"bu","10:33:42",114300
19600,500,100,"bu","10:33:42",114200
19650,550,100,"bu","10:33:42",114100
19650,550,100,"bu","10:33:42",114000
19650,550,100,"bu","10:33:42",113900
19550,450,200,"sd","10:33:38",113800
19550,450,100,"sd","10:33:38",113600
19550,450,100,"sd","10:32:32",113500
19600,500,100,"sd","10:31:05",113400
19600,500,200,"sd","10:29:29",113300
19600,500,1000,"sd","10:29:26",113100
19600,500,100,"sd","10:29:14",112100
19600,500,1000,"sd","10:29:02",112000
19600,500,100,"bu","10:28:31",111000
19600,500,1000,"bu","10:28:31",110900
19600,500,6500,"bu","10:28:31",109900
19600,500,1800,"sd","10:25:06",103400
19600,500,1000,"sd","10:24:16",101600
19600,500,200,"sd","10:24:13",100600
19650,550,200,"bu","10:23:31",100400
19650,550,400,"bu","10:23:31",100200
19600,500,1000,"bu","10:23:31",99800
19600,500,500,"sd","10:21:50",98800
19600,500,300,"sd","10:21:11",98300
19600,500,300,"bu","10:20:43",98000
19600,500,500,"bu","10:20:43",97700
19600,500,200,"bu","10:20:43",97200
19600,500,600,"bu","10:20:43",97000
19600,500,100,"bu","10:20:43",96400
19600,500,1000,"bu","10:20:43",96300
19600,500,700,"bu","10:20:43",95300
19600,500,2000,"bu","10:20:43",94600
19600,500,600,"bu","10:20:43",92600
19600,500,15000,"bu","10:20:43",92000
19600,500,300,"bu","10:20:43",77000
19600,500,400,"bu","10:20:43",76700
19600,500,100,"bu","10:20:43",76300
19600,500,200,"bu","10:20:43",76200
19600,500,400,"bu","10:20:43",76000
19600,500,100,"bu","10:20:43",75600
19600,500,100,"bu","10:20:43",75500
19550,450,100,"bu","10:20:43",75400
19550,450,100,"bu","10:20:43",75300
19550,450,1000,"bu","10:20:43",75200
19550,450,100,"bu","10:20:43",74200
19550,450,200,"bu","10:20:43",74100
19550,450,100,"bu","10:20:43",73900
19500,400,200,"sd","10:20:02",73800
19500,400,100,"sd","10:19:23",73600
19500,400,400,"bu","10:17:06",73500
19500,400,4000,"bu","10:17:06",73100
19500,400,100,"bu","10:17:06",69100
19500,400,1100,"bu","10:17:06",69000
19500,400,300,"bu","10:17:06",67900
19500,400,900,"bu","10:17:06",67600
19500,400,100,"bu","10:11:03",66700
19500,400,1000,"bu","10:10:48",66600
19500,400,500,"bu","10:09:43",65600
19500,400,500,"bu","10:08:26",65100
19500,400,600,"bu","10:08:26",64600
19500,400,100,"bu","10:08:26",64000
19500,400,100,"bu","10:08:26",63900
19500,400,300,"bu","10:08:26",63800
19500,400,400,"bu","10:08:26",63500
19500,400,600,"bu","10:08:10",63100
19500,400,1000,"bu","10:08:10",62500
19500,400,400,"bu","10:08:10",61500
19450,350,200,"sd","10:04:24",61100
19450,350,300,"sd","10:03:58",60900
19450,350,200,"bu","10:01:56",60600
19400,300,1700,"sd","10:01:45",60400
19400,300,100,"sd","10:01:45",58700
19400,300,100,"sd","10:01:45",58600
19400,300,1100,"sd","10:01:45",58500
19400,300,500,"sd","09:59:59",57400
19500,400,500,"bu","09:55:52",56900
19400,300,400,"sd","09:53:35",56400
19400,300,500,"sd","09:53:35",56000
19400,300,100,"sd","09:53:35",55500
19450,350,100,"sd","09:53:23",55400
19450,350,500,"sd","09:53:23",55300
19500,400,900,"sd","09:51:48",54800
19500,400,3300,"sd","09:51:48",53900
19500,400,1000,"sd","09:51:09",50600
19500,400,1000,"sd","09:50:29",49600
19550,450,200,"bu","09:50:01",48600
19550,450,100,"bu","09:49:39",48400
19550,450,500,"bu","09:49:02",48300
19500,400,500,"sd","09:47:14",47800
19500,400,200,"sd","09:47:01",47300
19500,400,1000,"sd","09:47:01",47100
19500,400,2000,"bu","09:46:48",46100
19450,350,200,"unknown","09:45:30",44100
19450,350,300,"unknown","09:45:30",43900
19450,350,300,"bu","09:45:10",43600
19450,350,100,"sd","09:40:54",43300
19450,350,300,"sd","09:40:54",43200
19450,350,100,"sd","09:40:52",42900
19450,350,600,"sd","09:40:07",42800
19450,350,200,"sd","09:40:07",42200
19500,400,7000,"bu","09:38:21",42000
19500,400,1000,"bu","09:38:21",35000
19500,400,2000,"bu","09:38:21",34000
19500,400,500,"bu","09:38:11",32000
19500,400,100,"sd","09:36:57",31500
19500,400,400,"sd","09:36:55",31400
19500,400,100,"sd","09:36:55",31000
19550,450,100,"bu","09:36:32",30900
19600,500,300,"bu","09:34:22",30800
19600,500,100,"bu","09:31:50",30500
19600,500,200,"bu","09:31:50",30400
19600,500,100,"bu","09:31:50",30200
19600,500,500,"bu","09:31:50",30100
19600,500,2000,"bu","09:31:50",29600
19600,500,2100,"bu","09:31:50",27600
19600,500,100,"bu","09:31:29",25500
19600,500,400,"bu","09:31:17",25400
19600,500,600,"bu","09:31:17",25000
19600,500,900,"bu","09:30:59",24400
19550,450,100,"bu","09:30:59",23500
19500,400,10000,"bu","09:30:48",23400
19500,400,4900,"bu","09:30:48",13400
19450,350,500,"sd","09:29:58",8500
19450,350,500,"bu","09:29:53",8000
19450,350,2200,"bu","09:29:45",7500
19450,350,200,"bu","09:29:43",5300
19450,350,400,"bu","09:28:50",5100
19450,350,500,"bu","09:27:53",4700
19300,200,200,"sd","09:26:47",4200
19450,350,300,"bu","09:26:16",4000
19450,350,100,"bu","09:25:37",3700
19500,400,100,"bu","09:23:03",3600
19600,500,100,"bu","09:17:00",3500
19600,500,400,"bu","09:17:00",3400
19500,400,900,"sd","09:16:24",3000
19600,500,500,"bu","09:16:09",2100
19650,550,1500,"bu","09:15:18",1600
19500,400,100,"sd","09:15:02",100
