"price","change","match_qtty","side","time","total_vol"
24500,-2200,10000,"sd","14:58:13",873700
24600,-2100,3100,"sd","14:57:45",863700
24600,-2100,300,"bu","14:57:12",860600
24600,-2100,100,"bu","14:56:52",860300
24600,-2100,800,"bu","14:56:11",860200
24600,-2100,200,"bu","14:55:51",859400
24500,-2200,600,"sd","14:55:01",859200
24600,-2100,500,"bu","14:54:53",858600
24600,-2100,100,"unknown","14:53:46",858100
24600,-2100,100,"unknown","14:52:17",858000
24600,-2100,1000,"bu","14:51:56",857900
24600,-2100,200,"bu","14:51:54",856900
24600,-2100,200,"bu","14:51:53",856700
24600,-2100,500,"bu","14:51:46",856500
24600,-2100,500,"bu","14:50:51",856000
24500,-2200,800,"sd","14:50:27",855500
24500,-2200,500,"bu","14:49:57",854700
24500,-2200,500,"bu","14:49:54",854200
24500,-2200,300,"bu","14:49:49",853700
24500,-2200,4000,"bu","14:49:43",853400
24500,-2200,300,"bu","14:49:40",849400
24500,-2200,2000,"bu","14:49:37",849100
24500,-2200,3100,"bu","14:49:13",847100
24500,-2200,2000,"bu","14:48:39",844000
24400,-2300,1000,"sd","14:46:56",842000
24400,-2300,1200,"sd","14:45:22",841000
24400,-2300,500,"bu","14:45:14",839800
24400,-2300,500,"bu","14:44:45",839300
24400,-2300,2000,"bu","14:44:26",838800
24400,-2300,500,"bu","14:44:22",836800
24400,-2300,100,"bu","14:44:20",836300
24400,-2300,100,"bu","14:42:23",836200
24300,-2400,100,"sd","14:41:44",836100
24400,-2300,1000,"unknown","14:41:35",836000
24400,-2300,200,"bu","14:41:25",835000
24400,-2300,400,"bu","14:41:09",834800
24400,-2300,1700,"bu","14:41:07",834400
24400,-2300,100,"sd","14:40:19",832700
24400,-2300,3000,"sd","14:40:08",832600
24500,-2200,100,"bu","14:38:10",829600
24500,-2200,5000,"bu","14:37:03",829500
24500,-2200,300,"bu","14:34:36",824500
24500,-2200,500,"bu","14:34:16",824200
24500,-2200,300,"bu","14:33:48",823700
24500,-2200,3000,"bu","14:33:20",823400
24500,-2200,100,"bu","14:31:42",820400
24500,-2200,300,"bu","14:30:43",820300
24500,-2200,2500,"bu","14:30:39",820000
24500,-2200,100,"bu","14:30:38",817500
24500,-2200,400,"bu","14:30:30",817400
24500,-2200,2000,"bu","14:29:30",817000
24400,-2300,500,"sd","14:29:24",815000
24400,-2300,1000,"sd","14:28:10",814500
24400,-2300,3000,"sd","14:27:26",813500
24500,-2200,200,"bu","14:26:43",810500
24500,-2200,200,"bu","14:25:41",810300
24500,-2200,800,"bu","14:24:45",810100
24500,-2200,100,"bu","14:24:28",809300
24400,-2300,100,"sd","14:23:50",809200
24400,-2300,1000,"sd","14:23:23",809100
24500,-2200,100,"bu","14:23:10",808100
24500,-2200,100,"bu","14:22:30",808000
24500,-2200,500,"bu","14:21:07",807900
24500,-2200,100,"bu","14:21:00",807400
24500,-2200,100,"bu","14:20:57",807300
24500,-2200,100,"bu","14:20:56",807200
24400,-2300,1300,"sd","14:20:37",807100
24500,-2200,100,"bu","14:20:13",805800
24500,-2200,100,"bu","14:19:38",805700
24500,-2200,1000,"bu","14:19:31",805600
24400,-2300,1000,"sd","14:19:12",804600
24400,-2300,800,"sd","14:19:01",803600
24400,-2300,500,"sd","14:17:29",802800
24500,-2200,300,"bu","14:17:11",802300
24500,-2200,1000,"bu","14:16:32",802000
24500,-2200,500,"sd","14:16:22",801000
24500,-2200,100,"sd","14:16:19",800500
24500,-2200,10000,"sd","14:16:11",800400
24500,-2200,1100,"sd","14:16:04",790400
24500,-2200,500,"sd","14:15:35",789300
24500,-2200,600,"sd","14:14:59",788800
24600,-2100,4200,"sd","14:14:24",788200
24600,-2100,300,"sd","14:13:32",784000
24600,-2100,200,"sd","14:13:12",783700
24700,-2000,200,"bu","14:12:56",783500
24700,-2000,100,"bu","14:11:33",783300
24700,-2000,500,"bu","14:11:18",783200
24700,-2000,500,"bu","14:10:07",782700
24700,-2000,3000,"bu","14:07:44",782200
24600,-2100,200,"sd","14:07:35",779200
24600,-2100,500,"sd","14:07:29",779000
24600,-2100,1000,"sd","14:07:25",778500
24600,-2100,800,"sd","14:07:19",777500
24600,-2100,400,"sd","14:07:14",776700
24600,-2100,7000,"sd","14:07:08",776300
24700,-2000,500,"bu","14:06:46",769300
24700,-2000,100,"bu","14:06:19",768800
24700,-2000,100,"bu","14:05:41",768700
24700,-2000,200,"bu","14:05:28",768600
24700,-2000,100,"bu","14:04:24",768400
24700,-2000,300,"sd","14:03:45",768300
24600,-2100,5000,"sd","14:02:59",768000
24700,-2000,500,"sd","14:01:51",763000
24700,-2000,1000,"sd","14:01:02",762500
24800,-1900,500,"bu","13:59:41",761500
24800,-1900,500,"bu","13:59:21",761000
24800,-1900,500,"bu","13:59:10",760500
24800,-1900,100,"bu","13:58:28",760000
24800,-1900,1000,"bu","13:53:28",759900
24700,-2000,500,"sd","13:53:04",758900
24700,-2000,1000,"sd","13:52:34",758400
24700,-2000,1000,"unknown","13:52:23",757400
24700,-2000,1000,"unknown","13:52:09",756400
24700,-2000,4800,"sd","13:51:55",755400
24800,-1900,500,"bu","13:51:54",750600
24700,-2000,16000,"sd","13:51:42",750100
24700,-2000,4400,"sd","13:51:41",734100
24800,-1900,500,"bu","13:50:22",729700
24800,-1900,100,"bu","13:49:49",729200
24800,-1900,100,"bu","13:49:46",729100
24800,-1900,500,"bu","13:49:44",729000
24800,-1900,1000,"bu","13:49:14",728500
24800,-1900,100,"bu","13:48:24",727500
24800,-1900,1000,"bu","13:48:09",727400
24800,-1900,100,"bu","13:48:01",726400
24800,-1900,200,"bu","13:47:54",726300
24800,-1900,500,"bu","13:47:45",726100
24800,-1900,100,"bu","13:47:37",725600
24800,-1900,100,"bu","13:46:00",725500
24800,-1900,1800,"sd","13:45:20",725400
24800,-1900,6000,"sd","13:45:05",723600
24800,-1900,1000,"sd","13:44:53",717600
24800,-1900,4800,"sd","13:43:25",716600
24800,-1900,100,"sd","13:43:04",711800
24800,-1900,500,"sd","13:41:53",711700
24900,-1800,400,"bu","13:40:28",711200
24900,-1800,900,"bu","13:40:13",710800
24900,-1800,700,"bu","13:40:04",709900
24800,-1900,3700,"sd","13:40:03",709200
24900,-1800,100,"bu","13:39:34",705500
24900,-1800,100,"bu","13:38:26",705400
24900,-1800,200,"bu","13:38:20",705300
24900,-1800,100,"bu","13:37:27",705100
24900,-1800,500,"bu","13:37:17",705000
24900,-1800,100,"bu","13:36:58",704500
24900,-1800,900,"bu","13:36:36",704400
24900,-1800,1000,"bu","13:36:11",703500
24800,-1900,3300,"sd","13:35:59",702500
24800,-1900,5000,"sd","13:34:56",699200
24800,-1900,100,"sd","13:34:00",694200
24800,-1900,400,"sd","13:33:32",694100
24800,-1900,4700,"sd","13:32:30",693700
24700,-2000,1000,"sd","13:32:13",689000
24800,-1900,100,"bu","13:32:07",688000
24800,-1900,1000,"bu","13:31:44",687900
24800,-1900,200,"bu","13:30:26",686900
24800,-1900,200,"bu","13:30:14",686700
24800,-1900,1000,"bu","13:30:06",686500
24800,-1900,100,"bu","13:29:08",685500
24800,-1900,1000,"bu","13:29:07",685400
24800,-1900,1000,"sd","13:27:51",684400
24900,-1800,2500,"sd","13:23:17",683400
24900,-1800,100,"bu","13:21:05",680900
24900,-1800,600,"bu","13:20:22",680800
24700,-2000,200,"sd","13:18:25",680200
24700,-2000,3800,"sd","13:17:23",680000
25100,-1600,1500,"bu","13:15:05",676200
25000,-1700,100,"bu","13:14:58",674700
25000,-1700,2000,"bu","13:14:46",674600
25000,-1700,500,"bu","13:13:56",672600
24700,-2000,300,"bu","13:12:54",672100
24700,-2000,200,"bu","13:12:33",671800
24700,-2000,2500,"sd","13:12:32",671600
24700,-2000,3000,"bu","13:11:46",669100
24700,-2000,400,"bu","13:11:00",666100
24700,-2000,500,"bu","13:10:53",665700
24700,-2000,100,"bu","13:10:50",665200
24700,-2000,200,"bu","13:10:32",665100
24700,-2000,500,"unknown","13:10:22",664900
24700,-2000,200,"unknown","13:10:21",664400
24700,-2000,3600,"sd","13:09:51",664200
24700,-2000,1700,"sd","13:09:47",660600
24800,-1900,300,"bu","13:09:37",658900
24800,-1900,2000,"bu","13:09:32",658600
24800,-1900,1000,"bu","13:09:28",656600
24800,-1900,100,"bu","13:09:10",655600
24800,-1900,1000,"unknown","13:09:02",655500
24800,-1900,1000,"bu","13:08:50",654500
24700,-2000,2700,"sd","13:08:46",653500
24800,-1900,1000,"bu","13:08:43",650800
24800,-1900,700,"sd","13:07:46",649800
24800,-1900,200,"sd","13:07:38",649100
24800,-1900,3700,"sd","13:07:22",648900
24900,-1800,200,"bu","13:07:03",645200
24900,-1800,3200,"sd","13:06:56",645000
24900,-1800,1000,"sd","13:05:45",641800
24900,-1800,1000,"sd","13:05:28",640800
24900,-1800,900,"bu","13:04:54",639800
24900,-1800,3000,"sd","13:04:49",638900
24900,-1800,700,"sd","13:04:27",635900
24900,-1800,500,"sd","13:04:16",635200
24900,-1800,8000,"sd","13:04:05",634700
24900,-1800,600,"bu","13:04:04",626700
24800,-1900,3000,"sd","13:03:57",626100
24900,-1800,500,"sd","13:03:47",623100
24900,-1800,2000,"sd","13:03:23",622600
25000,-1700,800,"bu","13:02:48",620600
25000,-1700,2900,"sd","13:01:33",619800
25000,-1700,300,"sd","13:00:05",616900
25000,-1700,6600,"sd","13:00:04",616600
25100,-1600,2000,"bu","13:00:03",610000
25100,-1600,2000,"bu","13:00:02",608000
25100,-1600,8100,"bu","11:27:10",606000
25100,-1600,100,"bu","11:23:28",597900
25000,-1700,8000,"sd","11:23:26",597800
25000,-1700,3700,"sd","11:22:24",589800
25100,-1600,4900,"sd","11:21:59",586100
25100,-1600,5000,"sd","11:21:58",581200
25100,-1600,10000,"sd","11:21:49",576200
25300,-1400,200,"bu","11:21:04",566200
25200,-1500,100,"bu","11:20:31",566000
25100,-1600,600,"sd","11:14:48",565900
25200,-1500,2000,"bu","11:13:03",565300
25200,-1500,3000,"bu","11:08:06",563300
25100,-1600,300,"sd","11:07:28",560300
25200,-1500,500,"bu","11:05:01",560000
25100,-1600,100,"sd","11:04:20",559500
25100,-1600,300,"sd","11:04:18",559400
25100,-1600,13000,"sd","11:03:11",559100
25200,-1500,1000,"bu","11:01:08",546100
25200,-1500,200,"bu","10:59:44",545100
25200,-1500,400,"bu","10:58:44",544900
25200,-1500,700,"sd","10:57:52",544500
25200,-1500,2300,"bu","10:57:38",543800
25200,-1500,200,"sd","10:52:53",541500
25200,-1500,500,"sd","10:52:45",541300
25200,-1500,500,"sd","10:52:22",540800
25200,-1500,1400,"sd","10:50:22",540300
25200,-1500,300,"sd","10:47:06",538900
25200,-1500,100,"sd","10:46:46",538600
25200,-1500,1000,"sd","10:46:40",538500
25300,-1400,100,"bu","10:42:51",537500
25300,-1400,100,"bu","10:41:58",537400
25300,-1400,200,"bu","10:41:56",537300
25300,-1400,200,"bu","10:39:37",537100
25300,-1400,1000,"bu","10:39:31",536900
25300,-1400,1000,"bu","10:37:07",535900
25300,-1400,200,"bu","10:36:43",534900
25300,-1400,1800,"bu","10:35:13",534700
25300,-1400,200,"bu","10:35:01",532900
25300,-1400,500,"bu","10:34:59",532700
25300,-1400,100,"bu","10:33:28",532200
25300,-1400,400,"bu","10:33:27",532100
25300,-1400,500,"bu","10:33:15",531700
25300,-1400,400,"bu","10:32:17",531200
25300,-1400,100,"sd","10:32:05",530800
25300,-1400,500,"bu","10:31:36",530700
25300,-1400,4000,"bu","10:30:39",530200
25300,-1400,100,"bu","10:28:09",526200
25300,-1400,3300,"bu","10:27:59",526100
25400,-1300,2000,"bu","10:27:05",522800
25400,-1300,100,"bu","10:25:55",520800
25300,-1400,200,"sd","10:25:23",520700
25300,-1400,700,"bu","10:25:13",520500
25300,-1400,100,"bu","10:25:05",519800
25300,-1400,400,"bu","10:23:15",519700
25300,-1400,2000,"bu","10:22:50",519300
25300,-1400,500,"bu","10:22:41",517300
25300,-1400,100,"bu","10:21:55",516800
25300,-1400,500,"bu","10:21:37",516700
25300,-1400,500,"bu","10:21:09",516200
25300,-1400,700,"bu","10:20:41",515700
25300,-1400,3200,"bu","10:19:52",515000
25200,-1500,3600,"bu","10:19:08",511800
25200,-1500,600,"bu","10:17:37",508200
25200,-1500,100,"bu","10:13:49",507600
25200,-1500,100,"bu","10:12:08",507500
25200,-1500,500,"bu","10:11:32",507400
25200,-1500,300,"bu","10:10:10",506900
25200,-1500,3700,"bu","10:09:26",506600
25200,-1500,1000,"bu","10:06:46",502900
25100,-1600,200,"sd","10:06:41",501900
25100,-1600,2200,"bu","10:05:59",501700
25100,-1600,1700,"bu","10:05:37",499500
25000,-1700,200,"bu","10:05:03",497800
25000,-1700,100,"bu","10:04:47",497600
24900,-1800,300,"sd","10:04:17",497500
24900,-1800,1000,"sd","10:03:53",497200
24900,-1800,1500,"sd","10:03:40",496200
25000,-1700,700,"sd","10:03:01",494700
25000,-1700,800,"sd","10:02:36",494000
25000,-1700,1800,"sd","10:02:26",493200
25000,-1700,1800,"sd","10:01:30",491400
25000,-1700,100,"bu","09:59:56",489600
25000,-1700,1900,"sd","09:59:46",489500
25000,-1700,5000,"sd","09:59:20",487600
25000,-1700,200,"sd","09:59:01",482600
25100,-1600,100,"bu","09:58:07",482400
25100,-1600,100,"bu","09:57:36",482300
25200,-1500,100,"bu","09:54:55",482200
25000,-1700,7000,"sd","09:54:33",482100
25000,-1700,1000,"sd","09:54:23",475100
25000,-1700,700,"sd","09:53:48",474100
25000,-1700,1000,"sd","09:51:55",473400
25000,-1700,20200,"sd","09:51:16",472400
25200,-1500,400,"bu","09:51:06",452200
25200,-1500,100,"bu","09:49:47",451800
25200,-1500,100,"bu","09:49:27",451700
25100,-1600,1900,"sd","09:48:40",451600
25100,-1600,2800,"sd","09:47:47",449700
25100,-1600,100,"bu","09:46:16",446900
25100,-1600,10100,"bu","09:46:05",446800
25100,-1600,2500,"sd","09:45:58",436700
25100,-1600,5800,"sd","09:44:48",434200
25200,-1500,900,"sd","09:43:32",428400
25200,-1500,300,"bu","09:43:30",427500
25200,-1500,100,"bu","09:42:54",427200
25200,-1500,500,"bu","09:42:05",427100
25100,-1600,5000,"sd","09:41:56",426600
25200,-1500,600,"bu","09:41:02",421600
25300,-1400,200,"bu","09:40:25",421000
25300,-1400,100,"bu","09:39:57",420800
25300,-1400,100,"bu","09:39:33",420700
25300,-1400,400,"unknown","09:38:35",420600
25300,-1400,100,"sd","09:37:09",420200
25300,-1400,1500,"bu","09:37:04",420100
25300,-1400,500,"bu","09:35:26",418600
25200,-1500,200,"sd","09:35:05",418100
25200,-1500,300,"bu","09:34:31",417900
25200,-1500,1100,"bu","09:34:16",417600
25200,-1500,200,"bu","09:33:58",416500
25100,-1600,1000,"sd","09:33:19",416300
25100,-1600,700,"sd","09:32:59",415300
25100,-1600,100,"sd","09:32:10",414600
25000,-1700,4000,"sd","09:31:51",414500
25100,-1600,200,"sd","09:31:36",410500
25000,-1700,5000,"sd","09:31:20",410300
25000,-1700,8800,"sd","09:30:56",405300
25100,-1600,800,"bu","09:30:46",396500
25200,-1500,100,"bu","09:30:33",395700
25100,-1600,5000,"sd","09:30:20",395600
25200,-1500,400,"sd","09:30:09",390600
25200,-1500,1000,"sd","09:29:53",390200
25300,-1400,100,"bu","09:29:29",389200
25300,-1400,1200,"sd","09:29:10",389100
25400,-1300,100,"bu","09:28:53",387900
25400,-1300,300,"unknown","09:27:54",387800
25400,-1300,3800,"unknown","09:26:54",387500
25400,-1300,1000,"bu","09:26:41",383700
25400,-1300,900,"bu","09:26:27",382700
25400,-1300,300,"bu","09:26:18",381800
25400,-1300,100,"bu","09:26:00",381500
25400,-1300,100,"bu","09:25:30",381400
25400,-1300,600,"bu","09:24:28",381300
25400,-1300,1100,"bu","09:24:11",380700
25400,-1300,500,"bu","09:23:40",379600
25200,-1500,1500,"sd","09:23:19",379100
25400,-1300,500,"sd","09:22:54",377600
25500,-1200,500,"bu","09:22:51",377100
25500,-1200,100,"bu","09:21:54",376600
25500,-1200,7500,"sd","09:21:53",376500
25500,-1200,2000,"sd","09:21:45",369000
25600,-1100,300,"bu","09:20:39",367000
25600,-1100,100,"sd","09:20:38",366700
25700,-1000,5000,"bu","09:20:13",366600
25600,-1100,2000,"bu","09:20:08",361600
25600,-1100,100,"bu","09:20:05",359600
25600,-1100,100,"bu","09:19:49",359500
25500,-1200,12000,"sd","09:19:02",359400
25500,-1200,8300,"sd","09:18:41",347400
25400,-1300,3600,"sd","09:18:37",339100
25400,-1300,400,"sd","09:18:03",335500
25400,-1300,100,"sd","09:17:44",335100
25400,-1300,1200,"bu","09:17:30",335000
25400,-1300,100,"bu","09:17:24",333800
25400,-1300,100,"bu","09:17:22",333700
25400,-1300,100,"bu","09:17:13",333600
25300,-1400,100,"sd","09:17:06",333500
25300,-1400,200,"sd","09:16:53",333400
25300,-1400,300,"bu","09:16:42",333200
25300,-1400,100,"bu","09:16:41",332900
25300,-1400,1400,"sd","09:16:30",332800
25400,-1300,1000,"bu","09:16:19",331400
25300,-1400,600,"bu","09:16:13",330400
25400,-1300,400,"bu","09:16:02",329800
25400,-1300,1000,"sd","09:15:53",329400
25400,-1300,1000,"sd","09:15:49",328400
25400,-1300,2600,"sd","09:15:48",327400
25200,-1500,3000,"sd","09:15:35",324800
25400,-1300,100,"bu","09:14:37",321800
25100,-1600,1000,"sd","09:13:59",321700
25300,-1400,4500,"sd","09:13:44",320700
25300,-1400,2000,"sd","09:13:12",316200
25400,-1300,400,"bu","09:13:06",314200
25400,-1300,500,"bu","09:13:03",313800
25400,-1300,500,"bu","09:13:00",313300
25400,-1300,1400,"bu","09:12:50",312800
25400,-1300,2500,"sd","09:12:43",311400
25400,-1300,1000,"sd","09:12:39",308900
25400,-1300,1500,"sd","09:12:27",307900
25400,-1300,500,"bu","09:12:25",306400
25400,-1300,500,"bu","09:12:00",305900
25400,-1300,500,"sd","09:11:57",305400
25500,-1200,2000,"bu","09:11:54",304900
25400,-1300,200,"bu","09:11:45",302900
25400,-1300,100,"bu","09:11:38",302700
25400,-1300,300,"bu","09:11:30",302600
25400,-1300,100,"bu","09:11:17",302300
25400,-1300,1000,"bu","09:10:53",302200
25100,-1600,2400,"sd","09:08:49",301200
25600,-1100,500,"bu","09:08:30",298800
25000,-1700,8700,"bu","09:07:23",298300
25000,-1700,1000,"bu","09:07:22",289600
25000,-1700,2000,"bu","09:07:19",288600
25000,-1700,300,"bu","09:07:18",286600
25000,-1700,1000,"bu","09:07:17",286300
25000,-1700,1000,"bu","09:07:16",285300
25000,-1700,3000,"bu","09:07:15",284300
25000,-1700,26300,"bu","09:07:13",281300
25000,-1700,300,"bu","09:07:12",255000
25000,-1700,2600,"bu","09:07:10",254700
25000,-1700,6000,"bu","09:07:09",252100
25000,-1700,2000,"bu","09:07:06",246100
25000,-1700,300,"bu","09:07:04",244100
25000,-1700,1800,"bu","09:07:02",243800
25000,-1700,5000,"bu","09:07:01",242000
25000,-1700,100,"bu","09:07:00",237000
25000,-1700,26700,"bu","09:06:58",236900
25000,-1700,5000,"bu","09:06:55",210200
25000,-1700,5900,"bu","09:06:48",205200
25000,-1700,5000,"bu","09:06:45",199300
25000,-1700,400,"bu","09:06:43",194300
25000,-1700,26200,"bu","09:06:41",193900
25000,-1700,5000,"bu","09:06:40",167700
25000,-1700,6800,"bu","09:06:35",162700
25000,-1700,200,"bu","09:06:32",155900
25000,-1700,26200,"bu","09:06:23",155700
24900,-1800,200,"bu","09:06:13",129500
25000,-1700,26200,"bu","09:06:05",129300
24900,-1800,1000,"bu","09:06:01",103100
24800,-1900,1000,"sd","09:05:49",102100
24700,-2000,1000,"sd","09:05:46",101100
24800,-1900,3500,"bu","09:05:41",100100
24700,-2000,500,"sd","09:05:33",96600
24800,-1900,3500,"bu","09:05:31",96100
24700,-2000,400,"sd","09:05:13",92600
24600,-2100,1900,"sd","09:04:48",92200
24600,-2100,100,"bu","09:04:30",90300
24600,-2100,1000,"sd","09:04:10",90200
24600,-2100,500,"sd","09:03:59",89200
24000,-2700,2000,"sd","09:02:37",88700
24000,-2700,300,"sd","09:02:26",86700
24000,-2700,100,"bu","09:02:25",86400
24000,-2700,100,"bu","09:02:22",86300
24000,-2700,800,"bu","09:02:19",86200
24000,-2700,1500,"bu","09:02:18",85400
24000,-2700,100,"bu","09:02:17",83900
24000,-2700,12100,"bu","09:02:16",83800
24400,-2300,900,"sd","09:02:09",71700
24000,-2700,2000,"sd","09:01:41",70800
24000,-2700,600,"sd","09:01:21",68800
24000,-2700,4400,"sd","09:01:18",68200
25000,-1700,800,"bu","09:00:46",63800
24000,-2700,900,"sd","09:00:39",63000
24000,-2700,3700,"sd","09:00:34",62100
24000,-2700,1300,"bu","09:00:33",58400
23400,-3300,4800,"sd","09:00:27",57100
24100,-2600,6900,"bu","09:00:22",52300
23500,-3200,2300,"sd","09:00:19",45400
24000,-2700,500,"bu","09:00:16",43100
25000,-1700,500,"bu","09:00:14",42600
25000,-1700,7000,"bu","09:00:13",42100
23200,-3500,1500,"unknown","09:00:12",35100
24300,-2400,1500,"sd","09:00:09",33600
24600,-2100,18300,"bu","09:00:06",32100
24500,-2200,9000,"bu","09:00:05",13800
26000,-700,4800,"bu","09:00:03",4800
