"price","change","match_qtty","side","time","total_vol"
8930,80,44400,"unknown","14:45:00",1786900
8920,70,500,"sd","14:29:32",1742500
8920,70,2700,"sd","14:29:26",1742000
8920,70,2000,"sd","14:29:25",1739300
8930,80,5700,"bu","14:29:24",1737300
8930,80,2500,"bu","14:29:18",1731600
8920,70,100,"sd","14:29:16",1729100
8920,70,9900,"sd","14:29:16",1729000
8920,70,800,"sd","14:29:16",1719100
8930,80,1000,"bu","14:29:12",1718300
8930,80,1900,"bu","14:29:12",1717300
8930,80,2200,"bu","14:29:12",1715400
8930,80,200,"bu","14:29:03",1713200
8930,80,5900,"bu","14:29:03",1713000
8930,80,2900,"bu","14:29:03",1707100
8930,80,2300,"bu","14:28:58",1704200
8930,80,5900,"bu","14:28:52",1701900
8930,80,500,"bu","14:28:51",1696000
8930,80,3000,"bu","14:28:33",1695500
8920,70,2700,"bu","14:28:22",1692500
8920,70,300,"bu","14:28:18",1689800
8920,70,100,"bu","14:28:18",1689500
8920,70,700,"bu","14:28:18",1689400
8920,70,100,"bu","14:28:18",1688700
8920,70,3000,"bu","14:28:18",1688600
8920,70,5800,"bu","14:28:18",1685600
8910,60,4000,"bu","14:28:11",1679800
8910,60,1000,"bu","14:28:11",1675800
8910,60,4600,"bu","14:28:11",1674800
8910,60,20000,"bu","14:28:10",1670200
8910,60,3000,"bu","14:28:01",1650200
8910,60,2500,"bu","14:27:46",1647200
8900,50,1200,"bu","14:27:33",1644700
8900,50,2200,"bu","14:27:23",1643500
8900,50,600,"bu","14:26:52",1641300
8900,50,1200,"bu","14:26:43",1640700
8900,50,4800,"bu","14:26:41",1639500
8900,50,200,"bu","14:26:41",1634700
8900,50,900,"bu","14:26:34",1634500
8900,50,8900,"bu","14:26:22",1633600
8900,50,200,"bu","14:26:22",1624700
8900,50,800,"bu","14:26:22",1624500
8900,50,200,"bu","14:26:22",1623700
8900,50,4900,"bu","14:26:22",1623500
8900,50,1500,"bu","14:26:19",1618600
8900,50,1000,"bu","14:26:09",1617100
8890,40,100,"bu","14:25:34",1616100
8890,40,4000,"bu","14:25:33",1616000
8890,40,300,"bu","14:25:26",1612000
8890,40,1800,"bu","14:25:26",1611700
8890,40,500,"sd","14:24:43",1609900
8890,40,4200,"bu","14:24:23",1609400
8890,40,300,"bu","14:24:23",1605200
8890,40,200,"bu","14:23:31",1604900
8870,20,7600,"sd","14:22:25",1604700
8870,20,9200,"sd","14:22:25",1597100
8890,40,1000,"sd","14:22:25",1587900
8890,40,2000,"sd","14:22:25",1586900
8890,40,10000,"sd","14:22:25",1584900
8890,40,9100,"sd","14:22:25",1574900
8890,40,200,"sd","14:22:03",1565800
8890,40,700,"sd","14:21:27",1565600
8890,40,400,"sd","14:21:27",1564900
8900,50,500,"bu","14:21:21",1564500
8890,40,400,"sd","14:21:09",1564000
8890,40,1000,"sd","14:20:54",1563600
8890,40,200,"sd","14:20:17",1562600
8890,40,200,"sd","14:20:11",1562400
8890,40,500,"sd","14:20:02",1562200
8890,40,2000,"sd","14:19:42",1561700
8890,40,1400,"sd","14:19:18",1559700
8890,40,400,"sd","14:18:49",1558300
8870,20,800,"sd","14:16:54",1557900
8870,20,6900,"sd","14:16:54",1557100
8890,40,200,"sd","14:16:54",1550200
8890,40,12100,"sd","14:16:54",1550000
8890,40,100,"sd","14:16:47",1537900
8890,40,200,"sd","14:16:47",1537800
8890,40,3000,"sd","14:16:47",1537600
8890,40,1700,"sd","14:16:47",1534600
8890,40,16000,"sd","14:15:49",1532900
8900,50,100,"bu","14:15:46",1516900
8900,50,2000,"bu","14:15:33",1516800
8890,40,200,"sd","14:15:30",1514800
8890,40,1000,"sd","14:14:32",1514600
8890,40,500,"sd","14:14:04",1513600
8890,40,600,"bu","14:13:58",1513100
8890,40,3400,"sd","14:13:41",1512500
8890,40,3800,"unknown","14:13:05",1509100
8900,50,100,"sd","14:11:41",1505300
8900,50,400,"sd","14:11:41",1505200
8900,50,200,"sd","14:11:41",1504800
8900,50,13400,"sd","14:11:41",1504600
8900,50,500,"sd","14:11:30",1491200
8900,50,5000,"sd","14:10:57",1490700
8910,60,3500,"bu","14:10:21",1485700
8900,50,1100,"sd","14:10:19",1482200
8900,50,2900,"sd","14:10:19",1481100
8900,50,100,"sd","14:10:15",1478200
8910,60,15000,"sd","14:09:50",1478100
8910,60,3500,"sd","14:09:50",1463100
8910,60,100,"sd","14:09:50",1459600
8910,60,9500,"sd","14:09:50",1459500
8910,60,1400,"sd","14:09:50",1450000
8910,60,4000,"sd","14:09:30",1448600
8920,70,500,"bu","14:07:43",1444600
8920,70,5700,"sd","14:07:31",1444100
8920,70,5000,"sd","14:07:21",1438400
8920,70,5000,"sd","14:06:57",1433400
8920,70,500,"sd","14:06:50",1428400
8920,70,100,"sd","14:06:47",1427900
8920,70,5000,"sd","14:06:42",1427800
8920,70,100,"sd","14:06:35",1422800
8920,70,1000,"sd","14:06:21",1422700
8920,70,5000,"sd","14:05:57",1421700
8920,70,2000,"sd","14:05:57",1416700
8920,70,600,"sd","14:05:56",1414700
8920,70,400,"sd","14:05:56",1414100
8920,70,2000,"sd","14:05:35",1413700
8920,70,5000,"sd","14:05:20",1411700
8920,70,100,"sd","14:05:03",1406700
8930,80,2000,"sd","14:04:51",1406600
8930,80,20200,"sd","14:04:44",1404600
8940,90,1500,"bu","14:03:26",1384400
8940,90,100,"bu","14:03:05",1382900
8940,90,7200,"sd","14:02:53",1382800
8940,90,600,"sd","14:02:49",1375600
8940,90,2200,"sd","14:02:36",1375000
8940,90,200,"sd","14:02:36",1372800
8940,90,2600,"sd","14:02:36",1372600
8940,90,12900,"sd","14:02:03",1370000
8940,90,17100,"sd","14:02:03",1357100
8950,100,5000,"sd","14:01:08",1340000
8960,110,1000,"bu","14:00:47",1335000
8950,100,2000,"sd","14:00:26",1334000
8950,100,10200,"sd","14:00:26",1332000
8950,100,7800,"sd","14:00:26",1321800
8950,100,1400,"sd","14:00:17",1314000
8950,100,3000,"sd","14:00:11",1312600
8950,100,2000,"sd","13:59:25",1309600
8950,100,500,"sd","13:59:19",1307600
8950,100,100,"sd","13:59:02",1307100
8950,100,1000,"sd","13:58:57",1307000
8960,110,100,"bu","13:58:47",1306000
8960,110,2000,"bu","13:58:47",1305900
8960,110,100,"bu","13:58:47",1303900
8960,110,5000,"bu","13:58:47",1303800
8960,110,2000,"bu","13:58:47",1298800
8960,110,2900,"bu","13:58:47",1296800
8950,100,100,"sd","13:58:31",1293900
8960,110,3500,"bu","13:58:24",1293800
8950,100,100,"bu","13:58:10",1290300
8950,100,4000,"bu","13:58:10",1290200
8940,90,2900,"sd","13:58:03",1286200
8940,90,3100,"sd","13:58:03",1283300
8940,90,1500,"sd","13:57:35",1280200
8950,100,500,"bu","13:57:34",1278700
8950,100,2100,"bu","13:57:33",1278200
8940,90,22000,"sd","13:57:20",1276100
8940,90,3400,"sd","13:56:30",1254100
8940,90,6600,"sd","13:56:30",1250700
8950,100,300,"bu","13:56:28",1244100
8940,90,1000,"sd","13:55:45",1243800
8950,100,200,"bu","13:55:23",1242800
8950,100,2500,"bu","13:55:18",1242600
8950,100,100,"sd","13:55:11",1240100
8950,100,600,"sd","13:55:11",1240000
8960,110,100,"sd","13:55:08",1239400
8960,110,2000,"sd","13:54:59",1239300
8960,110,100,"bu","13:54:51",1237300
8960,110,3000,"bu","13:54:51",1237200
8960,110,1000,"bu","13:54:51",1234200
8960,110,100,"bu","13:54:51",1233200
8960,110,6200,"bu","13:54:51",1233100
8950,100,1900,"sd","13:54:50",1226900
8950,100,100,"sd","13:54:50",1225000
8960,110,1000,"bu","13:54:43",1224900
8950,100,4900,"sd","13:54:42",1223900
8950,100,100,"sd","13:54:42",1219000
8950,100,100,"bu","13:54:26",1218900
8950,100,200,"bu","13:54:26",1218800
8950,100,100,"bu","13:54:26",1218600
8950,100,400,"bu","13:54:26",1218500
8950,100,800,"bu","13:54:25",1218100
8950,100,1800,"bu","13:54:19",1217300
8950,100,100,"bu","13:54:19",1215500
8950,100,100,"bu","13:54:19",1215400
8940,90,100,"sd","13:54:09",1215300
8950,100,2000,"bu","13:54:09",1215200
8950,100,3900,"bu","13:54:00",1213200
8950,100,300,"bu","13:53:58",1209300
8950,100,2000,"bu","13:53:24",1209000
8950,100,1100,"bu","13:53:06",1207000
8950,100,2600,"bu","13:52:56",1205900
8950,100,2400,"bu","13:52:56",1203300
8940,90,100,"sd","13:52:53",1200900
8940,90,4000,"sd","13:52:50",1200800
8950,100,300,"bu","13:52:37",1196800
8950,100,6300,"sd","13:52:36",1196500
8950,100,300,"sd","13:52:25",1190200
8950,100,100,"sd","13:52:23",1189900
8950,100,500,"bu","13:52:17",1189800
8950,100,300,"bu","13:52:17",1189300
8950,100,35500,"bu","13:52:17",1189000
8950,100,7000,"bu","13:52:16",1153500
8950,100,500,"bu","13:52:05",1146500
8950,100,4000,"bu","13:52:02",1146000
8950,100,3000,"bu","13:51:51",1142000
8950,100,2000,"bu","13:51:51",1139000
8940,90,1000,"sd","13:51:34",1137000
8940,90,100,"bu","13:51:32",1136000
8940,90,2000,"bu","13:51:32",1135900
8940,90,17000,"bu","13:51:32",1133900
8940,90,9900,"bu","13:51:32",1116900
8940,90,10000,"bu","13:51:32",1107000
8940,90,400,"bu","13:51:32",1097000
8940,90,100,"bu","13:51:32",1096600
8940,90,4200,"bu","13:51:32",1096500
8940,90,1500,"bu","13:51:32",1092300
8940,90,2000,"bu","13:51:32",1090800
8930,80,100,"sd","13:51:30",1088800
8930,80,100,"bu","13:51:25",1088700
8930,80,1400,"bu","13:51:25",1088600
8930,80,4000,"bu","13:51:24",1087200
8920,70,300,"sd","13:51:23",1083200
8920,70,600,"sd","13:51:10",1082900
8930,80,300,"bu","13:50:56",1082300
8940,90,100,"bu","13:49:53",1082000
8940,90,9700,"bu","13:49:53",1081900
8930,80,200,"bu","13:49:53",1072200
8910,60,100,"sd","13:49:37",1072000
8950,100,200,"bu","13:49:02",1071900
8950,100,3800,"bu","13:49:02",1071700
8910,60,100,"sd","13:49:01",1067900
8950,100,500,"bu","13:48:38",1067800
8910,60,4400,"sd","13:48:28",1067300
8910,60,5600,"sd","13:48:28",1062900
8950,100,1200,"sd","13:48:07",1057300
8950,100,300,"sd","13:48:01",1056100
8950,100,200,"bu","13:47:57",1055800
8950,100,500,"bu","13:47:57",1055600
8950,100,500,"bu","13:47:57",1055100
8950,100,500,"bu","13:47:57",1054600
8950,100,6700,"bu","13:47:57",1054100
8930,80,5000,"bu","13:47:57",1047400
8930,80,100,"bu","13:47:57",1042400
8950,100,13300,"bu","13:47:49",1042300
8950,100,10000,"bu","13:47:49",1029000
8950,100,100,"bu","13:47:49",1019000
8950,100,100,"bu","13:47:49",1018900
8950,100,500,"bu","13:47:49",1018800
8950,100,200,"bu","13:47:49",1018300
8950,100,5000,"bu","13:47:49",1018100
8950,100,1000,"bu","13:47:49",1013100
8950,100,3000,"bu","13:47:49",1012100
8950,100,1000,"bu","13:47:49",1009100
8950,100,200,"bu","13:47:49",1008100
8950,100,300,"bu","13:47:49",1007900
8950,100,200,"bu","13:47:49",1007600
8940,90,400,"bu","13:47:49",1007400
8940,90,800,"bu","13:47:49",1007000
8940,90,400,"bu","13:47:49",1006200
8940,90,2000,"bu","13:47:49",1005800
8940,90,10000,"bu","13:47:49",1003800
8930,80,1700,"bu","13:47:49",993800
8930,80,300,"sd","13:47:47",992100
8930,80,6200,"sd","13:47:42",991800
8930,80,100,"bu","13:47:27",985600
8920,70,500,"bu","13:47:27",985500
8930,80,12200,"bu","13:47:27",985000
8920,70,12000,"bu","13:47:27",972800
8920,70,200,"bu","13:47:27",960800
8920,70,4000,"bu","13:47:27",960600
8920,70,4700,"sd","13:46:54",956600
8930,80,1800,"sd","13:46:54",951900
8930,80,2000,"bu","13:46:52",950100
8930,80,1000,"bu","13:46:52",948100
8930,80,400,"bu","13:46:52",947100
8920,70,600,"sd","13:46:44",946700
8930,80,100,"bu","13:46:34",946100
8930,80,500,"bu","13:46:34",946000
8930,80,300,"bu","13:46:34",945500
8930,80,600,"bu","13:46:34",945200
8920,70,300,"sd","13:46:33",944600
8920,70,1000,"sd","13:46:29",944300
8920,70,5400,"sd","13:46:07",943300
8920,70,200,"sd","13:46:07",937900
8920,70,500,"sd","13:46:07",937700
8920,70,100,"sd","13:46:04",937200
8920,70,2000,"sd","13:45:58",937100
8920,70,1000,"sd","13:45:43",935100
8930,80,3400,"bu","13:45:41",934100
8930,80,100,"bu","13:45:41",930700
8930,80,200,"bu","13:45:41",930600
8930,80,500,"bu","13:45:40",930400
8930,80,300,"bu","13:45:40",929900
8930,80,2000,"bu","13:45:40",929600
8930,80,3500,"bu","13:45:40",927600
8920,70,1400,"sd","13:45:38",924100
8930,80,3500,"bu","13:45:22",922700
8930,80,1000,"bu","13:44:58",919200
8920,70,500,"sd","13:44:58",918200
8920,70,9800,"bu","13:44:58",917700
8920,70,500,"bu","13:44:58",907900
8920,70,2000,"bu","13:44:58",907400
8920,70,2700,"bu","13:44:58",905400
8920,70,3000,"bu","13:44:50",902700
8920,70,400,"bu","13:44:50",899700
8920,70,100,"bu","13:44:50",899300
8910,60,1900,"sd","13:44:38",899200
8910,60,3100,"sd","13:44:38",897300
8910,60,1000,"sd","13:44:34",894200
8910,60,1100,"sd","13:44:29",893200
8910,60,200,"bu","13:44:21",892100
8910,60,800,"bu","13:44:21",891900
8910,60,1000,"bu","13:44:21",891100
8910,60,1700,"bu","13:44:21",890100
8900,50,200,"sd","13:44:09",888400
8910,60,1700,"bu","13:44:01",888200
8910,60,1600,"bu","13:43:54",886500
8910,60,500,"bu","13:43:54",884900
8910,60,400,"bu","13:43:54",884400
8900,50,2000,"sd","13:43:38",884000
8900,50,3000,"sd","13:43:19",882000
8900,50,1000,"sd","13:43:17",879000
8900,50,9000,"bu","13:42:59",878000
8900,50,1000,"bu","13:42:59",869000
8900,50,1000,"bu","13:42:59",868000
8900,50,500,"bu","13:42:59",867000
8900,50,500,"bu","13:42:59",866500
8900,50,6000,"bu","13:42:59",866000
8900,50,1000,"bu","13:42:59",860000
8890,40,100,"bu","13:42:59",859000
8890,40,5000,"bu","13:42:59",858900
8890,40,700,"bu","13:42:59",853900
8890,40,100,"bu","13:42:59",853200
8880,30,3000,"bu","13:42:59",853100
8880,30,2000,"bu","13:42:59",850100
8880,30,400,"bu","13:42:59",848100
8870,20,2000,"bu","13:42:48",847700
8880,30,1600,"bu","13:41:35",845700
8880,30,100,"bu","13:41:35",844100
8880,30,300,"bu","13:41:35",844000
8880,30,1800,"bu","13:41:17",843700
8840,-10,3600,"sd","13:41:12",841900
8850,0,3500,"sd","13:41:12",838300
8850,0,6800,"sd","13:41:12",834800
8850,0,8100,"sd","13:41:12",828000
8880,30,9000,"bu","13:40:46",819900
8880,30,900,"bu","13:40:38",810900
8880,30,1000,"bu","13:40:38",810000
8880,30,1000,"bu","13:40:38",809000
8880,30,100,"bu","13:40:38",808000
8880,30,500,"bu","13:40:38",807900
8850,0,2000,"bu","13:40:20",807400
8850,0,1600,"bu","13:40:20",805400
8850,0,8300,"bu","13:40:20",803800
8840,-10,100,"sd","13:40:11",795500
8840,-10,4300,"sd","13:40:08",795400
8850,0,5100,"bu","13:40:02",791100
8850,0,2100,"bu","13:39:13",786000
8850,0,3500,"bu","13:38:57",783900
8850,0,2500,"bu","13:38:46",780400
8850,0,300,"bu","13:38:16",777900
8850,0,4500,"bu","13:37:55",777600
8850,0,3700,"bu","13:37:12",773100
8850,0,4200,"bu","13:37:12",769400
8850,0,600,"bu","13:37:12",765200
8850,0,1500,"bu","13:37:12",764600
8840,-10,800,"sd","13:37:00",763100
8850,0,1500,"bu","13:36:51",762300
8850,0,200,"bu","13:36:51",760800
8850,0,100,"bu","13:36:43",760600
8850,0,300,"bu","13:36:32",760500
8850,0,100,"bu","13:36:32",760200
8850,0,900,"bu","13:36:19",760100
8850,0,2100,"bu","13:36:19",759200
8850,0,200,"bu","13:36:10",757100
8850,0,1200,"bu","13:36:08",756900
8850,0,4500,"bu","13:35:56",755700
8850,0,500,"bu","13:35:56",751200
8850,0,1000,"bu","13:35:36",750700
8850,0,1500,"bu","13:35:28",749700
8850,0,9800,"bu","13:35:27",748200
8850,0,200,"bu","13:35:27",738400
8840,-10,2000,"bu","13:34:51",738200
8840,-10,300,"bu","13:34:47",736200
8840,-10,2000,"bu","13:34:36",735900
8840,-10,2500,"bu","13:34:23",733900
8830,-20,100,"bu","13:33:56",731400
8830,-20,2100,"bu","13:33:56",731300
8830,-20,1500,"bu","13:33:45",729200
8830,-20,100,"sd","13:33:28",727700
8830,-20,1500,"sd","13:33:28",727600
8830,-20,200,"bu","13:32:08",726100
8830,-20,8000,"bu","13:32:07",725900
8830,-20,300,"bu","13:32:07",717900
8830,-20,100,"bu","13:31:36",717600
8830,-20,100,"bu","13:30:54",717500
8840,-10,100,"bu","13:25:42",717400
8800,-50,1700,"sd","13:25:13",717300
8830,-20,500,"sd","13:25:12",715600
8830,-20,2000,"sd","13:25:12",715100
8830,-20,100,"sd","13:25:12",713100
8830,-20,300,"sd","13:25:12",713000
8800,-50,6800,"sd","13:25:12",712700
8800,-50,1000,"sd","13:25:12",705900
8800,-50,3400,"sd","13:25:12",704900
8800,-50,100,"sd","13:25:12",701500
8800,-50,100,"sd","13:25:12",701400
8800,-50,200,"sd","13:25:12",701300
8800,-50,100,"sd","13:25:12",701100
8800,-50,4000,"sd","13:25:12",701000
8800,-50,300,"sd","13:25:12",697000
8800,-50,100,"sd","13:25:12",696700
8800,-50,1000,"sd","13:25:12",696600
8800,-50,15000,"sd","13:25:12",695600
8830,-20,3000,"sd","13:25:12",680600
8840,-10,100,"bu","13:24:12",677600
8840,-10,200,"bu","13:23:41",677500
8830,-20,400,"sd","13:23:01",677300
8840,-10,100,"bu","13:23:00",676900
8830,-20,5000,"bu","13:21:09",676800
8830,-20,100,"bu","13:21:09",671800
8830,-20,800,"bu","13:21:09",671700
8830,-20,1400,"bu","13:21:09",670900
8830,-20,200,"bu","13:20:40",669500
8800,-50,200,"sd","13:20:08",669300
8800,-50,100,"sd","13:20:01",669100
8800,-50,200,"sd","13:18:27",669000
8800,-50,15500,"bu","13:18:26",668800
8800,-50,100,"bu","13:17:57",653300
8800,-50,100,"bu","13:17:31",653200
8800,-50,100,"bu","13:17:28",653100
8800,-50,100,"bu","13:17:27",653000
8800,-50,2000,"sd","13:16:37",652900
8800,-50,100,"sd","13:16:37",650900
8800,-50,500,"sd","13:16:37",650800
8800,-50,100,"sd","13:16:37",650300
8800,-50,1000,"sd","13:16:37",650200
8800,-50,100,"sd","13:16:37",649200
8800,-50,200,"sd","13:16:37",649100
8800,-50,1000,"sd","13:16:37",648900
8800,-50,1000,"sd","13:16:37",647900
8800,-50,500,"sd","13:16:37",646900
8800,-50,700,"sd","13:16:37",646400
8800,-50,5000,"sd","13:16:37",645700
8800,-50,100,"sd","13:16:37",640700
8800,-50,10000,"sd","13:16:37",640600
8800,-50,1000,"sd","13:16:37",630600
8800,-50,2600,"sd","13:16:37",629600
8810,-40,100,"sd","13:16:37",627000
8810,-40,8300,"sd","13:16:37",626900
8820,-30,100,"sd","13:16:37",618600
8820,-30,400,"sd","13:16:37",618500
8820,-30,100,"sd","13:16:37",618100
8820,-30,3000,"sd","13:16:37",618000
8820,-30,500,"sd","13:16:37",615000
8820,-30,100,"sd","13:16:37",614500
8820,-30,600,"sd","13:16:37",614400
8820,-30,100,"sd","13:14:41",613800
8830,-20,100,"bu","13:14:16",613700
8830,-20,100,"bu","13:12:30",613600
8820,-30,500,"sd","13:11:44",613500
8820,-30,500,"sd","13:10:56",613000
8820,-30,500,"bu","13:10:46",612500
8820,-30,2800,"bu","13:10:46",612000
8820,-30,100,"sd","13:09:26",609200
8820,-30,100,"sd","13:09:26",609100
8820,-30,700,"bu","13:08:53",609000
8820,-30,100,"bu","13:08:46",608300
8820,-30,100,"bu","13:08:18",608200
8810,-40,700,"sd","13:07:01",608100
8810,-40,100,"sd","13:06:18",607400
8810,-40,800,"sd","13:05:56",607300
8810,-40,100,"sd","13:05:01",606500
8820,-30,100,"bu","13:02:51",606400
8820,-30,200,"sd","13:02:50",606300
8820,-30,100,"sd","13:02:31",606100
8820,-30,1000,"sd","13:02:31",606000
8820,-30,20000,"sd","13:02:31",605000
8820,-30,10000,"sd","13:02:31",585000
8820,-30,2400,"sd","13:02:31",575000
8820,-30,3300,"sd","13:02:01",572600
8830,-20,100,"bu","13:00:13",569300
8830,-20,200,"bu","13:00:07",569200
8820,-30,100,"sd","13:00:02",569000
8820,-30,200,"sd","13:00:02",568900
8830,-20,100,"bu","11:28:52",568700
8830,-20,900,"sd","11:28:37",568600
8830,-20,10000,"sd","11:28:37",567700
8830,-20,2000,"sd","11:28:37",557700
8830,-20,500,"sd","11:28:37",555700
8830,-20,1800,"sd","11:28:37",555200
8830,-20,600,"sd","11:28:37",553400
8830,-20,2000,"sd","11:28:10",552800
8840,-10,200,"bu","11:28:03",550800
8840,-10,3000,"bu","11:27:33",550600
8840,-10,200,"sd","11:26:53",547600
8840,-10,300,"sd","11:26:53",547400
8840,-10,1700,"sd","11:25:22",547100
8850,0,100,"bu","11:20:10",545400
8850,0,200,"sd","11:20:09",545300
8860,10,200,"sd","11:19:46",545100
8890,40,5000,"sd","11:09:18",544900
8890,40,800,"sd","11:09:06",539900
8890,40,100,"sd","11:09:04",539100
8890,40,1000,"sd","11:08:00",539000
8890,40,100,"bu","11:07:59",538000
8890,40,3000,"bu","11:07:18",537900
8890,40,900,"bu","11:06:44",534900
8890,40,100,"bu","11:06:44",534000
8890,40,200,"bu","11:06:44",533900
8910,60,100,"sd","11:02:46",533700
8910,60,100,"sd","11:02:24",533600
8910,60,100,"sd","11:02:21",533500
8910,60,200,"bu","11:02:03",533400
8910,60,100,"bu","11:01:45",533200
8830,-20,100,"sd","11:00:01",533100
8840,-10,300,"sd","11:00:01",533000
8930,80,2000,"bu","10:59:43",532700
8920,70,600,"bu","10:59:43",530700
8920,70,2000,"bu","10:59:43",530100
8920,70,100,"bu","10:59:42",528100
8920,70,500,"bu","10:59:42",528000
8920,70,200,"bu","10:59:42",527500
8920,70,100,"bu","10:59:42",527300
8910,60,2000,"bu","10:59:42",527200
8900,50,5000,"bu","10:59:42",525200
8900,50,1000,"bu","10:59:42",520200
8900,50,2200,"bu","10:59:42",519200
8900,50,1000,"bu","10:59:42",517000
8900,50,2000,"bu","10:59:42",516000
8900,50,5000,"bu","10:59:42",514000
8900,50,500,"bu","10:59:42",509000
8900,50,500,"bu","10:59:42",508500
8900,50,100,"bu","10:59:42",508000
8900,50,100,"bu","10:59:42",507900
8900,50,1000,"bu","10:59:42",507800
8900,50,5000,"bu","10:59:42",506800
8900,50,700,"bu","10:59:42",501800
8900,50,500,"bu","10:59:42",501100
8890,40,3000,"bu","10:59:42",500600
8890,40,1000,"bu","10:59:42",497600
8880,30,2600,"bu","10:59:42",496600
8870,20,2000,"bu","10:59:42",494000
8870,20,3000,"bu","10:59:42",492000
8870,20,700,"bu","10:59:42",489000
8860,10,1000,"bu","10:59:42",488300
8860,10,1000,"bu","10:59:42",487300
8860,10,1100,"bu","10:59:42",486300
8850,0,2100,"bu","10:59:42",485200
8850,0,400,"bu","10:59:42",483100
8850,0,100,"bu","10:55:51",482700
8830,-20,400,"sd","10:52:44",482600
8830,-20,500,"sd","10:52:44",482200
8830,-20,9100,"sd","10:52:44",481700
8830,-20,7300,"sd","10:52:07",472600
8830,-20,2300,"sd","10:49:06",465300
8850,0,900,"bu","10:47:03",463000
8850,0,100,"bu","10:43:01",462100
8830,-20,1000,"sd","10:42:36",462000
8830,-20,800,"sd","10:42:14",461000
8830,-20,2000,"sd","10:42:14",460200
8830,-20,200,"sd","10:42:14",458200
8830,-20,3000,"sd","10:42:14",458000
8830,-20,6100,"sd","10:42:14",455000
8840,-10,100,"sd","10:42:14",448900
8840,-10,400,"sd","10:42:14",448800
8840,-10,12000,"sd","10:42:14",448400
8840,-10,300,"sd","10:42:14",436400
8840,-10,100,"sd","10:42:14",436100
8850,0,400,"sd","10:41:34",436000
8850,0,300,"sd","10:41:34",435600
8850,0,500,"sd","10:41:34",435300
8850,0,15500,"sd","10:41:34",434800
8860,10,400,"bu","10:39:35",419300
8860,10,200,"bu","10:37:11",418900
8860,10,100,"sd","10:36:09",418700
8860,10,100,"sd","10:35:29",418600
8860,10,1500,"sd","10:35:23",418500
8860,10,1000,"bu","10:34:44",417000
8850,0,4700,"sd","10:32:45",416000
8850,0,1900,"sd","10:32:45",411300
8850,0,4400,"sd","10:32:45",409400
8860,10,100,"bu","10:30:27",405000
8850,0,100,"sd","10:30:23",404900
8860,10,200,"sd","10:29:37",404800
8870,20,500,"bu","10:27:10",404600
8870,20,2000,"bu","10:26:08",404100
8870,20,1000,"bu","10:25:33",402100
8870,20,2000,"sd","10:25:32",401100
8870,20,1800,"sd","10:25:32",399100
8890,40,100,"bu","10:24:00",397300
8870,20,100,"sd","10:22:32",397200
8870,20,500,"bu","10:21:22",397100
8870,20,600,"bu","10:21:22",396600
8870,20,100,"bu","10:21:13",396000
8870,20,100,"sd","10:20:38",395900
8870,20,1200,"sd","10:20:38",395800
8870,20,1800,"sd","10:19:50",394600
8870,20,200,"sd","10:19:50",392800
8870,20,2900,"sd","10:17:35",392600
8900,50,1000,"sd","10:11:34",389700
8900,50,5000,"sd","10:11:20",388700
8900,50,9800,"bu","10:10:42",383700
8900,50,300,"bu","10:10:42",373900
8900,50,11000,"bu","10:10:42",373600
8900,50,9900,"bu","10:10:42",362600
8850,0,3000,"bu","10:10:42",352700
8850,0,9900,"bu","10:10:42",349700
8850,0,100,"bu","10:10:42",339800
8840,-10,1000,"sd","10:06:55",339700
8830,-20,2900,"sd","10:03:26",338700
8830,-20,100,"sd","10:03:26",335800
8830,-20,1000,"sd","10:03:26",335700
8850,0,2000,"bu","10:01:56",334700
8850,0,300,"bu","10:01:50",332700
8850,0,500,"bu","10:01:49",332400
8850,0,300,"sd","10:01:04",331900
8850,0,6800,"sd","10:01:04",331600
8930,80,900,"sd","10:00:20",324800
8930,80,300,"bu","10:00:09",323900
8930,80,900,"bu","10:00:09",323600
8920,70,200,"bu","10:00:09",322700
8930,80,100,"bu","09:59:14",322500
8950,100,300,"sd","09:58:21",322400
8950,100,500,"bu","09:58:03",322100
8950,100,200,"bu","09:58:03",321600
8950,100,200,"bu","09:57:50",321400
8950,100,400,"unknown","09:56:34",321200
8940,90,500,"unknown","09:56:34",320800
8940,90,1000,"bu","09:56:34",320300
8900,50,1000,"bu","09:56:34",319300
8900,50,1000,"bu","09:56:34",318300
8970,120,500,"bu","09:56:34",317300
8900,50,6600,"bu","09:56:34",316800
8960,110,700,"bu","09:56:34",310200
8890,40,10000,"bu","09:56:34",309500
8950,100,100,"bu","09:56:34",299500
8870,20,100,"bu","09:56:34",299400
8860,10,400,"bu","09:56:34",299300
8850,0,2000,"bu","09:56:34",298900
8850,0,5000,"bu","09:56:34",296900
8850,0,5000,"bu","09:56:34",291900
8850,0,4200,"bu","09:56:34",286900
8830,-20,4200,"bu","09:56:34",282700
8820,-30,1000,"bu","09:56:34",278500
8820,-30,1000,"bu","09:56:34",277500
8820,-30,1000,"bu","09:56:34",276500
8820,-30,4300,"bu","09:56:34",275500
8820,-30,200,"bu","09:56:32",271200
8820,-30,100,"bu","09:56:11",271000
8820,-30,1400,"bu","09:55:46",270900
8820,-30,500,"bu","09:55:46",269500
8820,-30,100,"bu","09:55:46",269000
8810,-40,3100,"sd","09:55:33",268900
8800,-50,100,"sd","09:54:39",265800
8800,-50,5000,"sd","09:53:44",265700
8800,-50,200,"bu","09:53:44",260700
8800,-50,300,"bu","09:53:44",260500
8800,-50,900,"bu","09:53:44",260200
8800,-50,900,"bu","09:53:44",259300
8790,-60,100,"bu","09:53:27",258400
8790,-60,500,"sd","09:53:26",258300
8800,-50,9100,"bu","09:52:09",257800
8800,-50,500,"bu","09:52:09",248700
8800,-50,1000,"bu","09:52:09",248200
8800,-50,1700,"bu","09:52:09",247200
8800,-50,500,"bu","09:52:09",245500
8780,-70,1000,"sd","09:49:46",245000
8780,-70,400,"sd","09:49:29",244000
8780,-70,900,"sd","09:49:29",243600
8780,-70,500,"sd","09:49:29",242700
8780,-70,200,"sd","09:49:29",242200
8800,-50,100,"bu","09:49:04",242000
8780,-70,200,"sd","09:48:41",241900
8780,-70,400,"sd","09:45:42",241700
8780,-70,100,"sd","09:45:42",241300
8780,-70,500,"sd","09:45:42",241200
8780,-70,500,"sd","09:45:18",240700
8780,-70,1000,"sd","09:43:44",240200
8800,-50,200,"bu","09:42:29",239200
8800,-50,200,"bu","09:41:12",239000
8800,-50,100,"bu","09:41:12",238800
8800,-50,1700,"bu","09:41:12",238700
8770,-80,2000,"sd","09:40:37",237000
8770,-80,300,"sd","09:37:38",235000
8780,-70,600,"sd","09:37:38",234700
8780,-70,500,"sd","09:37:38",234100
8780,-70,1700,"sd","09:37:38",233600
8780,-70,600,"sd","09:37:13",231900
8780,-70,100,"sd","09:36:45",231300
8800,-50,100,"bu","09:36:44",231200
8800,-50,200,"bu","09:36:27",231100
8800,-50,1000,"bu","09:36:27",230900
8780,-70,600,"sd","09:36:16",229900
8800,-50,100,"bu","09:34:31",229300
8800,-50,100,"bu","09:33:24",229200
8800,-50,100,"bu","09:33:12",229100
8800,-50,100,"bu","09:32:21",229000
8800,-50,200,"bu","09:31:57",228900
8800,-50,100,"bu","09:31:25",228700
8800,-50,1000,"bu","09:31:18",228600
8800,-50,300,"bu","09:30:56",227600
8800,-50,900,"bu","09:30:43",227300
8800,-50,100,"bu","09:30:43",226400
8780,-70,100,"sd","09:29:21",226300
8770,-80,2600,"sd","09:27:13",226200
8770,-80,200,"sd","09:27:13",223600
8790,-60,200,"sd","09:27:13",223400
8820,-30,400,"bu","09:26:56",223200
8820,-30,500,"bu","09:26:19",222800
8820,-30,1000,"bu","09:25:41",222300
8830,-20,1000,"bu","09:25:05",221300
8820,-30,1000,"bu","09:25:05",220300
8830,-20,1000,"bu","09:24:48",219300
8720,-130,200,"sd","09:23:48",218300
8730,-120,500,"sd","09:23:48",218100
8750,-100,1000,"sd","09:23:48",217600
8750,-100,200,"sd","09:23:48",216600
8750,-100,500,"sd","09:23:48",216400
8690,-160,500,"sd","09:20:50",215900
8700,-150,5000,"sd","09:20:50",215400
9000,150,800,"bu","09:20:43",210400
8980,130,100,"bu","09:20:43",209600
8980,130,100,"bu","09:20:43",209500
8960,110,100,"bu","09:20:43",209400
8960,110,100,"bu","09:20:43",209300
8940,90,100,"bu","09:20:43",209200
8940,90,100,"bu","09:20:42",209100
8920,70,100,"bu","09:20:42",209000
8920,70,100,"bu","09:20:42",208900
8920,70,100,"bu","09:20:42",208800
8900,50,1000,"bu","09:20:42",208700
8900,50,500,"bu","09:20:42",207700
8900,50,1000,"bu","09:20:42",207200
8900,50,5400,"bu","09:20:42",206200
8900,50,500,"bu","09:20:42",200800
8900,50,100,"bu","09:20:42",200300
8850,0,100,"bu","09:20:42",200200
8850,0,600,"bu","09:20:42",200100
8850,0,5200,"bu","09:20:42",199500
8840,-10,3000,"bu","09:20:42",194300
8830,-20,1000,"bu","09:20:42",191300
8820,-30,3000,"bu","09:20:42",190300
8800,-50,1000,"bu","09:20:42",187300
8800,-50,4500,"bu","09:20:42",186300
8750,-100,7600,"bu","09:20:42",181800
8700,-150,3000,"bu","09:20:42",174200
8730,-120,16800,"bu","09:20:42",171200
8700,-150,27700,"bu","09:20:42",154400
8700,-150,1000,"bu","09:20:42",126700
8700,-150,12000,"bu","09:20:42",125700
8700,-150,3300,"bu","09:20:42",113700
8700,-150,100,"bu","09:20:40",110400
8700,-150,14800,"bu","09:20:11",110300
8700,-150,400,"bu","09:20:08",95500
8690,-160,100,"sd","09:19:49",95100
8690,-160,100,"sd","09:19:43",95000
8700,-150,500,"bu","09:19:37",94900
8700,-150,500,"bu","09:19:36",94400
8700,-150,1000,"bu","09:19:33",93900
8700,-150,500,"bu","09:19:30",92900
8700,-150,100,"bu","09:19:23",92400
8700,-150,1000,"bu","09:18:55",92300
8700,-150,2000,"bu","09:18:52",91300
8700,-150,1500,"bu","09:18:04",89300
8690,-160,200,"sd","09:18:02",87800
8700,-150,500,"bu","09:17:58",87600
8700,-150,100,"bu","09:17:53",87100
8700,-150,500,"bu","09:17:31",87000
8700,-150,500,"bu","09:17:27",86500
8700,-150,5000,"sd","09:17:21",86000
8700,-150,500,"sd","09:17:21",81000
8700,-150,1000,"sd","09:17:21",80500
8700,-150,100,"sd","09:17:21",79500
8700,-150,2000,"sd","09:17:21",79400
8700,-150,100,"sd","09:17:21",77400
8700,-150,5000,"sd","09:17:21",77300
8700,-150,100,"sd","09:17:21",72300
8700,-150,100,"sd","09:17:21",72200
8700,-150,200,"sd","09:17:21",72100
8700,-150,1500,"sd","09:17:21",71900
8700,-150,1200,"sd","09:17:21",70400
8700,-150,100,"sd","09:17:21",69200
8700,-150,800,"sd","09:17:21",69100
8700,-150,5000,"sd","09:17:21",68300
8700,-150,200,"sd","09:17:21",63300
8710,-140,100,"sd","09:17:21",63100
8710,-140,2000,"sd","09:17:21",63000
8710,-140,100,"sd","09:17:21",61000
8710,-140,100,"sd","09:17:21",60900
8720,-130,3000,"sd","09:17:21",60800
8710,-140,8000,"sd","09:17:21",57800
8720,-130,1100,"sd","09:17:21",49800
8710,-140,1000,"sd","09:17:21",48700
8720,-130,1000,"sd","09:17:21",47700
8710,-140,5000,"sd","09:17:21",46700
8720,-130,500,"sd","09:17:21",41700
8710,-140,200,"sd","09:17:21",41200
8720,-130,100,"sd","09:17:21",41000
8710,-140,5000,"sd","09:17:21",40900
8720,-130,100,"sd","09:17:21",35900
8720,-130,400,"sd","09:17:21",35800
8710,-140,100,"sd","09:17:21",35400
8720,-130,5000,"sd","09:17:21",35300
8710,-140,2000,"sd","09:17:21",30300
8720,-130,100,"sd","09:17:21",28300
8710,-140,2000,"sd","09:17:21",28200
8720,-130,1000,"sd","09:17:21",26200
8710,-140,500,"sd","09:17:21",25200
8720,-130,2000,"sd","09:17:21",23700
8720,-130,1000,"sd","09:17:21",24700
8730,-120,300,"bu","09:17:06",21700
8730,-120,300,"bu","09:17:03",21400
8730,-120,1000,"bu","09:16:34",21100
8730,-120,100,"sd","09:16:13",20100
8730,-120,1000,"sd","09:16:13",20000
8730,-120,400,"sd","09:16:13",19000
8730,-120,100,"sd","09:16:13",18600
8730,-120,3800,"bu","09:15:54",18500
8730,-120,100,"bu","09:15:45",14700
8730,-120,500,"bu","09:15:33",14600
8730,-120,100,"sd","09:15:21",14100
8730,-120,300,"sd","09:15:21",14000
8730,-120,1400,"sd","09:15:21",13700
8730,-120,12300,"unknown","09:15:00",12300
