"price","change","match_qtty","side","time","total_vol"
4390,70,80400,"bu","14:45:02",1887900
4390,70,500,"sd","14:29:32",1807500
4390,70,2000,"sd","14:29:32",1807000
4390,70,11600,"sd","14:29:32",1805000
4390,70,1200,"sd","14:29:32",1793400
4390,70,500,"sd","14:29:25",1792200
4400,80,5000,"bu","14:28:59",1791700
4390,70,400,"sd","14:28:52",1786700
4390,70,1000,"sd","14:28:52",1786300
4390,70,40100,"sd","14:28:52",1785300
4390,70,500,"sd","14:28:08",1745200
4390,70,100,"sd","14:27:35",1744700
4390,70,1000,"sd","14:27:34",1744600
4390,70,300,"sd","14:27:08",1743600
4390,70,4500,"sd","14:26:52",1743300
4390,70,2100,"bu","14:26:49",1738800
4390,70,4000,"bu","14:26:49",1736700
4390,70,200,"bu","14:26:49",1732700
4390,70,100,"bu","14:26:49",1732500
4390,70,200,"bu","14:26:49",1732400
4390,70,200,"bu","14:26:49",1732200
4390,70,6700,"bu","14:26:49",1732000
4390,70,2000,"bu","14:26:28",1725300
4390,70,1600,"sd","14:25:52",1723300
4390,70,100,"bu","14:25:37",1721700
4390,70,5000,"bu","14:25:37",1721600
4390,70,1000,"bu","14:25:37",1716600
4390,70,300,"bu","14:25:37",1715600
4390,70,1000,"bu","14:25:21",1715300
4390,70,500,"bu","14:24:55",1714300
4390,70,700,"bu","14:24:55",1713800
4390,70,1700,"bu","14:24:55",1713100
4390,70,100,"bu","14:24:55",1711400
4390,70,300,"bu","14:24:35",1711300
4390,70,100,"bu","14:23:22",1711000
4390,70,200,"sd","14:23:22",1710900
4390,70,400,"sd","14:23:22",1710700
4390,70,10000,"sd","14:23:22",1710300
4390,70,10000,"sd","14:23:22",1700300
4390,70,2000,"sd","14:23:22",1690300
4390,70,500,"sd","14:23:22",1688300
4390,70,800,"sd","14:23:22",1687800
4390,70,500,"sd","14:23:15",1687000
4390,70,100,"sd","14:23:15",1686500
4390,70,500,"sd","14:22:58",1686400
4390,70,200,"sd","14:22:55",1685900
4390,70,10000,"sd","14:22:51",1685700
4390,70,1200,"sd","14:22:47",1675700
4390,70,3300,"sd","14:22:44",1674500
4390,70,1700,"sd","14:22:44",1671200
4390,70,100,"sd","14:22:22",1669500
4390,70,400,"sd","14:22:15",1669400
4390,70,5000,"sd","14:22:09",1669000
4390,70,7000,"sd","14:21:54",1664000
4390,70,3000,"sd","14:21:34",1657000
4390,70,200,"sd","14:21:23",1654000
4390,70,100,"sd","14:21:18",1653800
4390,70,1500,"sd","14:20:50",1653700
4390,70,100,"sd","14:20:22",1652200
4390,70,600,"sd","14:19:50",1652100
4390,70,300,"sd","14:19:12",1651500
4390,70,500,"sd","14:19:12",1651200
4390,70,500,"sd","14:19:12",1650700
4390,70,100,"sd","14:19:12",1650200
4390,70,500,"sd","14:19:12",1650100
4390,70,3100,"sd","14:19:12",1649600
4400,80,300,"bu","14:18:31",1646500
4400,80,400,"bu","14:18:30",1646200
4400,80,2000,"bu","14:18:30",1645800
4400,80,600,"bu","14:18:30",1643800
4400,80,100,"bu","14:17:23",1643200
4390,70,500,"sd","14:17:02",1643100
4390,70,1000,"sd","14:16:52",1642600
4390,70,400,"sd","14:16:12",1641600
4390,70,5000,"sd","14:16:12",1641200
4390,70,88600,"sd","14:16:12",1636200
4390,70,2500,"sd","14:16:06",1547600
4390,70,500,"sd","14:15:34",1545100
4400,80,400,"bu","14:15:24",1544600
4390,70,300,"sd","14:15:05",1544200
4390,70,100,"sd","14:14:56",1543900
4400,80,3900,"bu","14:14:56",1543800
4400,80,500,"bu","14:14:56",1539900
4400,80,1600,"bu","14:14:56",1539400
4400,80,100,"bu","14:14:56",1537800
4400,80,5000,"bu","14:14:56",1537700
4400,80,1000,"bu","14:14:56",1532700
4400,80,11000,"bu","14:14:56",1531700
4400,80,100,"bu","14:14:56",1520700
4400,80,100,"bu","14:14:56",1520600
4400,80,500,"bu","14:14:56",1520500
4400,80,500,"bu","14:14:55",1520000
4400,80,100,"bu","14:14:55",1519500
4400,80,100,"bu","14:14:55",1519400
4400,80,500,"bu","14:14:55",1519300
4400,80,100,"bu","14:14:55",1518800
4390,70,3500,"sd","14:14:52",1518700
4390,70,200,"bu","14:14:01",1515200
4390,70,200,"bu","14:14:01",1515000
4390,70,200,"bu","14:14:01",1514800
4390,70,100,"bu","14:14:01",1514600
4390,70,100,"bu","14:14:01",1514500
4390,70,500,"bu","14:14:01",1514400
4390,70,3000,"bu","14:14:01",1513900
4390,70,500,"bu","14:14:01",1510900
4390,70,100,"bu","14:14:01",1510400
4390,70,50000,"bu","14:14:01",1510300
4390,70,700,"bu","14:14:01",1460300
4390,70,400,"bu","14:14:01",1459600
4390,70,100,"bu","14:14:01",1459200
4390,70,3300,"bu","14:14:01",1459100
4390,70,500,"bu","14:14:01",1455800
4390,70,5000,"bu","14:14:01",1455300
4390,70,100,"bu","14:14:01",1450300
4390,70,400,"bu","14:14:01",1450200
4390,70,900,"bu","14:14:01",1449800
4390,70,500,"bu","14:14:01",1448900
4390,70,200,"bu","14:14:01",1448400
4390,70,7500,"bu","14:14:01",1448200
4390,70,1000,"bu","14:13:21",1440700
4390,70,1000,"bu","14:12:44",1439700
4380,60,200,"sd","14:12:23",1438700
4380,60,3600,"sd","14:11:58",1438500
4390,70,100,"bu","14:11:32",1434900
4380,60,600,"sd","14:11:06",1434800
4390,70,100,"bu","14:11:05",1434200
4380,60,700,"sd","14:10:40",1434100
4380,60,2500,"sd","14:10:27",1433400
4380,60,200,"sd","14:10:17",1430900
4380,60,100,"sd","14:09:40",1430700
4390,70,20000,"bu","14:09:39",1430600
4380,60,100,"sd","14:09:24",1410600
4380,60,500,"sd","14:09:17",1410500
4380,60,200,"sd","14:09:15",1410000
4380,60,100,"sd","14:09:12",1409800
4380,60,500,"sd","14:09:07",1409700
4380,60,2000,"sd","14:08:59",1409200
4380,60,100,"sd","14:08:31",1407200
4380,60,2000,"sd","14:08:11",1407100
4380,60,25000,"sd","14:07:55",1405100
4380,60,200,"sd","14:07:51",1380100
4380,60,200,"sd","14:07:48",1379900
4380,60,2000,"sd","14:07:42",1379700
4380,60,100,"sd","14:07:37",1377700
4380,60,2000,"sd","14:07:21",1377600
4380,60,2000,"sd","14:07:07",1375600
4380,60,1000,"sd","14:06:42",1373600
4390,70,10000,"bu","14:06:25",1372600
4390,70,13000,"bu","14:06:17",1362600
4390,70,100,"sd","14:06:03",1349600
4390,70,3000,"sd","14:06:03",1349500
4390,70,1000,"sd","14:06:03",1346500
4390,70,2700,"sd","14:06:03",1345500
4390,70,3000,"sd","14:06:03",1342800
4390,70,10000,"sd","14:06:03",1339800
4390,70,7500,"sd","14:06:03",1329800
4390,70,2000,"sd","14:05:58",1322300
4390,70,500,"sd","14:05:47",1320300
4390,70,6700,"sd","14:05:47",1319800
4390,70,1000,"sd","14:05:44",1313100
4390,70,100,"sd","14:05:37",1312100
4390,70,1000,"sd","14:05:32",1312000
4390,70,100,"sd","14:05:12",1311000
4390,70,1100,"sd","14:05:08",1310900
4390,70,200,"sd","14:05:07",1309800
4390,70,900,"sd","14:04:53",1309600
4390,70,100,"sd","14:04:46",1308700
4390,70,5000,"sd","14:04:46",1308600
4390,70,500,"sd","14:04:46",1303600
4390,70,100,"sd","14:04:46",1303100
4390,70,1000,"sd","14:04:46",1303000
4390,70,9500,"sd","14:04:46",1302000
4390,70,500,"sd","14:04:46",1292500
4390,70,100,"sd","14:04:46",1292000
4390,70,3000,"sd","14:04:46",1291900
4390,70,500,"sd","14:04:46",1288900
4390,70,300,"sd","14:04:46",1288400
4390,70,2000,"bu","14:04:46",1288100
4390,70,9000,"bu","14:04:46",1286100
4390,70,3000,"bu","14:04:46",1277100
4390,70,600,"bu","14:04:46",1274100
4390,70,700,"bu","14:04:46",1273500
4390,70,1100,"bu","14:04:46",1272800
4390,70,1000,"bu","14:04:46",1271700
4390,70,5000,"bu","14:04:46",1270700
4390,70,400,"bu","14:04:46",1265700
4390,70,700,"bu","14:04:46",1265300
4390,70,1000,"bu","14:04:46",1264600
4390,70,500,"bu","14:04:46",1263600
4390,70,900,"bu","14:04:46",1263100
4390,70,1000,"bu","14:04:46",1262200
4390,70,500,"bu","14:04:46",1261200
4390,70,5000,"bu","14:04:46",1260700
4390,70,700,"bu","14:04:46",1255700
4390,70,200,"bu","14:04:46",1255000
4390,70,8000,"bu","14:04:46",1254800
4390,70,8500,"bu","14:04:46",1246800
4390,70,3000,"bu","14:04:46",1238300
4390,70,5500,"bu","14:04:46",1235300
4380,60,2000,"sd","14:04:27",1229800
4380,60,2000,"sd","14:04:12",1227800
4380,60,1500,"sd","14:03:20",1225800
4380,60,100,"sd","14:02:58",1224300
4380,60,5000,"sd","14:02:42",1224200
4380,60,5500,"sd","14:02:29",1219200
4380,60,100,"sd","14:01:33",1213700
4380,60,10000,"sd","14:01:15",1213600
4380,60,600,"sd","14:01:06",1203600
4380,60,500,"sd","14:01:00",1203000
4380,60,200,"sd","14:00:11",1202500
4380,60,1500,"sd","13:59:42",1202300
4380,60,200,"sd","13:59:38",1200800
4380,60,600,"sd","13:59:31",1200600
4380,60,4400,"sd","13:59:31",1200000
4380,60,400,"sd","13:59:19",1195600
4380,60,300,"sd","13:59:06",1195200
4380,60,100,"sd","13:58:59",1194900
4380,60,1800,"sd","13:57:04",1194800
4380,60,500,"sd","13:55:53",1193000
4380,60,500,"sd","13:55:00",1192500
4380,60,2000,"sd","13:54:46",1192000
4380,60,400,"bu","13:54:19",1190000
4380,60,1100,"bu","13:54:19",1189600
4380,60,200,"bu","13:54:19",1188500
4370,50,2600,"sd","13:53:18",1188300
4380,60,1400,"sd","13:53:18",1185700
4380,60,100,"bu","13:52:59",1184300
4380,60,900,"bu","13:52:59",1184200
4380,60,1000,"bu","13:52:50",1183300
4380,60,1100,"bu","13:52:49",1182300
4380,60,100,"bu","13:52:49",1181200
4380,60,1800,"bu","13:52:49",1181100
4380,60,3000,"bu","13:52:33",1179300
4380,60,1000,"bu","13:52:21",1176300
4370,50,14300,"sd","13:52:09",1175300
4370,50,2500,"sd","13:51:45",1161000
4380,60,800,"bu","13:51:24",1158500
4380,60,1000,"sd","13:51:21",1157700
4380,60,12400,"sd","13:51:21",1156700
4380,60,100,"sd","13:51:10",1144300
4380,60,500,"sd","13:50:57",1144200
4380,60,5000,"bu","13:50:14",1143700
4380,60,500,"bu","13:50:14",1138700
4380,60,100,"bu","13:50:14",1138200
4380,60,4500,"bu","13:50:14",1138100
4380,60,500,"bu","13:50:14",1133600
4380,60,400,"bu","13:50:14",1133100
4380,60,100,"bu","13:50:14",1132700
4380,60,300,"bu","13:50:14",1132600
4380,60,500,"bu","13:50:14",1132300
4380,60,100,"bu","13:50:14",1131800
4380,60,100,"bu","13:50:14",1131700
4380,60,100,"bu","13:50:14",1131600
4380,60,400,"bu","13:49:56",1131500
4380,60,2800,"bu","13:49:56",1131100
4380,60,500,"bu","13:49:52",1128300
4380,60,4700,"bu","13:49:48",1127800
4380,60,300,"bu","13:49:48",1123100
4380,60,1100,"bu","13:49:37",1122800
4380,60,6600,"bu","13:49:35",1121700
4380,60,200,"bu","13:49:35",1115100
4380,60,8000,"bu","13:49:35",1114900
4380,60,500,"bu","13:49:35",1106900
4380,60,2000,"bu","13:49:35",1106400
4380,60,3000,"bu","13:49:35",1104400
4380,60,2000,"bu","13:49:35",1101400
4380,60,500,"bu","13:49:35",1099400
4380,60,500,"bu","13:49:35",1098900
4380,60,6000,"bu","13:49:35",1098400
4380,60,100,"bu","13:49:35",1092400
4380,60,900,"bu","13:49:35",1092300
4380,60,3000,"bu","13:49:35",1091400
4380,60,2000,"bu","13:48:44",1088400
4380,60,5000,"bu","13:48:44",1086400
4380,60,100,"bu","13:48:44",1081400
4380,60,5000,"bu","13:48:44",1081300
4380,60,1000,"bu","13:48:44",1076300
4380,60,2500,"bu","13:48:44",1075300
4380,60,100,"bu","13:48:44",1072800
4380,60,200,"bu","13:48:44",1072700
4380,60,4100,"bu","13:48:44",1072500
4380,60,100,"bu","13:47:38",1068400
4380,60,400,"bu","13:47:38",1068300
4370,50,10000,"sd","13:47:36",1067900
4380,60,500,"bu","13:47:03",1057900
4370,50,1500,"sd","13:45:47",1057400
4370,50,2000,"sd","13:45:41",1055900
4380,60,6800,"bu","13:45:35",1053900
4380,60,500,"bu","13:44:29",1047100
4380,60,100,"bu","13:43:59",1046600
4380,60,1600,"bu","13:43:49",1046500
4380,60,100,"bu","13:43:49",1044900
4380,60,3300,"bu","13:43:49",1044800
4380,60,100,"bu","13:43:47",1041500
4370,50,1000,"sd","13:43:37",1041400
4380,60,1600,"bu","13:43:18",1040400
4380,60,3400,"bu","13:43:18",1038800
4380,60,1600,"bu","13:43:04",1035400
4380,60,200,"bu","13:43:04",1033800
4380,60,5000,"bu","13:43:04",1033600
4380,60,1600,"bu","13:43:04",1028600
4380,60,100,"bu","13:42:56",1027000
4380,60,100,"bu","13:42:20",1026900
4380,60,1000,"bu","13:42:16",1026800
4380,60,1500,"bu","13:42:09",1025800
4380,60,1000,"bu","13:41:58",1024300
4380,60,3000,"bu","13:41:46",1023300
4380,60,1700,"bu","13:41:31",1020300
4380,60,100,"bu","13:41:31",1018600
4380,60,3200,"bu","13:41:31",1018500
4380,60,800,"bu","13:41:21",1015300
4380,60,200,"bu","13:41:21",1014500
4380,60,4800,"bu","13:41:01",1014300
4380,60,200,"bu","13:41:01",1009500
4380,60,2000,"bu","13:40:53",1009300
4380,60,2000,"bu","13:40:49",1007300
4380,60,1000,"bu","13:40:41",1005300
4370,50,800,"bu","13:39:46",1004300
4370,50,100000,"bu","13:39:46",1003500
4370,50,2000,"bu","13:39:46",903500
4370,50,100,"bu","13:39:46",901500
4370,50,5000,"bu","13:39:46",901400
4370,50,100,"bu","13:39:46",896400
4370,50,2000,"bu","13:39:46",896300
4370,50,1800,"bu","13:39:46",894300
4370,50,1000,"bu","13:39:46",892500
4370,50,500,"bu","13:39:46",891500
4370,50,3000,"bu","13:39:46",891000
4370,50,13000,"bu","13:39:46",888000
4370,50,300,"bu","13:39:46",875000
4370,50,500,"bu","13:39:46",874700
4370,50,3000,"bu","13:39:46",874200
4370,50,100,"bu","13:39:46",871200
4370,50,5000,"bu","13:39:46",871100
4370,50,100,"bu","13:39:46",866100
4370,50,1000,"bu","13:39:46",866000
4370,50,100,"bu","13:39:46",865000
4370,50,5000,"bu","13:39:46",864900
4370,50,5100,"bu","13:39:46",859900
4370,50,100,"bu","13:39:46",854800
4370,50,2900,"bu","13:39:46",854700
4370,50,100,"bu","13:39:46",851800
4370,50,200,"bu","13:39:46",851700
4370,50,4000,"bu","13:39:46",851500
4370,50,400,"bu","13:39:46",847500
4370,50,18100,"bu","13:39:46",847100
4370,50,10000,"bu","13:39:46",829000
4370,50,2700,"bu","13:39:46",819000
4370,50,500,"bu","13:39:46",816300
4370,50,100,"bu","13:39:46",815800
4370,50,2000,"bu","13:39:46",815700
4370,50,8000,"bu","13:39:46",813700
4370,50,2000,"bu","13:39:46",805700
4360,40,8000,"bu","13:39:33",803700
4370,50,1000,"bu","13:38:36",795700
4360,40,1100,"bu","13:37:30",794700
4360,40,1000,"sd","13:37:28",793600
4360,40,400,"sd","13:37:28",792600
4360,40,5000,"sd","13:37:12",792200
4360,40,900,"sd","13:37:09",787200
4360,40,400,"sd","13:37:09",786300
4360,40,1000,"sd","13:35:36",785900
4370,50,100,"bu","13:35:33",784900
4360,40,1800,"sd","13:35:14",784800
4360,40,1600,"sd","13:35:14",783000
4360,40,400,"sd","13:34:43",781400
4360,40,3000,"sd","13:34:31",781000
4360,40,1000,"sd","13:34:31",778000
4360,40,100,"sd","13:33:02",777000
4360,40,100,"sd","13:32:44",776900
4360,40,100,"sd","13:32:19",776800
4360,40,800,"sd","13:32:14",776700
4360,40,100,"sd","13:32:07",775900
4360,40,2800,"sd","13:29:44",775800
4360,40,12200,"sd","13:29:44",773000
4360,40,1000,"sd","13:29:37",760800
4360,40,6200,"sd","13:29:17",759800
4360,40,100,"sd","13:28:53",753600
4360,40,100,"sd","13:28:21",753500
4360,40,100,"sd","13:27:42",753400
4360,40,100,"sd","13:27:04",753300
4360,40,100,"sd","13:26:36",753200
4360,40,100,"sd","13:26:18",753100
4360,40,100,"sd","13:25:56",753000
4360,40,400,"sd","13:25:55",752900
4360,40,6900,"sd","13:25:31",752500
4360,40,700,"sd","13:25:31",745600
4360,40,1000,"sd","13:25:31",744900
4360,40,300,"sd","13:25:31",743900
4360,40,100,"sd","13:25:17",743600
4360,40,100,"sd","13:25:13",743500
4360,40,4900,"sd","13:25:13",743400
4360,40,100,"sd","13:24:19",738500
4360,40,5000,"sd","13:22:06",738400
4360,40,1300,"sd","13:21:12",733400
4360,40,700,"sd","13:21:12",732100
4360,40,100,"sd","13:20:04",731400
4370,50,1200,"bu","13:19:22",731300
4370,50,300,"bu","13:19:22",730100
4370,50,100,"bu","13:18:47",729800
4360,40,3000,"sd","13:16:02",729700
4360,40,200,"bu","13:15:47",726700
4360,40,1000,"bu","13:15:47",726500
4360,40,5000,"bu","13:15:47",725500
4360,40,10000,"bu","13:15:47",720500
4360,40,2000,"bu","13:15:47",710500
4360,40,400,"bu","13:15:47",708500
4360,40,2700,"bu","13:15:47",708100
4360,40,5000,"bu","13:15:47",705400
4360,40,300,"bu","13:15:47",700400
4360,40,800,"bu","13:15:47",700100
4360,40,2000,"bu","13:15:47",699300
4360,40,400,"bu","13:15:47",697300
4360,40,5000,"bu","13:15:47",696900
4360,40,500,"bu","13:15:47",691900
4360,40,2500,"bu","13:15:47",691400
4360,40,100,"bu","13:15:47",688900
4360,40,400,"bu","13:15:47",688800
4360,40,2000,"bu","13:15:47",688400
4360,40,5300,"bu","13:15:47",686400
4360,40,900,"bu","13:15:40",681100
4360,40,200,"bu","13:12:36",680200
4360,40,7000,"bu","13:12:30",680000
4360,40,300,"bu","13:12:26",673000
4360,40,200,"bu","13:10:57",672700
4360,40,100,"bu","13:09:41",672500
4360,40,2000,"bu","13:08:40",672400
4350,30,1000,"sd","13:08:06",670400
4350,30,2000,"sd","13:08:04",669400
4350,30,500,"sd","13:07:55",667400
4350,30,100,"sd","13:06:36",666900
4360,40,200,"bu","13:05:36",666800
4360,40,100,"bu","13:05:25",666600
4350,30,100,"sd","13:05:09",666500
4350,30,700,"sd","13:04:07",666400
4360,40,600,"bu","13:03:27",665700
4350,30,100,"sd","13:02:21",665100
4350,30,500,"sd","13:01:08",665000
4350,30,300,"sd","13:00:07",664500
4360,40,100,"bu","13:00:04",664200
4350,30,3000,"sd","13:00:01",664100
4360,40,100,"bu","13:00:01",661100
4360,40,100,"bu","11:24:55",661000
4360,40,8000,"sd","11:24:02",660900
4360,40,1000,"sd","11:24:02",652900
4360,40,7700,"sd","11:24:02",651900
4360,40,500,"sd","11:24:02",644200
4360,40,8600,"sd","11:24:02",643700
4360,40,1400,"sd","11:23:03",635100
4360,40,10000,"sd","11:23:03",633700
4360,40,11000,"sd","11:23:03",623700
4360,40,10000,"sd","11:23:03",612700
4360,40,200,"sd","11:23:03",602700
4360,40,17000,"sd","11:23:03",602500
4360,40,400,"sd","11:23:03",585500
4360,40,100,"sd","11:21:40",585100
4360,40,100,"sd","11:19:19",585000
4360,40,100,"sd","11:18:17",584900
4360,40,100,"sd","11:17:04",584800
4360,40,200,"sd","11:15:40",584700
4360,40,800,"sd","11:15:40",584500
4360,40,2100,"sd","11:15:06",583700
4360,40,800,"sd","11:15:06",581600
4360,40,100,"sd","11:14:16",580800
4370,50,600,"bu","11:11:10",580700
4370,50,400,"bu","11:11:10",580100
4370,50,4800,"bu","11:09:23",579700
4370,50,200,"bu","11:06:12",574900
4360,40,400,"sd","11:05:46",574700
4360,40,100,"bu","11:04:53",574300
4360,40,22000,"bu","11:04:53",574200
4360,40,1000,"bu","11:04:53",552200
4360,40,500,"bu","11:04:53",551200
4360,40,5100,"bu","11:04:53",550700
4360,40,4900,"bu","11:04:20",545600
4360,40,100,"bu","11:04:20",540700
4360,40,2400,"bu","11:04:18",540600
4360,40,10000,"bu","11:04:09",538200
4360,40,10000,"bu","11:03:33",528200
4360,40,3000,"bu","11:02:22",518200
4360,40,14600,"bu","11:02:09",515200
4360,40,400,"bu","11:02:09",500600
4360,40,200,"bu","11:02:09",500200
4360,40,300,"bu","11:02:09",500000
4360,40,10000,"bu","11:02:09",499700
4360,40,300,"bu","11:02:09",489700
4360,40,1000,"bu","11:02:09",489400
4360,40,3200,"bu","11:02:09",488400
4360,40,5000,"bu","10:59:51",485200
4360,40,4800,"bu","10:58:42",480200
4360,40,200,"bu","10:58:42",475400
4360,40,4800,"bu","10:57:43",475200
4360,40,100,"bu","10:57:43",470400
4360,40,100,"bu","10:57:43",470300
4350,30,200,"bu","10:56:05",470200
4350,30,100,"bu","10:56:05",470000
4350,30,10000,"bu","10:56:05",469900
4350,30,3000,"bu","10:56:05",459900
4350,30,2000,"bu","10:56:05",456900
4350,30,500,"bu","10:56:05",454900
4350,30,3400,"bu","10:56:05",454400
4350,30,300,"bu","10:55:51",451000
4350,30,500,"bu","10:55:27",450700
4350,30,500,"bu","10:54:50",450200
4350,30,300,"bu","10:54:43",449700
4350,30,900,"sd","10:49:40",449400
4350,30,100,"sd","10:49:40",448500
4350,30,5000,"sd","10:49:17",448400
4350,30,100,"sd","10:48:14",443400
4350,30,500,"sd","10:45:36",443300
4350,30,4300,"sd","10:44:12",442800
4350,30,5700,"sd","10:44:12",438500
4360,40,100,"bu","10:40:47",432800
4360,40,100,"bu","10:40:47",432700
4350,30,1000,"bu","10:39:08",432600
4350,30,1000,"bu","10:39:08",431600
4350,30,2300,"bu","10:39:08",430600
4350,30,100,"bu","10:39:03",428300
4350,30,500,"bu","10:39:03",428200
4340,20,200,"sd","10:38:59",427700
4340,20,800,"sd","10:38:19",427500
4340,20,1000,"bu","10:33:40",426700
4340,20,1000,"bu","10:33:40",425700
4340,20,100,"bu","10:31:38",424700
4340,20,500,"sd","10:30:14",424600
4340,20,1000,"sd","10:30:14",424100
4340,20,200,"sd","10:30:14",423100
4340,20,9800,"sd","10:30:14",422900
4340,20,100,"sd","10:30:13",413100
4340,20,2300,"sd","10:30:13",413000
4340,20,900,"sd","10:30:13",410700
4340,20,500,"sd","10:29:22",409800
4340,20,1000,"sd","10:29:04",409300
4350,30,200,"bu","10:27:22",408300
4350,30,3800,"sd","10:26:01",408100
4350,30,400,"sd","10:25:13",404300
4350,30,10000,"sd","10:24:15",403900
4350,30,100,"bu","10:24:03",393900
4350,30,700,"bu","10:24:03",393800
4350,30,15000,"bu","10:23:32",393100
4340,20,1200,"sd","10:22:45",378100
4350,30,4300,"sd","10:19:59",376900
4350,30,1100,"bu","10:19:13",372600
4350,30,100,"bu","10:19:09",371500
4350,30,200,"bu","10:18:50",371400
4350,30,29700,"bu","10:18:33",371200
4350,30,300,"bu","10:18:33",341500
4350,30,100,"bu","10:18:16",341200
4350,30,9900,"sd","10:17:46",341100
4350,30,4900,"bu","10:17:28",331200
4350,30,1000,"bu","10:17:28",326300
4350,30,1600,"bu","10:17:28",325300
4350,30,2000,"bu","10:17:28",323700
4350,30,600,"bu","10:17:28",321700
4340,20,4900,"sd","10:16:07",321100
4340,20,3600,"sd","10:15:41",316200
4340,20,900,"sd","10:15:41",312600
4340,20,400,"sd","10:15:41",311700
4350,30,600,"bu","10:13:43",311300
4350,30,600,"bu","10:10:45",310700
4340,20,600,"sd","10:09:33",310100
4340,20,1000,"sd","10:09:33",309500
4340,20,4900,"sd","10:09:33",308500
4340,20,100,"sd","10:08:04",303600
4340,20,300,"sd","10:08:04",303500
4340,20,2300,"sd","10:08:04",303200
4350,30,1000,"bu","10:07:37",300900
4350,30,500,"sd","10:06:57",299900
4350,30,300,"sd","10:06:53",299400
4350,30,800,"sd","10:06:53",299100
4350,30,1000,"sd","10:06:53",298300
4350,30,500,"sd","10:06:53",297300
4350,30,800,"sd","10:06:53",296800
4350,30,100,"sd","10:06:53",296000
4350,30,100,"sd","10:05:46",295900
4350,30,100,"bu","10:04:55",295800
4350,30,400,"sd","10:04:50",295700
4350,30,100,"sd","10:04:35",295300
4350,30,400,"sd","10:04:35",295200
4350,30,100,"sd","10:04:35",294800
4350,30,100,"sd","10:04:04",294700
4360,40,500,"bu","10:01:41",294600
4360,40,500,"bu","10:00:32",294100
4360,40,5700,"sd","10:00:03",293600
4360,40,1500,"bu","09:59:26",287900
4360,40,3500,"bu","09:59:13",286400
4360,40,1000,"bu","09:59:13",282900
4350,30,100,"bu","09:59:12",281900
4350,30,100,"bu","09:59:03",281800
4350,30,700,"bu","09:59:03",281700
4350,30,2000,"bu","09:59:03",281000
4350,30,700,"bu","09:59:03",279000
4350,30,4300,"bu","09:57:36",278300
4350,30,1000,"bu","09:57:36",274000
4350,30,200,"bu","09:57:36",273000
4350,30,17200,"bu","09:57:36",272800
4350,30,100,"bu","09:57:36",255600
4350,30,200,"bu","09:57:36",255500
4350,30,25000,"bu","09:57:35",255300
4340,20,100,"sd","09:57:21",230300
4340,20,2600,"sd","09:55:54",230200
4340,20,1600,"sd","09:55:54",227600
4350,30,500,"bu","09:53:56",226000
4350,30,500,"bu","09:53:34",225500
4350,30,1000,"bu","09:53:24",225000
4340,20,500,"sd","09:52:42",224000
4340,20,500,"sd","09:49:53",223500
4340,20,1000,"bu","09:49:50",223000
4340,20,1000,"bu","09:49:50",222000
4340,20,3000,"bu","09:49:50",221000
4340,20,100,"bu","09:49:50",218000
4340,20,1000,"bu","09:49:50",217900
4340,20,500,"bu","09:49:50",216900
4340,20,800,"bu","09:49:50",216400
4330,10,100,"sd","09:49:33",215600
4330,10,6300,"sd","09:49:24",215500
4330,10,3700,"sd","09:49:24",209200
4330,10,200,"sd","09:49:07",205500
4330,10,200,"sd","09:49:00",205300
4330,10,300,"sd","09:47:28",205100
4330,10,300,"sd","09:47:28",204800
4330,10,200,"sd","09:47:21",204500
4330,10,500,"bu","09:47:00",204300
4330,10,3000,"bu","09:47:00",203800
4330,10,1000,"bu","09:47:00",200800
4330,10,2000,"bu","09:47:00",199800
4330,10,1000,"bu","09:47:00",197800
4330,10,1000,"bu","09:47:00",196800
4330,10,600,"bu","09:47:00",195800
4330,10,2100,"bu","09:47:00",195200
4330,10,1000,"bu","09:46:38",193100
4330,10,4000,"bu","09:45:47",192100
4330,10,900,"bu","09:40:12",188100
4330,10,100,"bu","09:40:12",187200
4320,0,10000,"bu","09:37:38",187100
4320,0,5700,"bu","09:37:38",177100
4320,0,100,"bu","09:36:19",171400
4320,0,1000,"bu","09:33:50",171300
4320,0,33200,"sd","09:33:37",170300
4320,0,1800,"sd","09:33:23",137100
4320,0,4000,"sd","09:31:03",135300
4320,0,100,"bu","09:30:42",131300
4320,0,900,"bu","09:30:42",131200
4320,0,4000,"bu","09:29:40",130300
4320,0,100,"sd","09:29:17",126300
4320,0,100,"sd","09:28:57",126200
4320,0,5000,"sd","09:28:57",126100
4320,0,800,"sd","09:28:57",121100
4320,0,400,"sd","09:28:57",120300
4320,0,700,"sd","09:28:57",119900
4330,10,200,"bu","09:28:26",119200
4320,0,2300,"sd","09:28:01",119000
4320,0,1000,"sd","09:28:01",116700
4320,0,5000,"sd","09:28:01",115700
4320,0,6700,"sd","09:28:01",110700
4320,0,600,"sd","09:27:16",104000
4320,0,1200,"sd","09:26:15",103400
4320,0,4000,"bu","09:26:05",102200
4320,0,3000,"bu","09:26:05",98200
4320,0,1000,"bu","09:26:05",95200
4320,0,3500,"bu","09:26:05",94200
4320,0,300,"bu","09:26:03",90700
4320,0,6200,"bu","09:25:50",90400
4320,0,500,"bu","09:25:50",84200
4320,0,3300,"bu","09:25:50",83700
4310,-10,5000,"sd","09:25:09",80400
4310,-10,1000,"sd","09:24:19",75400
4310,-10,2000,"sd","09:24:18",74400
4310,-10,1800,"sd","09:23:13",72400
4310,-10,200,"sd","09:23:13",70600
4310,-10,900,"sd","09:23:10",70400
4310,-10,800,"sd","09:23:08",69500
4310,-10,100,"sd","09:22:16",68700
4310,-10,300,"sd","09:22:05",68600
4310,-10,3600,"bu","09:21:20",68300
4300,-20,3000,"bu","09:21:09",64700
4300,-20,1000,"bu","09:21:08",61700
4300,-20,100,"bu","09:20:55",60700
4300,-20,200,"bu","09:20:54",60600
4300,-20,300,"sd","09:20:51",60400
4300,-20,200,"bu","09:20:50",60100
4310,-10,400,"sd","09:19:49",59900
4310,-10,400,"bu","09:19:35",59500
4300,-20,200,"bu","09:19:35",59100
4300,-20,100,"sd","09:19:30",58900
4300,-20,3700,"sd","09:19:30",58800
4300,-20,1300,"sd","09:19:15",55100
4300,-20,100,"sd","09:19:15",53800
4300,-20,100,"sd","09:19:15",53700
4300,-20,3500,"sd","09:19:15",53600
4300,-20,300,"sd","09:19:12",50100
4300,-20,1200,"sd","09:18:42",49800
4300,-20,5000,"sd","09:18:42",48600
4300,-20,3000,"sd","09:18:42",43600
4300,-20,100,"sd","09:18:42",40600
4300,-20,200,"sd","09:18:42",40000
4300,-20,200,"sd","09:18:42",40500
4300,-20,200,"sd","09:18:42",40300
4300,-20,100,"sd","09:18:42",40100
4310,-10,300,"sd","09:18:39",39800
4310,-10,200,"sd","09:18:39",39500
4310,-10,4800,"bu","09:18:28",39300
4310,-10,1000,"sd","09:18:16",34500
4310,-10,100,"sd","09:17:17",33500
4310,-10,5400,"sd","09:16:11",33400
4310,-10,7000,"sd","09:15:50",28000
4310,-10,4000,"sd","09:15:50",21000
4310,-10,1000,"sd","09:15:39",17000
4320,0,16000,"bu","09:15:01",16000
