"price","change","match_qtty","side","time","total_vol"
6300,-60,500,"sd","14:44:59",57500
6310,-50,200,"sd","14:29:15",57000
6310,-50,1400,"sd","14:29:15",56800
6310,-50,500,"sd","14:29:15",55400
6310,-50,200,"sd","14:29:15",54900
6310,-50,100,"sd","14:29:15",54700
6310,-50,100,"sd","14:29:15",54600
6310,-50,100,"sd","14:29:15",54500
6310,-50,2000,"sd","14:29:15",54400
6310,-50,200,"sd","14:29:15",52400
6310,-50,300,"sd","14:29:15",52200
6310,-50,500,"sd","14:24:50",51900
6310,-50,200,"sd","14:21:50",42200
6310,-50,9200,"sd","14:21:50",51400
6320,-40,100,"sd","14:21:50",42000
6320,-40,300,"sd","14:21:50",41900
6330,-30,200,"sd","14:21:50",41600
6320,-40,400,"sd","14:07:21",41400
6320,-40,300,"sd","14:07:21",41000
6320,-40,1000,"sd","14:07:21",40700
6320,-40,200,"sd","14:07:21",39700
6320,-40,200,"sd","14:07:21",39500
6320,-40,200,"sd","14:07:21",39300
6320,-40,200,"sd","14:07:21",39100
6320,-40,100,"sd","14:07:21",38900
6320,-40,100,"sd","14:07:21",38800
6320,-40,100,"sd","14:07:21",38700
6320,-40,100,"sd","14:07:21",38600
6320,-40,100,"sd","14:07:21",38500
6320,-40,1000,"sd","14:07:21",38400
6320,-40,200,"sd","13:51:28",37400
6320,-40,300,"sd","13:45:38",37200
6350,-10,100,"sd","13:42:34",36900
6350,-10,200,"sd","13:42:34",36800
6350,-10,200,"sd","13:42:34",36600
6350,-10,300,"sd","13:21:34",36400
6350,-10,500,"bu","13:19:25",36100
6320,-40,500,"sd","13:18:06",35600
6320,-40,400,"sd","13:18:06",35100
6330,-30,100,"sd","13:18:06",34700
6330,-30,100,"sd","13:12:13",34600
6330,-30,600,"sd","13:10:37",34500
6330,-30,100,"sd","13:10:37",33900
6340,-20,600,"sd","13:10:12",33800
6340,-20,300,"sd","13:10:12",33200
6340,-20,100,"sd","13:10:12",32900
6350,-10,400,"sd","13:10:12",32800
6350,-10,1500,"sd","13:10:12",32400
6350,-10,500,"sd","13:00:00",30900
6350,-10,500,"sd","13:00:00",30400
6350,-10,2000,"sd","13:00:00",29900
6350,-10,200,"sd","13:00:00",27900
6350,-10,500,"sd","11:23:41",27700
6360,0,1000,"bu","11:17:48",27200
6350,-10,100,"sd","11:16:08",26200
6350,-10,200,"bu","11:15:18",26100
6350,-10,100,"bu","11:12:15",25900
6340,-20,100,"sd","11:11:59",25800
6340,-20,1400,"bu","10:53:27",25700
6340,-20,100,"bu","10:48:43",24300
6340,-20,2600,"bu","10:48:43",24200
6340,-20,300,"bu","10:48:43",21600
6320,-40,600,"sd","10:32:25",21300
6320,-40,300,"sd","10:32:25",20700
6330,-30,100,"sd","10:32:25",20400
6340,-20,4200,"bu","10:25:52",20300
6350,-10,100,"bu","10:03:00",16100
6350,-10,200,"bu","09:58:44",16000
6350,-10,1200,"bu","09:55:18",15800
6310,-50,200,"sd","09:47:43",14600
6310,-50,100,"sd","09:47:43",14400
6310,-50,3000,"sd","09:47:43",14300
6310,-50,10100,"sd","09:47:43",11300
6310,-50,100,"sd","09:47:43",1200
6320,-40,100,"sd","09:47:43",1100
6310,-50,100,"sd","09:42:43",1000
6360,0,300,"bu","09:25:59",900
6360,0,100,"sd","09:24:18",600
6360,0,100,"sd","09:24:18",500
6390,30,400,"bu","09:14:59",400
