"price","change","match_qtty","side","time","total_vol"
9400,0,800,"bu","14:45:01",105500
9400,0,1400,"sd","14:25:50",104700
9300,-100,100,"unknown","14:20:43",103300
9300,-100,1000,"sd","14:18:05",103200
9500,100,500,"bu","14:17:22",102200
9400,0,1000,"bu","14:17:07",101700
9400,0,200,"bu","14:13:43",100700
9400,0,700,"sd","14:07:27",100500
9400,0,200,"sd","14:06:04",99800
9400,0,3100,"sd","14:05:25",99600
9400,0,1000,"bu","14:04:29",96500
9400,0,9500,"sd","14:03:31",95500
9400,0,500,"sd","14:03:12",86000
9400,0,3000,"sd","14:02:52",85500
9400,0,5000,"sd","13:53:32",82500
9400,0,2000,"sd","13:53:19",77500
9400,0,100,"bu","13:27:24",75500
9400,0,4500,"bu","13:23:30",75400
9400,0,200,"sd","13:20:09",70900
9400,0,300,"sd","13:18:50",70700
9400,0,500,"sd","13:01:20",70400
9500,100,800,"bu","13:00:10",69900
9500,100,300,"sd","11:27:32",69100
9500,100,100,"bu","11:27:01",68800
9500,100,800,"sd","11:25:32",68700
9500,100,1000,"unknown","11:24:53",67900
9600,200,500,"bu","11:15:59",66900
9600,200,700,"bu","11:03:36",66400
9500,100,300,"bu","11:02:20",65700
9500,100,100,"sd","10:58:15",65400
9500,100,700,"sd","10:57:54",65300
9500,100,1000,"bu","10:52:25",64600
9400,0,200,"sd","10:44:27",63600
9400,0,1000,"bu","10:37:27",63400
9400,0,10700,"bu","10:37:11",62400
9400,0,5000,"sd","10:36:52",51700
9500,100,700,"bu","10:36:23",46700
9500,100,100,"bu","10:36:11",46000
9500,100,200,"sd","10:34:09",45900
9500,100,800,"bu","10:32:58",45700
9500,100,200,"sd","10:32:49",44900
9500,100,800,"bu","10:32:23",44700
9500,100,100,"bu","10:32:13",43900
9500,100,100,"bu","10:28:19",43800
9500,100,100,"bu","10:26:59",43700
9500,100,1000,"sd","10:25:56",43600
9500,100,200,"sd","10:14:31",42600
9600,200,100,"bu","10:11:11",42400
9600,200,400,"sd","10:02:37",42300
9600,200,200,"sd","10:01:08",41900
9600,200,100,"sd","10:01:07",41700
9600,200,500,"sd","09:51:40",41600
9700,300,1000,"bu","09:49:11",41100
9600,200,14000,"bu","09:36:35",40100
9500,100,500,"sd","09:33:58",26100
9600,200,2100,"bu","09:27:11",25600
9700,300,500,"bu","09:26:36",23500
9700,300,10000,"bu","09:21:15",23000
9700,300,10000,"bu","09:20:53",13000
9600,200,1000,"bu","09:19:03",3000
9500,100,100,"sd","09:18:48",2000
9500,100,500,"sd","09:18:30",1900
9400,0,500,"sd","09:18:23",1400
9500,100,100,"unknown","09:17:46",900
9600,200,500,"bu","09:14:43",800
9700,300,300,"bu","09:04:20",300
