"price","change","match_qtty","side","time","total_vol"
10000,-200,172700,"unknown","14:45:00",1541100
10100,-100,300,"bu","14:29:32",1368400
10100,-100,700,"bu","14:29:32",1368100
10100,-100,500,"bu","14:29:14",1367400
10100,-100,1000,"bu","14:29:03",1366900
10050,-150,600,"sd","14:28:23",1365900
10050,-150,200,"sd","14:28:23",1365300
10050,-150,200,"sd","14:28:23",1365100
10050,-150,200,"sd","14:28:09",1364900
10050,-150,10000,"sd","14:28:09",1364700
10050,-150,500,"sd","14:28:09",1354700
10050,-150,5000,"sd","14:28:09",1354200
10050,-150,1000,"sd","14:28:09",1349200
10050,-150,200,"sd","14:28:09",1348200
10050,-150,300,"sd","14:28:09",1348000
10050,-150,5000,"sd","14:28:09",1347700
10050,-150,1000,"sd","14:28:09",1342700
10050,-150,2000,"sd","14:28:09",1341700
10050,-150,9800,"sd","14:28:09",1339700
10100,-100,700,"sd","14:28:05",1329900
10100,-100,1000,"sd","14:27:57",1329200
10100,-100,1100,"sd","14:27:57",1328200
10100,-100,300,"sd","14:27:57",1327100
10100,-100,100,"sd","14:27:57",1326800
10100,-100,1900,"sd","14:27:43",1326700
10100,-100,10000,"sd","14:27:43",1324800
10100,-100,2000,"sd","14:27:43",1314800
10100,-100,100,"sd","14:27:43",1312800
10100,-100,5000,"sd","14:27:43",1312700
10100,-100,1000,"sd","14:27:43",1307700
10100,-100,400,"sd","14:27:37",1306700
10100,-100,100,"sd","14:27:37",1306300
10100,-100,2000,"sd","14:27:37",1306200
10100,-100,500,"sd","14:27:37",1304200
10100,-100,1900,"sd","14:27:09",1303700
10150,-50,100,"bu","14:26:49",1301800
10100,-100,100,"sd","14:20:32",1301700
10150,-50,10000,"bu","14:20:13",1301600
10150,-50,700,"bu","14:20:09",1291600
10150,-50,3000,"bu","14:20:02",1290900
10100,-100,800,"sd","14:18:31",1287900
10150,-50,300,"bu","14:18:22",1287100
10100,-100,200,"sd","14:18:15",1286800
10100,-100,800,"sd","14:18:15",1286600
10100,-100,200,"bu","14:17:48",1285800
10100,-100,300,"bu","14:17:48",1285600
10100,-100,700,"bu","14:17:48",1285300
10100,-100,200,"bu","14:17:34",1284600
10100,-100,100,"bu","14:17:24",1284400
10100,-100,1200,"bu","14:17:24",1284300
10100,-100,8700,"bu","14:17:24",1283100
10100,-100,10000,"bu","14:17:15",1274400
10100,-100,1300,"bu","14:17:09",1264400
10100,-100,500,"bu","14:17:09",1263100
10100,-100,100,"bu","14:17:09",1262600
10100,-100,4000,"bu","14:17:09",1262500
10100,-100,1000,"bu","14:17:09",1258500
10100,-100,3100,"bu","14:17:09",1257500
10100,-100,1000,"bu","14:16:50",1254400
10100,-100,200,"bu","14:16:36",1253400
10050,-150,300,"bu","14:15:57",1253200
10050,-150,100,"bu","14:15:52",1252900
10050,-150,500,"sd","14:15:50",1252800
10050,-150,800,"sd","14:15:50",1252300
10050,-150,200,"sd","14:15:50",1251500
10050,-150,1000,"sd","14:15:50",1251300
10050,-150,100,"sd","14:15:50",1250300
10050,-150,1000,"sd","14:15:50",1250200
10050,-150,1000,"sd","14:15:50",1249200
10050,-150,500,"sd","14:15:50",1248200
10050,-150,1400,"sd","14:15:50",1247700
10050,-150,5100,"sd","14:15:50",1246300
10050,-150,2000,"sd","14:15:50",1241200
10050,-150,200,"sd","14:15:50",1239200
10050,-150,600,"sd","14:15:50",1239000
10050,-150,600,"sd","14:15:50",1238400
10050,-150,1000,"sd","14:15:50",1237800
10050,-150,100,"sd","14:15:50",1236800
10050,-150,600,"sd","14:15:50",1236700
10050,-150,500,"sd","14:15:50",1236100
10050,-150,200,"sd","14:15:50",1235600
10050,-150,5000,"sd","14:15:50",1235400
10050,-150,1000,"sd","14:15:50",1230400
10050,-150,5000,"sd","14:15:50",1229400
10050,-150,100,"sd","14:15:50",1224400
10050,-150,1000,"sd","14:15:50",1224300
10050,-150,100,"sd","14:15:50",1223300
10050,-150,1900,"sd","14:15:14",1223200
10050,-150,2000,"sd","14:15:14",1221300
10050,-150,3000,"sd","14:15:14",1219300
10050,-150,500,"sd","14:15:14",1216300
10050,-150,100,"sd","14:15:14",1215800
10050,-150,5000,"sd","14:15:14",1215700
10050,-150,7500,"sd","14:15:14",1210700
10100,-100,300,"bu","14:15:09",1203200
10050,-150,2500,"sd","14:14:38",1202900
10050,-150,1000,"sd","14:14:38",1200400
10050,-150,500,"sd","14:14:38",1199400
10050,-150,500,"sd","14:14:38",1198900
10050,-150,3800,"sd","14:14:38",1198400
10050,-150,1000,"sd","14:14:38",1194600
10050,-150,100,"sd","14:14:38",1193600
10050,-150,1000,"sd","14:14:38",1193500
10050,-150,100,"sd","14:14:38",1192500
10050,-150,1000,"sd","14:14:38",1192400
10050,-150,100,"sd","14:14:38",1191400
10050,-150,400,"sd","14:14:38",1191300
10050,-150,500,"sd","14:14:38",1190900
10050,-150,200,"sd","14:14:38",1190400
10050,-150,900,"sd","14:14:38",1190200
10050,-150,200,"sd","14:14:38",1189300
10050,-150,500,"sd","14:14:38",1189100
10050,-150,200,"sd","14:14:38",1188600
10050,-150,2000,"sd","14:14:38",1188400
10050,-150,200,"sd","14:14:38",1186400
10050,-150,800,"sd","14:14:38",1186200
10050,-150,500,"sd","14:14:38",1185400
10050,-150,2000,"sd","14:14:38",1184900
10100,-100,300,"bu","14:14:08",1182900
10050,-150,100,"sd","14:13:39",1182600
10050,-150,2000,"sd","14:13:39",1182500
10050,-150,5000,"sd","14:13:39",1180500
10050,-150,200,"sd","14:13:39",1175500
10050,-150,100,"sd","14:13:39",1175300
10050,-150,1000,"sd","14:13:39",1175200
10050,-150,100,"sd","14:13:39",1174200
10050,-150,500,"sd","14:13:39",1174100
10050,-150,100,"sd","14:13:39",1173600
10050,-150,5000,"sd","14:13:39",1173500
10050,-150,100,"sd","14:13:39",1168500
10050,-150,800,"sd","14:13:39",1168400
10100,-100,100,"bu","14:12:17",1167600
10100,-100,500,"bu","14:12:04",1167500
10050,-150,4200,"sd","14:11:22",1167000
10050,-150,100,"sd","14:11:22",1162800
10050,-150,700,"sd","14:11:22",1162700
10050,-150,300,"sd","14:11:15",1162000
10050,-150,1000,"sd","14:11:15",1161700
10050,-150,100,"sd","14:11:15",1160700
10050,-150,100,"sd","14:11:15",1160600
10050,-150,3000,"sd","14:11:15",1160500
10050,-150,500,"sd","14:11:15",1157500
10100,-100,200,"bu","14:10:44",1157000
10050,-150,500,"sd","14:10:21",1156800
10050,-150,1000,"sd","14:10:21",1156300
10050,-150,3500,"sd","14:10:21",1155300
10050,-150,1500,"sd","14:10:06",1151800
10050,-150,500,"sd","14:10:06",1150300
10100,-100,500,"bu","14:08:56",1149800
10100,-100,300,"bu","14:08:56",1149300
10100,-100,700,"bu","14:08:02",1149000
10100,-100,200,"bu","14:08:02",1148300
10100,-100,1100,"bu","14:08:02",1148100
10100,-100,2000,"bu","14:06:21",1147000
10100,-100,500,"bu","14:06:18",1145000
10100,-100,2000,"sd","14:06:15",1144500
10100,-100,300,"sd","14:06:15",1142500
10100,-100,500,"sd","14:06:15",1142200
10100,-100,1100,"sd","14:06:15",1141700
10100,-100,200,"sd","14:06:15",1140600
10100,-100,400,"sd","14:06:15",1140400
10100,-100,400,"sd","14:06:15",1140000
10100,-100,1500,"sd","14:06:15",1139600
10100,-100,500,"sd","14:05:35",1138100
10100,-100,200,"sd","14:05:35",1137600
10100,-100,1600,"sd","14:05:35",1137400
10100,-100,4000,"sd","14:05:35",1135800
10100,-100,700,"sd","14:05:34",1131800
10100,-100,200,"sd","14:05:34",1131100
10100,-100,100,"sd","14:05:34",1130900
10100,-100,2700,"sd","14:05:34",1130800
10100,-100,300,"sd","14:05:06",1128100
10100,-100,700,"sd","14:05:06",1127800
10100,-100,100,"sd","14:04:39",1127100
10150,-50,500,"bu","14:03:22",1127000
10150,-50,1000,"bu","14:02:48",1126500
10150,-50,200,"bu","14:00:55",1125500
10150,-50,2500,"bu","14:00:32",1125300
10100,-100,100,"sd","13:59:25",1122800
10100,-100,200,"sd","13:57:08",1122700
10100,-100,900,"sd","13:56:30",1122500
10100,-100,1000,"bu","13:53:19",1121600
10100,-100,1000,"bu","13:53:03",1120600
10100,-100,200,"bu","13:52:50",1119600
10100,-100,100,"bu","13:52:32",1119400
10100,-100,500,"sd","13:51:45",1119300
10100,-100,300,"sd","13:51:45",1118800
10100,-100,100,"sd","13:51:45",1118500
10100,-100,400,"sd","13:51:45",1118400
10100,-100,5000,"bu","13:51:24",1118000
10100,-100,500,"bu","13:51:22",1113000
10100,-100,100,"sd","13:51:05",1112500
10100,-100,200,"sd","13:51:05",1112400
10100,-100,200,"sd","13:51:05",1112200
10100,-100,1000,"sd","13:51:05",1112000
10100,-100,700,"sd","13:51:05",1111000
10100,-100,500,"sd","13:51:05",1110300
10100,-100,200,"sd","13:51:05",1109800
10100,-100,100,"sd","13:51:05",1109600
10100,-100,1500,"sd","13:51:05",1109500
10100,-100,1500,"sd","13:49:48",1108000
10100,-100,2000,"sd","13:49:33",1106500
10100,-100,3000,"sd","13:49:33",1104500
10100,-100,200,"sd","13:49:16",1101500
10100,-100,10000,"sd","13:48:51",1101300
10100,-100,30000,"sd","13:48:46",1091300
10100,-100,6800,"sd","13:48:42",1061300
10100,-100,3200,"sd","13:48:42",1054500
10100,-100,8500,"sd","13:48:35",1051300
10100,-100,500,"sd","13:48:33",1042800
10100,-100,8000,"sd","13:48:32",1042300
10100,-100,10700,"sd","13:48:30",1034300
10100,-100,6000,"sd","13:48:22",1023600
10100,-100,12200,"sd","13:47:36",1017600
10150,-50,10000,"bu","13:44:48",1005400
10100,-100,900,"sd","13:43:28",995400
10100,-100,1000,"sd","13:43:28",994500
10150,-50,100,"bu","13:42:39",993500
10150,-50,600,"bu","13:42:25",993400
10150,-50,100,"bu","13:42:19",992800
10150,-50,800,"bu","13:42:15",992700
10150,-50,4200,"bu","13:42:15",991900
10150,-50,100,"bu","13:42:11",987700
10100,-100,500,"sd","13:41:19",987600
10100,-100,13500,"sd","13:40:33",987100
10100,-100,200,"sd","13:40:33",973600
10100,-100,300,"sd","13:40:33",973400
10100,-100,300,"sd","13:40:23",973100
10100,-100,400,"sd","13:40:06",972800
10100,-100,100,"sd","13:40:06",972400
10100,-100,300,"sd","13:40:06",972300
10100,-100,200,"sd","13:40:06",972000
10100,-100,100,"sd","13:39:09",971800
10100,-100,1000,"sd","13:39:09",971700
10100,-100,900,"sd","13:39:09",970700
10100,-100,100,"sd","13:38:52",969800
10100,-100,100,"sd","13:38:52",969700
10100,-100,5000,"sd","13:38:52",969600
10100,-100,1000,"sd","13:38:52",964600
10100,-100,1000,"sd","13:38:52",963600
10100,-100,1800,"sd","13:38:52",962600
10100,-100,500,"sd","13:37:23",960800
10150,-50,1500,"bu","13:36:36",960300
10100,-100,1000,"sd","13:36:23",958800
10100,-100,1700,"sd","13:35:36",957800
10100,-100,2300,"sd","13:35:36",956100
10100,-100,1500,"sd","13:35:08",953800
10100,-100,1500,"sd","13:35:08",952300
10100,-100,500,"sd","13:35:08",950800
10100,-100,500,"sd","13:35:08",950300
10100,-100,200,"sd","13:35:08",949800
10100,-100,800,"sd","13:35:08",949600
10100,-100,500,"sd","13:35:08",948800
10100,-100,500,"sd","13:35:08",948300
10100,-100,300,"sd","13:35:08",947800
10100,-100,1000,"sd","13:35:08",947500
10100,-100,1000,"sd","13:35:08",946500
10100,-100,700,"sd","13:35:08",945500
10100,-100,100,"sd","13:34:43",944800
10100,-100,500,"sd","13:34:12",944700
10150,-50,200,"bu","13:34:04",944200
10100,-100,1000,"sd","13:33:18",944000
10100,-100,2000,"sd","13:27:51",943000
10100,-100,700,"sd","13:27:30",941000
10100,-100,100,"sd","13:27:30",940300
10100,-100,6200,"sd","13:27:30",940200
10100,-100,1000,"sd","13:27:06",934000
10150,-50,1000,"bu","13:25:51",933000
10100,-100,3100,"sd","13:24:39",932000
10100,-100,900,"sd","13:24:10",928900
10100,-100,800,"sd","13:23:40",928000
10100,-100,300,"sd","13:23:26",927200
10100,-100,600,"sd","13:23:14",926900
10100,-100,900,"sd","13:23:10",926300
10100,-100,700,"sd","13:23:08",925400
10100,-100,500,"sd","13:22:51",924700
10100,-100,1000,"sd","13:22:51",924200
10100,-100,3000,"sd","13:22:49",923200
10100,-100,1300,"sd","13:22:11",920200
10100,-100,4000,"sd","13:22:05",918900
10100,-100,4800,"sd","13:21:58",914900
10100,-100,400,"sd","13:20:30",910100
10100,-100,500,"sd","13:19:58",909700
10100,-100,200,"sd","13:19:58",909200
10100,-100,500,"sd","13:19:58",909000
10100,-100,300,"sd","13:19:58",908500
10150,-50,1400,"bu","13:17:13",908200
10150,-50,500,"bu","13:15:06",906800
10150,-50,200,"bu","13:14:52",906300
10150,-50,300,"bu","13:14:52",906100
10150,-50,600,"bu","13:12:10",905800
10150,-50,4000,"bu","13:12:10",905200
10100,-100,100,"sd","13:10:57",901200
10150,-50,5000,"bu","13:10:33",901100
10150,-50,300,"sd","13:10:10",896100
10150,-50,300,"sd","13:10:10",895800
10150,-50,2900,"sd","13:10:10",895500
10150,-50,500,"sd","13:10:00",892600
10150,-50,3000,"sd","13:09:59",892100
10150,-50,1000,"sd","13:09:27",889100
10150,-50,1000,"sd","13:08:33",888100
10150,-50,1300,"sd","13:08:09",887100
10150,-50,1000,"bu","13:07:45",885800
10100,-100,200,"sd","13:07:38",884800
10150,-50,3100,"bu","13:07:35",884600
10150,-50,200,"bu","13:07:35",881500
10100,-100,400,"sd","13:07:03",881300
10100,-100,100,"sd","13:07:03",880900
10100,-100,500,"sd","13:07:03",880800
10150,-50,8800,"bu","13:06:34",880300
10150,-50,100,"bu","13:06:34",871500
10150,-50,5000,"bu","13:06:34",871400
10150,-50,1100,"bu","13:06:34",866400
10100,-100,200,"sd","13:06:24",865300
10100,-100,800,"sd","13:06:24",865100
10150,-50,200,"bu","13:05:25",864300
10150,-50,100,"bu","13:05:25",864100
10100,-100,100,"sd","13:04:30",864000
10100,-100,200,"sd","13:00:40",863900
10100,-100,3900,"bu","13:00:34",863700
10100,-100,800,"bu","13:00:21",859800
10100,-100,500,"bu","13:00:18",859000
10100,-100,3700,"sd","13:00:16",858500
10100,-100,6000,"sd","13:00:16",854800
10100,-100,20000,"sd","13:00:16",848800
10100,-100,5100,"sd","13:00:16",828800
10100,-100,8400,"sd","13:00:01",823700
10100,-100,100,"sd","13:00:01",815300
10100,-100,3500,"sd","13:00:00",815200
10100,-100,100,"sd","13:00:00",811700
10100,-100,3000,"sd","13:00:00",811600
10100,-100,6000,"sd","13:00:00",808600
10100,-100,800,"sd","13:00:00",802600
10150,-50,200,"bu","13:00:00",801800
10150,-50,10000,"bu","13:00:00",801600
10150,-50,1900,"bu","13:00:00",791600
10150,-50,4900,"bu","12:59:59",789700
10100,-100,900,"sd","11:29:40",784800
10100,-100,100,"sd","11:29:40",783900
10100,-100,100,"sd","11:28:45",783800
10100,-100,1000,"sd","11:28:42",783700
10100,-100,500,"sd","11:27:56",782700
10100,-100,100,"sd","11:27:56",782200
10100,-100,9400,"sd","11:27:56",782100
10100,-100,10000,"sd","11:27:48",772700
10100,-100,7200,"sd","11:27:29",762700
10100,-100,400,"sd","11:26:58",755500
10100,-100,1500,"sd","11:26:55",755100
10100,-100,1200,"sd","11:26:23",753600
10100,-100,300,"sd","11:25:49",752400
10100,-100,2200,"sd","11:25:49",752100
10100,-100,7800,"sd","11:24:45",749900
10100,-100,500,"sd","11:24:45",742100
10100,-100,500,"sd","11:24:45",741600
10100,-100,6200,"sd","11:24:45",741100
10100,-100,800,"sd","11:23:51",734900
10100,-100,1300,"sd","11:23:46",734100
10100,-100,1000,"sd","11:23:35",732800
10100,-100,700,"sd","11:23:18",731800
10100,-100,1800,"sd","11:23:18",731100
10100,-100,2100,"sd","11:23:18",729300
10100,-100,1000,"sd","11:23:18",727200
10100,-100,100,"sd","11:23:18",726200
10150,-50,1000,"bu","11:23:16",726100
10150,-50,100,"sd","11:22:36",725100
10150,-50,2900,"sd","11:21:48",725000
10150,-50,100,"sd","11:21:48",722100
10150,-50,100,"bu","11:19:44",722000
10100,-100,900,"sd","11:19:14",721900
10100,-100,500,"sd","11:19:14",721000
10100,-100,1600,"sd","11:19:14",720500
10100,-100,2200,"sd","11:18:53",718900
10150,-50,900,"bu","11:18:16",716700
10150,-50,1300,"bu","11:17:06",715800
10150,-50,100,"bu","11:17:06",714500
10150,-50,7400,"bu","11:17:06",714400
10150,-50,10000,"bu","11:16:58",707000
10150,-50,2000,"bu","11:16:53",697000
10150,-50,600,"bu","11:15:11",695000
10150,-50,100,"bu","11:15:11",694400
10150,-50,100,"bu","11:15:11",694300
10100,-100,200,"sd","11:13:31",694200
10100,-100,200,"sd","11:13:31",694000
10100,-100,500,"sd","11:13:08",693800
10100,-100,4300,"sd","11:13:01",693300
10100,-100,500,"sd","11:13:01",689000
10100,-100,1400,"sd","11:13:01",688500
10100,-100,600,"bu","11:10:51",687100
10100,-100,200,"bu","11:10:46",686500
10100,-100,100,"bu","11:10:32",686300
10100,-100,3100,"bu","11:10:03",686200
10100,-100,1900,"bu","11:10:03",683100
10100,-100,100,"bu","11:09:52",681200
10100,-100,500,"bu","11:09:48",681100
10100,-100,5000,"bu","11:09:41",680600
10100,-100,1600,"bu","11:09:25",675600
10100,-100,100,"bu","11:09:24",674000
10100,-100,2900,"bu","11:09:15",673900
10100,-100,1600,"bu","11:09:00",671000
10100,-100,5000,"bu","11:08:24",669400
10100,-100,300,"bu","11:07:54",664400
10100,-100,1400,"bu","11:07:06",664100
10100,-100,1200,"sd","11:06:45",662700
10100,-100,2000,"sd","11:06:45",661500
10100,-100,200,"sd","11:06:45",659500
10100,-100,200,"sd","11:06:45",659300
10100,-100,800,"sd","11:05:29",659100
10100,-100,500,"sd","11:05:29",658300
10100,-100,200,"sd","11:05:29",657800
10100,-100,500,"sd","11:05:29",657600
10100,-100,1000,"sd","11:03:59",657100
10100,-100,500,"bu","11:03:39",656100
10100,-100,200,"bu","11:03:34",655600
10100,-100,800,"bu","11:03:34",655400
10100,-100,200,"bu","11:03:34",654600
10100,-100,800,"bu","11:03:34",654400
10100,-100,1000,"bu","11:03:22",653600
10100,-100,200,"bu","11:03:22",652600
10100,-100,2100,"bu","11:03:10",652400
10100,-100,5000,"bu","11:03:05",650300
10100,-100,800,"bu","11:02:11",645300
10100,-100,3000,"bu","11:01:51",644500
10050,-150,3500,"sd","11:01:30",641500
10050,-150,200,"sd","11:01:30",638000
10100,-100,3400,"bu","11:01:29",637800
10100,-100,1600,"bu","11:01:29",634400
10100,-100,6100,"bu","11:01:23",632800
10100,-100,400,"bu","11:01:19",626700
10100,-100,1500,"bu","11:01:01",626300
10100,-100,1000,"bu","11:00:59",624800
10100,-100,1100,"bu","10:58:13",623800
10100,-100,2000,"bu","10:57:43",622700
10100,-100,500,"bu","10:57:14",620700
10050,-150,1400,"sd","10:57:08",620200
10050,-150,200,"sd","10:56:10",618800
10100,-100,1000,"bu","10:56:03",618600
10100,-100,1000,"sd","10:56:01",617600
10100,-100,1400,"sd","10:56:01",616600
10100,-100,1000,"bu","10:55:42",615200
10100,-100,16300,"bu","10:55:42",614200
10100,-100,1000,"bu","10:55:42",597900
10100,-100,100,"bu","10:55:42",596900
10100,-100,200,"bu","10:55:42",596800
10050,-150,1200,"sd","10:55:22",596600
10050,-150,200,"sd","10:55:22",595400
10050,-150,100,"sd","10:55:22",595200
10050,-150,300,"sd","10:55:22",595100
10100,-100,1000,"bu","10:55:20",594800
10100,-100,2700,"bu","10:54:26",593800
10100,-100,500,"bu","10:53:22",591100
10100,-100,1000,"bu","10:51:35",590600
10100,-100,500,"bu","10:51:14",589600
10100,-100,200,"bu","10:50:40",589100
10100,-100,1000,"bu","10:50:28",588900
10100,-100,200,"bu","10:50:04",587900
10100,-100,4000,"bu","10:50:04",587700
10100,-100,800,"bu","10:50:04",583700
10100,-100,3000,"bu","10:49:35",582900
10050,-150,100,"sd","10:47:26",579900
10050,-150,100,"sd","10:46:52",579800
10050,-150,1000,"sd","10:46:52",579700
10050,-150,100,"sd","10:46:52",578700
10050,-150,900,"sd","10:46:51",578600
10100,-100,600,"bu","10:45:58",577700
10050,-150,1100,"sd","10:45:50",577100
10050,-150,100,"sd","10:45:50",576000
10050,-150,500,"sd","10:45:50",575900
10100,-100,400,"bu","10:45:39",575400
10050,-150,2400,"sd","10:44:23",575000
10050,-150,7600,"sd","10:44:23",572600
10050,-150,400,"sd","10:44:00",565000
10100,-100,1200,"bu","10:43:27",564600
10100,-100,500,"bu","10:43:08",563400
10100,-100,1600,"sd","10:42:28",562900
10100,-100,100,"sd","10:42:28",561300
10100,-100,1000,"sd","10:42:28",561200
10100,-100,800,"sd","10:42:28",560200
10150,-50,800,"bu","10:41:46",559400
10100,-100,1000,"bu","10:41:46",558600
10100,-100,900,"bu","10:41:44",557600
10100,-100,100,"bu","10:41:31",556700
10050,-150,2000,"sd","10:39:59",556600
10050,-150,200,"sd","10:39:59",554600
10050,-150,1000,"sd","10:39:59",554400
10050,-150,5500,"sd","10:39:59",553400
10050,-150,400,"sd","10:39:59",547900
10050,-150,500,"sd","10:39:59",547500
10050,-150,700,"sd","10:39:59",547000
10100,-100,700,"sd","10:39:59",546300
10100,-100,300,"bu","10:38:52",545600
10100,-100,500,"sd","10:38:44",545300
10100,-100,300,"sd","10:38:44",544800
10100,-100,1800,"sd","10:37:43",544500
10100,-100,1000,"sd","10:37:43",542700
10100,-100,1200,"sd","10:37:43",541700
10100,-100,100,"sd","10:36:57",540500
10100,-100,200,"sd","10:35:11",540400
10100,-100,800,"sd","10:35:11",540200
10100,-100,1200,"sd","10:35:10",539400
10100,-100,1000,"sd","10:35:10",538200
10100,-100,1000,"sd","10:35:10",537200
10100,-100,6800,"sd","10:35:10",536200
10100,-100,3200,"sd","10:34:40",529400
10100,-100,1000,"sd","10:34:40",526200
10100,-100,600,"sd","10:34:40",525200
10150,-50,200,"bu","10:33:41",524600
10150,-50,1200,"bu","10:33:41",524400
10150,-50,3800,"bu","10:33:01",523200
10150,-50,5100,"bu","10:33:01",519400
10150,-50,400,"bu","10:33:01",514300
10150,-50,700,"bu","10:33:01",513900
10100,-100,4500,"sd","10:32:43",513200
10100,-100,4900,"sd","10:32:20",508700
10100,-100,3000,"sd","10:32:20",503800
10100,-100,6100,"sd","10:32:20",500800
10100,-100,400,"sd","10:31:44",494700
10100,-100,2100,"sd","10:31:00",494300
10100,-100,1000,"sd","10:30:07",492200
10100,-100,2000,"sd","10:28:24",491200
10100,-100,4000,"sd","10:27:18",489200
10100,-100,7200,"sd","10:27:03",485200
10100,-100,1000,"sd","10:27:03",478000
10100,-100,1800,"sd","10:27:03",477000
10100,-100,3200,"sd","10:24:26",475200
10100,-100,500,"sd","10:24:26",472000
10100,-100,1000,"sd","10:24:26",471500
10100,-100,300,"sd","10:24:26",470500
10100,-100,4700,"sd","10:23:55",470200
10100,-100,1300,"sd","10:23:55",465500
10100,-100,500,"sd","10:23:55",464200
10100,-100,500,"sd","10:23:55",463700
10100,-100,200,"sd","10:23:55",463200
10100,-100,1000,"sd","10:23:55",463000
10100,-100,1800,"sd","10:23:55",462000
10100,-100,3200,"sd","10:22:40",460200
10100,-100,1200,"sd","10:22:40",457000
10100,-100,1000,"sd","10:22:40",455800
10100,-100,600,"sd","10:22:40",454800
10100,-100,5000,"bu","10:21:20",454200
10100,-100,4400,"bu","10:21:20",449200
10100,-100,3000,"bu","10:21:05",444800
10100,-100,3600,"bu","10:21:05",441800
10100,-100,6000,"sd","10:20:55",438200
10100,-100,400,"sd","10:20:43",432200
10100,-100,100,"sd","10:20:43",431800
10100,-100,9900,"sd","10:19:41",431700
10100,-100,1000,"sd","10:19:41",421800
10100,-100,100,"sd","10:19:41",420800
10100,-100,100,"sd","10:19:35",420700
10100,-100,1900,"sd","10:19:35",420600
10100,-100,500,"sd","10:19:35",418700
10100,-100,1800,"sd","10:19:35",418200
10100,-100,700,"sd","10:19:35",416400
10150,-50,100,"bu","10:19:17",415700
10150,-50,1800,"bu","10:18:52",415600
10150,-50,200,"bu","10:18:52",413800
10100,-100,3000,"sd","10:18:28",413600
10100,-100,1300,"sd","10:17:11",410600
10100,-100,8700,"sd","10:17:11",409300
10100,-100,1300,"sd","10:17:05",400600
10100,-100,400,"sd","10:17:05",399300
10100,-100,700,"sd","10:17:05",398900
10100,-100,100,"sd","10:17:05",398200
10100,-100,200,"sd","10:17:05",398100
10100,-100,8100,"sd","10:17:05",397900
10100,-100,900,"sd","10:15:47",389800
10100,-100,1000,"sd","10:15:23",388900
10100,-100,3000,"sd","10:15:23",387900
10100,-100,500,"sd","10:14:37",384900
10100,-100,9000,"sd","10:14:29",384400
10100,-100,2500,"sd","10:13:59",375400
10100,-100,2000,"sd","10:13:59",372900
10100,-100,900,"sd","10:13:59",370900
10100,-100,6600,"sd","10:13:59",370000
10100,-100,1000,"sd","10:13:37",363400
10100,-100,11800,"sd","10:12:53",362400
10100,-100,1300,"sd","10:12:23",350600
10100,-100,4300,"sd","10:11:37",349300
10100,-100,2900,"sd","10:11:37",345000
10100,-100,100,"sd","10:11:37",342100
10100,-100,3700,"sd","10:11:37",342000
10100,-100,1900,"sd","10:11:17",338300
10100,-100,4400,"sd","10:10:45",336400
10100,-100,500,"sd","10:10:45",332000
10100,-100,1000,"sd","10:10:45",331500
10100,-100,3200,"sd","10:10:45",330500
10100,-100,1300,"sd","10:10:45",327300
10100,-100,2000,"sd","10:10:45",326000
10100,-100,3600,"sd","10:10:45",324000
10100,-100,1400,"sd","10:09:41",320400
10100,-100,2000,"sd","10:09:41",319000
10100,-100,1000,"sd","10:09:41",317000
10100,-100,100,"sd","10:09:41",316000
10100,-100,13500,"sd","10:09:41",315900
10100,-100,5000,"sd","10:08:48",302400
10100,-100,16000,"sd","10:07:38",297400
10150,-50,400,"bu","10:07:28",281400
10150,-50,500,"bu","10:07:10",281000
10150,-50,2500,"bu","10:07:10",280500
10150,-50,9500,"bu","10:05:06",278000
10150,-50,500,"bu","10:05:06",268500
10100,-100,10000,"sd","10:04:55",268000
10100,-100,1000,"sd","10:02:51",258000
10100,-100,4000,"sd","10:01:20",257000
10100,-100,500,"bu","10:01:09",253000
10100,-100,1500,"sd","10:01:00",252500
10100,-100,100,"sd","10:01:00",251000
10100,-100,1200,"sd","10:01:00",250900
10100,-100,1000,"sd","10:00:40",249700
10100,-100,2800,"bu","10:00:08",248700
10100,-100,800,"bu","09:59:53",245900
10100,-100,1300,"sd","09:59:33",245100
10100,-100,700,"sd","09:58:17",243800
10100,-100,900,"sd","09:58:17",243100
10100,-100,800,"sd","09:58:17",242200
10100,-100,2000,"sd","09:58:17",241400
10100,-100,5000,"sd","09:58:17",239400
10100,-100,4600,"sd","09:58:17",234400
10100,-100,100,"sd","09:56:16",229800
10100,-100,100,"bu","09:56:11",229700
10100,-100,200,"bu","09:56:11",229600
10050,-150,300,"sd","09:55:24",229400
10050,-150,1200,"sd","09:55:24",229100
10050,-150,1000,"sd","09:55:24",227900
10050,-150,2000,"sd","09:55:24",226900
10050,-150,500,"sd","09:55:24",224900
10050,-150,200,"sd","09:55:24",224400
10100,-100,5000,"bu","09:54:36",224200
10100,-100,200,"bu","09:53:58",219200
10100,-100,200,"bu","09:53:25",219000
10050,-150,1000,"sd","09:53:11",218800
10050,-150,800,"sd","09:53:08",217800
10050,-150,2000,"sd","09:53:08",217000
10050,-150,1000,"sd","09:53:08",215000
10050,-150,10000,"sd","09:53:08",214000
10050,-150,1000,"sd","09:53:08",204000
10050,-150,200,"sd","09:53:08",203000
10050,-150,500,"sd","09:52:25",202800
10050,-150,1700,"sd","09:52:25",202300
10050,-150,300,"sd","09:51:56",200600
10050,-150,1000,"sd","09:51:56",200300
10050,-150,500,"sd","09:51:56",199300
10050,-150,200,"sd","09:51:56",198800
10100,-100,500,"bu","09:51:55",198600
10100,-100,1000,"sd","09:51:35",198100
10100,-100,100,"sd","09:51:35",197100
10100,-100,1900,"sd","09:51:35",197000
10100,-100,300,"sd","09:51:35",195100
10100,-100,500,"sd","09:51:35",194800
10100,-100,2500,"sd","09:51:35",194300
10100,-100,2000,"sd","09:51:35",191800
10100,-100,4000,"sd","09:51:35",189800
10100,-100,2000,"sd","09:51:35",185800
10100,-100,3000,"sd","09:51:26",183800
10100,-100,1000,"sd","09:51:26",180800
10100,-100,100,"sd","09:51:26",179800
10100,-100,300,"sd","09:51:26",179700
10100,-100,5600,"sd","09:51:26",179400
10100,-100,4400,"sd","09:51:20",173800
10100,-100,3000,"sd","09:51:20",169400
10100,-100,100,"sd","09:51:20",166400
10100,-100,300,"sd","09:51:20",166300
10100,-100,2000,"sd","09:51:20",166000
10100,-100,300,"sd","09:51:20",164000
10100,-100,5000,"sd","09:51:20",163700
10100,-100,4900,"sd","09:51:20",158700
10100,-100,100,"sd","09:51:07",153800
10100,-100,4900,"sd","09:51:07",153700
10100,-100,100,"sd","09:50:24",148800
10100,-100,1000,"sd","09:50:24",148700
10100,-100,8900,"sd","09:50:24",147700
10100,-100,4000,"sd","09:50:20",138800
10150,-50,500,"bu","09:46:53",134800
10150,-50,4000,"bu","09:46:49",134300
10150,-50,1700,"bu","09:46:47",130300
10150,-50,400,"bu","09:46:20",128600
10150,-50,5400,"bu","09:46:10",128200
10150,-50,1000,"bu","09:46:10",122800
10150,-50,100,"bu","09:45:43",121800
10100,-100,5600,"sd","09:45:17",121700
10150,-50,900,"sd","09:44:50",116100
10150,-50,2100,"bu","09:44:48",115200
10150,-50,100,"sd","09:44:20",113100
10150,-50,600,"sd","09:44:20",113000
10150,-50,100,"sd","09:44:20",112400
10150,-50,100,"sd","09:44:20",112300
10200,0,300,"bu","09:43:56",112200
10150,-50,900,"bu","09:42:15",111900
10150,-50,100,"bu","09:41:53",111000
10150,-50,300,"bu","09:41:53",110900
10150,-50,200,"bu","09:41:03",110600
10150,-50,500,"bu","09:40:49",110400
10150,-50,1000,"bu","09:40:44",109900
10150,-50,100,"bu","09:40:43",108900
10150,-50,200,"bu","09:40:22",108800
10150,-50,100,"bu","09:40:11",108600
10150,-50,100,"bu","09:38:53",108500
10100,-100,6000,"sd","09:37:44",108400
10100,-100,1000,"sd","09:37:07",102400
10100,-100,4500,"sd","09:36:12",101400
10100,-100,5000,"sd","09:36:12",96900
10150,-50,500,"sd","09:36:12",91900
10150,-50,1500,"sd","09:36:11",91400
10100,-100,100,"bu","09:34:57",89900
10100,-100,500,"bu","09:34:52",89800
10100,-100,100,"bu","09:34:49",89300
10100,-100,10000,"bu","09:33:39",89200
10100,-100,2000,"bu","09:33:39",79200
10100,-100,300,"bu","09:33:39",77200
10100,-100,5900,"bu","09:33:39",76900
10100,-100,4000,"bu","09:33:39",71000
10100,-100,200,"bu","09:33:39",67000
10100,-100,1000,"bu","09:33:39",66800
10100,-100,5000,"bu","09:33:39",65800
10100,-100,1300,"bu","09:33:39",60800
10100,-100,100,"unknown","09:33:39",59500
10100,-100,1500,"sd","09:33:39",59400
10100,-100,200,"sd","09:33:39",57900
10100,-100,100,"sd","09:33:39",57700
10100,-100,2700,"sd","09:33:39",57600
10100,-100,300,"sd","09:33:30",54900
10100,-100,4000,"sd","09:33:30",54600
10150,-50,300,"sd","09:33:30",50600
10150,-50,200,"sd","09:33:30",50300
10150,-50,500,"sd","09:33:30",50100
10150,-50,700,"sd","09:33:30",49600
10150,-50,2500,"sd","09:33:30",48900
10150,-50,2500,"sd","09:32:18",46400
10150,-50,1500,"sd","09:32:18",43900
10150,-50,1500,"sd","09:31:40",42400
10150,-50,900,"sd","09:31:40",40900
10150,-50,500,"sd","09:31:40",40000
10150,-50,100,"sd","09:31:40",39500
10150,-50,2000,"sd","09:29:14",39400
10150,-50,2500,"sd","09:29:06",37400
10150,-50,500,"sd","09:29:06",34900
10150,-50,2000,"sd","09:28:29",34400
10150,-50,600,"sd","09:27:46",32400
10150,-50,1900,"sd","09:26:22",31800
10150,-50,700,"sd","09:26:22",29900
10150,-50,300,"sd","09:25:28",29200
10150,-50,1500,"sd","09:25:28",28900
10150,-50,200,"sd","09:25:28",27400
10200,0,100,"bu","09:25:07",27200
10150,-50,1000,"sd","09:24:11",27100
10150,-50,3800,"bu","09:22:02",26100
10150,-50,100,"sd","09:21:07",22300
10150,-50,500,"sd","09:21:07",22200
10150,-50,100,"sd","09:21:07",21700
10150,-50,100,"sd","09:21:07",21600
10150,-50,100,"bu","09:18:58",21500
10150,-50,700,"sd","09:18:48",21400
10200,0,200,"bu","09:17:21",20700
10200,0,100,"bu","09:15:51",20500
10050,-150,20400,"sd","09:15:00",20400
