"price","change","match_qtty","side","time","total_vol"
6260,-120,339800,"unknown","14:45:00",4076000
6300,-80,7700,"sd","14:29:47",3736200
6300,-80,2000,"sd","14:29:43",3728500
6310,-70,1500,"sd","14:29:26",3726500
6320,-60,100,"bu","14:29:26",3725000
6310,-70,100,"sd","14:29:19",3724900
6310,-70,1400,"sd","14:29:08",3724800
6310,-70,600,"sd","14:29:08",3723400
6310,-70,1000,"sd","14:28:59",3722800
6310,-70,300,"sd","14:28:55",3721800
6310,-70,100,"sd","14:28:51",3721500
6310,-70,100,"sd","14:28:51",3721400
6320,-60,8000,"bu","14:28:36",3721300
6320,-60,5300,"bu","14:28:36",3713300
6320,-60,4700,"sd","14:28:23",3708000
6320,-60,2000,"sd","14:28:19",3703300
6320,-60,100,"bu","14:28:17",3701300
6320,-60,900,"bu","14:28:17",3701200
6320,-60,900,"bu","14:28:17",3700300
6300,-80,2400,"sd","14:28:09",3699400
6310,-70,100,"sd","14:28:09",3697000
6310,-70,200,"sd","14:28:09",3696900
6320,-60,100,"bu","14:27:58",3696700
6320,-60,900,"bu","14:27:58",3696600
6310,-70,900,"sd","14:27:54",3695700
6300,-80,5000,"sd","14:27:42",3694800
6320,-60,1500,"bu","14:27:38",3689800
6300,-80,60000,"sd","14:27:36",3688300
6320,-60,7600,"sd","14:27:19",3628300
6320,-60,200,"sd","14:27:10",3620700
6320,-60,7000,"bu","14:27:10",3620500
6320,-60,1000,"bu","14:27:10",3613500
6300,-80,13200,"sd","14:27:03",3612500
6310,-70,500,"sd","14:27:03",3599300
6310,-70,200,"sd","14:27:03",3598800
6310,-70,5000,"sd","14:27:03",3598600
6310,-70,1000,"sd","14:27:03",3593600
6310,-70,100,"sd","14:27:03",3592600
6320,-60,300,"bu","14:26:58",3592500
6320,-60,100,"bu","14:26:57",3592200
6320,-60,6600,"sd","14:26:56",3592100
6320,-60,600,"sd","14:26:56",3585500
6320,-60,800,"sd","14:26:51",3584900
6320,-60,4200,"sd","14:26:51",3584100
6330,-50,400,"bu","14:26:19",3579900
6330,-50,600,"bu","14:25:59",3579500
6330,-50,400,"bu","14:25:59",3578900
6310,-70,8300,"bu","14:25:20",3578500
6310,-70,100,"bu","14:25:18",3570200
6310,-70,100,"bu","14:24:54",3570100
6300,-80,4000,"sd","14:24:48",3570000
6310,-70,1000,"bu","14:24:39",3566000
6310,-70,200,"bu","14:24:36",3565000
6300,-80,1300,"sd","14:24:34",3564800
6310,-70,100,"bu","14:24:33",3563500
6310,-70,10000,"sd","14:24:24",3563400
6320,-60,200,"sd","14:24:24",3553400
6320,-60,500,"sd","14:24:17",3553200
6330,-50,100,"bu","14:24:06",3552700
6330,-50,900,"bu","14:24:06",3552600
6330,-50,100,"bu","14:24:05",3551700
6320,-60,300,"sd","14:24:02",3551600
6320,-60,200,"sd","14:24:02",3551300
6320,-60,500,"sd","14:24:02",3551100
6300,-80,2900,"sd","14:23:38",3550600
6300,-80,1700,"sd","14:23:38",3547700
6310,-70,2000,"sd","14:23:38",3546000
6310,-70,2600,"sd","14:23:38",3544000
6310,-70,10000,"sd","14:23:38",3541400
6320,-60,800,"sd","14:23:38",3531400
6320,-60,200,"sd","14:23:12",3530600
6330,-50,100,"bu","14:23:08",3530400
6330,-50,300,"bu","14:22:45",3530300
6330,-50,2700,"bu","14:22:45",3530000
6330,-50,1400,"bu","14:22:26",3527300
6320,-60,3600,"sd","14:22:24",3525900
6320,-60,1400,"sd","14:22:24",3522300
6320,-60,800,"sd","14:21:53",3520900
6320,-60,1800,"bu","14:21:40",3520100
6320,-60,500,"sd","14:21:19",3518300
6320,-60,2500,"sd","14:21:19",3517800
6320,-60,5000,"sd","14:21:19",3515300
6320,-60,100,"sd","14:21:19",3510300
6320,-60,100,"sd","14:21:19",3510200
6330,-50,3900,"bu","14:20:58",3510100
6300,-80,100,"sd","14:20:58",3506200
6300,-80,5000,"sd","14:20:58",3506100
6300,-80,2000,"sd","14:20:58",3501100
6300,-80,5000,"sd","14:20:58",3499100
6300,-80,1000,"sd","14:20:58",3494100
6300,-80,300,"sd","14:20:58",3493100
6300,-80,200,"sd","14:20:58",3492800
6300,-80,1500,"sd","14:20:58",3492600
6300,-80,300,"sd","14:20:58",3491100
6300,-80,1800,"sd","14:20:58",3490800
6310,-70,10000,"sd","14:20:58",3489000
6320,-60,2000,"sd","14:20:58",3479000
6320,-60,800,"sd","14:20:58",3477000
6330,-50,1000,"bu","14:20:53",3476200
6330,-50,1000,"bu","14:20:50",3475200
6330,-50,100,"bu","14:20:50",3474200
6330,-50,3900,"bu","14:20:50",3474100
6330,-50,500,"bu","14:20:46",3470200
6320,-60,1700,"sd","14:20:40",3469700
6320,-60,200,"sd","14:20:40",3468000
6320,-60,100,"sd","14:20:40",3467800
6330,-50,5600,"bu","14:20:02",3467700
6330,-50,2400,"bu","14:20:02",3462100
6320,-60,5000,"bu","14:19:54",3459700
6320,-60,700,"bu","14:19:50",3454700
6320,-60,4300,"sd","14:19:18",3454000
6320,-60,500,"sd","14:19:06",3449700
6320,-60,2500,"sd","14:19:06",3449200
6320,-60,4500,"sd","14:18:55",3446700
6320,-60,2000,"sd","14:18:55",3442200
6320,-60,2400,"sd","14:18:55",3440200
6320,-60,100,"sd","14:18:55",3437800
6320,-60,1000,"sd","14:18:55",3437700
6320,-60,3000,"bu","14:18:23",3436700
6320,-60,900,"bu","14:18:10",3433700
6320,-60,1000,"bu","14:18:08",3432800
6320,-60,1300,"bu","14:18:06",3431800
6320,-60,100,"bu","14:17:51",3430500
6310,-70,1000,"bu","14:17:33",3430400
6310,-70,1000,"bu","14:17:31",3429400
6310,-70,2000,"bu","14:17:29",3428400
6310,-70,2000,"bu","14:17:28",3426400
6310,-70,10000,"bu","14:17:11",3424400
6300,-80,200,"sd","14:16:51",3414400
6300,-80,300,"sd","14:16:51",3414200
6300,-80,200,"sd","14:16:00",3413900
6300,-80,800,"sd","14:15:50",3413700
6300,-80,1700,"sd","14:15:37",3412900
6300,-80,3000,"sd","14:15:37",3411200
6300,-80,4300,"sd","14:15:37",3408200
6300,-80,500,"sd","14:15:36",3403900
6300,-80,1000,"bu","14:15:29",3403400
6300,-80,500,"bu","14:15:29",3402400
6300,-80,6200,"bu","14:15:29",3401900
6300,-80,3000,"bu","14:15:17",3395700
6300,-80,800,"bu","14:15:06",3392700
6290,-90,200,"bu","14:14:56",3391900
6290,-90,100,"bu","14:14:54",3391700
6290,-90,200,"sd","14:14:48",3391600
6290,-90,800,"bu","14:14:42",3391400
6290,-90,100,"bu","14:14:36",3390600
6290,-90,100,"bu","14:14:33",3390500
6290,-90,100,"bu","14:14:31",3390400
6290,-90,400,"bu","14:14:31",3390300
6290,-90,4000,"bu","14:14:31",3389900
6290,-90,500,"bu","14:14:31",3385900
6290,-90,200,"bu","14:14:27",3385400
6290,-90,800,"bu","14:14:27",3385200
6290,-90,100,"bu","14:14:16",3384400
6280,-100,38400,"bu","14:13:34",3384300
6280,-100,500,"bu","14:13:15",3345900
6280,-100,1100,"bu","14:13:06",3345400
6280,-100,10000,"bu","14:12:56",3344300
6250,-130,1500,"sd","14:12:46",3334300
6250,-130,1100,"sd","14:12:23",3332800
6250,-130,300,"sd","14:12:20",3331700
6260,-120,200,"sd","14:12:20",3331400
6250,-130,2000,"sd","14:11:46",3331200
6230,-150,300,"sd","14:11:01",3329200
6240,-140,100,"sd","14:11:01",3328900
6240,-140,1600,"sd","14:11:01",3328800
6240,-140,400,"sd","14:10:58",3327200
6220,-160,2100,"sd","14:10:34",3326800
6220,-160,1000,"sd","14:10:34",3324700
6220,-160,200,"sd","14:10:34",3323700
6220,-160,1000,"sd","14:10:34",3323500
6220,-160,200,"sd","14:10:34",3322500
6220,-160,7000,"sd","14:10:34",3322300
6230,-150,5000,"sd","14:10:34",3315300
6240,-140,1000,"sd","14:10:34",3310300
6240,-140,4800,"sd","14:10:34",3309300
6250,-130,200,"sd","14:10:34",3304500
6250,-130,100,"sd","14:10:34",3304300
6250,-130,100,"sd","14:10:34",3304200
6250,-130,300,"sd","14:10:34",3304100
6250,-130,5000,"sd","14:10:34",3303800
6250,-130,2100,"sd","14:10:34",3298800
6260,-120,100,"sd","14:10:34",3296700
6260,-120,100,"sd","14:10:34",3296600
6260,-120,19700,"sd","14:10:34",3296500
6260,-120,10400,"sd","14:10:20",3276800
6260,-120,19900,"bu","14:10:20",3266400
6260,-120,100,"bu","14:10:13",3246500
6250,-130,2900,"bu","14:09:56",3246400
6220,-160,3000,"sd","14:09:53",3243500
6220,-160,200,"sd","14:09:53",3240500
6250,-130,1000,"bu","14:09:50",3240300
6250,-130,1000,"bu","14:09:44",3239300
6250,-130,4000,"bu","14:09:32",3238300
6250,-130,600,"sd","14:09:18",3234300
6250,-130,500,"sd","14:09:18",3233700
6250,-130,500,"sd","14:09:18",3233200
6250,-130,300,"sd","14:09:10",3232700
6290,-90,100,"bu","14:09:10",3232400
6290,-90,200,"bu","14:09:10",3232300
6290,-90,1700,"bu","14:09:10",3232100
6250,-130,200,"bu","14:09:06",3230400
6220,-160,500,"sd","14:09:03",3230200
6250,-130,500,"bu","14:08:57",3229700
6250,-130,200,"bu","14:08:46",3229200
6210,-170,2400,"sd","14:08:40",3229000
6210,-170,500,"sd","14:08:40",3226600
6210,-170,100,"sd","14:08:40",3226100
6210,-170,2000,"sd","14:08:40",3226000
6210,-170,500,"sd","14:08:40",3224000
6210,-170,500,"sd","14:08:40",3223500
6220,-160,1300,"sd","14:08:40",3223000
6220,-160,100,"sd","14:08:40",3221700
6220,-160,2000,"sd","14:08:40",3221600
6220,-160,500,"sd","14:08:40",3219600
6230,-150,2000,"sd","14:08:40",3219100
6230,-150,200,"sd","14:08:40",3217100
6230,-150,500,"sd","14:08:40",3216900
6240,-140,500,"sd","14:08:40",3216400
6250,-130,300,"sd","14:08:39",3215900
6250,-130,200,"sd","14:08:38",3215600
6250,-130,100,"sd","14:08:38",3215400
6250,-130,200,"sd","14:08:38",3215300
6250,-130,1000,"sd","14:08:38",3215100
6250,-130,200,"sd","14:08:38",3214100
6250,-130,1500,"sd","14:08:38",3213900
6250,-130,900,"sd","14:08:38",3212400
6250,-130,200,"sd","14:08:38",3211500
6250,-130,5000,"sd","14:08:38",3211300
6250,-130,500,"sd","14:08:38",3206300
6250,-130,1000,"sd","14:08:38",3205800
6250,-130,1000,"sd","14:08:38",3204800
6250,-130,400,"sd","14:08:38",3203800
6250,-130,500,"sd","14:08:38",3203400
6250,-130,100,"sd","14:08:38",3202900
6250,-130,5000,"sd","14:08:38",3202800
6250,-130,200,"sd","14:08:38",3197800
6260,-120,200,"sd","14:08:38",3197600
6250,-130,1000,"sd","14:08:38",3197400
6260,-120,400,"sd","14:08:38",3196400
6260,-120,200,"sd","14:08:38",3196000
6250,-130,11500,"sd","14:08:38",3195800
6260,-120,10000,"sd","14:08:38",3184300
6250,-130,2000,"sd","14:08:38",3174300
6250,-130,500,"sd","14:08:38",3172300
6250,-130,100,"sd","14:08:38",3171800
6250,-130,5000,"sd","14:08:38",3171700
6260,-120,1000,"sd","14:08:38",3166700
6250,-130,10000,"sd","14:08:38",3165700
6260,-120,500,"sd","14:08:38",3155700
6250,-130,1000,"sd","14:08:38",3155200
6260,-120,1000,"sd","14:08:38",3154200
6250,-130,1300,"sd","14:08:38",3153200
6250,-130,3100,"sd","14:08:38",3151900
6260,-120,1000,"sd","14:08:38",3148800
6250,-130,200,"sd","14:08:38",3147800
6260,-120,200,"sd","14:08:38",3147600
6250,-130,1000,"sd","14:08:38",3147400
6260,-120,500,"sd","14:08:38",3146400
6250,-130,100,"sd","14:08:38",3145900
6250,-130,10000,"sd","14:08:38",3145800
6260,-120,100,"sd","14:08:38",3135800
6260,-120,100,"sd","14:08:38",3135700
6250,-130,5600,"sd","14:08:38",3135600
6270,-110,1000,"sd","14:08:38",3130000
6250,-130,2000,"sd","14:08:38",3129000
6270,-110,100,"sd","14:08:38",3127000
6250,-130,2100,"sd","14:08:38",3126900
6270,-110,600,"sd","14:08:38",3124800
6260,-120,100,"sd","14:08:38",3124200
6270,-110,500,"sd","14:08:38",3124100
6250,-130,900,"sd","14:08:38",3123600
6260,-120,100,"sd","14:08:38",3122700
6270,-110,200,"sd","14:08:38",3122600
6260,-120,2100,"sd","14:08:38",3122400
6260,-120,600,"sd","14:08:38",3120300
6250,-130,200,"sd","14:08:38",3119700
6270,-110,1000,"sd","14:08:38",3119500
6250,-130,5000,"sd","14:08:38",3118500
6270,-110,600,"sd","14:08:38",3113500
6250,-130,4500,"sd","14:08:38",3112900
6270,-110,500,"sd","14:08:38",3108400
6250,-130,10000,"sd","14:08:38",3107900
6270,-110,500,"sd","14:08:38",3097900
6270,-110,2100,"sd","14:08:38",3097400
6270,-110,3000,"sd","14:08:38",3095300
6260,-120,500,"sd","14:08:38",3092300
6270,-110,200,"sd","14:08:38",3091800
6260,-120,100,"sd","14:08:38",3091600
6270,-110,100,"sd","14:08:38",3091500
6280,-100,400,"sd","14:08:38",3091400
6270,-110,100,"sd","14:08:38",3091000
6270,-110,5000,"sd","14:08:38",3090900
6280,-100,2600,"sd","14:08:38",3085900
6270,-110,200,"sd","14:08:38",3083300
6280,-100,1000,"sd","14:08:38",3083100
6270,-110,400,"sd","14:08:38",3082100
6280,-100,500,"sd","14:08:38",3081700
6270,-110,500,"sd","14:08:38",3081200
6270,-110,1000,"sd","14:08:38",3080700
6280,-100,500,"sd","14:08:38",3079700
6270,-110,300,"sd","14:08:38",3079200
6280,-100,5000,"sd","14:08:38",3078900
6270,-110,2500,"sd","14:08:38",3073900
6280,-100,1000,"sd","14:08:38",3071400
6280,-100,1000,"sd","14:08:38",3070400
6280,-100,300,"sd","14:08:38",3069400
6280,-100,1000,"sd","14:08:38",3069100
6280,-100,100,"sd","14:08:38",3068100
6280,-100,1000,"sd","14:08:38",3068000
6280,-100,200,"sd","14:08:38",3067000
6290,-90,800,"bu","14:08:37",3066800
6290,-90,3000,"bu","14:08:32",3066000
6290,-90,1000,"bu","14:08:27",3063000
6290,-90,100,"bu","14:08:20",3062000
6290,-90,2000,"sd","14:08:19",3061900
6290,-90,1000,"sd","14:08:19",3059900
6290,-90,100,"sd","14:08:19",3058900
6290,-90,2000,"sd","14:08:19",3058800
6290,-90,600,"sd","14:08:19",3056800
6290,-90,300,"sd","14:08:19",3056200
6290,-90,4900,"sd","14:08:19",3055900
6300,-80,500,"bu","14:08:13",3051000
6300,-80,900,"bu","14:08:01",3050500
6300,-80,9100,"bu","14:08:01",3049600
6300,-80,900,"sd","14:07:36",3040500
6300,-80,100,"bu","14:07:34",3039600
6300,-80,500,"sd","14:07:30",3039500
6300,-80,9400,"sd","14:07:30",3039000
6300,-80,600,"sd","14:07:24",3029600
6300,-80,100,"sd","14:07:24",3029000
6300,-80,100,"sd","14:07:24",3028900
6300,-80,200,"sd","14:07:24",3028800
6300,-80,1000,"sd","14:07:24",3028600
6310,-70,1000,"bu","14:06:58",3027600
6300,-80,700,"sd","14:06:31",3026600
6300,-80,2200,"sd","14:06:31",3025900
6300,-80,200,"sd","14:06:31",3023700
6300,-80,100,"sd","14:06:31",3023500
6300,-80,100,"sd","14:06:31",3023400
6300,-80,400,"sd","14:06:31",3023300
6300,-80,100,"sd","14:06:31",3022900
6300,-80,4000,"sd","14:06:31",3022800
6300,-80,100,"sd","14:06:31",3018800
6300,-80,500,"sd","14:06:31",3018700
6300,-80,1000,"sd","14:06:31",3018200
6300,-80,400,"sd","14:06:31",3017200
6300,-80,200,"sd","14:06:31",3016800
6310,-70,8500,"bu","14:06:20",3016600
6310,-70,1500,"bu","14:06:20",3008100
6300,-80,5000,"sd","14:06:14",3006600
6310,-70,4200,"sd","14:05:51",3001600
6310,-70,1100,"bu","14:05:42",2997400
6310,-70,4700,"bu","14:05:42",2996300
6310,-70,1000,"bu","14:05:39",2991600
6310,-70,1300,"sd","14:05:14",2990600
6310,-70,100,"sd","14:05:11",2989300
6310,-70,2200,"bu","14:04:57",2989200
6310,-70,1400,"bu","14:04:57",2987000
6310,-70,1000,"bu","14:04:49",2985600
6310,-70,1200,"sd","14:04:18",2984600
6310,-70,2000,"sd","14:04:18",2983400
6310,-70,3400,"sd","14:04:18",2981400
6310,-70,6600,"sd","14:04:14",2978000
6310,-70,500,"sd","14:04:14",2971400
6310,-70,400,"sd","14:04:14",2970900
6310,-70,100,"sd","14:04:14",2970500
6310,-70,100,"sd","14:04:14",2970400
6310,-70,2300,"sd","14:04:14",2970300
6320,-60,1500,"bu","14:03:37",2968000
6320,-60,1200,"bu","14:03:34",2966500
6320,-60,300,"bu","14:03:34",2965300
6320,-60,100,"sd","14:03:07",2965000
6320,-60,600,"sd","14:03:07",2964900
6320,-60,400,"bu","14:02:41",2964300
6320,-60,1000,"bu","14:02:32",2963900
6320,-60,100,"bu","14:02:22",2962900
6320,-60,200,"sd","14:02:20",2962800
6320,-60,100,"sd","14:02:20",2962600
6320,-60,500,"sd","14:02:20",2962500
6320,-60,3000,"sd","14:02:20",2962000
6320,-60,700,"sd","14:02:20",2959000
6320,-60,1000,"sd","14:01:49",2958300
6320,-60,100,"sd","14:01:34",2957300
6320,-60,1200,"sd","14:01:22",2957200
6320,-60,800,"sd","14:01:22",2956000
6330,-50,100,"bu","14:00:51",2955200
6320,-60,5000,"sd","14:00:02",2955100
6320,-60,4200,"bu","14:00:01",2950100
6320,-60,1400,"bu","13:59:32",2945900
6320,-60,1400,"bu","13:59:25",2944500
6320,-60,2600,"bu","13:59:25",2943100
6320,-60,2000,"sd","13:59:11",2940500
6320,-60,1000,"sd","13:59:11",2938500
6320,-60,2000,"sd","13:59:11",2937500
6320,-60,100,"sd","13:59:11",2935500
6320,-60,700,"sd","13:59:11",2935400
6320,-60,1000,"bu","13:56:34",2934700
6320,-60,1300,"bu","13:56:34",2933700
6320,-60,100,"bu","13:56:24",2932400
6320,-60,4000,"bu","13:56:15",2932300
6320,-60,1000,"bu","13:56:15",2928300
6310,-70,200,"bu","13:56:04",2927300
6310,-70,2200,"bu","13:56:04",2927100
6300,-80,5200,"bu","13:55:47",2924900
6300,-80,1000,"bu","13:55:47",2919700
6300,-80,200,"bu","13:55:47",2918700
6300,-80,42600,"bu","13:55:47",2918500
6300,-80,200,"bu","13:55:40",2875900
6300,-80,10000,"bu","13:55:40",2875700
6300,-80,100,"bu","13:55:40",2865700
6300,-80,2000,"bu","13:55:13",2865600
6290,-90,100,"sd","13:53:46",2863600
6300,-80,2000,"bu","13:53:43",2863500
6290,-90,7000,"sd","13:53:35",2861500
6290,-90,200,"bu","13:53:20",2854500
6290,-90,10000,"bu","13:53:20",2854300
6290,-90,1000,"bu","13:53:20",2844300
6290,-90,6800,"bu","13:53:20",2843300
6290,-90,800,"bu","13:53:14",2836500
6280,-100,1900,"sd","13:53:12",2835700
6280,-100,800,"sd","13:53:12",2833800
6280,-100,5000,"sd","13:53:12",2833000
6280,-100,800,"sd","13:53:12",2828000
6280,-100,100,"sd","13:53:12",2827200
6280,-100,1000,"sd","13:53:12",2827100
6280,-100,200,"sd","13:53:12",2826100
6280,-100,1000,"sd","13:53:12",2825900
6280,-100,5400,"sd","13:53:12",2824900
6280,-100,1400,"sd","13:52:13",2819500
6280,-100,3200,"bu","13:52:02",2818100
6280,-100,600,"sd","13:52:00",2814900
6280,-100,200,"sd","13:52:00",2814300
6270,-110,500,"sd","13:51:53",2814100
6270,-110,100,"sd","13:51:53",2813600
6270,-110,60400,"sd","13:51:53",2813500
6280,-100,100,"sd","13:51:53",2753100
6280,-100,500,"sd","13:51:53",2753000
6280,-100,1000,"sd","13:51:53",2752500
6280,-100,1000,"sd","13:51:53",2751500
6280,-100,2000,"sd","13:51:53",2750500
6280,-100,5000,"sd","13:51:53",2748500
6280,-100,100,"sd","13:51:53",2743500
6280,-100,100,"sd","13:51:53",2743400
6280,-100,200,"sd","13:51:53",2743300
6280,-100,1000,"sd","13:51:53",2743100
6280,-100,1000,"sd","13:51:53",2742100
6280,-100,1000,"sd","13:51:53",2741100
6280,-100,100,"sd","13:51:53",2740100
6280,-100,900,"sd","13:51:53",2740000
6280,-100,100,"sd","13:51:32",2739100
6280,-100,800,"sd","13:51:32",2739000
6280,-100,1200,"sd","13:51:24",2738200
6280,-100,1800,"sd","13:51:24",2737000
6280,-100,100,"sd","13:51:19",2735200
6290,-90,700,"bu","13:51:06",2735100
6280,-100,100,"sd","13:50:40",2734400
6280,-100,1000,"sd","13:50:40",2734300
6280,-100,200,"sd","13:50:40",2733300
6280,-100,200,"sd","13:50:40",2733100
6280,-100,1500,"sd","13:50:40",2732900
6280,-100,1000,"sd","13:50:40",2731400
6280,-100,500,"sd","13:49:58",2730400
6280,-100,1600,"sd","13:49:54",2729900
6280,-100,400,"sd","13:49:48",2728300
6280,-100,100,"sd","13:49:48",2727900
6280,-100,500,"sd","13:49:48",2727800
6290,-90,100,"bu","13:49:40",2727300
6290,-90,100,"bu","13:49:40",2727200
6280,-100,300,"sd","13:49:31",2727100
6280,-100,100,"sd","13:49:31",2726800
6280,-100,1000,"sd","13:49:31",2726700
6280,-100,600,"sd","13:49:31",2725700
6280,-100,300,"sd","13:49:31",2725100
6280,-100,2900,"sd","13:49:30",2724800
6280,-100,1000,"sd","13:49:06",2721900
6290,-90,1500,"sd","13:48:57",2720900
6290,-90,1500,"bu","13:48:54",2719400
6290,-90,1000,"bu","13:48:47",2717900
6290,-90,100,"bu","13:48:17",2716900
6280,-100,200,"sd","13:48:14",2716800
6280,-100,500,"sd","13:48:14",2716600
6270,-110,10000,"sd","13:48:00",2716100
6270,-110,10000,"sd","13:47:58",2706100
6270,-110,10000,"sd","13:47:55",2696100
6270,-110,200,"sd","13:47:52",2686100
6290,-90,2000,"bu","13:47:51",2685900
6290,-90,3000,"bu","13:47:43",2683900
6270,-110,1700,"sd","13:47:36",2680900
6280,-100,1000,"sd","13:47:36",2679200
6270,-110,5000,"sd","13:47:29",2678200
6270,-110,2700,"sd","13:47:23",2673200
6270,-110,200,"sd","13:47:23",2670500
6270,-110,300,"sd","13:47:23",2670300
6280,-100,1800,"unknown","13:47:23",2670000
6280,-100,1000,"sd","13:47:20",2668200
6280,-100,2400,"bu","13:47:20",2667200
6280,-100,100,"bu","13:47:18",2664800
6280,-100,1000,"bu","13:47:18",2664700
6280,-100,2000,"bu","13:47:13",2663700
6280,-100,100,"bu","13:47:09",2661700
6280,-100,2000,"bu","13:47:05",2661600
6280,-100,100,"bu","13:47:00",2659600
6270,-110,500,"sd","13:46:56",2659500
6270,-110,500,"sd","13:46:56",2659000
6280,-100,200,"bu","13:46:52",2658500
6280,-100,1000,"bu","13:46:51",2658300
6280,-100,1000,"sd","13:46:47",2657300
6280,-100,500,"sd","13:46:47",2656300
6280,-100,3000,"sd","13:46:47",2655800
6280,-100,400,"sd","13:46:47",2652800
6280,-100,1200,"sd","13:46:47",2652400
6280,-100,500,"sd","13:46:36",2651200
6280,-100,1100,"sd","13:46:36",2650700
6280,-100,500,"sd","13:46:36",2649600
6280,-100,500,"sd","13:46:36",2649100
6280,-100,2000,"sd","13:46:36",2648600
6280,-100,500,"sd","13:46:36",2646600
6280,-100,1000,"sd","13:46:36",2646100
6280,-100,200,"sd","13:46:36",2645100
6280,-100,3700,"sd","13:46:36",2644900
6280,-100,4900,"sd","13:46:24",2641200
6280,-100,300,"sd","13:46:24",2636300
6280,-100,400,"sd","13:46:24",2636000
6280,-100,5000,"sd","13:46:23",2635600
6280,-100,5000,"sd","13:46:23",2630600
6280,-100,100,"sd","13:46:23",2625600
6280,-100,1400,"sd","13:46:23",2625500
6280,-100,100,"sd","13:46:21",2624100
6280,-100,3500,"sd","13:46:15",2624000
6280,-100,2500,"sd","13:46:15",2620500
6280,-100,1000,"sd","13:46:15",2618000
6280,-100,3000,"sd","13:46:15",2617000
6280,-100,500,"sd","13:46:15",2614000
6280,-100,500,"sd","13:46:15",2613500
6280,-100,5000,"sd","13:46:15",2613000
6280,-100,2000,"sd","13:46:15",2608000
6280,-100,3700,"sd","13:46:15",2606000
6290,-90,200,"bu","13:46:14",2602300
6290,-90,2000,"sd","13:46:11",2602100
6290,-90,500,"sd","13:46:11",2600100
6290,-90,500,"sd","13:46:11",2599600
6290,-90,500,"bu","13:45:45",2599100
6290,-90,1000,"bu","13:45:29",2598600
6290,-90,100,"bu","13:45:24",2597600
6280,-100,1300,"sd","13:45:22",2597500
6280,-100,100,"sd","13:45:22",2596200
6280,-100,200,"sd","13:45:22",2596100
6280,-100,100,"sd","13:45:22",2595900
6280,-100,300,"sd","13:45:22",2595800
6280,-100,700,"sd","13:45:14",2595500
6280,-100,100,"sd","13:45:14",2594800
6290,-90,200,"sd","13:45:14",2594700
6290,-90,1000,"sd","13:45:14",2594500
6290,-90,100,"sd","13:45:14",2593500
6290,-90,3000,"sd","13:45:14",2593400
6290,-90,200,"sd","13:45:14",2590400
6290,-90,1000,"sd","13:45:14",2590200
6290,-90,500,"sd","13:45:14",2589200
6290,-90,1000,"sd","13:45:14",2588700
6290,-90,200,"sd","13:45:14",2587700
6290,-90,1000,"sd","13:45:14",2587500
6290,-90,200,"sd","13:45:14",2586500
6290,-90,100,"sd","13:45:14",2586300
6290,-90,400,"sd","13:45:14",2586200
6290,-90,500,"sd","13:45:11",2585800
6290,-90,100,"sd","13:45:11",2585300
6290,-90,500,"sd","13:45:11",2585200
6290,-90,100,"sd","13:45:11",2584700
6290,-90,200,"sd","13:45:11",2584600
6290,-90,100,"sd","13:45:11",2584400
6290,-90,500,"sd","13:45:11",2584300
6290,-90,2000,"sd","13:45:11",2583800
6290,-90,1000,"sd","13:45:11",2581800
6290,-90,1000,"sd","13:45:11",2580800
6290,-90,1000,"sd","13:45:11",2579800
6290,-90,1000,"sd","13:45:11",2578800
6290,-90,1000,"sd","13:45:11",2577800
6290,-90,300,"sd","13:45:08",2576800
6290,-90,900,"sd","13:45:08",2576500
6300,-80,1000,"sd","13:44:53",2575600
6300,-80,600,"sd","13:44:53",2574600
6300,-80,500,"sd","13:44:53",2574000
6300,-80,500,"sd","13:44:53",2573500
6300,-80,1500,"sd","13:44:53",2573000
6300,-80,3000,"sd","13:44:53",2571500
6300,-80,100,"sd","13:44:53",2568500
6300,-80,1000,"sd","13:44:53",2568400
6300,-80,100,"sd","13:44:53",2567400
6300,-80,100,"sd","13:44:53",2567300
6300,-80,6000,"sd","13:44:53",2567200
6300,-80,2000,"sd","13:44:53",2561200
6300,-80,5000,"sd","13:44:53",2559200
6300,-80,1700,"sd","13:44:53",2554200
6310,-70,100,"bu","13:44:15",2552500
6310,-70,700,"sd","13:43:56",2552400
6310,-70,300,"sd","13:43:56",2551700
6310,-70,1600,"sd","13:43:56",2551400
6310,-70,3000,"sd","13:43:46",2549800
6310,-70,100,"sd","13:43:32",2546800
6310,-70,300,"bu","13:43:18",2546700
6300,-80,1100,"sd","13:42:50",2546400
6300,-80,7200,"sd","13:42:50",2545300
6300,-80,1500,"sd","13:42:50",2538100
6300,-80,1000,"sd","13:42:50",2536600
6300,-80,300,"sd","13:42:50",2535600
6310,-70,200,"bu","13:42:40",2535300
6300,-80,100,"sd","13:41:27",2535100
6290,-90,2100,"sd","13:40:34",2535000
6290,-90,100,"sd","13:40:34",2532900
6300,-80,1000,"unknown","13:40:34",2532800
6300,-80,200,"unknown","13:40:34",2531800
6300,-80,3000,"unknown","13:40:34",2531600
6300,-80,2000,"unknown","13:40:34",2528600
6300,-80,5000,"unknown","13:40:34",2526600
6300,-80,1100,"unknown","13:40:34",2521600
6300,-80,10000,"unknown","13:40:34",2520500
6300,-80,500,"unknown","13:40:34",2510500
6300,-80,200,"unknown","13:40:34",2510000
6300,-80,100,"unknown","13:40:34",2509800
6300,-80,500,"unknown","13:40:34",2509700
6300,-80,100,"sd","13:40:34",2509200
6300,-80,1900,"sd","13:40:34",2509100
6300,-80,20300,"sd","13:40:34",2507200
6300,-80,1000,"sd","13:40:34",2486900
6300,-80,1000,"sd","13:40:34",2485900
6300,-80,100,"sd","13:40:34",2484900
6300,-80,2000,"sd","13:40:34",2484800
6300,-80,100,"sd","13:40:34",2482800
6300,-80,100,"sd","13:40:34",2482700
6300,-80,1000,"sd","13:40:34",2482600
6300,-80,3000,"sd","13:40:34",2481600
6300,-80,500,"sd","13:40:34",2478600
6300,-80,100,"sd","13:40:34",2478100
6300,-80,500,"sd","13:40:34",2478000
6300,-80,200,"sd","13:40:34",2477500
6300,-80,500,"sd","13:40:34",2477300
6300,-80,2000,"sd","13:40:34",2476800
6300,-80,10000,"sd","13:40:34",2474800
6300,-80,500,"sd","13:40:34",2464800
6300,-80,100,"sd","13:40:34",2464300
6300,-80,500,"sd","13:40:34",2464200
6300,-80,200,"sd","13:40:34",2463700
6300,-80,200,"sd","13:40:34",2463500
6300,-80,500,"sd","13:40:34",2463300
6300,-80,500,"sd","13:40:34",2462800
6300,-80,600,"sd","13:40:34",2462300
6300,-80,10000,"sd","13:40:34",2461700
6310,-70,500,"sd","13:40:34",2451700
6310,-70,20000,"sd","13:40:34",2451200
6310,-70,38900,"sd","13:40:34",2431200
6320,-60,100,"sd","13:40:34",2392300
6320,-60,2600,"sd","13:40:34",2392200
6320,-60,1000,"sd","13:40:34",2389600
6320,-60,100,"sd","13:40:34",2388600
6320,-60,20000,"sd","13:40:34",2388500
6320,-60,100,"sd","13:40:34",2368500
6320,-60,10000,"sd","13:40:34",2368400
6320,-60,4700,"sd","13:40:34",2358400
6320,-60,18700,"sd","13:40:34",2353700
6330,-50,1300,"bu","13:40:32",2335000
6330,-50,3500,"bu","13:40:20",2333700
6320,-60,1300,"sd","13:40:09",2330200
6320,-60,1700,"sd","13:40:09",2328900
6330,-50,10000,"bu","13:39:44",2327200
6320,-60,200,"sd","13:39:31",2317200
6330,-50,3000,"sd","13:39:18",2317000
6330,-50,1500,"bu","13:39:02",2314000
6330,-50,500,"bu","13:39:02",2312500
6330,-50,500,"bu","13:38:58",2312000
6320,-60,1000,"sd","13:38:45",2311500
6320,-60,5000,"bu","13:38:26",2310500
6320,-60,12100,"bu","13:38:26",2305500
6320,-60,300,"bu","13:38:09",2293400
6320,-60,10000,"bu","13:37:41",2293100
6320,-60,500,"bu","13:37:35",2283100
6320,-60,1400,"bu","13:37:34",2282600
6320,-60,1000,"bu","13:37:22",2281200
6310,-70,21000,"sd","13:37:09",2280200
6310,-70,100,"bu","13:36:52",2259200
6310,-70,100,"sd","13:36:45",2259100
6310,-70,1000,"sd","13:36:45",2259000
6310,-70,500,"sd","13:36:45",2258000
6310,-70,100,"sd","13:36:45",2257500
6310,-70,100,"sd","13:36:45",2257400
6310,-70,1100,"sd","13:36:45",2257300
6310,-70,3900,"sd","13:36:39",2256200
6310,-70,100,"sd","13:36:39",2252300
6310,-70,1000,"sd","13:36:39",2252200
6310,-70,3000,"sd","13:36:36",2251200
6310,-70,1000,"sd","13:36:31",2248200
6310,-70,2000,"sd","13:36:31",2247200
6310,-70,1000,"sd","13:36:27",2245200
6310,-70,100,"sd","13:36:27",2244200
6310,-70,1900,"sd","13:36:27",2244100
6310,-70,1100,"sd","13:36:24",2242200
6310,-70,1900,"sd","13:36:24",2241100
6310,-70,4500,"sd","13:36:20",2239200
6320,-60,1000,"sd","13:35:52",2234700
6320,-60,500,"sd","13:35:52",2233700
6320,-60,300,"sd","13:35:52",2233200
6320,-60,1000,"sd","13:35:52",2232900
6320,-60,17900,"sd","13:35:52",2231900
6320,-60,1000,"sd","13:35:29",2214000
6330,-50,100,"sd","13:34:58",2213000
6330,-50,400,"sd","13:34:58",2212900
6330,-50,100,"sd","13:34:25",2212500
6330,-50,100,"sd","13:34:06",2212400
6330,-50,1500,"bu","13:33:41",2212300
6330,-50,200,"bu","13:33:37",2210800
6330,-50,100,"bu","13:33:32",2210600
6330,-50,1700,"bu","13:33:17",2210500
6320,-60,100,"bu","13:32:58",2208800
6320,-60,2900,"bu","13:32:58",2208700
6320,-60,100,"bu","13:32:58",2205800
6320,-60,100,"bu","13:32:55",2205700
6320,-60,100,"bu","13:32:29",2205600
6320,-60,300,"bu","13:32:05",2205500
6320,-60,1000,"bu","13:31:30",2205200
6320,-60,400,"sd","13:31:29",2204200
6330,-50,200,"bu","13:30:46",2203800
6330,-50,300,"bu","13:30:27",2203600
6330,-50,1000,"bu","13:30:08",2203300
6330,-50,2000,"sd","13:29:31",2202300
6310,-70,77600,"sd","13:29:15",2200300
6310,-70,3000,"sd","13:29:15",2122700
6310,-70,500,"sd","13:29:15",2119700
6310,-70,100,"sd","13:29:15",2119200
6310,-70,4500,"sd","13:29:15",2119100
6320,-60,300,"sd","13:29:15",2114600
6320,-60,20000,"sd","13:29:15",2114300
6320,-60,200,"sd","13:29:15",2094300
6320,-60,2000,"sd","13:29:15",2094100
6320,-60,1000,"sd","13:29:15",2092100
6330,-50,800,"sd","13:29:15",2091100
6340,-40,9700,"bu","13:29:12",2090300
6340,-40,300,"bu","13:29:12",2080600
6330,-50,200,"bu","13:28:44",2080300
6320,-60,600,"bu","13:28:14",2080100
6320,-60,1000,"bu","13:28:14",2079500
6320,-60,400,"bu","13:28:05",2078500
6320,-60,600,"bu","13:28:05",2078100
6320,-60,800,"bu","13:27:58",2077500
6320,-60,100,"bu","13:27:55",2076700
6320,-60,600,"bu","13:27:51",2076600
6320,-60,100,"bu","13:27:41",2076000
6310,-70,500,"bu","13:27:24",2075900
6300,-80,400,"sd","13:27:08",2075400
6300,-80,5000,"sd","13:27:08",2075000
6300,-80,1400,"sd","13:27:08",2070000
6300,-80,100,"sd","13:26:48",2068600
6300,-80,100,"sd","13:26:43",2068500
6300,-80,300,"sd","13:26:43",2068400
6300,-80,1600,"sd","13:26:43",2068100
6300,-80,3400,"bu","13:26:27",2066500
6300,-80,3200,"bu","13:26:17",2063100
6300,-80,100,"bu","13:26:15",2059900
6300,-80,200,"sd","13:26:15",2059800
6300,-80,100,"sd","13:26:15",2059600
6300,-80,5000,"sd","13:26:15",2059500
6300,-80,100,"sd","13:26:15",2054500
6300,-80,200,"sd","13:26:15",2054400
6300,-80,1600,"sd","13:26:15",2054200
6300,-80,700,"sd","13:26:15",2052600
6300,-80,700,"sd","13:26:15",2051900
6300,-80,500,"sd","13:26:15",2051200
6300,-80,1000,"sd","13:26:15",2050700
6300,-80,3200,"sd","13:26:15",2049700
6300,-80,1800,"sd","13:26:06",2046500
6300,-80,500,"sd","13:26:06",2044700
6300,-80,100,"sd","13:26:06",2044200
6300,-80,1500,"sd","13:26:06",2044100
6300,-80,1400,"sd","13:26:06",2042600
6300,-80,3000,"sd","13:26:04",2041200
6300,-80,1000,"sd","13:25:27",2038200
6320,-60,5000,"sd","13:25:27",2037200
6300,-80,9800,"sd","13:25:17",2032200
6300,-80,5000,"sd","13:25:17",2022400
6300,-80,200,"sd","13:25:17",2017400
6300,-80,1800,"sd","13:25:13",2017200
6300,-80,200,"sd","13:25:13",2015400
6300,-80,2800,"sd","13:24:36",2015200
6300,-80,100,"sd","13:24:36",2012400
6300,-80,2000,"sd","13:24:36",2012300
6300,-80,1000,"sd","13:24:36",2010300
6300,-80,13500,"sd","13:24:36",2009300
6300,-80,200,"sd","13:24:36",1995800
6300,-80,400,"sd","13:24:36",1995600
6310,-70,400,"bu","13:24:27",1995200
6310,-70,100,"bu","13:24:22",1994800
6310,-70,1000,"bu","13:24:16",1994700
6310,-70,100,"bu","13:24:05",1993700
6310,-70,100,"bu","13:23:56",1993600
6310,-70,1000,"bu","13:23:54",1993500
6310,-70,100,"bu","13:23:38",1992500
6300,-80,600,"sd","13:23:37",1992400
6300,-80,1000,"sd","13:23:37",1991800
6310,-70,200,"sd","13:23:27",1990800
6310,-70,100,"sd","13:23:12",1990600
6310,-70,3000,"sd","13:23:09",1990500
6310,-70,2000,"sd","13:23:02",1987500
6310,-70,1000,"sd","13:23:02",1985500
6310,-70,3000,"sd","13:22:52",1984500
6290,-90,1000,"sd","13:22:48",1981500
6290,-90,900,"sd","13:22:48",1980500
6290,-90,300,"sd","13:22:48",1979600
6300,-80,300,"sd","13:22:48",1979300
6300,-80,1000,"sd","13:22:48",1979000
6300,-80,1000,"sd","13:22:48",1978000
6300,-80,1000,"sd","13:22:48",1977000
6300,-80,500,"sd","13:22:48",1976000
6300,-80,400,"sd","13:22:48",1975500
6300,-80,10000,"sd","13:22:48",1975100
6300,-80,100,"sd","13:22:48",1965100
6300,-80,2000,"sd","13:22:48",1965000
6310,-70,1200,"sd","13:22:48",1963000
6310,-70,2000,"sd","13:22:48",1961800
6290,-90,300,"sd","13:22:48",1959800
6290,-90,500,"sd","13:22:48",1959500
6290,-90,100,"sd","13:22:47",1959000
6290,-90,300,"sd","13:22:47",1958900
6290,-90,100,"sd","13:22:47",1958600
6340,-40,100,"sd","13:22:32",1958500
6340,-40,900,"bu","13:22:10",1958400
6340,-40,5900,"bu","13:22:09",1957500
6340,-40,2100,"bu","13:22:09",1951600
6340,-40,1000,"bu","13:22:09",1949500
6340,-40,1000,"bu","13:22:09",1948500
6340,-40,4100,"bu","13:21:30",1947500
6340,-40,500,"bu","13:21:30",1943400
6300,-80,400,"bu","13:21:30",1942900
6300,-80,2000,"bu","13:21:28",1942500
6300,-80,100,"bu","13:21:26",1940500
6300,-80,1700,"sd","13:21:25",1940400
6300,-80,800,"sd","13:21:25",1938700
6300,-80,200,"bu","13:21:17",1937900
6300,-80,100,"bu","13:21:12",1937700
6300,-80,100,"bu","13:21:12",1937600
6300,-80,1600,"bu","13:21:12",1937500
6300,-80,10000,"bu","13:21:12",1935900
6300,-80,3100,"bu","13:21:12",1925900
6300,-80,2000,"bu","13:21:12",1922800
6300,-80,200,"bu","13:21:12",1920800
6300,-80,100,"bu","13:21:12",1920600
6300,-80,200,"bu","13:21:12",1920500
6300,-80,400,"bu","13:21:12",1920300
6300,-80,1000,"bu","13:21:12",1919900
6300,-80,600,"bu","13:21:12",1918900
6300,-80,1000,"bu","13:21:12",1918300
6300,-80,10000,"bu","13:21:12",1917300
6300,-80,100,"bu","13:21:12",1907300
6300,-80,800,"bu","13:21:12",1907200
6300,-80,500,"bu","13:21:12",1906400
6300,-80,100,"bu","13:21:12",1905900
6300,-80,3000,"bu","13:21:12",1905800
6300,-80,500,"bu","13:21:12",1902800
6300,-80,100,"bu","13:21:12",1902300
6300,-80,2200,"sd","13:21:12",1902200
6300,-80,10000,"sd","13:21:12",1900000
6300,-80,5000,"sd","13:21:12",1890000
6300,-80,5000,"sd","13:21:12",1885000
6300,-80,1000,"sd","13:21:12",1880000
6300,-80,400,"sd","13:21:12",1879000
6300,-80,600,"sd","13:21:12",1878600
6300,-80,5300,"sd","13:21:12",1878000
6300,-80,200,"sd","13:21:12",1872700
6300,-80,500,"sd","13:21:12",1872500
6300,-80,2000,"sd","13:21:12",1872000
6300,-80,10200,"sd","13:21:12",1870000
6300,-80,2000,"sd","13:21:12",1859800
6300,-80,1000,"sd","13:21:12",1857800
6300,-80,2000,"sd","13:21:12",1856800
6300,-80,400,"sd","13:21:12",1854800
6300,-80,5000,"sd","13:21:12",1854400
6300,-80,1100,"sd","13:21:12",1849400
6300,-80,2000,"sd","13:21:12",1848300
6300,-80,500,"sd","13:21:12",1846300
6300,-80,500,"sd","13:21:12",1845800
6300,-80,200,"sd","13:21:12",1845300
6300,-80,800,"sd","13:21:12",1845100
6300,-80,1000,"sd","13:21:12",1844300
6300,-80,2000,"sd","13:21:12",1843300
6300,-80,1000,"sd","13:21:12",1841300
6300,-80,200,"sd","13:21:12",1840300
6300,-80,100,"sd","13:21:12",1840100
6300,-80,500,"sd","13:21:12",1840000
6300,-80,100,"sd","13:21:12",1839500
6300,-80,300,"sd","13:21:12",1839400
6300,-80,1000,"sd","13:21:12",1839100
6300,-80,2000,"sd","13:21:12",1838100
6300,-80,300,"sd","13:21:12",1836100
6300,-80,200,"sd","13:21:12",1835800
6300,-80,1000,"sd","13:21:12",1835600
6300,-80,500,"sd","13:21:12",1834600
6300,-80,500,"sd","13:21:12",1834100
6300,-80,1000,"sd","13:21:12",1833600
6310,-70,100,"sd","13:21:12",1832600
6300,-80,100,"sd","13:21:12",1832500
6300,-80,500,"sd","13:21:12",1832400
6300,-80,1100,"sd","13:21:12",1831900
6310,-70,5000,"sd","13:21:12",1830800
6310,-70,5000,"sd","13:21:12",1825800
6310,-70,200,"sd","13:21:12",1820800
6310,-70,200,"sd","13:21:12",1820600
6310,-70,6000,"sd","13:21:12",1820400
6310,-70,5000,"sd","13:21:12",1814400
6310,-70,500,"sd","13:21:12",1809400
6310,-70,5000,"sd","13:21:12",1778900
6310,-70,30000,"sd","13:21:12",1808900
6320,-60,100,"sd","13:21:12",1773900
6320,-60,1000,"sd","13:21:12",1773800
6320,-60,500,"sd","13:21:12",1772800
6320,-60,800,"sd","13:21:12",1772300
6320,-60,1000,"sd","13:21:12",1771500
6320,-60,500,"sd","13:21:12",1770500
6320,-60,500,"sd","13:21:12",1770000
6320,-60,100,"sd","13:21:12",1769500
6320,-60,100,"sd","13:21:12",1769400
6320,-60,1000,"sd","13:21:12",1769300
6320,-60,300,"sd","13:21:12",1768300
6320,-60,100,"sd","13:21:12",1768000
6340,-40,200,"sd","13:20:28",1767900
6340,-40,300,"sd","13:20:28",1767700
6340,-40,700,"sd","13:20:09",1767400
6340,-40,1300,"sd","13:20:09",1766700
6340,-40,5000,"bu","13:19:38",1765400
6330,-50,7200,"bu","13:19:38",1760400
6320,-60,1000,"sd","13:19:13",1753200
6320,-60,100,"sd","13:19:12",1752200
6320,-60,1200,"sd","13:19:12",1752100
6330,-50,5000,"bu","13:19:11",1750900
6330,-50,100,"bu","13:19:07",1745900
6330,-50,1500,"bu","13:19:03",1745800
6320,-60,1600,"sd","13:19:00",1744300
6320,-60,18800,"sd","13:19:00",1742700
6320,-60,200,"sd","13:19:00",1723900
6320,-60,10000,"sd","13:19:00",1723700
6320,-60,5000,"sd","13:19:00",1713700
6320,-60,2000,"sd","13:19:00",1708700
6320,-60,500,"sd","13:19:00",1706700
6320,-60,11900,"sd","13:19:00",1706200
6330,-50,100,"bu","13:18:30",1694300
6330,-50,1000,"bu","13:18:30",1694200
6330,-50,600,"bu","13:18:30",1693200
6330,-50,3000,"bu","13:18:30",1692600
6330,-50,2000,"bu","13:18:30",1689600
6330,-50,1000,"bu","13:18:30",1687600
6330,-50,100,"bu","13:18:30",1686600
6330,-50,10000,"bu","13:18:30",1686500
6330,-50,100,"bu","13:18:30",1676500
6330,-50,500,"bu","13:18:30",1676400
6330,-50,100,"bu","13:18:30",1675900
6330,-50,300,"bu","13:18:30",1675800
6330,-50,5000,"bu","13:18:30",1675500
6330,-50,5000,"bu","13:18:30",1670500
6330,-50,300,"bu","13:18:30",1665500
6330,-50,100,"bu","13:18:30",1665200
6330,-50,400,"sd","13:18:30",1665100
6330,-50,6100,"sd","13:18:30",1664700
6340,-40,100,"sd","13:18:30",1658600
6340,-40,400,"sd","13:18:30",1658500
6340,-40,200,"sd","13:18:19",1658100
6340,-40,2400,"sd","13:18:13",1657900
6340,-40,100,"sd","13:18:13",1655500
6340,-40,100,"sd","13:18:13",1655400
6340,-40,100,"sd","13:18:13",1655300
6340,-40,300,"sd","13:18:13",1655200
6340,-40,2700,"bu","13:17:38",1654900
6340,-40,100,"bu","13:17:33",1652200
6340,-40,200,"sd","13:17:24",1652100
6340,-40,200,"sd","13:17:24",1651900
6340,-40,100,"sd","13:17:24",1651700
6340,-40,1700,"sd","13:17:24",1651600
6340,-40,2100,"sd","13:17:01",1649900
6350,-30,100,"bu","13:16:59",1647800
6340,-40,1000,"sd","13:16:52",1647700
6340,-40,200,"bu","13:16:50",1646700
6340,-40,100,"bu","13:16:44",1646500
6340,-40,100,"bu","13:16:28",1646400
6340,-40,200,"bu","13:16:28",1646300
6340,-40,100,"sd","13:16:05",1646100
6340,-40,3200,"bu","13:16:04",1646000
6340,-40,500,"bu","13:15:51",1642800
6340,-40,100,"bu","13:15:41",1642300
6340,-40,100,"sd","13:15:36",1642200
6340,-40,100,"sd","13:15:36",1642100
6340,-40,100,"sd","13:15:36",1642000
6340,-40,20000,"sd","13:15:36",1641900
6340,-40,10000,"sd","13:15:36",1621900
6340,-40,500,"sd","13:15:36",1611900
6340,-40,100,"sd","13:15:36",1611400
6340,-40,500,"sd","13:15:36",1611300
6340,-40,400,"sd","13:15:36",1610800
6340,-40,100,"sd","13:15:36",1610400
6340,-40,10000,"sd","13:15:36",1610300
6340,-40,4300,"sd","13:15:36",1600300
6340,-40,700,"sd","13:15:22",1596000
6340,-40,1300,"sd","13:15:22",1595300
6340,-40,100,"sd","13:14:47",1594000
6340,-40,5000,"sd","13:14:20",1593900
6340,-40,3600,"sd","13:13:54",1588900
6340,-40,700,"sd","13:13:54",1585300
6340,-40,700,"sd","13:13:54",1584600
6350,-30,600,"bu","13:13:46",1583900
6340,-40,300,"sd","13:13:02",1583300
6340,-40,2000,"sd","13:12:35",1583000
6340,-40,100,"sd","13:12:35",1581000
6340,-40,100,"sd","13:12:35",1580900
6340,-40,800,"sd","13:12:35",1580800
6350,-30,400,"sd","13:12:34",1580000
6350,-30,600,"sd","13:12:34",1579600
6350,-30,1000,"bu","13:12:23",1579000
6350,-30,400,"bu","13:12:23",1578000
6340,-40,200,"sd","13:12:00",1577600
6340,-40,300,"sd","13:12:00",1577400
6340,-40,2000,"sd","13:12:00",1577100
6340,-40,700,"sd","13:12:00",1575100
6340,-40,1000,"sd","13:12:00",1574400
6340,-40,800,"sd","13:12:00",1573400
6350,-30,100,"bu","13:11:47",1572600
6340,-40,300,"sd","13:11:46",1572500
6340,-40,700,"sd","13:11:46",1572200
6340,-40,4000,"sd","13:11:46",1571500
6340,-40,6000,"sd","13:11:41",1567500
6340,-40,500,"sd","13:11:41",1561500
6350,-30,100,"bu","13:11:28",1561000
6340,-40,500,"sd","13:11:26",1560900
6340,-40,200,"sd","13:11:26",1560400
6340,-40,200,"sd","13:11:26",1560200
6340,-40,100,"sd","13:11:26",1560000
6350,-30,200,"sd","13:11:07",1559900
6350,-30,100,"sd","13:11:07",1559700
6350,-30,1000,"sd","13:11:07",1559600
6350,-30,10000,"sd","13:11:07",1558600
6350,-30,100,"sd","13:11:07",1548600
6350,-30,2000,"sd","13:11:07",1548500
6350,-30,100,"sd","13:11:07",1546500
6350,-30,200,"sd","13:11:07",1546400
6350,-30,100,"sd","13:11:07",1546200
6350,-30,100,"sd","13:11:07",1546100
6350,-30,500,"sd","13:11:07",1546000
6360,-20,100,"bu","13:10:38",1545500
6350,-30,400,"sd","13:10:08",1545400
6350,-30,100,"sd","13:09:51",1545000
6360,-20,200,"bu","13:09:49",1544900
6360,-20,200,"sd","13:09:33",1544700
6360,-20,100,"sd","13:09:28",1544500
6360,-20,100,"bu","13:09:00",1544400
6360,-20,600,"bu","13:09:00",1544300
6360,-20,200,"bu","13:08:49",1543700
6360,-20,7000,"bu","13:08:38",1543500
6360,-20,100,"bu","13:08:07",1536500
6360,-20,2100,"sd","13:07:57",1536400
6360,-20,1800,"bu","13:07:44",1534300
6360,-20,1000,"bu","13:07:44",1532500
6360,-20,100,"bu","13:07:44",1531500
6360,-20,300,"bu","13:06:59",1531400
6340,-40,2900,"bu","13:06:50",1531100
6340,-40,2000,"sd","13:06:47",1528200
6350,-30,200,"sd","13:06:47",1526200
6350,-30,7900,"sd","13:06:47",1526000
6350,-30,500,"bu","13:06:38",1518100
6350,-30,1600,"bu","13:06:38",1517600
6330,-50,2600,"sd","13:06:29",1516000
6330,-50,100,"sd","13:06:29",1513400
6330,-50,100,"sd","13:06:29",1513300
6330,-50,300,"sd","13:06:29",1513200
6330,-50,100,"sd","13:06:29",1512900
6330,-50,700,"sd","13:06:29",1512800
6330,-50,2000,"sd","13:06:29",1512100
6340,-40,1200,"bu","13:06:19",1510100
6340,-40,100,"sd","13:06:14",1508900
6340,-40,200,"sd","13:06:14",1508800
6340,-40,2600,"sd","13:06:14",1508600
6340,-40,7000,"sd","13:05:47",1506000
6340,-40,400,"bu","13:05:19",1499000
6340,-40,600,"bu","13:05:17",1498600
6340,-40,1400,"bu","13:05:17",1498000
6340,-40,100,"bu","13:05:12",1496600
6340,-40,600,"bu","13:05:08",1496500
6340,-40,100,"bu","13:05:00",1495900
6330,-50,400,"sd","13:04:48",1495800
6330,-50,4000,"sd","13:04:32",1495400
6330,-50,3000,"sd","13:04:32",1491400
6340,-40,600,"bu","13:04:27",1488400
6340,-40,2000,"sd","13:04:10",1487800
6340,-40,1500,"sd","13:04:10",1485800
6340,-40,1000,"sd","13:04:10",1484300
6340,-40,5000,"sd","13:04:10",1483300
6340,-40,500,"sd","13:04:10",1478300
6340,-40,2000,"sd","13:04:10",1477800
6340,-40,5000,"sd","13:04:10",1475800
6340,-40,400,"sd","13:04:10",1470800
6340,-40,1400,"sd","13:04:10",1470400
6340,-40,500,"sd","13:04:10",1469000
6340,-40,400,"sd","13:04:10",1468500
6340,-40,500,"sd","13:04:10",1468100
6340,-40,1000,"sd","13:04:10",1467600
6340,-40,100,"sd","13:04:10",1466600
6340,-40,200,"sd","13:04:10",1466500
6340,-40,500,"sd","13:04:10",1466300
6340,-40,200,"sd","13:04:10",1465800
6340,-40,5000,"sd","13:04:06",1465600
6350,-30,100,"bu","13:04:02",1460600
6340,-40,500,"sd","13:03:54",1460500
6350,-30,100,"bu","13:03:44",1460000
6350,-30,1800,"bu","13:03:44",1459900
6350,-30,1200,"bu","13:02:44",1458100
6350,-30,800,"bu","13:02:35",1456900
6350,-30,2000,"bu","13:02:35",1456100
6350,-30,1500,"bu","13:02:35",1454100
6350,-30,5700,"bu","13:02:35",1452600
6350,-30,2100,"bu","13:02:25",1446900
6340,-40,4100,"sd","13:02:25",1444800
6340,-40,500,"sd","13:02:25",1440700
6340,-40,400,"sd","13:02:25",1440200
6350,-30,100,"bu","13:02:19",1439800
6340,-40,1000,"sd","13:02:03",1439700
6340,-40,1000,"sd","13:02:00",1438700
6340,-40,3900,"sd","13:01:24",1437700
6340,-40,1000,"sd","13:01:24",1433800
6340,-40,100,"sd","13:01:24",1432800
6350,-30,100,"sd","13:00:55",1432700
6350,-30,200,"sd","13:00:55",1432600
6350,-30,700,"sd","13:00:55",1432400
6350,-30,100,"sd","13:00:55",1431700
6350,-30,300,"sd","13:00:55",1431600
6350,-30,100,"sd","13:00:55",1431300
6350,-30,100,"sd","13:00:55",1431200
6350,-30,300,"sd","13:00:55",1431100
6350,-30,500,"sd","13:00:55",1430800
6350,-30,100,"sd","13:00:55",1430300
6350,-30,100,"sd","13:00:55",1430200
6350,-30,1600,"sd","13:00:55",1430100
6350,-30,1000,"sd","13:00:55",1428500
6350,-30,1900,"sd","13:00:55",1427500
6350,-30,2500,"sd","13:00:52",1425600
6350,-30,1000,"sd","13:00:49",1423100
6350,-30,2000,"sd","13:00:40",1422100
6350,-30,2500,"sd","13:00:25",1420100
6350,-30,100,"sd","13:00:21",1417600
6350,-30,100,"sd","13:00:21",1417500
6350,-30,1900,"sd","13:00:17",1417400
6350,-30,3000,"sd","13:00:17",1415500
6350,-30,100,"sd","13:00:17",1412500
6350,-30,300,"sd","13:00:09",1412400
6350,-30,400,"sd","13:00:09",1412100
6360,-20,500,"bu","13:00:06",1411700
6350,-30,400,"sd","13:00:06",1411200
6350,-30,1000,"sd","13:00:04",1410800
6350,-30,100,"sd","13:00:04",1409800
6350,-30,2000,"sd","13:00:04",1409700
6350,-30,2000,"sd","13:00:04",1407700
6350,-30,200,"sd","13:00:04",1405700
6350,-30,500,"sd","13:00:04",1405500
6350,-30,2200,"sd","13:00:04",1405000
6350,-30,1000,"sd","13:00:03",1402800
6350,-30,1000,"sd","13:00:02",1401800
6350,-30,1500,"sd","13:00:02",1400800
6350,-30,500,"sd","13:00:02",1399300
6350,-30,700,"sd","13:00:02",1398800
6350,-30,200,"sd","13:00:02",1398100
6350,-30,600,"sd","13:00:02",1397900
6350,-30,1000,"sd","13:00:02",1397300
6350,-30,4200,"sd","13:00:02",1396300
6350,-30,14100,"sd","13:00:01",1392100
6350,-30,4400,"sd","13:00:01",1378000
6350,-30,3000,"sd","13:00:01",1373600
6350,-30,300,"sd","13:00:01",1370600
6350,-30,1200,"sd","13:00:01",1370300
6350,-30,200,"sd","13:00:01",1369100
6350,-30,300,"sd","13:00:00",1368900
6350,-30,100,"sd","13:00:00",1368600
6350,-30,1600,"sd","11:29:36",1368500
6360,-20,100,"bu","11:29:29",1366900
6360,-20,500,"sd","11:29:20",1366800
6360,-20,100,"sd","11:29:20",1366300
6360,-20,300,"sd","11:29:20",1366200
6360,-20,100,"bu","11:29:00",1365900
6360,-20,100,"bu","11:29:00",1365800
6350,-30,1000,"sd","11:28:47",1365700
6360,-20,500,"bu","11:28:45",1364700
6350,-30,2700,"sd","11:28:40",1364200
6350,-30,100,"sd","11:28:40",1361500
6350,-30,500,"sd","11:28:40",1361400
6350,-30,300,"sd","11:28:40",1360900
6350,-30,3000,"sd","11:28:40",1360600
6350,-30,2500,"sd","11:28:40",1357600
6350,-30,100,"sd","11:28:40",1355100
6350,-30,5000,"sd","11:28:40",1355000
6350,-30,2000,"sd","11:28:40",1350000
6350,-30,500,"sd","11:28:40",1348000
6350,-30,300,"sd","11:28:40",1347500
6350,-30,3000,"sd","11:28:40",1347200
6350,-30,1000,"sd","11:28:34",1344200
6350,-30,500,"sd","11:28:34",1343200
6350,-30,100,"sd","11:28:34",1342700
6350,-30,400,"sd","11:28:34",1342600
6350,-30,600,"sd","11:28:21",1342200
6350,-30,3000,"sd","11:28:21",1341600
6350,-30,200,"sd","11:28:21",1338600
6350,-30,500,"sd","11:28:21",1338400
6350,-30,1000,"sd","11:28:21",1337900
6350,-30,1800,"sd","11:28:21",1336900
6350,-30,500,"sd","11:28:21",1335100
6350,-30,500,"sd","11:28:21",1334600
6350,-30,2000,"sd","11:28:20",1334100
6350,-30,100,"sd","11:28:20",1332100
6350,-30,300,"sd","11:28:20",1332000
6350,-30,200,"sd","11:28:20",1331700
6350,-30,1000,"sd","11:28:20",1331500
6350,-30,5000,"sd","11:28:20",1330500
6350,-30,700,"sd","11:28:20",1325500
6360,-20,10000,"sd","11:28:20",1324800
6360,-20,800,"sd","11:28:20",1314800
6360,-20,200,"sd","11:28:20",1314000
6360,-20,2000,"sd","11:28:20",1313800
6360,-20,3000,"sd","11:28:20",1311800
6360,-20,1000,"sd","11:28:20",1308800
6360,-20,1000,"sd","11:28:20",1307800
6360,-20,1000,"sd","11:28:20",1306800
6360,-20,200,"sd","11:28:20",1305800
6360,-20,5000,"sd","11:28:20",1305600
6360,-20,300,"sd","11:28:20",1300600
6360,-20,1000,"sd","11:28:20",1300300
6360,-20,7200,"sd","11:28:20",1299300
6360,-20,900,"sd","11:28:13",1292100
6360,-20,3000,"sd","11:28:05",1291200
6360,-20,700,"sd","11:27:05",1288200
6360,-20,800,"sd","11:26:55",1287500
6360,-20,2000,"sd","11:26:55",1286700
6360,-20,1300,"sd","11:26:29",1284700
6360,-20,3200,"sd","11:26:27",1283400
6360,-20,1000,"sd","11:26:26",1280200
6360,-20,500,"sd","11:26:26",1279200
6360,-20,9500,"sd","11:26:06",1278700
6360,-20,500,"sd","11:26:06",1269200
6370,-10,100,"bu","11:25:19",1268700
6370,-10,500,"sd","11:24:24",1268600
6370,-10,800,"sd","11:24:24",1268100
6370,-10,200,"sd","11:24:24",1267300
6370,-10,500,"sd","11:24:24",1267100
6370,-10,900,"sd","11:24:24",1266600
6370,-10,100,"sd","11:24:24",1265700
6370,-10,500,"sd","11:24:24",1265600
6370,-10,1900,"sd","11:24:24",1265100
6370,-10,1400,"sd","11:23:58",1263200
6370,-10,6200,"sd","11:23:52",1261800
6370,-10,500,"sd","11:23:52",1255600
6370,-10,500,"sd","11:23:52",1255100
6370,-10,3000,"sd","11:23:52",1254600
6370,-10,1000,"sd","11:23:51",1251600
6370,-10,1000,"sd","11:23:50",1250600
6370,-10,100,"sd","11:23:49",1249600
6370,-10,4900,"sd","11:23:49",1249500
6370,-10,1100,"sd","11:23:45",1244600
6370,-10,2000,"sd","11:23:45",1243500
6370,-10,200,"sd","11:23:45",1241500
6370,-10,3700,"sd","11:23:45",1241300
6370,-10,1300,"sd","11:23:39",1237600
6370,-10,100,"sd","11:23:39",1236300
6370,-10,1500,"sd","11:23:39",1236200
6370,-10,5700,"sd","11:23:39",1234700
6370,-10,3800,"sd","11:23:35",1229000
6370,-10,7400,"sd","11:23:17",1225200
6370,-10,1000,"sd","11:22:29",1217800
6370,-10,1000,"sd","11:22:23",1216800
6370,-10,5000,"sd","11:21:17",1215800
6370,-10,100,"sd","11:21:10",1210800
6370,-10,3000,"sd","11:20:37",1210700
6380,0,200,"bu","11:20:35",1207700
6380,0,800,"bu","11:20:32",1207500
6380,0,1600,"sd","11:20:06",1206700
6380,0,400,"bu","11:19:38",1205100
6380,0,5000,"bu","11:19:16",1204700
6380,0,9000,"bu","11:18:42",1199700
6380,0,7000,"bu","11:18:42",1190700
6370,-10,5000,"sd","11:18:33",1183700
6380,0,1500,"bu","11:18:30",1178700
6380,0,100,"bu","11:18:11",1177200
6380,0,1000,"sd","11:18:06",1177100
6380,0,400,"sd","11:18:06",1176100
6370,-10,900,"sd","11:14:47",1175700
6370,-10,1000,"sd","11:14:06",1174800
6370,-10,6100,"sd","11:13:39",1173800
6370,-10,500,"sd","11:13:39",1167700
6370,-10,500,"sd","11:13:39",1167200
6370,-10,400,"sd","11:13:39",1166700
6370,-10,100,"sd","11:13:39",1166300
6370,-10,400,"sd","11:13:39",1166200
6380,0,300,"bu","11:13:35",1165800
6380,0,100,"bu","11:13:26",1165500
6380,0,2100,"bu","11:13:16",1165400
6380,0,300,"bu","11:13:16",1163300
6380,0,2600,"bu","11:13:16",1163000
6370,-10,4600,"sd","11:09:14",1160400
6370,-10,100,"sd","11:09:14",1155800
6370,-10,300,"sd","11:09:14",1155700
6370,-10,1000,"sd","11:09:14",1155400
6380,0,2000,"bu","11:08:52",1154400
6380,0,500,"sd","11:08:34",1152400
6380,0,1100,"sd","11:08:34",1151900
6380,0,200,"sd","11:08:34",1150800
6380,0,3000,"sd","11:08:34",1150600
6380,0,400,"sd","11:08:34",1147600
6380,0,1000,"sd","11:08:34",1147200
6380,0,500,"sd","11:08:34",1146200
6380,0,20000,"sd","11:08:34",1145700
6380,0,2000,"sd","11:08:34",1125700
6380,0,27400,"sd","11:08:34",1123700
6380,0,6400,"sd","11:06:00",1096300
6380,0,1000,"sd","11:05:42",1089900
6380,0,1500,"sd","11:04:40",1088900
6390,10,500,"unknown","11:04:40",1087400
6390,10,500,"bu","11:04:17",1086900
6390,10,500,"bu","11:04:13",1086400
6390,10,400,"bu","11:04:05",1085900
6390,10,100,"sd","11:02:28",1085500
6400,20,1000,"bu","10:59:23",1085400
6400,20,2300,"bu","10:59:13",1084400
6400,20,2000,"bu","10:59:13",1082100
6400,20,200,"bu","10:59:13",1080100
6390,10,3000,"bu","10:59:13",1079900
6390,10,2500,"bu","10:59:13",1076900
6390,10,5000,"bu","10:59:12",1074400
6390,10,1000,"bu","10:58:46",1069400
6390,10,1000,"bu","10:58:46",1068400
6390,10,10000,"bu","10:56:54",1067400
6380,0,1000,"sd","10:56:01",1057400
6380,0,500,"bu","10:55:48",1056400
6380,0,12200,"bu","10:55:48",1055900
6380,0,20000,"bu","10:55:26",1043700
6380,0,1000,"sd","10:54:59",1023700
6380,0,500,"sd","10:54:59",1022700
6380,0,800,"sd","10:54:59",1022200
6380,0,1000,"sd","10:54:58",1021400
6380,0,4000,"sd","10:54:58",1020400
6380,0,1200,"sd","10:54:49",1016400
6380,0,300,"sd","10:54:49",1015200
6380,0,500,"sd","10:54:49",1014900
6380,0,200,"sd","10:54:49",1014400
6380,0,200,"sd","10:54:49",1014200
6380,0,3000,"sd","10:54:49",1014000
6390,10,2300,"bu","10:54:28",1011000
6380,0,800,"sd","10:53:06",1008700
6380,0,200,"sd","10:52:19",1007900
6390,10,200,"bu","10:52:02",1007700
6380,0,500,"sd","10:51:35",1007500
6390,10,1000,"bu","10:50:53",1007000
6390,10,4000,"bu","10:50:53",1006000
6390,10,1000,"bu","10:50:38",1002000
6380,0,500,"sd","10:50:07",1001000
6380,0,100,"sd","10:50:07",1000500
6380,0,2000,"sd","10:50:07",1000400
6380,0,400,"sd","10:50:07",998400
6380,0,1500,"sd","10:50:07",998000
6380,0,2000,"sd","10:50:07",996500
6380,0,5000,"sd","10:50:07",994500
6380,0,400,"sd","10:50:07",989500
6380,0,300,"sd","10:50:07",989100
6380,0,4000,"sd","10:50:07",988800
6380,0,1000,"sd","10:50:07",984800
6380,0,2800,"sd","10:50:07",983800
6400,20,2100,"bu","10:48:19",981000
6400,20,7700,"bu","10:47:43",978900
6400,20,1800,"bu","10:47:43",971200
6390,10,500,"bu","10:47:43",969400
6400,20,1200,"bu","10:45:33",968900
6400,20,3900,"bu","10:45:33",967700
6400,20,100,"bu","10:45:17",963800
6390,10,2000,"bu","10:45:17",963700
6390,10,200,"bu","10:45:17",961700
6400,20,1100,"bu","10:45:17",961500
6400,20,1000,"bu","10:45:17",960400
6400,20,1300,"bu","10:45:17",959400
6400,20,3800,"bu","10:45:17",958100
6380,0,12700,"sd","10:45:03",954300
6380,0,700,"sd","10:45:03",941600
6380,0,1600,"sd","10:45:03",940900
6380,0,400,"sd","10:44:04",939300
6380,0,7600,"sd","10:44:04",938900
6390,10,200,"sd","10:43:46",931300
6390,10,900,"bu","10:42:53",931100
6390,10,100,"sd","10:42:38",930200
6390,10,1000,"sd","10:42:38",930100
6390,10,2500,"sd","10:42:38",929100
6390,10,100,"sd","10:42:38",926600
6400,20,2900,"bu","10:40:13",926500
6400,20,600,"bu","10:40:13",923600
6390,10,500,"bu","10:40:13",923000
6390,10,5500,"sd","10:40:02",922500
6390,10,500,"sd","10:39:56",917000
6380,0,2400,"sd","10:39:37",916500
6380,0,500,"sd","10:39:37",914100
6380,0,5000,"sd","10:39:37",913600
6380,0,100,"sd","10:39:37",908600
6390,10,100,"sd","10:39:31",908500
6390,10,100,"sd","10:39:18",908400
6390,10,5400,"sd","10:39:18",908300
6390,10,300,"sd","10:39:14",902900
6390,10,800,"sd","10:37:38",902600
6390,10,5000,"sd","10:37:38",901800
6390,10,100,"sd","10:37:38",896800
6390,10,1000,"sd","10:37:38",896700
6390,10,13100,"sd","10:37:38",895700
6400,20,500,"bu","10:37:13",882600
6400,20,300,"bu","10:37:13",882100
6400,20,4200,"bu","10:37:13",881800
6390,10,5000,"sd","10:35:17",877600
6390,10,100,"sd","10:34:38",872600
6390,10,100,"sd","10:34:25",872500
6400,20,100,"bu","10:33:46",872400
6400,20,700,"bu","10:33:40",872300
6400,20,4300,"bu","10:33:39",871600
6390,10,10000,"bu","10:33:32",867300
6390,10,1700,"bu","10:33:32",857300
6380,0,200,"sd","10:33:31",855600
6380,0,1000,"sd","10:32:48",855400
6380,0,1600,"sd","10:32:46",854400
6380,0,2000,"sd","10:32:46",852800
6380,0,1200,"sd","10:32:46",850800
6380,0,300,"sd","10:32:46",849600
6380,0,100,"sd","10:32:46",849300
6380,0,200,"sd","10:32:46",849200
6380,0,800,"sd","10:32:46",849000
6380,0,3800,"sd","10:32:46",848200
6380,0,1000,"sd","10:32:41",844400
6380,0,7400,"sd","10:32:34",843400
6380,0,7600,"sd","10:32:34",836000
6380,0,1000,"sd","10:32:24",828400
6380,0,1400,"sd","10:32:11",827400
6380,0,1000,"sd","10:32:11",826000
6380,0,2000,"sd","10:32:11",825000
6380,0,800,"sd","10:32:11",823000
6380,0,2200,"sd","10:32:10",822200
6380,0,2800,"sd","10:32:10",820000
6390,10,500,"bu","10:31:42",817200
6380,0,6200,"sd","10:31:37",816700
6380,0,2000,"sd","10:31:37",810500
6380,0,1800,"sd","10:31:37",808500
6390,10,100,"bu","10:31:09",806700
6390,10,400,"bu","10:31:09",806600
6380,0,200,"sd","10:31:06",806200
6380,0,200,"sd","10:31:06",806000
6390,10,1400,"bu","10:31:04",805800
6380,0,300,"sd","10:30:12",804400
6380,0,700,"sd","10:30:12",804100
6380,0,300,"sd","10:30:12",803400
6380,0,400,"sd","10:30:12",803100
6380,0,2000,"sd","10:30:12",802700
6380,0,300,"sd","10:30:12",800700
6380,0,3000,"sd","10:30:12",800400
6380,0,5000,"sd","10:29:51",797400
6380,0,2000,"sd","10:29:38",792400
6390,10,100,"bu","10:28:50",790400
6390,10,3100,"bu","10:28:39",790300
6390,10,1900,"bu","10:28:39",787200
6390,10,900,"bu","10:28:16",785300
6390,10,500,"sd","10:27:44",784400
6390,10,1000,"sd","10:27:44",783900
6390,10,4000,"sd","10:27:44",782900
6390,10,6300,"sd","10:27:44",778900
6390,10,5000,"sd","10:27:19",772600
6390,10,500,"sd","10:25:57",767600
6390,10,300,"sd","10:25:40",767100
6390,10,2100,"sd","10:25:31",766800
6390,10,100,"sd","10:25:20",764700
6390,10,5000,"sd","10:25:20",764600
6390,10,1000,"sd","10:25:20",759600
6390,10,1000,"sd","10:25:20",758600
6390,10,2000,"sd","10:25:20",757600
6390,10,1000,"sd","10:25:20",755600
6390,10,200,"sd","10:25:20",754600
6390,10,500,"sd","10:25:20",754400
6390,10,400,"sd","10:25:20",753900
6390,10,500,"sd","10:25:20",753500
6390,10,200,"sd","10:25:20",753000
6390,10,100,"sd","10:25:20",752800
6390,10,4000,"sd","10:25:20",752700
6390,10,5000,"sd","10:25:20",748700
6390,10,4000,"sd","10:25:20",743700
6390,10,5800,"sd","10:25:20",739700
6390,10,200,"sd","10:25:20",733900
6390,10,100,"sd","10:25:20",733700
6390,10,400,"sd","10:25:20",733600
6390,10,200,"sd","10:25:20",733200
6390,10,2000,"sd","10:25:20",733000
6390,10,300,"sd","10:25:20",731000
6400,20,700,"bu","10:23:39",730700
6390,10,400,"sd","10:20:48",730000
6400,20,1000,"sd","10:20:36",729600
6400,20,300,"sd","10:20:36",728600
6400,20,9200,"sd","10:20:36",728300
6400,20,800,"sd","10:20:34",719100
6400,20,200,"sd","10:20:34",718300
6400,20,2000,"sd","10:20:34",718100
6400,20,2000,"sd","10:20:34",716100
6400,20,300,"sd","10:18:45",714100
6400,20,1700,"bu","10:18:32",713800
6400,20,5000,"sd","10:18:18",712100
6400,20,3700,"sd","10:18:18",707100
6400,20,100,"bu","10:17:51",703400
6400,20,4300,"bu","10:17:51",703300
6400,20,10000,"bu","10:17:51",699000
6400,20,500,"bu","10:17:51",689000
6400,20,400,"bu","10:17:51",688500
6400,20,6100,"bu","10:17:36",688100
6390,10,900,"sd","10:17:30",682000
6400,20,3500,"bu","10:16:48",681100
6400,20,1100,"bu","10:16:48",677600
6400,20,2400,"bu","10:16:48",676500
6400,20,100,"bu","10:16:48",674100
6400,20,2500,"bu","10:16:48",674000
6400,20,400,"bu","10:16:48",671500
6400,20,100,"bu","10:15:59",671100
6400,20,500,"bu","10:15:58",671000
6400,20,300,"bu","10:15:56",670500
6400,20,2200,"bu","10:15:31",670200
6400,20,3800,"bu","10:15:31",668000
6390,10,1400,"sd","10:15:29",664200
6390,10,800,"sd","10:15:29",662800
6390,10,4800,"sd","10:15:29",662000
6400,20,100,"bu","10:15:22",657200
6390,10,200,"sd","10:14:33",657100
6390,10,800,"sd","10:14:33",656900
6390,10,100,"sd","10:14:33",656100
6390,10,900,"sd","10:14:33",656000
6390,10,2000,"sd","10:13:34",655100
6390,10,2000,"sd","10:13:33",653100
6390,10,100,"sd","10:12:43",651100
6390,10,3100,"sd","10:11:51",651000
6390,10,700,"sd","10:11:34",647900
6390,10,1100,"sd","10:09:42",647200
6400,20,500,"bu","10:09:26",646100
6400,20,5000,"bu","10:09:21",645600
6400,20,2000,"bu","10:09:13",640600
6400,20,200,"sd","10:09:04",638600
6400,20,5000,"sd","10:09:04",638400
6400,20,600,"sd","10:09:04",633400
6400,20,1400,"sd","10:09:04",632800
6400,20,1400,"sd","10:09:04",631400
6400,20,7000,"sd","10:09:04",630000
6400,20,3000,"sd","10:08:41",623000
6400,20,20000,"bu","10:07:28",620000
6400,20,4200,"bu","10:07:28",600000
6400,20,3500,"bu","10:07:28",595800
6400,20,5000,"bu","10:07:28",592300
6400,20,1000,"bu","10:07:28",587300
6400,20,2000,"bu","10:07:28",586300
6400,20,2000,"bu","10:07:28",584300
6400,20,900,"bu","10:07:28",582300
6390,10,100,"sd","10:06:53",581400
6400,20,200,"bu","10:06:52",581300
6400,20,500,"bu","10:06:31",581100
6390,10,5000,"sd","10:06:13",580600
6400,20,5000,"sd","10:05:24",575600
6400,20,1000,"sd","10:05:24",570600
6400,20,1000,"sd","10:05:24",569600
6400,20,3000,"sd","10:05:24",568600
6400,20,300,"sd","10:05:24",565600
6400,20,13200,"sd","10:05:24",565300
6410,30,400,"bu","10:05:11",552100
6410,30,500,"bu","10:04:10",551700
6400,20,100,"sd","10:04:07",551200
6400,20,400,"sd","10:04:02",551100
6410,30,1600,"bu","10:03:38",550700
6410,30,5000,"bu","10:03:18",549100
6410,30,200,"bu","10:02:49",544100
6410,30,1500,"bu","10:02:49",543900
6410,30,300,"bu","10:02:49",542400
6410,30,100,"bu","10:01:33",542100
6400,20,1300,"sd","10:01:23",542000
6400,20,1000,"sd","10:01:23",540700
6400,20,2000,"sd","10:01:23",539700
6400,20,700,"sd","10:01:23",537700
6400,20,1300,"sd","10:00:13",537000
6410,30,200,"sd","10:00:13",535700
6410,30,100,"sd","10:00:13",535500
6410,30,600,"sd","10:00:13",535400
6410,30,200,"sd","10:00:13",534800
6410,30,4200,"sd","10:00:13",534600
6410,30,3000,"sd","10:00:13",530400
6410,30,400,"sd","10:00:13",527400
6410,30,200,"sd","09:59:12",527000
6410,30,1200,"bu","09:58:58",526800
6410,30,3800,"sd","09:58:49",525600
6420,40,2100,"bu","09:58:34",521800
6420,40,100,"bu","09:58:34",519700
6410,30,1100,"sd","09:58:21",519600
6410,30,100,"bu","09:57:45",518500
6410,30,900,"bu","09:57:19",518400
6410,30,2000,"bu","09:57:19",517500
6410,30,3000,"bu","09:57:19",515500
6410,30,4100,"bu","09:57:19",512500
6400,20,3000,"sd","09:56:58",508400
6400,20,3400,"bu","09:55:56",505400
6400,20,900,"bu","09:55:34",502000
6400,20,600,"bu","09:55:14",501100
6400,20,100,"bu","09:55:14",500500
6400,20,2000,"sd","09:54:58",500400
6400,20,500,"sd","09:54:38",498400
6400,20,3100,"bu","09:54:20",497900
6400,20,1900,"bu","09:54:20",494800
6400,20,1000,"bu","09:54:00",492900
6400,20,500,"bu","09:53:35",491900
6400,20,1000,"bu","09:53:35",491400
6400,20,500,"sd","09:53:28",490400
6400,20,100,"sd","09:53:28",489900
6410,30,100,"bu","09:53:09",489800
6400,20,100,"sd","09:52:07",489700
6400,20,1100,"sd","09:52:04",489600
6400,20,500,"sd","09:52:04",488500
6400,20,1000,"sd","09:52:04",488000
6400,20,500,"sd","09:52:04",487000
6400,20,1900,"sd","09:52:04",486500
6400,20,100,"sd","09:51:45",484600
6400,20,3000,"sd","09:50:59",484500
6390,10,5000,"sd","09:50:50",481500
6400,20,300,"sd","09:50:33",476500
6400,20,200,"sd","09:50:33",476200
6400,20,500,"sd","09:50:22",476000
6400,20,500,"sd","09:50:22",475500
6400,20,500,"sd","09:50:00",475000
6400,20,1000,"sd","09:49:42",474500
6400,20,7000,"sd","09:49:32",473500
6400,20,100,"sd","09:49:26",466500
6410,30,300,"bu","09:49:25",466400
6410,30,1000,"bu","09:49:13",466100
6410,30,100,"bu","09:49:09",465100
6400,20,900,"sd","09:49:05",465000
6400,20,500,"sd","09:49:05",464100
6400,20,600,"sd","09:49:05",463600
6400,20,100,"sd","09:49:05",463000
6400,20,19500,"sd","09:49:05",462900
6400,20,1000,"sd","09:49:05",443400
6400,20,7400,"sd","09:49:05",442400
6410,30,2000,"sd","09:48:31",435000
6420,40,500,"sd","09:48:31",433000
6420,40,1900,"sd","09:48:31",432500
6420,40,3100,"sd","09:48:15",430600
6420,40,1900,"sd","09:48:15",427500
6420,40,100,"sd","09:47:30",425600
6420,40,5000,"sd","09:47:12",425500
6420,40,1000,"bu","09:47:11",420500
6420,40,200,"bu","09:47:11",419500
6420,40,2000,"bu","09:47:11",419300
6420,40,1200,"bu","09:47:11",417300
6420,40,500,"bu","09:46:54",416100
6410,30,5000,"sd","09:46:53",415600
6410,30,100,"sd","09:46:53",410600
6410,30,200,"sd","09:46:53",410500
6410,30,500,"sd","09:46:53",410300
6410,30,3000,"sd","09:46:53",409800
6410,30,1200,"sd","09:46:53",406800
6420,40,300,"bu","09:46:51",405600
6420,40,3000,"bu","09:46:51",405300
6420,40,1700,"bu","09:46:51",402300
6420,40,200,"bu","09:46:49",400600
6420,40,100,"bu","09:46:45",400400
6420,40,2000,"bu","09:46:29",400300
6420,40,2000,"bu","09:45:58",398300
6420,40,4000,"bu","09:44:36",396300
6420,40,500,"bu","09:44:36",392300
6410,30,500,"sd","09:44:30",391800
6400,20,2600,"sd","09:43:42",391300
6410,30,300,"sd","09:43:42",388700
6410,30,100,"sd","09:43:42",388400
6410,30,800,"bu","09:42:59",388300
6410,30,1000,"bu","09:42:59",387500
6410,30,4000,"bu","09:42:55",386500
6410,30,2000,"bu","09:42:41",382500
6410,30,1500,"bu","09:42:21",380500
6410,30,100,"bu","09:42:21",379000
6410,30,8400,"bu","09:42:21",378900
6410,30,200,"bu","09:42:07",370500
6410,30,100,"bu","09:41:56",370300
6410,30,500,"bu","09:41:43",370200
6410,30,800,"bu","09:41:25",369700
6410,30,500,"bu","09:41:25",368900
6400,20,5400,"bu","09:41:18",368400
6400,20,600,"bu","09:41:16",363000
6400,20,900,"bu","09:41:16",362400
6400,20,100,"bu","09:41:15",361500
6400,20,200,"bu","09:41:15",361400
6400,20,100,"bu","09:41:15",361200
6400,20,300,"bu","09:41:08",361100
6400,20,200,"bu","09:41:08",360800
6400,20,100,"bu","09:41:08",360600
6400,20,1000,"bu","09:41:08",360500
6400,20,500,"bu","09:41:08",359500
6400,20,2900,"bu","09:41:08",359000
6400,20,5000,"bu","09:41:07",356100
6390,10,8500,"sd","09:40:43",351100
6390,10,100,"bu","09:40:32",342600
6390,10,200,"sd","09:40:28",342500
6390,10,600,"sd","09:40:28",342300
6390,10,2000,"sd","09:40:28",341700
6390,10,1200,"sd","09:40:28",339700
6390,10,100,"sd","09:39:47",338500
6390,10,200,"sd","09:38:44",338400
6390,10,400,"sd","09:38:44",338200
6390,10,3100,"sd","09:38:44",337800
6390,10,1000,"bu","09:38:17",334700
6390,10,3000,"bu","09:38:04",333700
6380,0,500,"sd","09:38:03",330700
6380,0,10000,"sd","09:38:03",330200
6390,10,1000,"bu","09:37:58",320200
6390,10,200,"bu","09:37:50",319200
6380,0,100,"sd","09:37:40",319000
6390,10,100,"bu","09:37:39",318900
6390,10,200,"bu","09:37:32",318800
6390,10,100,"bu","09:37:28",318600
6390,10,100,"bu","09:37:20",318500
6380,0,800,"sd","09:36:21",318400
6380,0,9200,"sd","09:36:21",317600
6380,0,100,"sd","09:36:12",308400
6380,0,700,"sd","09:35:55",308300
6380,0,4000,"sd","09:35:55",307600
6380,0,300,"sd","09:35:55",303600
6380,0,200,"sd","09:35:40",303300
6380,0,300,"sd","09:35:40",303100
6380,0,2000,"sd","09:35:31",302800
6380,0,700,"bu","09:35:29",300800
6370,-10,400,"sd","09:35:26",300100
6370,-10,4800,"sd","09:35:26",299700
6380,0,1000,"bu","09:35:18",294900
6380,0,1500,"bu","09:35:16",293900
6380,0,6800,"bu","09:35:11",292400
6380,0,3200,"bu","09:35:11",285600
6380,0,200,"bu","09:35:03",282400
6380,0,300,"bu","09:34:58",282200
6380,0,100,"sd","09:34:39",281900
6380,0,2000,"sd","09:34:39",281800
6380,0,4200,"sd","09:34:39",279800
6380,0,500,"bu","09:34:22",275600
6380,0,2000,"bu","09:34:22",275100
6380,0,3300,"bu","09:34:22",273100
6380,0,5000,"bu","09:34:11",269800
6380,0,200,"bu","09:34:02",264800
6370,-10,5200,"sd","09:34:02",264600
6370,-10,3000,"sd","09:34:02",259400
6370,-10,1800,"sd","09:34:02",256400
6380,0,1500,"sd","09:33:39",254600
6380,0,500,"sd","09:33:24",253100
6380,0,1000,"sd","09:33:15",252600
6380,0,300,"bu","09:33:13",251600
6380,0,700,"bu","09:33:13",251300
6380,0,200,"bu","09:33:13",250600
6380,0,800,"bu","09:33:13",250400
6380,0,4600,"bu","09:33:10",249600
6380,0,13100,"bu","09:32:42",245000
6380,0,5000,"bu","09:32:41",231900
6370,-10,100,"sd","09:32:38",226900
6380,0,500,"bu","09:32:31",226800
6380,0,2500,"bu","09:32:30",226300
6380,0,300,"bu","09:32:29",223800
6380,0,2000,"bu","09:32:23",223500
6380,0,1000,"sd","09:32:15",221500
6380,0,20000,"sd","09:32:15",220500
6380,0,200,"sd","09:32:15",200500
6390,10,300,"bu","09:32:07",200300
6390,10,500,"bu","09:32:02",200000
6380,0,9800,"sd","09:31:46",199500
6380,0,200,"sd","09:31:46",189700
6380,0,100,"sd","09:31:45",189500
6390,10,300,"bu","09:31:11",189400
6380,0,700,"bu","09:31:06",189100
6380,0,400,"sd","09:30:58",188400
6380,0,9600,"sd","09:30:41",188000
6380,0,100,"sd","09:30:41",178400
6380,0,300,"sd","09:30:41",178300
6390,10,100,"bu","09:30:37",178000
6380,0,300,"sd","09:30:28",177900
6380,0,400,"bu","09:30:14",177600
6380,0,5000,"bu","09:30:09",177200
6380,0,1000,"bu","09:29:53",172200
6380,0,300,"bu","09:29:35",171200
6380,0,200,"bu","09:29:29",170900
6380,0,100,"bu","09:29:08",170700
6370,-10,200,"sd","09:28:34",170600
6370,-10,17900,"bu","09:28:17",170400
6370,-10,100,"bu","09:28:03",152500
6360,-20,500,"bu","09:27:51",152400
6350,-30,500,"bu","09:27:23",151900
6350,-30,900,"bu","09:27:15",151400
6350,-30,2000,"bu","09:27:10",150500
6350,-30,5000,"bu","09:27:10",148500
6350,-30,500,"bu","09:27:03",143500
6350,-30,10000,"bu","09:26:53",143000
6350,-30,1000,"bu","09:26:37",133000
6340,-40,200,"sd","09:26:30",132000
6340,-40,300,"sd","09:26:30",131800
6340,-40,4400,"sd","09:26:30",131500
6340,-40,1100,"sd","09:26:30",127100
6350,-30,100,"bu","09:26:29",126000
6350,-30,400,"bu","09:26:16",125900
6340,-40,2300,"sd","09:25:52",125500
6340,-40,1600,"sd","09:25:23",123200
6340,-40,100,"bu","09:25:04",121600
6340,-40,1000,"sd","09:24:57",121500
6340,-40,100,"sd","09:24:57",120500
6340,-40,100,"sd","09:24:57",120400
6340,-40,500,"sd","09:24:57",120300
6340,-40,5000,"sd","09:24:57",119800
6350,-30,3300,"bu","09:24:50",114800
6350,-30,2000,"bu","09:24:49",111500
6350,-30,3000,"bu","09:24:28",109500
6350,-30,1000,"bu","09:24:18",106500
6350,-30,300,"sd","09:24:10",105500
6350,-30,10700,"bu","09:24:00",105200
6350,-30,1100,"bu","09:23:49",94500
6350,-30,200,"bu","09:23:24",93400
6350,-30,100,"bu","09:23:24",93200
6350,-30,1000,"sd","09:23:24",93100
6350,-30,1000,"sd","09:23:24",92100
6350,-30,1000,"sd","09:23:24",91100
6350,-30,500,"sd","09:23:24",90100
6350,-30,100,"sd","09:23:24",89600
6350,-30,300,"sd","09:23:24",89500
6360,-20,2000,"bu","09:23:12",89200
6360,-20,100,"sd","09:23:08",87200
6360,-20,400,"sd","09:23:08",87100
6360,-20,400,"sd","09:22:51",86700
6360,-20,200,"sd","09:22:08",86300
6370,-10,100,"sd","09:22:08",86100
6370,-10,500,"sd","09:22:08",86000
6370,-10,100,"sd","09:22:03",85500
6380,0,100,"sd","09:22:03",85400
6380,0,12000,"sd","09:21:46",85300
6380,0,2000,"sd","09:21:19",73300
6380,0,1800,"bu","09:21:11",71300
6380,0,4100,"bu","09:21:11",69500
6380,0,900,"sd","09:20:31",65400
6380,0,1100,"sd","09:19:53",64500
6380,0,300,"sd","09:19:53",63400
6380,0,500,"sd","09:19:53",63100
6380,0,1000,"sd","09:19:53",62600
6380,0,200,"sd","09:19:53",61600
6380,0,1900,"sd","09:19:53",61400
6380,0,100,"sd","09:19:35",59500
6400,20,100,"bu","09:19:34",59400
6380,0,2000,"sd","09:19:18",59300
6380,0,1000,"sd","09:19:10",57300
6380,0,500,"sd","09:19:10",56300
6380,0,100,"sd","09:19:10",55800
6380,0,400,"sd","09:19:10",55700
6380,0,100,"sd","09:18:45",55300
6380,0,500,"sd","09:17:38",55200
6380,0,2300,"sd","09:17:38",54700
6380,0,2200,"sd","09:17:38",52400
6380,0,500,"sd","09:17:24",50200
6380,0,100,"sd","09:17:11",49700
6380,0,700,"sd","09:16:17",49600
6380,0,2000,"sd","09:15:15",48900
6380,0,46900,"sd","09:15:01",46900
