"price","change","match_qtty","side","time","total_vol"
15800,-150,175200,"unknown","14:45:01",2394200
15750,-200,100,"bu","14:29:47",2219000
15750,-200,100,"bu","14:29:35",2218900
15700,-250,100,"bu","14:28:32",2218800
15700,-250,1000,"sd","14:28:31",2218700
15700,-250,100,"sd","14:28:31",2217700
15700,-250,300,"sd","14:28:31",2217600
15700,-250,5000,"sd","14:28:31",2217300
15700,-250,500,"sd","14:28:31",2212300
15700,-250,2000,"sd","14:28:31",2211800
15700,-250,200,"sd","14:28:31",2209800
15700,-250,800,"sd","14:28:31",2209600
15700,-250,800,"sd","14:28:17",2208800
15700,-250,3400,"sd","14:27:38",2208000
15700,-250,900,"sd","14:27:38",2204600
15700,-250,2000,"sd","14:27:38",2203700
15700,-250,100,"sd","14:27:38",2201700
15700,-250,200,"sd","14:27:38",2201600
15700,-250,100,"sd","14:27:38",2201400
15700,-250,100,"sd","14:27:38",2201300
15700,-250,2000,"sd","14:27:38",2201200
15700,-250,100,"sd","14:27:38",2199200
15700,-250,1000,"sd","14:27:38",2199100
15700,-250,300,"sd","14:27:38",2198100
15700,-250,100,"sd","14:27:38",2197800
15700,-250,4700,"sd","14:27:38",2197700
15750,-200,1200,"sd","14:27:18",2193000
15750,-200,3300,"bu","14:27:17",2191800
15750,-200,200,"bu","14:27:17",2188500
15750,-200,300,"bu","14:27:17",2188300
15750,-200,100,"bu","14:27:01",2188000
15750,-200,100,"bu","14:26:53",2187900
15750,-200,1000,"bu","14:26:41",2187800
15750,-200,1000,"bu","14:26:30",2186800
15750,-200,100,"bu","14:26:28",2185800
15750,-200,300,"bu","14:26:04",2185700
15750,-200,100,"bu","14:26:04",2185400
15750,-200,200,"bu","14:26:04",2185300
15750,-200,2400,"bu","14:26:04",2185100
15750,-200,500,"bu","14:25:58",2182700
15750,-200,1000,"bu","14:25:24",2182200
15700,-250,300,"sd","14:25:17",2181200
15750,-200,200,"bu","14:24:32",2180900
15750,-200,1000,"bu","14:24:20",2180700
15750,-200,1600,"bu","14:24:13",2179700
15750,-200,500,"bu","14:23:41",2178100
15750,-200,1500,"bu","14:23:41",2177600
15750,-200,500,"bu","14:23:41",2176100
15750,-200,300,"bu","14:23:41",2175600
15750,-200,200,"bu","14:23:41",2175300
15700,-250,1500,"sd","14:23:38",2175100
15750,-200,100,"bu","14:23:02",2173600
15700,-250,500,"sd","14:22:46",2173500
15700,-250,200,"sd","14:22:46",2173000
15700,-250,500,"sd","14:22:46",2172800
15700,-250,2000,"sd","14:22:46",2172300
15700,-250,200,"sd","14:22:46",2170300
15700,-250,200,"sd","14:22:46",2170100
15700,-250,2000,"sd","14:22:46",2169900
15700,-250,100,"sd","14:22:46",2167900
15700,-250,14700,"sd","14:22:46",2167800
15700,-250,3500,"sd","14:22:46",2153100
15700,-250,5000,"sd","14:22:46",2149600
15700,-250,100,"sd","14:22:46",2144600
15700,-250,1000,"sd","14:22:46",2144500
15750,-200,1000,"bu","14:22:03",2143500
15750,-200,100,"sd","14:21:25",2142500
15750,-200,100,"sd","14:21:25",2142400
15750,-200,900,"sd","14:21:12",2142300
15750,-200,4100,"sd","14:21:12",2141400
15750,-200,400,"sd","14:20:29",2137300
15750,-200,4600,"sd","14:20:29",2136900
15750,-200,400,"bu","14:20:07",2132300
15750,-200,100,"bu","14:19:59",2131900
15750,-200,500,"bu","14:19:59",2131800
15750,-200,400,"bu","14:19:59",2131300
15750,-200,1600,"bu","14:19:56",2130900
15750,-200,1400,"bu","14:19:56",2129300
15700,-250,100,"sd","14:19:31",2127900
15750,-200,600,"bu","14:18:50",2127800
15750,-200,10000,"bu","14:18:50",2127200
15750,-200,1400,"bu","14:18:50",2117200
15750,-200,1000,"bu","14:18:34",2115800
15750,-200,1600,"bu","14:18:23",2114800
15750,-200,100,"bu","14:17:10",2113200
15750,-200,100,"bu","14:16:45",2113100
15750,-200,700,"bu","14:16:39",2113000
15750,-200,200,"bu","14:16:34",2112300
15750,-200,600,"bu","14:15:24",2112100
15750,-200,2300,"bu","14:15:06",2111500
15750,-200,100,"bu","14:15:06",2109200
15750,-200,600,"bu","14:15:06",2109100
15750,-200,8400,"sd","14:14:47",2108500
15750,-200,1600,"bu","14:14:24",2100100
15750,-200,700,"bu","14:14:23",2098500
15750,-200,1400,"sd","14:14:11",2097800
15750,-200,15300,"sd","14:14:11",2096400
15750,-200,3000,"bu","14:14:08",2081100
15750,-200,1700,"bu","14:14:08",2078100
15700,-250,22000,"sd","14:14:04",2076400
15750,-200,300,"bu","14:14:04",2054400
15750,-200,200,"bu","14:14:04",2054100
15750,-200,200,"bu","14:13:54",2053900
15750,-200,500,"bu","14:13:54",2053700
15750,-200,500,"bu","14:13:54",2053200
15750,-200,1800,"bu","14:13:54",2052700
15750,-200,200,"bu","14:13:46",2050900
15750,-200,2000,"bu","14:13:46",2050700
15750,-200,8500,"bu","14:13:46",2048700
15750,-200,500,"bu","14:13:46",2040200
15750,-200,300,"bu","14:13:46",2039700
15750,-200,3500,"bu","14:13:46",2039400
15700,-250,3000,"sd","14:13:18",2035900
15700,-250,500,"sd","14:13:17",2032900
15700,-250,200,"bu","14:12:45",2032400
15700,-250,300,"bu","14:12:45",2032200
15700,-250,5400,"bu","14:12:45",2031900
15700,-250,10000,"bu","14:12:45",2026500
15700,-250,300,"bu","14:12:45",2016500
15700,-250,400,"bu","14:12:45",2016200
15700,-250,10000,"bu","14:12:45",2015800
15700,-250,100,"bu","14:12:45",2005800
15700,-250,14000,"bu","14:12:45",2005700
15700,-250,4800,"bu","14:12:45",1991700
15700,-250,5000,"bu","14:12:45",1986900
15700,-250,9200,"bu","14:12:45",1981900
15700,-250,1000,"bu","14:12:14",1972700
15700,-250,6000,"bu","14:12:10",1971700
15700,-250,800,"bu","14:11:38",1965700
15650,-300,5600,"sd","14:11:18",1964900
15650,-300,4200,"sd","14:10:51",1959300
15650,-300,9200,"sd","14:10:43",1955100
15650,-300,3000,"sd","14:10:43",1945900
15650,-300,10000,"sd","14:10:43",1942900
15650,-300,200,"sd","14:10:43",1932900
15650,-300,300,"sd","14:10:43",1932700
15650,-300,200,"sd","14:10:43",1932400
15650,-300,100,"sd","14:10:43",1932200
15650,-300,200,"sd","14:10:43",1932100
15650,-300,200,"sd","14:10:43",1931900
15650,-300,200,"sd","14:10:43",1931700
15650,-300,100,"sd","14:10:43",1931500
15650,-300,200,"sd","14:10:43",1931400
15650,-300,10000,"sd","14:10:43",1931200
15650,-300,4000,"sd","14:10:43",1921200
15650,-300,2000,"sd","14:10:43",1917200
15650,-300,100,"sd","14:10:43",1915200
15700,-250,100,"bu","14:10:11",1915100
15650,-300,1000,"sd","14:10:10",1915000
15700,-250,100,"bu","14:10:07",1914000
15700,-250,300,"bu","14:09:25",1913900
15700,-250,100,"bu","14:08:49",1913600
15700,-250,2000,"bu","14:08:29",1913500
15650,-300,900,"sd","14:08:19",1911500
15650,-300,200,"sd","14:08:19",1910600
15650,-300,900,"sd","14:08:19",1910400
15700,-250,7000,"bu","14:08:19",1909500
15700,-250,100,"bu","14:08:10",1902500
15700,-250,1000,"bu","14:07:51",1902400
15650,-300,1000,"sd","14:07:50",1901400
15700,-250,3000,"bu","14:07:41",1900400
15700,-250,100,"bu","14:07:23",1897400
15700,-250,100,"bu","14:07:17",1897300
15700,-250,1000,"bu","14:06:47",1897200
15700,-250,100,"bu","14:06:44",1896200
15700,-250,100,"bu","14:06:42",1896100
15700,-250,400,"bu","14:06:42",1896000
15700,-250,100,"bu","14:06:31",1895600
15700,-250,200,"bu","14:06:27",1895500
15700,-250,1000,"bu","14:06:06",1895300
15700,-250,1500,"sd","14:06:04",1894300
15700,-250,100,"sd","14:06:04",1892800
15700,-250,1000,"sd","14:06:04",1892700
15700,-250,500,"sd","14:06:04",1891700
15700,-250,500,"sd","14:06:04",1891200
15700,-250,300,"sd","14:06:04",1890700
15700,-250,300,"sd","14:06:04",1890400
15700,-250,500,"sd","14:06:04",1890100
15700,-250,500,"sd","14:06:04",1889600
15700,-250,500,"sd","14:06:04",1889100
15700,-250,100,"sd","14:06:04",1888600
15700,-250,100,"sd","14:06:04",1888500
15700,-250,300,"sd","14:06:04",1888400
15750,-200,100,"bu","14:06:03",1888100
15700,-250,25000,"sd","14:05:54",1888000
15700,-250,2000,"sd","14:05:54",1863000
15700,-250,10000,"sd","14:05:54",1861000
15700,-250,1000,"sd","14:05:54",1851000
15700,-250,2300,"sd","14:05:43",1850000
15700,-250,100,"sd","14:05:43",1847700
15700,-250,1800,"sd","14:05:43",1847600
15700,-250,1000,"sd","14:05:43",1845800
15700,-250,500,"sd","14:05:43",1844800
15700,-250,1300,"sd","14:05:43",1844300
15750,-200,100,"bu","14:05:31",1843000
15750,-200,100,"bu","14:05:04",1842900
15750,-200,300,"bu","14:04:59",1842800
15750,-200,200,"bu","14:04:46",1842500
15700,-250,1000,"sd","14:04:43",1842300
15750,-200,100,"bu","14:04:31",1841300
15700,-250,1000,"sd","14:04:26",1841200
15750,-200,100,"bu","14:04:19",1840200
15750,-200,1000,"bu","14:04:18",1840100
15750,-200,500,"bu","14:04:09",1839100
15700,-250,500,"sd","14:04:07",1838600
15700,-250,1000,"sd","14:03:59",1838100
15750,-200,100,"bu","14:03:46",1837100
15750,-200,6000,"sd","14:03:13",1837000
15750,-200,500,"sd","14:03:13",1831000
15750,-200,7400,"sd","14:03:13",1830500
15750,-200,2600,"sd","14:02:48",1823100
15750,-200,5400,"sd","14:02:48",1820500
15750,-200,1000,"sd","14:02:17",1815100
15800,-150,100,"bu","14:01:38",1814100
15750,-200,3500,"sd","14:01:04",1814000
15750,-200,100,"sd","14:00:08",1810500
15750,-200,1500,"sd","14:00:08",1810400
15750,-200,100,"sd","14:00:08",1808900
15750,-200,1300,"sd","14:00:08",1808800
15750,-200,300,"sd","14:00:00",1807500
15750,-200,500,"sd","13:57:49",1807200
15750,-200,1400,"sd","13:56:42",1806700
15750,-200,1500,"bu","13:56:41",1805300
15750,-200,500,"bu","13:56:21",1803800
15750,-200,4000,"bu","13:56:21",1803300
15750,-200,1100,"bu","13:56:21",1799300
15750,-200,4400,"bu","13:56:21",1798200
15700,-250,300,"sd","13:55:56",1793800
15750,-200,500,"bu","13:55:43",1793500
15750,-200,600,"bu","13:55:34",1793000
15750,-200,500,"bu","13:55:34",1792400
15700,-250,400,"sd","13:55:09",1791900
15750,-200,100,"bu","13:54:52",1791500
15650,-300,100,"sd","13:54:30",1791400
15650,-300,3000,"sd","13:54:30",1791300
15650,-300,1000,"sd","13:54:30",1788300
15650,-300,500,"sd","13:54:30",1787300
15650,-300,100,"sd","13:54:30",1786800
15650,-300,600,"sd","13:54:30",1786700
15700,-250,1300,"sd","13:54:30",1786100
15700,-250,1000,"sd","13:54:30",1784800
15700,-250,200,"sd","13:54:30",1783800
15700,-250,100,"sd","13:54:30",1783600
15700,-250,2100,"sd","13:54:30",1783500
15700,-250,500,"sd","13:54:15",1781400
15700,-250,200,"bu","13:54:08",1780900
15700,-250,2200,"bu","13:54:08",1780700
15700,-250,10000,"bu","13:53:59",1778500
15700,-250,10000,"bu","13:53:58",1768500
15700,-250,2800,"bu","13:53:53",1758500
15700,-250,1500,"bu","13:53:53",1755700
15700,-250,200,"bu","13:53:53",1754200
15700,-250,500,"bu","13:53:53",1754000
15700,-250,100,"bu","13:53:53",1753500
15700,-250,100,"bu","13:53:46",1753400
15700,-250,3000,"bu","13:53:40",1753300
15700,-250,2000,"bu","13:53:33",1750300
15700,-250,100,"bu","13:53:25",1748300
15700,-250,100,"bu","13:53:21",1748200
15700,-250,100,"bu","13:53:20",1748100
15700,-250,5000,"bu","13:53:19",1748000
15700,-250,1000,"bu","13:53:17",1743000
15650,-300,300,"sd","13:53:15",1742000
15650,-300,400,"sd","13:53:15",1741700
15650,-300,300,"sd","13:53:15",1741300
15700,-250,3000,"bu","13:53:14",1741000
15700,-250,400,"bu","13:53:07",1738000
15700,-250,200,"bu","13:53:05",1737600
15700,-250,100,"bu","13:52:49",1737400
15700,-250,2200,"bu","13:52:48",1737300
15700,-250,200,"bu","13:52:45",1735100
15700,-250,100,"bu","13:52:14",1734900
15650,-300,200,"sd","13:52:05",1734800
15650,-300,100,"sd","13:52:05",1734600
15650,-300,100,"sd","13:52:05",1734500
15650,-300,200,"sd","13:52:05",1734400
15650,-300,100,"sd","13:52:05",1734200
15650,-300,500,"sd","13:52:05",1734100
15650,-300,1800,"sd","13:52:05",1733600
15700,-250,100,"bu","13:51:59",1731800
15700,-250,100,"bu","13:51:58",1731700
15700,-250,1000,"bu","13:51:56",1731600
15700,-250,100,"bu","13:51:45",1730600
15700,-250,11900,"bu","13:51:36",1730500
15700,-250,3100,"bu","13:51:36",1718600
15700,-250,1000,"bu","13:51:36",1715500
15700,-250,1000,"bu","13:51:28",1714500
15700,-250,100,"bu","13:51:23",1713500
15650,-300,100,"sd","13:51:13",1713400
15650,-300,100,"sd","13:51:12",1713300
15650,-300,2000,"sd","13:51:12",1713200
15650,-300,200,"sd","13:51:12",1711200
15650,-300,100,"sd","13:51:12",1711000
15650,-300,100,"sd","13:51:12",1710900
15650,-300,400,"sd","13:51:12",1710800
15650,-300,100,"sd","13:51:12",1710400
15700,-250,500,"bu","13:51:06",1710300
15700,-250,1000,"bu","13:50:50",1709800
15700,-250,500,"bu","13:50:43",1708800
15700,-250,2700,"bu","13:50:18",1708300
15700,-250,2300,"bu","13:50:18",1705600
15700,-250,300,"bu","13:50:05",1703300
15700,-250,500,"bu","13:49:45",1703000
15700,-250,4700,"sd","13:49:42",1702500
15700,-250,1300,"sd","13:49:42",1697800
15700,-250,1200,"sd","13:49:11",1696500
15700,-250,100,"sd","13:49:11",1695300
15700,-250,1800,"sd","13:49:11",1695200
15700,-250,3000,"sd","13:49:01",1693400
15700,-250,500,"sd","13:48:49",1690400
15700,-250,200,"sd","13:48:49",1689900
15700,-250,500,"sd","13:48:49",1689700
15700,-250,200,"sd","13:48:49",1689200
15700,-250,500,"sd","13:48:49",1689000
15700,-250,500,"sd","13:48:49",1688500
15700,-250,3200,"sd","13:48:49",1688000
15700,-250,100,"sd","13:48:49",1684800
15700,-250,5000,"sd","13:48:49",1684700
15700,-250,3100,"sd","13:48:49",1679700
15700,-250,5200,"sd","13:48:49",1676600
15700,-250,1000,"sd","13:48:49",1671400
15700,-250,1900,"sd","13:48:40",1670400
15700,-250,100,"sd","13:48:40",1668500
15700,-250,100,"sd","13:48:40",1668400
15700,-250,500,"sd","13:48:40",1668300
15700,-250,200,"sd","13:48:40",1667800
15700,-250,1200,"sd","13:48:40",1667600
15700,-250,3800,"sd","13:48:37",1666400
15700,-250,500,"sd","13:48:37",1662600
15700,-250,1000,"sd","13:48:37",1662100
15700,-250,5000,"sd","13:48:37",1661100
15700,-250,1000,"sd","13:48:37",1656100
15700,-250,300,"sd","13:48:37",1655100
15700,-250,200,"sd","13:48:37",1654800
15700,-250,200,"sd","13:48:37",1654600
15700,-250,3000,"sd","13:48:37",1654400
15700,-250,100,"sd","13:48:37",1651400
15700,-250,100,"sd","13:48:37",1651300
15700,-250,5000,"sd","13:48:37",1651200
15700,-250,2000,"sd","13:48:37",1646200
15700,-250,2000,"sd","13:48:36",1644200
15700,-250,100,"sd","13:48:36",1642200
15700,-250,5000,"sd","13:48:36",1642100
15700,-250,4000,"sd","13:48:36",1637100
15700,-250,200,"sd","13:48:36",1633100
15700,-250,1800,"sd","13:48:36",1632900
15700,-250,300,"sd","13:48:36",1631100
15700,-250,800,"sd","13:48:36",1630800
15700,-250,100,"sd","13:48:36",1630000
15700,-250,300,"sd","13:48:36",1629900
15700,-250,500,"sd","13:48:36",1629600
15700,-250,100,"sd","13:48:36",1629100
15700,-250,200,"sd","13:48:36",1629000
15700,-250,500,"sd","13:48:36",1628800
15700,-250,1300,"sd","13:48:36",1628300
15700,-250,100,"sd","13:48:36",1627000
15700,-250,600,"sd","13:48:36",1626900
15700,-250,2000,"sd","13:48:36",1626300
15700,-250,6000,"sd","13:48:36",1624300
15700,-250,2000,"sd","13:48:36",1618300
15700,-250,1000,"sd","13:48:36",1616300
15700,-250,600,"sd","13:48:36",1615300
15700,-250,10000,"sd","13:48:36",1614700
15700,-250,2000,"sd","13:48:36",1604700
15700,-250,100,"sd","13:48:36",1602700
15700,-250,900,"sd","13:48:36",1602600
15700,-250,900,"sd","13:48:36",1601700
15700,-250,500,"sd","13:48:36",1600800
15700,-250,200,"sd","13:48:36",1600300
15700,-250,100,"sd","13:48:36",1600100
15700,-250,1500,"sd","13:48:36",1600000
15700,-250,100,"sd","13:48:36",1598500
15700,-250,600,"sd","13:48:36",1598400
15700,-250,1200,"sd","13:48:36",1597800
15700,-250,3000,"sd","13:48:36",1596600
15700,-250,500,"sd","13:48:36",1593600
15700,-250,500,"sd","13:48:36",1593100
15700,-250,100,"sd","13:48:36",1592600
15700,-250,2200,"sd","13:48:36",1592500
15700,-250,300,"sd","13:48:36",1590300
15700,-250,10200,"sd","13:48:36",1590000
15700,-250,300,"sd","13:48:36",1579800
15700,-250,100,"sd","13:48:36",1579500
15700,-250,300,"sd","13:48:36",1579400
15700,-250,2000,"sd","13:48:36",1579100
15700,-250,400,"sd","13:48:36",1577100
15700,-250,1500,"sd","13:48:36",1576700
15700,-250,300,"sd","13:48:36",1575200
15700,-250,1400,"sd","13:48:36",1574900
15700,-250,900,"sd","13:48:36",1573500
15700,-250,2800,"sd","13:48:36",1572600
15700,-250,1500,"sd","13:48:36",1569800
15700,-250,200,"sd","13:48:36",1568300
15700,-250,2000,"sd","13:48:36",1568100
15700,-250,1000,"sd","13:48:36",1566100
15700,-250,3100,"sd","13:48:36",1565100
15700,-250,300,"sd","13:48:36",1562000
15700,-250,10000,"sd","13:48:36",1561700
15700,-250,300,"sd","13:48:36",1551700
15700,-250,500,"sd","13:48:36",1551400
15700,-250,5000,"sd","13:48:36",1550900
15700,-250,1000,"sd","13:48:36",1545900
15700,-250,2000,"sd","13:48:36",1544900
15700,-250,1100,"sd","13:48:36",1542900
15700,-250,500,"sd","13:48:36",1541800
15700,-250,100,"sd","13:48:36",1541300
15700,-250,700,"sd","13:48:36",1541200
15700,-250,1000,"sd","13:48:36",1540500
15700,-250,1000,"sd","13:48:36",1539500
15700,-250,500,"sd","13:48:36",1538500
15700,-250,1000,"sd","13:48:36",1538000
15700,-250,5000,"sd","13:48:36",1537000
15700,-250,2000,"sd","13:48:36",1532000
15700,-250,100,"sd","13:48:36",1530000
15700,-250,100,"sd","13:48:36",1529900
15700,-250,2000,"sd","13:48:36",1529800
15700,-250,500,"sd","13:48:36",1527800
15700,-250,58600,"sd","13:48:36",1527300
15700,-250,2400,"sd","13:48:36",1468700
15700,-250,200,"sd","13:48:36",1466300
15700,-250,500,"sd","13:48:36",1466100
15700,-250,100,"sd","13:48:36",1465600
15700,-250,100,"sd","13:48:36",1465500
15750,-200,100,"bu","13:47:35",1465400
15700,-250,100,"sd","13:47:34",1465300
15700,-250,14700,"sd","13:47:29",1465200
15700,-250,2000,"sd","13:47:27",1450500
15700,-250,100,"sd","13:47:23",1448500
15700,-250,2000,"sd","13:47:19",1448400
15700,-250,1000,"sd","13:47:18",1446400
15700,-250,100,"sd","13:47:12",1445400
15750,-200,400,"bu","13:47:05",1445300
15750,-200,2300,"bu","13:46:46",1444900
15750,-200,2000,"sd","13:45:56",1442600
15750,-200,100,"sd","13:45:56",1440600
15750,-200,2200,"sd","13:45:56",1440500
15750,-200,900,"sd","13:45:56",1438300
15750,-200,100,"sd","13:45:56",1437400
15750,-200,100,"sd","13:45:56",1437300
15750,-200,3200,"sd","13:45:56",1437200
15750,-200,200,"sd","13:45:56",1434000
15750,-200,3300,"sd","13:45:56",1433800
15750,-200,500,"sd","13:45:56",1430500
15750,-200,100,"sd","13:45:53",1430000
15750,-200,3000,"sd","13:45:52",1429900
15750,-200,3600,"sd","13:44:56",1426900
15750,-200,300,"sd","13:44:56",1423300
15750,-200,500,"sd","13:44:56",1423000
15750,-200,800,"sd","13:44:49",1422500
15750,-200,200,"sd","13:44:49",1421700
15750,-200,200,"sd","13:44:29",1421500
15750,-200,5000,"sd","13:44:29",1421300
15750,-200,100,"sd","13:44:29",1416300
15750,-200,2200,"sd","13:44:29",1416200
15750,-200,800,"sd","13:43:47",1414000
15750,-200,1700,"sd","13:43:47",1413200
15750,-200,300,"sd","13:43:47",1411500
15750,-200,100,"sd","13:43:47",1411200
15750,-200,200,"sd","13:43:47",1411100
15750,-200,6900,"sd","13:43:47",1410900
15750,-200,2000,"sd","13:43:06",1404000
15750,-200,100,"sd","13:42:47",1402000
15750,-200,500,"sd","13:42:47",1401900
15750,-200,2000,"sd","13:42:47",1401400
15750,-200,2000,"sd","13:42:47",1399400
15750,-200,400,"sd","13:42:47",1397400
15750,-200,1000,"sd","13:42:47",1397000
15750,-200,2000,"sd","13:42:47",1396000
15750,-200,5000,"sd","13:40:34",1394000
15750,-200,2000,"sd","13:40:15",1389000
15750,-200,100,"sd","13:39:34",1387000
15800,-150,7000,"bu","13:39:23",1386900
15800,-150,3000,"bu","13:38:49",1379900
15800,-150,1500,"bu","13:38:16",1376900
15800,-150,100,"bu","13:37:16",1375400
15750,-200,200,"sd","13:36:28",1375300
15750,-200,2300,"sd","13:35:48",1375100
15750,-200,700,"sd","13:35:48",1372800
15800,-150,6200,"bu","13:34:39",1372100
15750,-200,300,"sd","13:33:47",1365900
15750,-200,2700,"sd","13:33:47",1365600
15750,-200,500,"sd","13:33:29",1362900
15750,-200,200,"sd","13:32:59",1362400
15750,-200,5000,"sd","13:32:45",1362200
15750,-200,500,"sd","13:32:37",1357200
15750,-200,1100,"sd","13:32:14",1356700
15750,-200,100,"sd","13:32:14",1355600
15750,-200,3800,"sd","13:32:14",1355500
15750,-200,300,"sd","13:31:36",1351700
15750,-200,100,"sd","13:31:26",1351400
15750,-200,200,"sd","13:31:01",1351300
15750,-200,200,"sd","13:30:46",1351100
15750,-200,800,"sd","13:30:20",1350900
15750,-200,4600,"sd","13:29:19",1350100
15750,-200,1000,"sd","13:29:19",1345500
15750,-200,500,"sd","13:29:19",1344500
15750,-200,100,"sd","13:29:19",1344000
15750,-200,5800,"sd","13:29:19",1343900
15750,-200,2000,"bu","13:28:59",1338100
15750,-200,1200,"bu","13:28:59",1336100
15750,-200,100,"bu","13:28:53",1334900
15750,-200,1000,"bu","13:28:13",1334800
15750,-200,100,"sd","13:27:47",1333800
15750,-200,1000,"sd","13:27:47",1333700
15750,-200,1000,"sd","13:27:47",1332700
15750,-200,2000,"sd","13:27:47",1331700
15750,-200,2000,"sd","13:27:47",1329700
15750,-200,11600,"sd","13:27:47",1327700
15750,-200,200,"bu","13:27:13",1316100
15750,-200,500,"bu","13:27:13",1315900
15750,-200,300,"bu","13:27:11",1315400
15750,-200,800,"bu","13:26:53",1315100
15750,-200,400,"bu","13:26:48",1314300
15750,-200,500,"bu","13:26:48",1313900
15750,-200,100,"bu","13:26:48",1313400
15750,-200,100,"bu","13:26:41",1313300
15700,-250,100,"sd","13:26:36",1313200
15750,-200,900,"bu","13:26:35",1313100
15750,-200,100,"bu","13:26:35",1312200
15750,-200,400,"bu","13:26:30",1312100
15750,-200,100,"bu","13:26:30",1311700
15750,-200,400,"bu","13:26:26",1311600
15750,-200,5000,"bu","13:26:26",1311200
15750,-200,10000,"bu","13:26:26",1306200
15750,-200,600,"bu","13:26:26",1296200
15700,-250,1200,"sd","13:26:17",1295600
15700,-250,100,"sd","13:25:41",1294400
15700,-250,1900,"sd","13:25:41",1294300
15700,-250,1000,"sd","13:25:28",1292400
15700,-250,200,"sd","13:25:13",1291400
15700,-250,500,"sd","13:25:08",1291200
15750,-200,200,"bu","13:24:37",1290700
15750,-200,500,"bu","13:24:34",1290500
15750,-200,700,"bu","13:24:09",1290000
15750,-200,800,"bu","13:24:09",1289300
15750,-200,800,"bu","13:24:03",1288500
15750,-200,100,"bu","13:23:46",1287700
15750,-200,8200,"bu","13:23:33",1287600
15750,-200,2000,"bu","13:23:33",1279400
15750,-200,2000,"bu","13:23:33",1277400
15750,-200,2000,"bu","13:23:33",1275400
15750,-200,8800,"bu","13:23:33",1273400
15750,-200,500,"bu","13:23:29",1264600
15750,-200,100,"bu","13:23:22",1264100
15750,-200,4000,"bu","13:22:53",1264000
15750,-200,8500,"bu","13:22:24",1260000
15750,-200,5000,"bu","13:22:16",1251500
15750,-200,300,"bu","13:22:11",1246500
15750,-200,900,"bu","13:22:07",1246200
15750,-200,100,"bu","13:22:07",1245300
15750,-200,100,"bu","13:22:04",1245200
15750,-200,400,"bu","13:21:26",1245100
15750,-200,4400,"bu","13:21:25",1244700
15750,-200,1000,"bu","13:21:25",1240300
15750,-200,600,"bu","13:21:25",1239300
15750,-200,100,"bu","13:21:20",1238700
15750,-200,3000,"bu","13:21:03",1238600
15750,-200,100,"bu","13:21:02",1235600
15750,-200,1000,"bu","13:20:48",1235500
15750,-200,2000,"bu","13:20:48",1234500
15700,-250,100,"sd","13:20:28",1232500
15700,-250,11300,"sd","13:20:20",1232400
15700,-250,4700,"sd","13:20:20",1221100
15700,-250,100,"sd","13:20:20",1216400
15700,-250,200,"sd","13:20:20",1216300
15700,-250,2000,"sd","13:20:20",1216100
15750,-200,3000,"bu","13:20:05",1214100
15750,-200,100,"bu","13:19:28",1211100
15700,-250,100,"sd","13:19:23",1211000
15750,-200,100,"sd","13:18:56",1210900
15750,-200,500,"sd","13:18:56",1210800
15750,-200,2900,"sd","13:18:56",1210300
15750,-200,100,"sd","13:18:56",1207400
15750,-200,15000,"sd","13:18:56",1207300
15750,-200,2000,"sd","13:18:56",1192300
15750,-200,1200,"sd","13:18:56",1190300
15750,-200,100,"sd","13:18:56",1189100
15750,-200,6700,"sd","13:18:56",1189000
15750,-200,300,"sd","13:18:30",1182300
15750,-200,500,"sd","13:18:30",1182000
15750,-200,400,"sd","13:18:30",1181500
15750,-200,100,"sd","13:18:30",1181100
15750,-200,100,"sd","13:18:30",1181000
15750,-200,100,"sd","13:18:30",1180900
15750,-200,1900,"sd","13:18:06",1180800
15750,-200,1000,"sd","13:18:06",1178900
15750,-200,500,"sd","13:18:06",1177900
15750,-200,2000,"sd","13:18:06",1177400
15750,-200,5000,"sd","13:17:10",1175400
15750,-200,700,"sd","13:16:58",1170400
15750,-200,200,"sd","13:16:58",1169700
15750,-200,2000,"sd","13:16:58",1169500
15750,-200,300,"sd","13:16:57",1167500
15750,-200,5000,"sd","13:16:57",1167200
15750,-200,1800,"sd","13:16:57",1162200
15750,-200,100,"sd","13:16:43",1160400
15750,-200,3100,"sd","13:15:53",1160300
15750,-200,500,"sd","13:15:53",1157200
15750,-200,1000,"sd","13:15:53",1156700
15750,-200,1000,"sd","13:15:53",1155700
15750,-200,1000,"sd","13:15:53",1154700
15750,-200,3800,"sd","13:15:53",1153700
15750,-200,100,"sd","13:15:53",1149900
15750,-200,500,"sd","13:15:53",1149800
15750,-200,1000,"sd","13:15:53",1149300
15750,-200,100,"sd","13:15:53",1148300
15750,-200,1000,"sd","13:15:53",1148200
15750,-200,10000,"sd","13:15:53",1147200
15750,-200,100,"sd","13:15:53",1137200
15750,-200,100,"sd","13:15:53",1137100
15750,-200,100,"sd","13:15:53",1137000
15750,-200,1800,"sd","13:15:53",1136900
15750,-200,1000,"sd","13:15:53",1135100
15750,-200,100,"sd","13:15:53",1134100
15750,-200,500,"sd","13:15:53",1134000
15750,-200,100,"sd","13:15:53",1133500
15750,-200,3100,"sd","13:15:53",1133400
15800,-150,100,"bu","13:15:35",1130300
15750,-200,2900,"sd","13:15:32",1130200
15800,-150,100,"bu","13:15:23",1127300
15800,-150,100,"bu","13:13:40",1127200
15800,-150,100,"bu","13:12:23",1127100
15800,-150,100,"bu","13:11:35",1127000
15750,-200,200,"sd","13:11:20",1126900
15750,-200,100,"sd","13:08:58",1126700
15750,-200,3100,"sd","13:08:46",1126600
15750,-200,400,"sd","13:07:31",1123500
15750,-200,200,"sd","13:06:31",1123100
15750,-200,300,"sd","13:06:31",1122900
15800,-150,100,"bu","13:06:26",1122600
15750,-200,500,"sd","13:06:16",1122500
15750,-200,200,"sd","13:05:58",1122000
15750,-200,500,"sd","13:05:58",1121800
15750,-200,900,"sd","13:05:58",1121300
15750,-200,3400,"sd","13:05:58",1120400
15750,-200,500,"sd","13:05:55",1117000
15750,-200,5000,"sd","13:05:41",1116500
15750,-200,1100,"sd","13:05:26",1111500
15750,-200,200,"sd","13:05:26",1110400
15750,-200,200,"sd","13:05:26",1110200
15750,-200,300,"sd","13:05:25",1110000
15750,-200,100,"sd","13:05:25",1109700
15750,-200,100,"sd","13:05:25",1109600
15750,-200,1000,"sd","13:05:17",1109500
15750,-200,500,"sd","13:05:11",1108500
15750,-200,3400,"bu","13:05:01",1108000
15750,-200,100,"bu","13:04:58",1104600
15700,-250,100,"sd","13:04:53",1104500
15750,-200,100,"sd","13:04:45",1104400
15750,-200,100,"sd","13:04:45",1104300
15750,-200,100,"sd","13:04:45",1104200
15750,-200,100,"sd","13:04:45",1104100
15750,-200,1100,"sd","13:04:45",1104000
15750,-200,900,"sd","13:04:41",1102900
15750,-200,100,"sd","13:04:41",1102000
15750,-200,1900,"bu","13:04:21",1101900
15750,-200,100,"bu","13:04:17",1100000
15750,-200,100,"bu","13:04:17",1099900
15750,-200,900,"bu","13:04:16",1099800
15750,-200,1100,"bu","13:04:16",1098900
15750,-200,10000,"bu","13:04:15",1097800
15750,-200,1000,"bu","13:04:13",1087800
15750,-200,200,"bu","13:04:09",1086800
15750,-200,200,"bu","13:04:05",1086600
15750,-200,500,"bu","13:04:05",1086400
15750,-200,2000,"bu","13:04:03",1085900
15750,-200,1200,"bu","13:04:03",1083900
15750,-200,1000,"bu","13:04:03",1082700
15750,-200,1000,"bu","13:04:03",1081700
15750,-200,1000,"bu","13:04:03",1080700
15750,-200,200,"bu","13:04:03",1079700
15750,-200,100,"bu","13:04:03",1079500
15750,-200,3500,"bu","13:04:03",1079400
15750,-200,100,"bu","13:02:58",1075900
15750,-200,500,"bu","13:02:52",1075800
15700,-250,800,"sd","13:02:44",1075300
15750,-200,5900,"bu","13:02:43",1074500
15750,-200,14100,"bu","13:02:43",1068600
15750,-200,500,"bu","13:02:43",1054500
15700,-250,1000,"sd","13:02:18",1054000
15700,-250,100,"sd","13:02:18",1053000
15700,-250,100,"sd","13:02:18",1052900
15700,-250,800,"sd","13:02:18",1052800
15700,-250,200,"sd","13:02:13",1052000
15700,-250,200,"sd","13:02:05",1051800
15700,-250,100,"sd","13:00:42",1051600
15700,-250,3700,"sd","13:00:18",1051500
15700,-250,1000,"sd","13:00:18",1047800
15700,-250,300,"sd","13:00:18",1046800
15700,-250,500,"sd","13:00:18",1046500
15700,-250,800,"sd","13:00:18",1046000
15700,-250,1000,"sd","13:00:18",1045200
15700,-250,500,"sd","13:00:18",1044200
15700,-250,100,"sd","13:00:18",1043700
15700,-250,200,"sd","13:00:18",1043600
15700,-250,200,"sd","13:00:18",1043400
15700,-250,100,"sd","13:00:18",1043200
15700,-250,500,"sd","13:00:18",1043100
15700,-250,1000,"sd","13:00:18",1042600
15700,-250,100,"sd","13:00:18",1041600
15700,-250,1000,"sd","13:00:18",1041500
15700,-250,6200,"sd","13:00:18",1040500
15700,-250,2800,"sd","13:00:18",1034300
15750,-200,100,"bu","13:00:18",1031500
15700,-250,2200,"sd","13:00:13",1031400
15700,-250,100,"sd","13:00:13",1029200
15700,-250,700,"sd","13:00:13",1029100
15750,-200,1100,"bu","13:00:11",1028400
15750,-200,1000,"bu","13:00:08",1027300
15750,-200,200,"bu","13:00:06",1026300
15750,-200,1000,"bu","13:00:06",1026100
15700,-250,2000,"sd","13:00:03",1025100
15700,-250,1000,"sd","13:00:03",1023100
15700,-250,500,"sd","13:00:03",1022100
15700,-250,300,"sd","13:00:03",1021600
15700,-250,500,"sd","13:00:03",1021300
15700,-250,400,"sd","13:00:03",1020800
15700,-250,100,"sd","13:00:03",1020400
15700,-250,4500,"sd","13:00:02",1020300
15700,-250,500,"sd","13:00:02",1015800
15750,-200,100,"bu","13:00:02",1015300
15750,-200,100,"bu","13:00:02",1015200
15750,-200,200,"bu","13:00:01",1015100
15750,-200,600,"bu","13:00:00",1014900
15750,-200,1000,"bu","11:29:50",1014300
15750,-200,5000,"bu","11:29:06",1013300
15750,-200,100,"bu","11:27:53",1008300
15750,-200,700,"bu","11:27:31",1008200
15750,-200,1000,"bu","11:27:30",1007500
15750,-200,1500,"bu","11:27:30",1006500
15750,-200,200,"unknown","11:27:30",1005000
15750,-200,1000,"sd","11:27:30",1004800
15750,-200,500,"sd","11:27:30",1003800
15750,-200,6000,"sd","11:27:24",1003300
15750,-200,3500,"sd","11:27:09",997300
15750,-200,700,"sd","11:27:09",993800
15750,-200,1000,"sd","11:27:09",993100
15750,-200,4800,"sd","11:27:09",992100
15750,-200,900,"sd","11:27:02",987300
15750,-200,1000,"sd","11:26:34",986400
15800,-150,100,"bu","11:25:22",985400
15750,-200,3000,"sd","11:25:05",985300
15750,-200,300,"sd","11:25:03",982300
15750,-200,1500,"sd","11:25:03",982000
15750,-200,500,"sd","11:25:03",980500
15750,-200,700,"sd","11:25:03",980000
15750,-200,300,"sd","11:24:14",979300
15750,-200,400,"sd","11:24:14",979000
15750,-200,800,"sd","11:24:14",978600
15750,-200,500,"sd","11:24:09",977800
15750,-200,3700,"sd","11:24:02",977300
15750,-200,500,"sd","11:24:02",973600
15800,-150,500,"bu","11:23:34",973100
15750,-200,9500,"sd","11:23:33",972600
15750,-200,200,"sd","11:23:33",963100
15750,-200,2000,"sd","11:23:33",962900
15750,-200,1000,"sd","11:23:33",960900
15750,-200,300,"sd","11:23:33",959900
15750,-200,1100,"sd","11:23:21",959600
15750,-200,900,"sd","11:23:21",958500
15750,-200,100,"bu","11:23:07",957600
15750,-200,1000,"bu","11:22:54",957500
15750,-200,500,"sd","11:22:45",956500
15750,-200,1000,"sd","11:22:45",956000
15700,-250,4500,"sd","11:22:43",955000
15700,-250,4000,"sd","11:22:43",950500
15700,-250,2000,"sd","11:22:43",946500
15700,-250,100,"sd","11:22:43",944500
15700,-250,100,"sd","11:22:43",944400
15700,-250,1000,"sd","11:22:43",944300
15700,-250,100,"sd","11:22:43",943300
15700,-250,1300,"sd","11:22:43",943200
15700,-250,2000,"sd","11:22:43",941900
15700,-250,1700,"sd","11:22:43",939900
15700,-250,100,"sd","11:22:43",938200
15700,-250,100,"sd","11:22:43",938100
15700,-250,700,"sd","11:22:43",938000
15700,-250,100,"sd","11:22:43",937300
15700,-250,100,"sd","11:22:43",937200
15700,-250,2000,"sd","11:22:43",937100
15700,-250,100,"sd","11:22:43",935100
15700,-250,100,"sd","11:22:43",935000
15700,-250,15000,"sd","11:22:43",934900
15700,-250,100,"sd","11:22:43",919900
15750,-200,1000,"sd","11:22:43",919800
15700,-250,1000,"sd","11:22:43",918800
15750,-200,800,"sd","11:22:43",917800
15700,-250,1000,"sd","11:22:43",917000
15750,-200,2500,"sd","11:22:43",916000
15700,-250,3500,"sd","11:22:43",913500
15750,-200,1000,"sd","11:22:43",910000
15700,-250,100,"sd","11:22:43",909000
15750,-200,10000,"sd","11:22:43",908900
15700,-250,200,"sd","11:22:43",898900
15750,-200,200,"sd","11:22:43",898700
15700,-250,5000,"sd","11:22:43",898500
15750,-200,100,"sd","11:22:43",893500
15700,-250,1000,"sd","11:22:43",893400
15750,-200,400,"sd","11:22:43",892400
15750,-200,2000,"sd","11:22:43",892000
15750,-200,10000,"sd","11:22:43",890000
15750,-200,1000,"sd","11:22:43",880000
15750,-200,100,"sd","11:22:43",879000
15750,-200,500,"sd","11:22:43",878900
15750,-200,500,"sd","11:22:43",878400
15750,-200,2000,"sd","11:22:43",877900
15750,-200,1000,"sd","11:22:43",875900
15750,-200,2000,"sd","11:22:43",874900
15750,-200,600,"sd","11:22:43",872900
15750,-200,2000,"sd","11:22:43",872300
15750,-200,10000,"sd","11:22:43",870300
15750,-200,2000,"sd","11:22:43",860300
15750,-200,300,"sd","11:22:43",858300
15750,-200,1000,"sd","11:22:43",858000
15750,-200,1000,"sd","11:22:43",857000
15750,-200,1000,"sd","11:22:43",856000
15750,-200,600,"sd","11:21:13",855000
15750,-200,500,"sd","11:21:13",854400
15750,-200,2000,"sd","11:21:13",853900
15750,-200,1000,"sd","11:21:13",851900
15750,-200,5000,"sd","11:21:13",850900
15750,-200,100,"sd","11:21:13",845900
15750,-200,5000,"sd","11:21:13",845800
15750,-200,100,"sd","11:21:13",840800
15750,-200,2000,"sd","11:21:13",840700
15750,-200,100,"sd","11:21:13",838700
15750,-200,100,"sd","11:21:13",838600
15750,-200,900,"sd","11:21:13",838500
15750,-200,6000,"sd","11:21:13",837600
15750,-200,300,"sd","11:21:13",831600
15750,-200,5000,"sd","11:21:13",831300
15750,-200,300,"sd","11:21:13",826300
15750,-200,500,"sd","11:21:13",826000
15750,-200,1000,"sd","11:21:13",825500
15750,-200,2000,"sd","11:21:13",824500
15750,-200,100,"sd","11:21:13",822500
15750,-200,300,"sd","11:21:13",822400
15750,-200,200,"sd","11:21:13",822100
15750,-200,800,"sd","11:21:13",821900
15750,-200,500,"sd","11:21:13",821100
15750,-200,500,"sd","11:21:13",820600
15750,-200,100,"sd","11:21:13",820100
15800,-150,500,"bu","11:21:05",820000
15800,-150,500,"sd","11:21:03",819500
15750,-200,400,"sd","11:20:11",819000
15750,-200,2000,"sd","11:20:11",818600
15750,-200,100,"sd","11:20:11",816600
15750,-200,200,"sd","11:20:11",816500
15750,-200,100,"sd","11:20:11",816300
15750,-200,500,"sd","11:20:11",816200
15750,-200,1200,"sd","11:20:11",815700
15750,-200,100,"sd","11:20:11",814500
15750,-200,1000,"sd","11:20:11",814400
15750,-200,100,"sd","11:20:11",813400
15750,-200,100,"sd","11:20:11",813300
15750,-200,3800,"sd","11:20:11",813200
15750,-200,10000,"sd","11:20:11",809400
15750,-200,100,"sd","11:20:11",799400
15750,-200,2000,"sd","11:20:11",799300
15750,-200,2000,"sd","11:20:11",797300
15750,-200,100,"sd","11:20:11",795300
15750,-200,2000,"sd","11:20:11",795200
15750,-200,1000,"sd","11:20:11",793200
15750,-200,100,"sd","11:20:11",792200
15750,-200,1000,"sd","11:20:11",792100
15750,-200,1000,"sd","11:20:11",791100
15750,-200,1000,"sd","11:20:11",790100
15750,-200,300,"sd","11:20:11",789100
15750,-200,100,"sd","11:20:11",788800
15750,-200,100,"sd","11:20:11",788700
15750,-200,100,"sd","11:20:11",788600
15750,-200,200,"sd","11:20:11",788500
15750,-200,1000,"sd","11:20:11",788300
15800,-150,100,"sd","11:19:39",787300
15800,-150,300,"sd","11:19:39",787200
15800,-150,500,"sd","11:19:39",786900
15800,-150,1000,"sd","11:19:39",786400
15800,-150,1000,"sd","11:19:39",785400
15800,-150,200,"sd","11:19:39",784400
15800,-150,1000,"sd","11:19:39",784200
15800,-150,1000,"sd","11:19:39",783200
15800,-150,800,"sd","11:19:39",782200
15800,-150,200,"sd","11:19:31",781400
15800,-150,1000,"sd","11:19:31",781200
15800,-150,800,"sd","11:19:31",780200
15800,-150,200,"sd","11:19:30",779400
15800,-150,400,"sd","11:19:22",779200
15800,-150,6200,"sd","11:19:22",778800
15800,-150,1500,"sd","11:19:22",772600
15800,-150,100,"sd","11:19:22",771100
15800,-150,500,"sd","11:19:22",771000
15800,-150,2000,"sd","11:19:22",770500
15800,-150,1000,"sd","11:19:22",768500
15800,-150,500,"sd","11:19:22",767500
15800,-150,500,"sd","11:19:22",767000
15800,-150,100,"sd","11:19:22",766500
15800,-150,10000,"sd","11:19:22",766400
15800,-150,200,"sd","11:19:22",756400
15800,-150,10000,"sd","11:19:22",756200
15800,-150,200,"sd","11:19:14",746200
15800,-150,100,"sd","11:19:14",746000
15800,-150,100,"sd","11:19:14",745900
15800,-150,200,"sd","11:19:07",745800
15800,-150,100,"sd","11:19:07",745600
15800,-150,100,"sd","11:19:07",745500
15800,-150,1000,"sd","11:19:07",745400
15800,-150,1400,"sd","11:19:07",744400
15800,-150,200,"sd","11:19:07",743000
15800,-150,4800,"sd","11:18:40",742800
15800,-150,6000,"sd","11:18:40",738000
15800,-150,5000,"sd","11:18:40",732000
15800,-150,500,"sd","11:18:40",727000
15800,-150,1200,"sd","11:18:40",726500
15800,-150,1400,"sd","11:18:40",725300
15800,-150,20000,"sd","11:18:40",723900
15800,-150,1100,"sd","11:18:40",703900
15800,-150,1900,"sd","11:18:29",702800
15800,-150,100,"sd","11:18:29",700900
15800,-150,2000,"sd","11:18:03",700800
15800,-150,7900,"sd","11:18:03",698800
15800,-150,1900,"sd","11:18:03",690900
15800,-150,1100,"sd","11:17:58",689000
15800,-150,800,"sd","11:17:58",687900
15850,-100,100,"bu","11:15:43",687100
15850,-100,100,"bu","11:12:27",687000
15850,-100,100,"bu","11:09:28",686900
15850,-100,100,"bu","11:07:01",686800
15850,-100,400,"bu","11:06:57",686700
15850,-100,600,"bu","11:06:57",686300
15850,-100,100,"bu","11:06:19",685700
15850,-100,300,"bu","11:05:05",685600
15800,-150,200,"sd","11:01:09",685300
15800,-150,300,"sd","11:01:09",685100
15800,-150,100,"sd","11:01:09",684800
15800,-150,400,"sd","11:01:09",684700
15800,-150,600,"sd","11:00:30",684300
15800,-150,1000,"sd","11:00:02",683700
15800,-150,600,"sd","10:58:47",682700
15800,-150,2400,"sd","10:58:43",682100
15800,-150,2500,"sd","10:58:43",679700
15800,-150,100,"sd","10:58:43",677200
15800,-150,700,"sd","10:58:43",677100
15800,-150,400,"sd","10:56:07",676400
15850,-100,200,"bu","10:55:30",676000
15800,-150,900,"sd","10:52:57",675800
15800,-150,500,"sd","10:52:57",674900
15800,-150,100,"sd","10:52:57",674400
15800,-150,5000,"sd","10:52:57",674300
15800,-150,1000,"sd","10:52:57",669300
15800,-150,1900,"sd","10:52:57",668300
15800,-150,100,"sd","10:52:40",666400
15800,-150,1000,"sd","10:52:40",666300
15800,-150,200,"sd","10:52:40",665300
15800,-150,500,"sd","10:52:40",665100
15800,-150,100,"sd","10:52:40",664600
15800,-150,1000,"sd","10:52:40",664500
15800,-150,100,"sd","10:52:40",663500
15800,-150,3000,"sd","10:52:40",663400
15800,-150,500,"sd","10:52:40",660400
15800,-150,300,"sd","10:52:40",659900
15800,-150,700,"sd","10:52:40",659600
15800,-150,2300,"sd","10:52:08",658900
15800,-150,100,"sd","10:52:08",656600
15800,-150,300,"sd","10:52:08",656500
15800,-150,100,"sd","10:51:33",656200
15800,-150,100,"sd","10:50:59",656100
15850,-100,100,"bu","10:50:55",656000
15850,-100,100,"bu","10:50:43",655900
15800,-150,300,"sd","10:50:21",655800
15800,-150,200,"sd","10:50:21",655500
15800,-150,2000,"sd","10:50:14",655300
15800,-150,500,"sd","10:50:14",653300
15800,-150,100,"sd","10:50:14",652800
15800,-150,5000,"sd","10:50:14",652700
15800,-150,100,"sd","10:50:14",647700
15800,-150,300,"sd","10:50:14",647600
15800,-150,1000,"sd","10:50:14",647300
15800,-150,100,"sd","10:50:14",646300
15800,-150,200,"sd","10:50:14",646200
15800,-150,600,"sd","10:50:14",646000
15800,-150,100,"sd","10:50:14",645400
15800,-150,100,"sd","10:49:58",645300
15800,-150,500,"sd","10:49:58",645200
15800,-150,400,"sd","10:49:58",644700
15800,-150,4400,"sd","10:49:58",644300
15800,-150,1000,"sd","10:49:58",639900
15800,-150,300,"sd","10:49:58",638900
15800,-150,100,"sd","10:49:58",638600
15800,-150,200,"sd","10:49:58",638500
15800,-150,200,"sd","10:49:58",638300
15800,-150,2400,"sd","10:49:58",638100
15800,-150,100,"sd","10:49:58",635700
15800,-150,800,"sd","10:49:58",635600
15800,-150,3000,"sd","10:49:58",634800
15800,-150,900,"sd","10:49:58",631800
15800,-150,100,"sd","10:49:58",630900
15800,-150,2000,"sd","10:49:58",630800
15800,-150,10000,"sd","10:49:58",628800
15800,-150,500,"sd","10:49:58",618800
15800,-150,500,"sd","10:49:58",618300
15800,-150,500,"sd","10:49:58",617800
15800,-150,100,"sd","10:49:58",617300
15800,-150,100,"sd","10:49:58",617200
15800,-150,1800,"sd","10:49:58",617100
15800,-150,5000,"sd","10:49:58",615300
15800,-150,1000,"sd","10:49:58",610300
15800,-150,2000,"sd","10:49:58",609300
15800,-150,500,"sd","10:49:58",607300
15800,-150,2000,"sd","10:49:58",606800
15800,-150,100,"sd","10:49:58",604800
15800,-150,300,"sd","10:49:58",604700
15800,-150,200,"sd","10:49:58",604400
15800,-150,200,"sd","10:49:58",604200
15800,-150,100,"sd","10:49:58",604000
15800,-150,200,"sd","10:49:58",603900
15800,-150,100,"sd","10:49:58",603700
15800,-150,500,"sd","10:49:58",603600
15800,-150,1800,"sd","10:49:58",603100
15850,-100,400,"sd","10:49:19",601300
15850,-100,600,"sd","10:49:18",600900
15850,-100,2000,"sd","10:49:18",600300
15850,-100,400,"sd","10:49:18",598300
15900,-50,500,"bu","10:48:12",597900
15900,-50,100,"bu","10:47:40",597400
15850,-100,1000,"sd","10:47:20",597300
15850,-100,800,"sd","10:47:20",596300
15850,-100,100,"sd","10:47:20",595500
15850,-100,100,"sd","10:47:20",595400
15900,-50,200,"bu","10:44:37",595300
15850,-100,3200,"sd","10:41:49",595100
15850,-100,600,"sd","10:41:49",591900
15850,-100,100,"sd","10:40:32",591300
15850,-100,1000,"bu","10:39:29",591200
15850,-100,300,"bu","10:39:29",590200
15850,-100,100,"bu","10:39:10",589900
15850,-100,1000,"bu","10:38:06",589800
15850,-100,400,"bu","10:38:06",588800
15850,-100,200,"bu","10:38:06",588400
15850,-100,2000,"bu","10:38:06",588200
15850,-100,200,"bu","10:38:06",586200
15850,-100,1000,"unknown","10:38:06",586000
15850,-100,100,"sd","10:38:06",585000
15850,-100,100,"sd","10:38:06",584900
15850,-100,100,"sd","10:38:06",584800
15850,-100,12100,"sd","10:38:06",584700
15850,-100,400,"sd","10:38:03",572600
15850,-100,500,"sd","10:35:17",572200
15850,-100,300,"sd","10:33:09",571700
15850,-100,100,"sd","10:32:17",571400
15900,-50,100,"bu","10:31:52",571300
15850,-100,400,"sd","10:30:53",571200
15850,-100,100,"sd","10:30:53",570800
15850,-100,100,"sd","10:29:56",570700
15850,-100,1300,"sd","10:29:56",570600
15850,-100,100,"bu","10:29:07",569300
15850,-100,100,"bu","10:29:01",569200
15850,-100,100,"bu","10:28:54",569100
15800,-150,2800,"sd","10:27:34",569000
15850,-100,100,"sd","10:27:34",566200
15850,-100,100,"sd","10:27:34",566100
15850,-100,3000,"sd","10:27:34",566000
15850,-100,500,"sd","10:27:34",563000
15850,-100,600,"sd","10:27:34",562500
15850,-100,100,"sd","10:27:34",561900
15850,-100,12000,"sd","10:27:34",561800
15850,-100,800,"sd","10:27:34",549800
15850,-100,4200,"sd","10:27:10",549000
15850,-100,1700,"sd","10:27:10",544800
15850,-100,500,"sd","10:27:10",543100
15850,-100,500,"sd","10:27:10",542600
15850,-100,200,"sd","10:27:10",542100
15850,-100,100,"sd","10:27:10",541900
15850,-100,1000,"sd","10:27:10",541800
15850,-100,1500,"sd","10:27:10",540800
15850,-100,2000,"sd","10:27:10",539300
15850,-100,100,"sd","10:27:10",537300
15850,-100,8200,"sd","10:27:10",537200
15850,-100,400,"sd","10:27:08",529000
15850,-100,100,"sd","10:27:07",528600
15850,-100,100,"sd","10:25:44",528500
15850,-100,400,"sd","10:25:44",528400
15850,-100,300,"sd","10:25:44",528000
15850,-100,900,"sd","10:25:44",527700
15850,-100,1300,"sd","10:25:44",526800
15850,-100,1000,"sd","10:25:44",525500
15850,-100,1000,"sd","10:25:44",524500
15850,-100,10000,"sd","10:25:08",523500
15900,-50,2000,"bu","10:24:21",513500
15900,-50,800,"bu","10:24:13",511500
15900,-50,100,"bu","10:23:54",510700
15900,-50,200,"bu","10:23:28",510600
15900,-50,100,"bu","10:23:27",510400
15900,-50,3100,"sd","10:23:12",510300
15900,-50,200,"sd","10:23:12",507200
15900,-50,1000,"sd","10:23:12",507000
15900,-50,100,"sd","10:23:12",506000
15900,-50,1000,"sd","10:23:12",505900
15900,-50,500,"sd","10:23:12",504900
15900,-50,500,"sd","10:23:12",504400
15900,-50,12200,"sd","10:23:12",503900
15950,0,100,"bu","10:22:03",491700
15950,0,100,"bu","10:22:03",491600
15950,0,100,"bu","10:20:04",491500
15950,0,800,"bu","10:20:04",491400
15950,0,100,"bu","10:19:44",490600
15950,0,100,"bu","10:19:32",490500
15950,0,1000,"bu","10:19:32",490400
15950,0,500,"bu","10:19:04",489400
15900,-50,5700,"sd","10:18:15",488900
15900,-50,1000,"sd","10:16:57",483200
15900,-50,1000,"sd","10:14:21",482200
15900,-50,100,"sd","10:13:52",481200
15900,-50,400,"sd","10:13:52",481100
15900,-50,200,"sd","10:11:17",480700
15900,-50,400,"sd","10:10:47",480500
15900,-50,200,"sd","10:10:47",480100
15900,-50,500,"sd","10:10:15",479900
15900,-50,4000,"bu","10:10:07",479400
15900,-50,900,"bu","10:10:07",475400
15900,-50,500,"bu","10:10:07",474500
15900,-50,400,"bu","10:10:07",474000
15900,-50,1300,"bu","10:10:02",473600
15900,-50,1800,"bu","10:10:01",472300
15900,-50,900,"bu","10:10:01",470500
15900,-50,7300,"bu","10:10:01",469600
15900,-50,200,"bu","10:09:55",462300
15900,-50,300,"bu","10:09:49",462100
15900,-50,100,"bu","10:09:36",461800
15900,-50,100,"bu","10:09:14",461700
15900,-50,100,"bu","10:08:55",461600
15850,-100,3100,"sd","10:05:16",461500
15850,-100,1400,"bu","10:04:39",458400
15850,-100,3000,"bu","10:04:39",457000
15850,-100,4000,"bu","10:04:39",454000
15850,-100,100,"bu","10:04:39",450000
15850,-100,1100,"bu","10:04:39",449900
15850,-100,500,"bu","10:04:39",448800
15850,-100,5900,"bu","10:04:39",448300
15850,-100,100,"bu","10:01:58",442400
15800,-150,400,"sd","10:01:43",442300
15850,-100,100,"bu","10:00:17",441900
15850,-100,1000,"bu","09:59:40",441800
15850,-100,1000,"bu","09:59:34",440800
15850,-100,100,"bu","09:59:30",439800
15850,-100,100,"bu","09:59:22",439700
15850,-100,3000,"bu","09:59:18",439600
15850,-100,10000,"bu","09:58:59",436600
15850,-100,100,"bu","09:58:05",426600
15850,-100,100,"bu","09:56:54",426500
15850,-100,400,"bu","09:56:49",426400
15850,-100,200,"bu","09:56:49",426000
15850,-100,400,"bu","09:56:49",425800
15800,-150,2300,"sd","09:54:56",425400
15800,-150,200,"sd","09:54:56",423100
15800,-150,700,"sd","09:54:56",422900
15800,-150,400,"sd","09:54:56",422200
15800,-150,200,"sd","09:54:56",421800
15800,-150,1200,"sd","09:54:56",421600
15800,-150,3000,"sd","09:54:56",420400
15800,-150,3800,"sd","09:54:18",417400
15800,-150,1200,"sd","09:54:18",413600
15800,-150,800,"sd","09:53:19",412400
15800,-150,1800,"sd","09:53:19",411600
15800,-150,100,"sd","09:53:14",409800
15800,-150,5100,"sd","09:52:04",409700
15800,-150,100,"sd","09:52:04",404600
15800,-150,4000,"sd","09:52:04",404500
15800,-150,800,"sd","09:52:04",400500
15800,-150,1200,"sd","09:51:57",399700
15800,-150,2000,"sd","09:51:57",398500
15800,-150,1000,"sd","09:51:57",396500
15800,-150,1000,"sd","09:51:57",395500
15800,-150,5800,"sd","09:51:57",394500
15800,-150,7800,"sd","09:51:40",388700
15800,-150,100,"sd","09:51:40",380900
15800,-150,1000,"sd","09:51:40",380800
15800,-150,1000,"sd","09:51:40",379800
15800,-150,5000,"sd","09:51:40",378800
15800,-150,100,"sd","09:51:40",373800
15850,-100,300,"bu","09:51:40",373700
15850,-100,100,"bu","09:51:07",373400
15800,-150,200,"sd","09:50:50",373300
15800,-150,200,"sd","09:50:26",373100
15850,-100,5000,"bu","09:50:11",372900
15800,-150,200,"sd","09:49:21",367900
15850,-100,300,"bu","09:49:01",367700
15800,-150,400,"sd","09:48:56",367400
15800,-150,200,"sd","09:48:56",367000
15800,-150,1000,"sd","09:48:56",366800
15800,-150,300,"sd","09:48:56",365800
15800,-150,100,"sd","09:48:56",365500
15800,-150,1000,"sd","09:48:56",365400
15800,-150,100,"sd","09:48:56",364400
15800,-150,500,"sd","09:48:56",364300
15800,-150,2000,"sd","09:48:56",363800
15800,-150,100,"sd","09:48:56",361800
15800,-150,100,"sd","09:48:56",361700
15800,-150,100,"sd","09:48:56",361600
15800,-150,3500,"sd","09:48:56",361500
15800,-150,1000,"sd","09:48:56",358000
15800,-150,100,"sd","09:48:56",357000
15800,-150,1000,"sd","09:48:56",356900
15800,-150,100,"sd","09:48:56",355900
15800,-150,1000,"sd","09:48:56",355800
15800,-150,16000,"sd","09:48:56",354800
15800,-150,5000,"sd","09:48:56",338800
15800,-150,1000,"sd","09:48:56",333800
15800,-150,1000,"sd","09:48:56",332800
15800,-150,100,"sd","09:48:56",331800
15800,-150,1000,"sd","09:48:56",331700
15800,-150,5000,"sd","09:48:56",330700
15800,-150,8300,"sd","09:48:56",325700
15850,-100,2000,"bu","09:48:37",317400
15850,-100,2100,"bu","09:48:29",315400
15850,-100,500,"bu","09:48:10",313300
15850,-100,3000,"bu","09:47:49",312800
15850,-100,1000,"bu","09:46:15",309800
15850,-100,4700,"bu","09:46:10",308800
15850,-100,100,"bu","09:45:52",304100
15800,-150,20000,"sd","09:43:17",304000
15800,-150,1700,"bu","09:42:09",284000
15800,-150,3000,"bu","09:42:06",282300
15800,-150,800,"bu","09:42:01",279300
15800,-150,700,"bu","09:42:01",278500
15800,-150,500,"bu","09:42:01",277800
15800,-150,500,"bu","09:41:45",277300
15800,-150,500,"bu","09:41:45",276800
15800,-150,500,"bu","09:41:41",276300
15800,-150,900,"bu","09:41:32",275800
15800,-150,500,"sd","09:41:05",274900
15800,-150,100,"sd","09:41:05",274400
15800,-150,1700,"sd","09:41:05",274300
15800,-150,200,"sd","09:41:05",272600
15800,-150,500,"sd","09:41:05",272400
15800,-150,1900,"sd","09:41:05",271900
15800,-150,100,"sd","09:40:51",270000
15800,-150,600,"sd","09:40:51",269900
15800,-150,100,"sd","09:40:51",269300
15800,-150,400,"sd","09:40:51",269200
15800,-150,100,"sd","09:40:51",268800
15800,-150,500,"sd","09:40:51",268700
15800,-150,500,"sd","09:40:51",268200
15800,-150,2000,"sd","09:40:51",267700
15800,-150,200,"sd","09:40:51",265700
15800,-150,2000,"sd","09:40:51",265500
15800,-150,100,"sd","09:40:51",263500
15800,-150,5000,"sd","09:40:51",263400
15800,-150,100,"sd","09:40:51",258400
15800,-150,5000,"sd","09:40:51",258300
15800,-150,100,"sd","09:40:51",253300
15800,-150,1000,"sd","09:40:51",253200
15800,-150,100,"sd","09:40:51",252200
15800,-150,200,"sd","09:40:51",252100
15800,-150,3200,"sd","09:40:51",251900
15800,-150,1000,"sd","09:40:51",248700
15800,-150,1400,"sd","09:40:51",247700
15800,-150,1700,"sd","09:40:51",246300
15800,-150,1200,"sd","09:40:51",244600
15800,-150,100,"sd","09:40:51",243400
15800,-150,3300,"sd","09:40:51",243300
15850,-100,500,"bu","09:40:47",240000
15850,-100,500,"bu","09:40:47",239500
15800,-150,6700,"sd","09:40:39",239000
15800,-150,1000,"sd","09:40:39",232300
15800,-150,200,"sd","09:40:39",231300
15800,-150,1200,"sd","09:40:39",231100
15800,-150,100,"sd","09:40:39",229900
15800,-150,200,"sd","09:40:39",229800
15800,-150,100,"sd","09:40:39",229600
15800,-150,2100,"sd","09:40:39",229500
15800,-150,200,"sd","09:40:39",227400
15800,-150,100,"sd","09:40:39",227200
15800,-150,200,"sd","09:40:39",227100
15800,-150,2500,"sd","09:40:39",226900
15800,-150,400,"sd","09:40:39",224400
15800,-150,2000,"sd","09:40:39",224000
15800,-150,1600,"sd","09:40:39",222000
15800,-150,1000,"sd","09:40:39",220400
15800,-150,400,"sd","09:40:39",219400
15850,-100,100,"bu","09:38:41",219000
15850,-100,9000,"sd","09:38:33",218900
15850,-100,100,"sd","09:38:33",209900
15850,-100,100,"sd","09:38:33",209800
15850,-100,100,"sd","09:38:33",209700
15850,-100,100,"sd","09:38:33",209600
15850,-100,300,"sd","09:38:23",209500
15850,-100,200,"sd","09:37:45",209200
15850,-100,4400,"sd","09:37:41",209000
15850,-100,100,"sd","09:37:41",204600
15850,-100,2000,"sd","09:37:41",204500
15850,-100,2000,"sd","09:37:41",202500
15850,-100,100,"sd","09:37:41",200500
15850,-100,5000,"sd","09:37:41",200400
15850,-100,1400,"sd","09:37:41",195400
15850,-100,2000,"sd","09:37:27",194000
15850,-100,1200,"sd","09:36:41",192000
15850,-100,1000,"sd","09:36:41",190800
15850,-100,800,"sd","09:36:41",189800
15850,-100,200,"bu","09:35:33",189000
15850,-100,4500,"sd","09:35:27",188800
15850,-100,100,"sd","09:35:27",184300
15850,-100,1000,"sd","09:35:27",184200
15850,-100,2000,"sd","09:35:27",183200
15850,-100,5000,"sd","09:35:27",181200
15850,-100,500,"sd","09:35:27",176200
15850,-100,6700,"sd","09:35:27",175700
15850,-100,400,"sd","09:35:20",169000
15850,-100,2900,"bu","09:34:06",168600
15850,-100,300,"bu","09:33:48",165700
15850,-100,2000,"sd","09:33:45",165400
15850,-100,2000,"sd","09:33:45",163400
15850,-100,100,"sd","09:33:45",161400
15850,-100,10000,"sd","09:33:45",161300
15850,-100,100,"sd","09:33:45",151300
15850,-100,400,"sd","09:33:45",151200
15850,-100,100,"sd","09:33:45",150800
15850,-100,100,"sd","09:33:45",150700
15850,-100,200,"sd","09:33:45",150600
15850,-100,4000,"sd","09:33:45",150400
15850,-100,1000,"sd","09:33:45",146400
15850,-100,100,"sd","09:33:45",145400
15850,-100,200,"sd","09:33:45",145300
15850,-100,5000,"sd","09:33:45",145100
15850,-100,1000,"sd","09:33:45",140100
15850,-100,200,"sd","09:33:45",139100
15850,-100,100,"sd","09:33:45",138900
15850,-100,1000,"sd","09:33:45",138800
15850,-100,200,"sd","09:33:45",137800
15900,-50,10000,"sd","09:33:45",137600
15900,-50,2000,"sd","09:33:45",127600
15900,-50,2000,"sd","09:33:45",125600
15950,0,1700,"bu","09:33:39",123600
15950,0,1200,"bu","09:32:55",121900
15900,-50,100,"bu","09:32:55",120700
15900,-50,700,"bu","09:32:55",120600
15900,-50,700,"bu","09:32:45",119900
15900,-50,100,"sd","09:32:44",119200
15900,-50,200,"sd","09:32:44",119100
15900,-50,300,"sd","09:32:44",118900
15900,-50,9700,"bu","09:31:58",118600
15900,-50,100,"sd","09:31:28",108900
15900,-50,200,"sd","09:31:28",108800
15900,-50,300,"bu","09:30:27",108600
15900,-50,500,"bu","09:30:11",108300
15900,-50,1000,"bu","09:30:10",107800
15900,-50,400,"bu","09:29:56",106800
15900,-50,7800,"sd","09:29:49",106400
15900,-50,1000,"sd","09:29:45",98600
15900,-50,1200,"bu","09:29:13",97600
15900,-50,100,"sd","09:28:58",96400
15900,-50,3100,"sd","09:28:58",96300
15900,-50,200,"sd","09:28:58",93200
15900,-50,400,"sd","09:28:58",93000
15900,-50,500,"sd","09:27:02",92600
15900,-50,2100,"sd","09:26:44",92100
15900,-50,800,"sd","09:26:44",90000
15900,-50,600,"sd","09:26:44",89200
15900,-50,1500,"sd","09:26:44",88600
15900,-50,300,"sd","09:26:14",87100
15900,-50,8200,"sd","09:25:58",86800
15900,-50,1800,"sd","09:25:58",78600
15900,-50,500,"sd","09:25:37",76800
15900,-50,100,"bu","09:25:37",76300
15900,-50,2000,"bu","09:25:37",76200
15900,-50,500,"bu","09:25:03",74200
15900,-50,200,"bu","09:25:02",73700
15900,-50,200,"bu","09:24:53",73500
15900,-50,100,"bu","09:24:11",73300
15900,-50,3000,"bu","09:24:08",73200
15850,-100,1200,"sd","09:24:06",70200
15850,-100,1000,"sd","09:24:06",69000
15850,-100,900,"sd","09:24:06",68000
15850,-100,100,"sd","09:24:06",67100
15850,-100,5000,"sd","09:24:06",67000
15850,-100,100,"sd","09:24:06",62000
15850,-100,500,"sd","09:24:06",61900
15850,-100,300,"sd","09:24:06",61400
15900,-50,900,"sd","09:22:56",61100
15900,-50,300,"sd","09:22:45",60200
15900,-50,2000,"sd","09:22:21",59900
15900,-50,1000,"bu","09:22:16",57900
15900,-50,200,"bu","09:22:16",56900
15900,-50,100,"bu","09:22:16",56700
15900,-50,500,"bu","09:22:16",56600
15850,-100,300,"sd","09:22:04",56100
15850,-100,100,"sd","09:22:04",55800
15900,-50,900,"bu","09:21:38",55700
15850,-100,100,"sd","09:21:33",54800
15850,-100,200,"sd","09:21:33",54700
15900,-50,100,"sd","09:21:24",54500
15900,-50,500,"sd","09:21:24",54400
15900,-50,100,"sd","09:21:15",53900
15900,-50,500,"sd","09:20:26",53800
15900,-50,1400,"sd","09:20:14",53300
15900,-50,300,"sd","09:19:56",51900
15900,-50,2000,"sd","09:19:46",51600
15900,-50,200,"bu","09:19:43",49600
15900,-50,100,"bu","09:19:21",49400
15900,-50,500,"sd","09:19:05",49300
15900,-50,100,"sd","09:19:05",48800
15900,-50,200,"sd","09:19:05",48700
15900,-50,500,"sd","09:19:05",48500
15900,-50,100,"sd","09:19:05",48000
15900,-50,300,"sd","09:19:05",47900
15900,-50,100,"sd","09:19:03",47600
15900,-50,100,"sd","09:18:10",47500
15900,-50,300,"sd","09:18:10",47400
15950,0,100,"bu","09:18:10",47100
15950,0,3900,"sd","09:16:18",47000
15950,0,300,"sd","09:16:05",43100
15950,0,3000,"bu","09:15:55",42800
15950,0,800,"bu","09:15:55",39800
15950,0,500,"sd","09:15:28",39000
15950,0,200,"sd","09:15:28",38500
15950,0,1000,"sd","09:15:28",38300
15950,0,500,"sd","09:15:28",37300
15950,0,1700,"sd","09:15:28",36800
15950,0,300,"sd","09:15:28",35100
16000,50,34800,"bu","09:15:01",34800
