"price","change","match_qtty","side","time","total_vol"
9100,0,7600,"sd","14:45:04",426400
9200,100,100,"bu","14:29:17",418800
9200,100,100,"sd","14:28:08",418700
9200,100,700,"bu","14:27:52",418600
9200,100,4500,"unknown","14:27:11",417900
9200,100,100,"sd","14:26:53",413400
9200,100,1300,"sd","14:25:40",413300
9200,100,900,"sd","14:25:37",412000
9200,100,300,"sd","14:25:06",411100
9200,100,200,"sd","14:23:58",410800
9200,100,500,"sd","14:23:38",410600
9300,200,100,"bu","14:21:36",410100
9300,200,300,"bu","14:16:21",410000
9200,100,800,"bu","14:16:06",409700
9200,100,15000,"bu","14:15:54",408900
9200,100,200,"bu","14:15:34",393900
9100,0,2000,"sd","14:13:37",393700
9200,100,200,"bu","14:10:01",391700
9100,0,4500,"sd","14:09:37",391500
9100,0,5000,"sd","14:07:50",387000
9200,100,200,"bu","14:06:36",382000
9100,0,300,"sd","14:06:20",381800
9100,0,100,"sd","14:04:51",381500
9100,0,100,"sd","14:04:12",381400
9200,100,2000,"bu","14:03:52",381300
9200,100,900,"bu","14:03:01",379300
9200,100,100,"bu","14:02:50",378400
9200,100,2000,"bu","14:02:41",378300
9200,100,900,"bu","14:02:31",376300
9200,100,100,"bu","13:55:35",375400
9100,0,3600,"bu","13:55:23",375300
9100,0,3000,"bu","13:55:17",371700
9100,0,400,"bu","13:55:09",368700
9100,0,2000,"bu","13:55:06",368300
9100,0,1100,"bu","13:54:55",366300
9100,0,1000,"bu","13:54:43",365200
9100,0,3000,"bu","13:54:33",364200
9100,0,2000,"bu","13:54:17",361200
9100,0,7200,"bu","13:52:59",359200
9100,0,1300,"sd","13:52:04",352000
9100,0,300,"bu","13:51:26",350700
9100,0,1100,"bu","13:51:23",350400
9100,0,3900,"bu","13:50:52",349300
9100,0,1500,"sd","13:50:00",345400
9100,0,20000,"sd","13:49:27",343900
9200,100,300,"bu","13:48:20",323900
9100,0,1000,"sd","13:47:48",323600
9100,0,500,"sd","13:47:18",322600
9100,0,300,"sd","13:42:11",322100
9100,0,500,"sd","13:42:01",321800
9200,100,10000,"bu","13:39:46",321300
9200,100,2000,"bu","13:37:24",311300
9200,100,2800,"bu","13:35:41",309300
9200,100,4300,"sd","13:34:53",306500
9200,100,300,"sd","13:30:21",302200
9200,100,100,"sd","13:29:06",301900
9200,100,1000,"sd","13:28:30",301800
9300,200,300,"bu","13:26:27",300800
9200,100,6500,"sd","13:25:35",300500
9200,100,1000,"sd","13:24:53",294000
9200,100,1000,"sd","13:24:13",293000
9200,100,100,"unknown","13:22:51",292000
9200,100,3400,"sd","13:22:20",291900
9200,100,100,"sd","13:21:51",288500
9200,100,5000,"sd","13:21:23",288400
9300,200,9500,"sd","13:12:59",283400
9300,200,100,"sd","13:12:57",273900
9300,200,5900,"sd","13:12:44",273800
9300,200,1000,"sd","13:10:53",267900
9300,200,1000,"sd","13:10:34",266900
9300,200,1000,"sd","13:10:09",265900
9300,200,5000,"sd","13:09:49",264900
9300,200,1500,"bu","13:08:51",259900
9300,200,300,"bu","13:08:01",258400
9300,200,2000,"unknown","13:06:18",258100
9300,200,3000,"bu","13:06:09",256100
9300,200,1000,"sd","13:04:35",253100
9300,200,2800,"sd","13:04:10",252100
9300,200,2000,"sd","13:03:46",249300
9300,200,200,"sd","13:02:55",247300
9300,200,1000,"sd","13:02:46",247100
9300,200,3000,"sd","13:02:36",246100
9200,100,5000,"sd","13:00:17",243100
9300,200,300,"sd","13:00:13",238100
9300,200,10500,"unknown","13:00:11",237800
9400,300,5600,"bu","13:00:10",227300
9300,200,200,"sd","13:00:09",221700
9400,300,1500,"bu","11:29:02",221500
9400,300,1000,"bu","11:27:27",220000
9300,200,1500,"sd","11:25:27",219000
9300,200,100,"sd","11:25:08",217500
9300,200,1000,"sd","11:25:04",217400
9300,200,10000,"sd","11:24:37",216400
9300,200,500,"sd","11:24:35",206400
9300,200,2000,"sd","11:23:38",205900
9400,300,1900,"bu","11:23:28",203900
9500,400,200,"bu","11:22:06",202000
9400,300,3000,"sd","11:22:05",201800
9500,400,300,"bu","11:21:07",198800
9400,300,1100,"sd","11:20:42",198500
9400,300,10000,"bu","11:20:16",197400
9400,300,3100,"bu","11:19:58",187400
9400,300,8000,"sd","11:19:56",184300
9400,300,200,"sd","11:19:47",176300
9400,300,2000,"sd","11:19:43",176100
9500,400,200,"bu","11:15:08",174100
9400,300,500,"sd","11:14:45",173900
9400,300,400,"sd","11:14:10",173400
9400,300,400,"sd","11:13:57",173000
9400,300,500,"sd","11:13:02",172600
9400,300,800,"sd","11:12:40",172100
9400,300,200,"sd","11:11:41",171300
9400,300,500,"bu","11:11:12",171100
9400,300,6000,"bu","11:11:06",170600
9400,300,500,"bu","11:10:57",164600
9400,300,1000,"bu","11:10:56",164100
9400,300,1200,"bu","11:10:52",163100
9400,300,300,"bu","11:10:45",161900
9400,300,10000,"bu","11:10:27",161600
9400,300,500,"bu","11:09:01",151600
9300,200,800,"sd","11:08:46",151100
9300,200,500,"bu","11:08:44",150300
9300,200,4000,"bu","11:08:38",149800
9300,200,1400,"bu","11:08:30",145800
9300,200,8000,"bu","11:08:13",144400
9300,200,500,"bu","11:07:58",136400
9300,200,1000,"bu","11:07:53",135900
9300,200,3000,"bu","11:07:52",134900
9300,200,3500,"bu","11:07:35",131900
9300,200,100,"bu","11:07:26",128400
9300,200,100,"bu","11:07:18",128300
9300,200,2500,"bu","11:07:09",128200
9300,200,1800,"bu","11:06:50",125700
9300,200,500,"bu","11:06:45",123900
9300,200,3800,"bu","11:06:36",123400
9300,200,2000,"bu","11:05:09",119600
9200,100,18000,"sd","11:04:27",117600
9200,100,3000,"bu","11:04:22",99600
9200,100,1000,"bu","11:04:13",96600
9200,100,500,"bu","11:00:55",95600
9200,100,500,"bu","11:00:26",95100
9100,0,1000,"sd","10:54:57",94600
9100,0,500,"sd","10:51:36",93600
9200,100,400,"bu","10:50:28",93100
9200,100,5000,"bu","10:41:06",92700
9100,0,3000,"sd","10:37:44",87700
9100,0,400,"sd","10:37:03",84700
9200,100,200,"bu","10:32:56",84300
9100,0,15500,"sd","10:31:31",84100
9200,100,500,"bu","10:29:37",68600
9200,100,1000,"bu","10:28:11",68100
9200,100,3000,"bu","10:13:55",67100
9200,100,2000,"bu","10:13:29",64100
9200,100,2500,"bu","10:12:56",62100
9100,0,900,"unknown","10:00:41",59600
9100,0,2000,"bu","10:00:04",58700
9100,0,5000,"bu","09:59:56",56700
9100,0,500,"bu","09:57:11",51700
9100,0,200,"bu","09:57:08",51200
9100,0,300,"bu","09:56:11",51000
9100,0,500,"bu","09:50:48",50700
9100,0,700,"bu","09:50:15",50200
9100,0,100,"bu","09:48:01",49500
9100,0,600,"bu","09:47:36",49400
9100,0,1900,"bu","09:47:12",48800
9000,-100,100,"sd","09:47:10",46900
9100,0,600,"bu","09:46:43",46800
9100,0,5000,"bu","09:44:58",46200
9100,0,1200,"bu","09:42:16",41200
9000,-100,100,"sd","09:41:53",40000
9100,0,500,"bu","09:41:51",39900
9000,-100,400,"sd","09:41:23",39400
9100,0,300,"bu","09:41:20",39000
9000,-100,1000,"sd","09:41:01",38700
9000,-100,900,"sd","09:40:49",37700
9000,-100,300,"sd","09:40:26",36800
9000,-100,2000,"sd","09:40:17",36500
9100,0,800,"bu","09:35:31",34500
9100,0,500,"bu","09:34:47",33700
9000,-100,1000,"sd","09:33:23",33200
9100,0,3600,"bu","09:31:25",32200
9100,0,500,"bu","09:29:53",28600
9100,0,300,"bu","09:29:02",28100
9000,-100,1000,"sd","09:28:19",27800
9000,-100,500,"sd","09:28:04",26800
9100,0,100,"bu","09:27:02",26300
9000,-100,100,"sd","09:24:21",26200
9100,0,100,"bu","09:23:11",26100
9100,0,800,"bu","09:23:01",26000
9100,0,200,"bu","09:22:50",25200
9100,0,100,"bu","09:22:21",25000
9100,0,300,"sd","09:22:19",24900
9100,0,1000,"sd","09:21:29",24600
9100,0,1000,"sd","09:21:25",23600
9100,0,5400,"sd","09:21:09",22600
9100,0,500,"sd","09:20:15",17200
9100,0,1800,"sd","09:20:14",16700
9000,-100,600,"sd","09:18:28",14900
9100,0,400,"bu","09:18:10",14300
9100,0,700,"sd","09:17:24",13900
9100,0,500,"sd","09:17:12",13200
9100,0,1000,"sd","09:17:09",12700
9100,0,1000,"sd","09:17:02",11700
9100,0,1000,"sd","09:16:53",10700
9100,0,5000,"sd","09:16:38",9700
9200,100,100,"sd","09:13:09",4700
9100,0,1500,"sd","09:10:53",4600
9200,100,100,"bu","09:07:15",3100
9100,0,100,"unknown","09:04:30",3000
9100,0,500,"bu","09:04:18",2900
9100,0,400,"bu","09:02:40",2400
9100,0,2000,"bu","09:00:21",2000
