"price","change","match_qtty","side","time","total_vol"
11800,0,130100,"unknown","14:45:01",2090400
11850,50,14600,"sd","14:29:52",1960300
11850,50,5400,"sd","14:29:52",1945700
11850,50,500,"bu","14:29:41",1940300
11850,50,4000,"bu","14:29:41",1939800
11850,50,300,"bu","14:29:41",1935800
11850,50,200,"bu","14:29:41",1935500
11850,50,2000,"bu","14:29:41",1935300
11850,50,20000,"bu","14:29:41",1933300
11850,50,7600,"bu","14:29:41",1913300
11800,0,500,"sd","14:29:31",1905700
11850,50,1000,"bu","14:29:29",1905200
11850,50,9000,"bu","14:29:25",1904200
11800,0,500,"sd","14:29:17",1895200
11850,50,2000,"bu","14:29:13",1894700
11850,50,100,"bu","14:29:12",1892700
11850,50,3000,"bu","14:29:08",1892600
11850,50,700,"bu","14:29:08",1889600
11850,50,3000,"bu","14:29:07",1888900
11850,50,100,"bu","14:28:55",1885900
11850,50,100,"bu","14:28:52",1885800
11850,50,900,"bu","14:28:41",1885700
11850,50,1000,"bu","14:28:27",1884800
11800,0,500,"sd","14:27:37",1883800
11850,50,500,"bu","14:27:37",1883300
11850,50,2000,"sd","14:27:35",1882800
11850,50,30000,"sd","14:27:35",1880800
11850,50,2100,"sd","14:27:35",1850800
11850,50,1600,"sd","14:27:35",1848700
11850,50,3000,"sd","14:27:16",1847100
11850,50,400,"sd","14:27:02",1844100
11850,50,700,"sd","14:27:02",1843700
11850,50,10000,"sd","14:26:58",1843000
11850,50,5000,"sd","14:26:55",1833000
11850,50,33600,"sd","14:26:49",1828000
11850,50,1000,"sd","14:26:23",1794400
11850,50,300,"sd","14:26:17",1793400
11850,50,1300,"sd","14:26:17",1793100
11900,100,500,"bu","14:25:44",1791800
11900,100,5000,"bu","14:25:16",1791300
11850,50,5000,"sd","14:25:15",1786300
11850,50,2500,"sd","14:25:08",1781300
11850,50,8000,"sd","14:25:02",1778800
11850,50,20000,"sd","14:24:41",1770800
11900,100,100,"bu","14:24:10",1750800
11850,50,400,"sd","14:24:02",1750700
11850,50,500,"sd","14:23:58",1750300
11850,50,100,"sd","14:23:41",1749800
11850,50,500,"bu","14:23:34",1749700
11850,50,2900,"bu","14:23:34",1749200
11850,50,2000,"bu","14:23:34",1746300
11850,50,6200,"bu","14:23:34",1744300
11850,50,100,"bu","14:23:20",1738100
11850,50,1000,"bu","14:23:19",1738000
11850,50,1000,"bu","14:23:13",1737000
11850,50,1700,"bu","14:22:51",1736000
11850,50,1000,"bu","14:22:51",1734300
11850,50,500,"bu","14:22:51",1733300
11850,50,300,"bu","14:22:51",1732800
11800,0,2900,"sd","14:22:37",1732500
11800,0,100,"sd","14:22:37",1729600
11800,0,200,"sd","14:22:37",1729500
11800,0,100,"sd","14:22:37",1729300
11800,0,2000,"sd","14:22:37",1729200
11800,0,3500,"sd","14:22:37",1727200
11800,0,300,"sd","14:22:37",1723700
11800,0,900,"sd","14:22:37",1723400
11850,50,2000,"bu","14:22:23",1722500
11850,50,100,"sd","14:22:19",1720500
11850,50,21600,"sd","14:22:19",1720400
11850,50,5000,"sd","14:22:07",1698800
11850,50,3400,"sd","14:22:07",1693800
11850,50,3000,"sd","14:22:07",1690400
11850,50,400,"sd","14:22:07",1687400
11850,50,600,"sd","14:22:07",1687000
11850,50,100,"sd","14:22:07",1686400
11850,50,3000,"sd","14:22:07",1686300
11850,50,600,"sd","14:22:07",1683300
11850,50,900,"sd","14:22:07",1682700
11850,50,100,"sd","14:22:07",1681800
11850,50,1000,"sd","14:22:07",1681700
11850,50,5000,"sd","14:22:07",1680700
11850,50,1900,"sd","14:22:06",1675700
11850,50,100,"sd","14:21:58",1673800
11850,50,18000,"sd","14:21:35",1673700
11850,50,1800,"sd","14:21:35",1655700
11850,50,700,"sd","14:21:18",1653900
11850,50,2000,"sd","14:21:16",1653200
11900,100,800,"bu","14:21:01",1651200
11850,50,300,"sd","14:20:40",1650400
11850,50,1000,"sd","14:20:40",1650100
11850,50,100,"sd","14:20:40",1649100
11850,50,1000,"sd","14:20:40",1649000
11850,50,2600,"sd","14:20:40",1648000
11850,50,600,"sd","14:20:39",1645400
11850,50,1800,"sd","14:20:16",1644800
11850,50,200,"sd","14:20:16",1643000
11850,50,200,"sd","14:20:05",1642800
11900,100,100,"bu","14:19:53",1642600
11850,50,1000,"sd","14:19:11",1642500
11850,50,1600,"sd","14:18:57",1641500
11850,50,400,"sd","14:18:57",1639900
11900,100,100,"bu","14:17:32",1639500
11850,50,100,"sd","14:17:28",1639400
11850,50,400,"sd","14:17:28",1639300
11850,50,100,"bu","14:17:19",1638900
11850,50,1400,"sd","14:17:13",1638800
11900,100,100,"bu","14:17:09",1637400
11850,50,300,"bu","14:17:04",1637300
11850,50,1000,"bu","14:17:04",1637000
11850,50,1100,"bu","14:17:04",1636000
11850,50,900,"sd","14:16:49",1634900
11850,50,100,"sd","14:16:49",1634000
11850,50,1900,"sd","14:16:49",1633900
11850,50,200,"sd","14:16:19",1632000
11850,50,3200,"sd","14:16:19",1631800
11850,50,20000,"sd","14:16:19",1628600
11850,50,200,"sd","14:16:19",1608600
11850,50,2500,"sd","14:16:19",1608400
11850,50,1000,"sd","14:16:19",1605900
11850,50,2000,"sd","14:16:19",1604900
11850,50,2000,"sd","14:16:19",1602900
11850,50,200,"bu","14:16:19",1600900
11850,50,10000,"bu","14:16:19",1600700
11850,50,1300,"bu","14:16:19",1590700
11850,50,10000,"bu","14:16:19",1589400
11850,50,1000,"bu","14:16:19",1579400
11850,50,700,"bu","14:16:19",1578400
11850,50,20000,"bu","14:16:19",1577700
11850,50,2000,"bu","14:16:19",1557700
11850,50,600,"bu","14:16:19",1555700
11850,50,20000,"bu","14:16:19",1555100
11850,50,1200,"bu","14:16:19",1535100
11850,50,100,"bu","14:16:14",1533900
11800,0,300,"sd","14:15:57",1533800
11850,50,100,"bu","14:14:15",1533500
11800,0,3000,"sd","14:12:57",1533400
11800,0,800,"sd","14:12:28",1530400
11800,0,200,"sd","14:12:28",1529600
11800,0,700,"sd","14:10:29",1529400
11800,0,100,"sd","14:10:15",1528700
11800,0,200,"sd","14:09:31",1528600
11800,0,300,"sd","14:09:31",1528400
11800,0,200,"sd","14:09:31",1528100
11800,0,1000,"sd","14:09:31",1527900
11800,0,1800,"sd","14:09:31",1526900
11800,0,2500,"sd","14:09:19",1525100
11800,0,500,"sd","14:08:59",1522600
11800,0,200,"sd","14:08:45",1522100
11800,0,500,"sd","14:08:45",1521900
11800,0,1200,"sd","14:08:44",1521400
11800,0,100,"sd","14:08:44",1520200
11800,0,1000,"sd","14:08:44",1520100
11800,0,2000,"sd","14:08:44",1519100
11800,0,100,"sd","14:08:44",1517100
11800,0,100,"sd","14:08:44",1517000
11800,0,3000,"sd","14:08:44",1516900
11800,0,700,"sd","14:08:44",1513900
11800,0,10000,"sd","14:08:44",1513200
11800,0,2000,"sd","14:08:44",1503200
11800,0,1500,"sd","14:08:44",1501200
11800,0,500,"sd","14:08:44",1499700
11800,0,300,"sd","14:08:44",1499200
11800,0,100,"sd","14:08:44",1498900
11800,0,400,"sd","14:08:44",1498800
11800,0,100,"sd","14:08:44",1498400
11800,0,500,"sd","14:08:44",1498300
11800,0,100,"sd","14:08:44",1497800
11800,0,100,"sd","14:08:44",1497700
11800,0,1500,"sd","14:08:44",1497600
11800,0,200,"sd","14:08:44",1496100
11800,0,100,"sd","14:08:44",1495900
11800,0,3700,"sd","14:08:44",1495800
11850,50,2500,"bu","14:08:30",1492100
11850,50,500,"bu","14:08:29",1489600
11850,50,500,"bu","14:07:57",1489100
11850,50,500,"bu","14:07:57",1488600
11850,50,1300,"bu","14:06:37",1488100
11800,0,1000,"sd","14:05:45",1486800
11800,0,300,"sd","14:04:52",1485800
11850,50,700,"bu","14:04:19",1485500
11850,50,1000,"bu","14:04:18",1484800
11850,50,100,"bu","14:03:58",1483800
11850,50,900,"bu","14:03:27",1483700
11800,0,1300,"sd","14:03:27",1482800
11800,0,2000,"sd","14:03:21",1481500
11800,0,1700,"sd","14:03:02",1479500
11800,0,500,"sd","14:03:02",1477800
11800,0,500,"sd","14:03:02",1477300
11800,0,2300,"sd","14:03:02",1476800
11800,0,700,"sd","14:02:54",1474500
11800,0,100,"sd","14:02:54",1473800
11800,0,500,"sd","14:02:54",1473700
11800,0,300,"sd","14:02:54",1473200
11800,0,400,"sd","14:02:54",1472900
11800,0,300,"sd","14:02:54",1472500
11800,0,1000,"sd","14:02:54",1472200
11800,0,700,"sd","14:02:54",1471200
11800,0,1000,"sd","14:02:24",1470500
11850,50,100,"bu","14:01:25",1469500
11800,0,5000,"sd","14:01:11",1469400
11850,50,5000,"sd","14:00:29",1464400
11850,50,3000,"sd","14:00:29",1459400
11850,50,37400,"sd","14:00:29",1456400
11850,50,1000,"bu","13:59:53",1419000
11850,50,11600,"bu","13:59:53",1418000
11850,50,100,"sd","13:59:17",1406400
11850,50,100,"sd","13:59:17",1406300
11850,50,2000,"sd","13:59:17",1406200
11850,50,2000,"sd","13:59:17",1404200
11850,50,700,"sd","13:59:17",1402200
11850,50,500,"sd","13:59:17",1401500
11850,50,500,"sd","13:59:17",1401000
11850,50,7500,"sd","13:59:17",1400500
11850,50,500,"sd","13:59:11",1393000
11900,100,100,"bu","13:59:06",1392500
11850,50,2500,"sd","13:59:00",1392400
11850,50,700,"sd","13:58:21",1389900
11850,50,1500,"sd","13:58:19",1389200
11850,50,300,"sd","13:58:01",1387700
11850,50,800,"sd","13:57:10",1387400
11850,50,15900,"sd","13:57:01",1386600
11850,50,1000,"sd","13:56:55",1370700
11850,50,800,"sd","13:56:26",1369700
11850,50,1000,"sd","13:55:59",1368900
11850,50,300,"sd","13:55:42",1367900
11850,50,1000,"sd","13:55:37",1367600
11850,50,16200,"sd","13:55:13",1366600
11850,50,1000,"sd","13:55:13",1350400
11850,50,1000,"sd","13:55:13",1349400
11850,50,1800,"sd","13:55:13",1348400
11850,50,500,"sd","13:55:02",1346600
11850,50,100,"sd","13:55:02",1346100
11850,50,200,"sd","13:54:54",1346000
11850,50,200,"sd","13:54:41",1345800
11850,50,1000,"sd","13:54:27",1345600
11850,50,1500,"sd","13:53:38",1344600
11850,50,2500,"sd","13:53:21",1343100
11850,50,2000,"sd","13:53:21",1340600
11850,50,500,"sd","13:53:21",1338600
11850,50,2100,"sd","13:53:08",1338100
11850,50,1000,"sd","13:53:08",1336000
11850,50,100,"sd","13:53:08",1335000
11850,50,2000,"sd","13:53:08",1334900
11850,50,200,"sd","13:53:08",1332900
11850,50,2600,"sd","13:53:08",1332700
11850,50,100,"sd","13:52:45",1330100
11850,50,4000,"sd","13:52:35",1330000
11850,50,3000,"sd","13:52:18",1326000
11850,50,100,"sd","13:50:38",1323000
11850,50,2000,"bu","13:49:59",1322900
11850,50,100,"bu","13:49:59",1320900
11850,50,2100,"bu","13:49:59",1320800
11850,50,100,"bu","13:49:55",1318700
11850,50,2000,"bu","13:49:52",1318600
11850,50,1000,"bu","13:49:51",1316600
11850,50,100,"bu","13:49:38",1315600
11850,50,100,"bu","13:49:32",1315500
11850,50,3000,"bu","13:49:10",1315400
11850,50,2000,"bu","13:49:05",1312400
11850,50,200,"bu","13:48:57",1310400
11850,50,100,"bu","13:48:32",1310200
11850,50,100,"bu","13:48:19",1310100
11850,50,15000,"bu","13:48:16",1310000
11800,0,200,"sd","13:48:12",1295000
11850,50,5000,"bu","13:48:06",1294800
11850,50,100,"bu","13:48:01",1289800
11850,50,100,"sd","13:47:58",1289700
11850,50,1000,"sd","13:47:58",1289600
11850,50,1000,"sd","13:47:58",1288600
11850,50,16800,"sd","13:47:58",1287600
11850,50,200,"sd","13:47:58",1270800
11850,50,100,"sd","13:47:42",1270600
11850,50,800,"sd","13:47:42",1270500
11850,50,5000,"sd","13:47:42",1269700
11850,50,20100,"sd","13:47:42",1264700
11850,50,6000,"sd","13:47:35",1244600
11850,50,3500,"sd","13:47:25",1238600
11900,100,100,"bu","13:47:20",1235100
11850,50,600,"sd","13:47:19",1235000
11850,50,2000,"sd","13:47:09",1234400
11850,50,100,"sd","13:46:54",1232400
11850,50,11000,"sd","13:46:36",1232300
11850,50,800,"sd","13:46:20",1221300
11850,50,200,"sd","13:45:39",1220500
11850,50,2000,"sd","13:45:38",1220300
11850,50,1200,"sd","13:43:45",1218300
11850,50,200,"sd","13:43:41",1217100
11850,50,1000,"sd","13:43:29",1216900
11850,50,1300,"sd","13:42:56",1215900
11850,50,100,"sd","13:42:56",1214600
11850,50,100,"sd","13:42:56",1214500
11850,50,100,"sd","13:42:56",1214400
11850,50,1000,"sd","13:42:56",1214300
11850,50,1400,"sd","13:42:56",1213300
11900,100,500,"bu","13:41:45",1211900
11900,100,2000,"bu","13:41:13",1211400
11850,50,300,"sd","13:40:58",1209400
11850,50,1000,"sd","13:40:48",1209100
11900,100,1000,"bu","13:39:29",1208100
11850,50,100,"sd","13:38:33",1207100
11850,50,500,"sd","13:38:01",1207000
11850,50,1000,"sd","13:37:17",1206500
11850,50,2000,"sd","13:37:01",1205500
11850,50,1100,"sd","13:36:22",1203500
11850,50,5000,"bu","13:35:22",1202400
11850,50,1000,"bu","13:35:22",1197400
11850,50,500,"bu","13:35:22",1196400
11850,50,36100,"bu","13:35:22",1195900
11850,50,300,"bu","13:34:58",1159800
11800,0,3100,"sd","13:33:52",1159500
11800,0,200,"sd","13:33:52",1156400
11800,0,100,"sd","13:33:52",1156200
11850,50,300,"bu","13:33:41",1156100
11850,50,200,"sd","13:32:01",1155800
11850,50,100,"sd","13:32:01",1155600
11850,50,700,"sd","13:32:01",1155500
11850,50,2000,"sd","13:32:01",1154800
11850,50,2000,"sd","13:32:01",1152800
11850,50,1000,"sd","13:32:01",1150800
11850,50,500,"sd","13:32:01",1149800
11850,50,5000,"sd","13:32:01",1149300
11850,50,100,"sd","13:32:01",1144300
11850,50,1700,"sd","13:32:01",1144200
11850,50,300,"sd","13:31:57",1142500
11850,50,4000,"sd","13:31:03",1142200
11850,50,100,"sd","13:31:03",1138200
11850,50,3900,"sd","13:30:39",1138100
11850,50,1100,"sd","13:30:39",1134200
11850,50,1000,"sd","13:30:31",1133100
11850,50,200,"sd","13:30:06",1132100
11850,50,2000,"sd","13:29:56",1131900
11850,50,100,"sd","13:29:28",1129900
11850,50,5500,"sd","13:28:39",1129800
11900,100,500,"bu","13:26:29",1124300
11900,100,500,"bu","13:26:26",1123800
11900,100,200,"bu","13:24:36",1123300
11850,50,2100,"sd","13:22:35",1123100
11850,50,5000,"sd","13:22:30",1121000
11900,100,100,"bu","13:21:15",1116000
11850,50,3000,"bu","13:19:50",1115900
11850,50,300,"bu","13:19:50",1112900
11850,50,100,"bu","13:19:47",1112600
11850,50,400,"sd","13:19:24",1112500
11900,100,100,"bu","13:18:59",1112100
11850,50,3600,"sd","13:18:51",1112000
11850,50,11400,"sd","13:18:51",1108400
11850,50,400,"sd","13:18:39",1097000
11850,50,1000,"sd","13:18:30",1096600
11850,50,15000,"sd","13:18:00",1095600
11850,50,4500,"sd","13:17:50",1080600
11850,50,2000,"sd","13:17:49",1076100
11850,50,6100,"sd","13:17:35",1074100
11900,100,300,"bu","13:17:30",1068000
11850,50,5000,"sd","13:17:15",1067700
11900,100,300,"bu","13:17:11",1062700
11850,50,4000,"sd","13:17:08",1062400
11850,50,4500,"sd","13:17:03",1058400
11850,50,4000,"sd","13:16:59",1053900
11850,50,2000,"bu","13:16:11",1049900
11850,50,3000,"bu","13:16:11",1047900
11850,50,1100,"bu","13:16:11",1044900
11850,50,10000,"bu","13:16:11",1043800
11850,50,1000,"bu","13:16:11",1033800
11850,50,500,"bu","13:16:11",1032800
11850,50,24500,"bu","13:16:11",1032300
11850,50,100,"bu","13:14:32",1007800
11850,50,1500,"sd","13:13:46",1007700
11850,50,4000,"sd","13:13:46",1006200
11850,50,3000,"sd","13:13:34",1002200
11850,50,100,"sd","13:12:44",999200
11850,50,6000,"sd","13:12:37",999100
11850,50,100,"sd","13:12:35",993100
11850,50,1000,"sd","13:12:33",993000
11850,50,800,"sd","13:12:31",992000
11850,50,1200,"sd","13:12:31",991200
11850,50,200,"sd","13:12:27",990000
11850,50,200,"sd","13:10:57",989800
11850,50,100,"sd","13:10:39",989600
11850,50,2000,"sd","13:10:17",989500
11850,50,3000,"sd","13:10:13",987500
11850,50,10000,"sd","13:09:55",984500
11850,50,3300,"bu","13:09:30",974500
11800,0,3900,"sd","13:09:10",971200
11800,0,4000,"sd","13:09:10",967300
11800,0,3000,"sd","13:09:10",963300
11800,0,500,"sd","13:09:10",960300
11800,0,300,"sd","13:09:10",959800
11800,0,5000,"sd","13:09:10",959500
11800,0,1000,"sd","13:09:10",954500
11800,0,500,"sd","13:09:10",953500
11800,0,200,"sd","13:09:10",953000
11800,0,1600,"sd","13:09:10",952800
11850,50,100,"sd","13:08:27",951200
11850,50,2900,"sd","13:08:27",951100
11850,50,2100,"sd","13:08:04",948200
11850,50,2900,"sd","13:08:04",946100
11850,50,100,"bu","13:06:39",943200
11900,100,100,"bu","13:05:42",943100
11800,0,200,"sd","13:05:31",943000
11800,0,800,"sd","13:05:31",942800
11800,0,200,"sd","13:05:31",942000
11800,0,500,"sd","13:04:38",941800
11800,0,500,"sd","13:04:08",941300
11800,0,2000,"sd","13:04:08",940800
11800,0,2000,"sd","13:04:08",938800
11800,0,500,"sd","13:04:08",936800
11800,0,100,"sd","13:04:08",936300
11800,0,500,"sd","13:04:08",936200
11800,0,1000,"sd","13:04:08",935700
11800,0,10000,"sd","13:04:08",934700
11800,0,1000,"sd","13:04:08",924700
11800,0,1600,"sd","13:04:08",923700
11800,0,5000,"sd","13:04:08",922100
11800,0,500,"sd","13:04:08",917100
11800,0,1000,"sd","13:04:08",916600
11800,0,100,"sd","13:04:08",915600
11800,0,1000,"sd","13:04:08",915500
11800,0,47000,"sd","13:04:08",914500
11850,50,6000,"sd","13:04:08",867500
11850,50,20200,"sd","13:04:08",861500
11900,100,100,"bu","13:04:04",841300
11850,50,800,"bu","13:02:53",841200
11850,50,2200,"bu","13:02:52",840400
11850,50,5000,"bu","13:02:52",838200
11850,50,200,"bu","13:02:52",833200
11850,50,3300,"bu","13:02:52",833000
11850,50,3200,"bu","13:02:52",829700
11850,50,800,"bu","13:02:52",826500
11850,50,10000,"bu","13:02:52",825700
11850,50,1000,"bu","13:02:52",815700
11850,50,1000,"bu","13:02:52",814700
11850,50,5000,"bu","13:02:52",813700
11850,50,800,"bu","13:02:52",808700
11850,50,1000,"bu","13:02:52",807900
11850,50,5000,"bu","13:02:52",806900
11850,50,500,"bu","13:02:52",801900
11850,50,100,"bu","13:01:17",801400
11800,0,700,"sd","13:00:01",801300
11800,0,700,"sd","13:00:00",800600
11850,50,100,"bu","13:00:00",799900
11850,50,500,"bu","13:00:00",799800
11850,50,100,"bu","11:29:45",799300
11800,0,1000,"sd","11:29:37",799200
11850,50,100,"bu","11:29:29",798200
11800,0,600,"sd","11:28:54",798100
11800,0,4000,"sd","11:28:52",797500
11800,0,2000,"sd","11:28:36",793500
11800,0,1000,"sd","11:27:00",791500
11850,50,500,"bu","11:26:07",790500
11800,0,3100,"sd","11:22:49",790000
11800,0,3000,"sd","11:21:48",786900
11850,50,100,"bu","11:21:15",783900
11800,0,7100,"sd","11:20:23",783800
11850,50,4000,"sd","11:18:20",776700
11850,50,1400,"sd","11:18:20",772700
11850,50,500,"sd","11:18:20",771300
11850,50,1000,"sd","11:18:20",770800
11850,50,1500,"sd","11:18:20",769800
11850,50,100,"sd","11:18:20",768300
11850,50,300,"sd","11:18:20",768200
11850,50,3000,"sd","11:18:20",767900
11850,50,200,"sd","11:18:20",764900
11850,50,5300,"sd","11:18:20",764700
11850,50,400,"sd","11:18:20",759400
11850,50,1000,"sd","11:18:20",759000
11850,50,100,"sd","11:18:20",758000
11850,50,3000,"sd","11:18:20",757900
11850,50,10900,"sd","11:18:20",754900
11850,50,500,"sd","11:18:20",744000
11850,50,1000,"sd","11:18:20",743500
11850,50,1700,"sd","11:18:20",742500
11850,50,3300,"sd","11:17:39",740800
11850,50,1700,"sd","11:17:39",737500
11850,50,1100,"sd","11:17:17",735800
11850,50,100,"sd","11:15:15",734700
11850,50,10000,"sd","11:14:43",734600
11900,100,100,"bu","11:14:36",724600
11850,50,100,"sd","11:13:45",724500
11850,50,100,"sd","11:12:33",724400
11850,50,100,"sd","11:08:57",724300
11850,50,1000,"sd","11:08:21",724200
11850,50,500,"sd","11:07:45",723200
11850,50,1000,"sd","11:07:39",722700
11850,50,100,"sd","11:06:41",721700
11850,50,3000,"sd","11:03:01",721600
11850,50,1000,"sd","11:02:13",718600
11850,50,200,"sd","10:59:59",717600
11850,50,600,"sd","10:59:59",717400
11850,50,1700,"sd","10:58:07",716800
11850,50,2200,"sd","10:55:02",715100
11850,50,500,"sd","10:55:02",712900
11850,50,1000,"sd","10:55:02",712400
11850,50,2000,"sd","10:55:02",711400
11850,50,100,"sd","10:55:02",709400
11850,50,500,"sd","10:55:02",709300
11850,50,500,"sd","10:55:02",708800
11850,50,100,"sd","10:55:02",708300
11850,50,500,"sd","10:55:02",708200
11850,50,2600,"sd","10:55:02",707700
11900,100,1000,"bu","10:54:59",705100
11900,100,1000,"bu","10:52:22",704100
11850,50,400,"sd","10:50:11",703100
11900,100,100,"bu","10:48:17",702700
11900,100,100,"bu","10:46:51",702600
11900,100,500,"bu","10:46:32",702500
11850,50,2000,"sd","10:46:05",702000
11850,50,100,"sd","10:46:05",700000
11850,50,300,"sd","10:46:05",699900
11850,50,5000,"sd","10:46:05",699600
11850,50,200,"sd","10:46:05",694600
11850,50,17400,"sd","10:46:05",694400
11900,100,4900,"bu","10:43:47",677000
11850,50,100,"sd","10:41:49",672100
11850,50,1000,"sd","10:41:46",672000
11850,50,6100,"sd","10:38:23",671000
11900,100,4000,"bu","10:37:49",664900
11900,100,900,"bu","10:30:55",660900
11900,100,6100,"bu","10:30:55",660000
11900,100,3900,"bu","10:29:03",653900
11900,100,1100,"bu","10:29:03",650000
11850,50,5000,"sd","10:29:02",648900
11900,100,100,"bu","10:28:27",643900
11900,100,1700,"bu","10:28:06",643800
11900,100,2000,"bu","10:27:33",642100
11900,100,100,"bu","10:27:28",640100
11900,100,100,"bu","10:27:28",640000
11900,100,5000,"bu","10:27:28",639900
11900,100,4300,"bu","10:27:28",634900
11900,100,200,"bu","10:27:26",630600
11900,100,400,"bu","10:22:57",630400
11900,100,100,"bu","10:20:44",630000
11900,100,100,"bu","10:20:44",629900
11900,100,800,"bu","10:20:44",629800
11850,50,400,"sd","10:20:21",629000
11850,50,500,"sd","10:20:21",628600
11850,50,1100,"sd","10:20:21",628100
11850,50,600,"sd","10:19:17",627000
11850,50,2400,"sd","10:18:57",626400
11850,50,500,"sd","10:18:52",624000
11850,50,400,"sd","10:17:03",623500
11850,50,600,"sd","10:17:03",623100
11850,50,2000,"sd","10:15:56",622500
11850,50,500,"sd","10:12:11",620500
11850,50,300,"sd","10:12:03",620000
11900,100,100,"bu","10:10:55",619700
11900,100,400,"bu","10:10:55",619600
11900,100,100,"bu","10:09:10",619200
11900,100,500,"bu","10:09:10",619100
11900,100,1600,"bu","10:09:10",618600
11900,100,200,"bu","10:09:10",617000
11900,100,200,"bu","10:09:10",616800
11900,100,100,"bu","10:09:10",616600
11900,100,200,"bu","10:09:10",616500
11900,100,200,"bu","10:09:10",616300
11900,100,500,"bu","10:09:10",616100
11900,100,1000,"bu","10:09:10",615600
11900,100,400,"bu","10:09:10",614600
11900,100,3000,"bu","10:08:52",614200
11900,100,500,"bu","10:07:30",611200
11900,100,100,"bu","10:06:44",610700
11900,100,300,"bu","10:06:33",610600
11900,100,500,"bu","10:06:30",610300
11900,100,200,"sd","10:05:19",609800
11900,100,1000,"sd","10:05:15",609600
11900,100,1400,"sd","10:05:08",608600
11900,100,500,"sd","10:05:07",607200
11900,100,2000,"sd","10:05:03",606700
11900,100,2000,"bu","10:04:49",604700
11900,100,2900,"bu","10:04:49",602700
11900,100,100,"sd","10:04:42",599800
11900,100,4900,"sd","10:04:40",599700
11900,100,100,"sd","10:04:40",594800
11900,100,400,"sd","10:04:39",594700
11900,100,600,"sd","10:04:39",594300
11900,100,100,"sd","10:04:38",593700
11900,100,1200,"sd","10:04:31",593600
11900,100,200,"sd","10:04:11",592400
11900,100,2900,"sd","10:04:03",592200
11900,100,1000,"sd","10:04:03",589300
11900,100,1000,"sd","10:04:03",588300
11900,100,1100,"sd","10:04:02",587300
11900,100,700,"sd","10:03:51",586200
11900,100,1200,"sd","10:03:47",585500
11900,100,800,"sd","10:03:47",584300
11900,100,500,"sd","10:03:47",583500
11900,100,800,"sd","10:03:41",583000
11900,100,100,"sd","10:03:30",582200
11900,100,4000,"sd","10:03:29",582100
11900,100,500,"sd","10:03:08",578100
11950,150,100,"bu","10:03:07",577600
11900,100,500,"sd","10:02:35",577500
11900,100,4800,"sd","10:02:33",577000
11900,100,1000,"sd","10:02:31",572200
11900,100,3000,"sd","10:01:54",571200
11900,100,100,"sd","10:01:29",568200
11900,100,1900,"sd","10:01:02",568100
11900,100,100,"sd","10:01:02",566200
11900,100,200,"sd","10:00:58",566100
11900,100,1000,"sd","10:00:42",565900
11900,100,100,"sd","10:00:42",564900
11900,100,300,"bu","10:00:33",564800
11900,100,1000,"bu","10:00:33",564500
11900,100,17300,"bu","10:00:33",563500
11900,100,2700,"bu","09:58:29",546200
11900,100,300,"bu","09:58:29",543500
11900,100,100,"bu","09:58:24",543200
11900,100,1600,"bu","09:57:36",543100
11900,100,2000,"bu","09:57:36",541500
11900,100,1000,"bu","09:57:36",539500
11900,100,100,"bu","09:57:36",538500
11900,100,100,"bu","09:57:36",538400
11900,100,8200,"bu","09:57:36",538300
11900,100,200,"bu","09:57:36",530100
11900,100,5000,"bu","09:57:36",529900
11900,100,1800,"bu","09:57:36",524900
11850,50,100,"sd","09:56:50",523100
11850,50,1000,"sd","09:54:34",523000
11850,50,400,"sd","09:53:01",522000
11850,50,100,"sd","09:52:22",521600
11900,100,1200,"bu","09:52:07",521500
11900,100,500,"bu","09:52:07",520300
11900,100,200,"bu","09:52:07",519800
11900,100,100,"bu","09:52:07",519600
11900,100,400,"bu","09:51:58",519500
11900,100,600,"bu","09:51:58",519100
11900,100,400,"sd","09:51:02",518500
11900,100,100,"sd","09:51:00",518100
11900,100,27500,"sd","09:50:55",518000
11900,100,100,"sd","09:50:55",490500
11900,100,31000,"sd","09:50:55",490400
11900,100,100,"sd","09:50:55",459400
11900,100,1000,"sd","09:50:55",459300
11900,100,300,"sd","09:50:55",458300
11950,150,500,"bu","09:50:23",458000
11950,150,12600,"bu","09:50:04",457500
11950,150,1000,"bu","09:50:04",444900
11950,150,4900,"bu","09:50:04",443900
11900,100,500,"sd","09:49:56",439000
11950,150,2000,"bu","09:49:50",438500
11950,150,100,"bu","09:48:33",436500
11900,100,1000,"sd","09:48:29",436400
11900,100,1000,"bu","09:47:34",435400
11950,150,100,"bu","09:47:32",434400
11900,100,2000,"bu","09:47:04",434300
11900,100,1500,"sd","09:47:00",432300
11900,100,500,"sd","09:47:00",430800
11900,100,2000,"sd","09:47:00",430300
11900,100,9800,"sd","09:47:00",428300
11900,100,500,"sd","09:46:46",418500
11950,150,100,"bu","09:46:04",418000
11900,100,2000,"sd","09:46:02",417900
11900,100,1000,"sd","09:45:59",415900
11900,100,2400,"sd","09:45:58",414900
11900,100,900,"sd","09:45:55",412500
11900,100,2000,"bu","09:45:34",411600
11900,100,1400,"bu","09:45:34",409600
11900,100,600,"bu","09:45:34",408200
11900,100,1000,"bu","09:45:34",407600
11900,100,100,"bu","09:45:34",406600
11900,100,1000,"bu","09:45:34",406500
11900,100,2300,"bu","09:45:34",405500
11900,100,100,"bu","09:45:23",403200
11900,100,1000,"sd","09:45:04",403100
11900,100,400,"sd","09:45:04",402100
11900,100,500,"sd","09:45:04",401700
11900,100,1000,"sd","09:45:04",401200
11900,100,700,"sd","09:45:04",400200
11900,100,300,"sd","09:45:02",399500
11900,100,200,"sd","09:45:02",399200
11900,100,100,"sd","09:45:01",399000
11900,100,1000,"sd","09:44:47",398900
11900,100,500,"sd","09:44:35",397900
11950,150,100,"bu","09:44:15",397400
11900,100,1000,"sd","09:44:06",397300
11900,100,200,"sd","09:44:01",396300
11900,100,1800,"sd","09:44:01",396100
11900,100,3000,"bu","09:43:40",394300
11900,100,1000,"bu","09:43:40",391300
11900,100,100,"bu","09:43:40",390300
11900,100,7000,"bu","09:43:40",390200
11900,100,3000,"bu","09:43:40",383200
11900,100,4100,"bu","09:43:40",380200
11900,100,500,"bu","09:43:40",376100
11900,100,400,"bu","09:43:34",375600
11900,100,200,"bu","09:43:34",375200
11900,100,100,"bu","09:43:34",375000
11900,100,2300,"bu","09:43:34",374900
11900,100,2700,"bu","09:43:20",372600
11900,100,100,"bu","09:43:20",369900
11900,100,100,"bu","09:43:20",369800
11900,100,500,"bu","09:43:20",369700
11900,100,100,"bu","09:43:20",369200
11900,100,300,"bu","09:43:20",369100
11900,100,1000,"bu","09:43:20",368800
11900,100,100,"bu","09:43:20",367800
11900,100,1400,"bu","09:43:20",367700
11900,100,1000,"bu","09:43:20",366300
11900,100,10000,"bu","09:43:20",365300
11900,100,200,"bu","09:43:20",355300
11900,100,100,"bu","09:43:20",355100
11900,100,200,"bu","09:43:20",355000
11900,100,3000,"bu","09:43:20",354800
11900,100,100,"bu","09:43:20",351800
11900,100,3000,"bu","09:43:20",351700
11900,100,300,"bu","09:43:20",348700
11900,100,500,"bu","09:43:20",348400
11900,100,10000,"bu","09:43:20",347900
11900,100,100,"bu","09:43:20",337900
11900,100,500,"bu","09:43:20",337800
11900,100,100,"bu","09:43:20",337300
11900,100,2000,"bu","09:43:20",337200
11900,100,2500,"bu","09:43:20",335200
11900,100,100,"bu","09:43:20",332700
11850,50,100,"sd","09:42:39",332600
11850,50,100,"sd","09:42:29",332500
11850,50,3000,"bu","09:42:01",332400
11850,50,4900,"bu","09:42:01",329400
11850,50,100,"bu","09:41:48",324500
11850,50,2900,"bu","09:41:48",324400
11850,50,2000,"bu","09:41:48",321500
11850,50,500,"bu","09:41:46",319500
11850,50,5000,"sd","09:41:27",319000
11850,50,1600,"sd","09:41:27",314000
11850,50,100,"sd","09:41:25",312400
11850,50,10000,"sd","09:40:59",312300
11850,50,200,"bu","09:40:34",302300
11850,50,2000,"bu","09:40:34",302100
11850,50,1000,"bu","09:40:34",300100
11850,50,5000,"bu","09:40:34",299100
11850,50,500,"bu","09:40:34",294100
11850,50,200,"bu","09:40:34",293600
11850,50,600,"bu","09:40:34",293400
11850,50,1000,"bu","09:40:34",292800
11850,50,500,"bu","09:40:34",291800
11850,50,500,"bu","09:40:34",291300
11850,50,1000,"bu","09:40:34",290800
11850,50,1000,"bu","09:40:34",289800
11850,50,1500,"bu","09:40:34",288800
11850,50,5000,"bu","09:40:34",287300
11850,50,1000,"bu","09:40:34",282300
11850,50,1600,"bu","09:40:34",281300
11850,50,1000,"bu","09:40:34",279700
11850,50,100,"bu","09:40:34",278700
11850,50,300,"bu","09:40:34",278600
11850,50,400,"bu","09:40:34",278300
11850,50,600,"bu","09:40:34",277900
11850,50,100,"bu","09:40:34",277300
11850,50,1000,"bu","09:40:34",277200
11850,50,3000,"bu","09:40:34",276200
11850,50,100,"bu","09:40:34",273200
11850,50,9100,"bu","09:40:34",273100
11800,0,100,"sd","09:38:04",264000
11850,50,900,"bu","09:36:34",263900
11850,50,100,"bu","09:36:34",263000
11850,50,300,"bu","09:35:44",262900
11850,50,4000,"bu","09:34:39",262600
11850,50,1000,"bu","09:34:39",258600
11850,50,500,"bu","09:34:24",257600
11850,50,500,"bu","09:34:12",257100
11800,0,100,"sd","09:34:05",256600
11800,0,7500,"bu","09:34:02",256500
11800,0,500,"bu","09:34:02",249000
11800,0,1800,"bu","09:34:02",248500
11800,0,19800,"bu","09:34:02",246700
11800,0,200,"bu","09:33:49",226900
11800,0,1000,"bu","09:33:36",226700
11800,0,1100,"bu","09:33:36",225700
11800,0,900,"bu","09:33:36",224600
11800,0,100,"bu","09:31:51",223700
11800,0,300,"bu","09:30:59",223600
11800,0,100,"bu","09:30:52",223300
11800,0,500,"bu","09:30:44",223200
11800,0,1000,"bu","09:30:39",222700
11800,0,100,"bu","09:30:36",221700
11800,0,200,"sd","09:30:33",221600
11800,0,1000,"sd","09:30:33",221400
11800,0,800,"sd","09:30:33",220400
11800,0,4200,"bu","09:29:48",219600
11800,0,3100,"sd","09:29:48",215400
11800,0,1000,"sd","09:29:48",212300
11800,0,1700,"sd","09:29:48",211300
11800,0,1500,"bu","09:29:40",209600
11800,0,5000,"sd","09:29:37",208100
11800,0,3500,"sd","09:29:37",203100
11800,0,500,"sd","09:29:28",199600
11800,0,1000,"bu","09:29:00",199100
11800,0,2300,"bu","09:29:00",198100
11800,0,1000,"bu","09:28:49",195800
11800,0,1000,"bu","09:28:38",194800
11800,0,200,"bu","09:28:36",193800
11800,0,500,"sd","09:28:17",193600
11800,0,100,"sd","09:28:13",193100
11800,0,400,"sd","09:27:44",193000
11800,0,1000,"sd","09:27:44",192600
11800,0,100,"sd","09:27:44",191600
11800,0,5000,"sd","09:27:44",191500
11800,0,3500,"sd","09:27:44",186500
11800,0,1500,"sd","09:27:39",183000
11800,0,1000,"sd","09:27:39",181500
11800,0,500,"sd","09:27:39",180500
11800,0,200,"sd","09:27:39",180000
11800,0,800,"sd","09:27:39",179800
11800,0,500,"sd","09:27:20",179000
11800,0,100,"sd","09:27:13",178500
11800,0,500,"sd","09:26:53",178400
11800,0,100,"sd","09:26:29",177900
11800,0,3000,"sd","09:26:08",177800
11800,0,2000,"sd","09:26:08",174800
11800,0,500,"sd","09:25:51",172800
11800,0,400,"sd","09:25:35",172300
11800,0,400,"sd","09:25:34",171900
11800,0,5000,"bu","09:25:25",171500
11800,0,1700,"bu","09:25:25",166500
11800,0,1000,"bu","09:25:22",164800
11800,0,1000,"bu","09:25:18",163800
11800,0,1300,"bu","09:25:04",162800
11800,0,700,"bu","09:25:04",161500
11800,0,100,"bu","09:24:45",160800
11800,0,100,"bu","09:24:45",160700
11800,0,100,"bu","09:24:45",160600
11800,0,300,"bu","09:24:45",160500
11800,0,2000,"bu","09:24:45",160200
11800,0,1400,"bu","09:24:45",158200
11800,0,100,"bu","09:24:39",156800
11800,0,500,"bu","09:24:34",156700
11750,-50,2000,"sd","09:24:34",156200
11800,0,200,"bu","09:24:33",154200
11800,0,1000,"bu","09:24:32",154000
11800,0,3900,"bu","09:24:29",153000
11800,0,2000,"bu","09:24:25",149100
11800,0,1200,"bu","09:24:09",147100
11800,0,100,"bu","09:23:59",145900
11750,-50,100,"sd","09:23:47",145800
11750,-50,100,"sd","09:23:36",145700
11750,-50,1000,"sd","09:23:12",145600
11750,-50,1000,"sd","09:22:43",144600
11750,-50,500,"sd","09:21:56",143600
11750,-50,200,"sd","09:21:56",143100
11750,-50,100,"sd","09:20:20",142900
11800,0,1600,"bu","09:20:16",142800
11800,0,100,"bu","09:20:16",141200
11800,0,200,"bu","09:20:16",141100
11800,0,100,"bu","09:20:16",140900
11750,-50,900,"sd","09:20:07",140800
11750,-50,100,"sd","09:20:07",139900
11750,-50,100,"sd","09:20:07",139800
11750,-50,100,"sd","09:20:07",139700
11750,-50,300,"sd","09:19:30",139600
11750,-50,400,"sd","09:19:30",139300
11750,-50,1000,"bu","09:17:03",138900
11750,-50,200,"bu","09:17:03",137900
11750,-50,400,"bu","09:17:03",137700
11750,-50,100,"bu","09:17:02",137300
11750,-50,1000,"bu","09:17:01",137200
11750,-50,500,"bu","09:16:36",136200
11750,-50,500,"bu","09:16:29",135700
11750,-50,100,"sd","09:16:18",135200
11750,-50,800,"sd","09:16:18",135100
11750,-50,1000,"sd","09:16:18",134300
11750,-50,5000,"sd","09:16:18",133300
11750,-50,100,"sd","09:16:17",128300
11750,-50,30000,"sd","09:16:17",128200
11750,-50,100,"sd","09:16:17",98200
11750,-50,6000,"sd","09:16:17",98100
11750,-50,2000,"sd","09:16:17",92100
11750,-50,2400,"sd","09:16:17",90100
11750,-50,600,"sd","09:16:08",87700
11750,-50,2000,"sd","09:16:08",87100
11750,-50,400,"sd","09:16:08",85100
11750,-50,100,"sd","09:15:41",84700
11800,0,2100,"bu","09:15:34",84600
11800,0,700,"bu","09:15:30",82500
11800,0,100,"sd","09:15:17",81800
11800,0,200,"sd","09:15:17",81700
11800,0,8100,"sd","09:15:09",81500
11800,0,73400,"unknown","09:15:00",73400
