"price","change","match_qtty","side","time","total_vol"
10800,100,5000,"sd","15:00:01",1307700
10900,200,900,"bu","14:59:58",1302700
10800,100,7400,"sd","14:59:38",1301800
10800,100,400,"sd","14:59:17",1294400
10800,100,82000,"sd","14:59:08",1294000
10800,100,300,"sd","14:57:12",1212000
10800,100,4000,"sd","14:57:04",1211700
10800,100,2000,"sd","14:56:40",1207700
10800,100,15000,"sd","14:56:19",1205700
10800,100,500,"sd","14:50:49",1190700
10800,100,100,"sd","14:50:37",1190200
10800,100,2000,"sd","14:50:07",1190100
10800,100,9700,"sd","14:49:58",1188100
10800,100,3200,"sd","14:49:54",1178400
10800,100,600,"sd","14:48:41",1175200
10800,100,100,"sd","14:48:15",1174600
10800,100,100,"sd","14:47:31",1174500
10800,100,100,"sd","14:47:13",1174400
10800,100,1000,"sd","14:47:04",1174300
10800,100,1000,"sd","14:46:50",1173300
10800,100,12600,"sd","14:45:25",1172300
10900,200,5000,"bu","14:44:07",1159700
10900,200,100,"bu","14:43:55",1154700
10800,100,1000,"sd","14:43:26",1154600
10800,100,800,"sd","14:42:36",1153600
10800,100,500,"sd","14:41:18",1152800
10800,100,200,"sd","14:39:03",1152300
10800,100,2300,"sd","14:38:45",1152100
10800,100,5000,"sd","14:37:58",1149800
10800,100,500,"sd","14:36:11",1144800
10800,100,300,"sd","14:35:12",1144300
10800,100,3000,"sd","14:35:00",1144000
10800,100,200,"sd","14:34:29",1141000
10800,100,300,"sd","14:33:25",1140800
10800,100,3000,"sd","14:32:44",1140500
10800,100,400,"sd","14:32:41",1137500
10800,100,800,"sd","14:32:10",1137100
10800,100,300,"sd","14:31:30",1136300
10800,100,2000,"sd","14:31:25",1136000
10800,100,4000,"sd","14:30:55",1134000
10800,100,500,"sd","14:30:39",1130000
10800,100,2000,"sd","14:30:10",1129500
10800,100,100,"sd","14:29:03",1127500
10800,100,900,"sd","14:29:00",1127400
10800,100,500,"sd","14:28:59",1126500
10800,100,500,"sd","14:28:43",1126000
10800,100,4700,"sd","14:28:39",1125500
10800,100,1000,"sd","14:28:38",1120800
10800,100,6000,"sd","14:28:26",1119800
10800,100,1000,"sd","14:28:23",1113800
10800,100,100,"sd","14:28:15",1112800
10800,100,2000,"sd","14:27:42",1112700
10800,100,10000,"sd","14:27:30",1110700
10800,100,4000,"sd","14:27:28",1100700
10800,100,1000,"sd","14:27:21",1096700
10800,100,500,"sd","14:27:19",1095700
10800,100,4000,"sd","14:27:11",1095200
10800,100,1000,"sd","14:27:04",1091200
10800,100,1000,"sd","14:27:03",1090200
10800,100,400,"sd","14:26:44",1089200
10800,100,200,"sd","14:26:40",1088800
10800,100,1500,"sd","14:25:37",1088600
10800,100,5000,"sd","14:25:01",1087100
10800,100,500,"sd","14:24:50",1082100
10800,100,100,"sd","14:23:52",1081600
10800,100,100,"sd","14:23:33",1081500
10800,100,500,"sd","14:23:12",1081400
10800,100,5000,"sd","14:23:09",1080900
10800,100,300,"sd","14:22:44",1075900
10800,100,100,"sd","14:21:42",1075600
10800,100,1000,"sd","14:21:41",1075500
10800,100,200,"sd","14:21:06",1074500
10800,100,100,"sd","14:20:42",1074300
10800,100,100,"sd","14:20:35",1074200
10800,100,2000,"sd","14:20:21",1074100
10800,100,2000,"sd","14:19:41",1072100
10800,100,2000,"sd","14:19:36",1070100
10800,100,1000,"sd","14:19:29",1068100
10800,100,2000,"sd","14:19:28",1067100
10800,100,2000,"sd","14:19:24",1065100
10800,100,300,"sd","14:19:07",1063100
10800,100,100,"sd","14:19:06",1062800
10800,100,50000,"sd","14:19:03",1062700
10800,100,1000,"sd","14:18:23",1012700
10800,100,17000,"sd","14:18:21",1011700
10800,100,2400,"sd","14:18:06",994700
10800,100,4100,"sd","14:17:38",992300
10800,100,400,"sd","14:17:34",988200
10800,100,7000,"sd","14:16:57",987800
10800,100,10000,"sd","14:16:45",980800
10800,100,500,"sd","14:16:38",970800
10800,100,400,"sd","14:16:30",970300
10800,100,100,"sd","14:16:01",969900
10800,100,2000,"sd","14:15:47",969800
10800,100,2000,"sd","14:15:41",967800
10800,100,2000,"sd","14:15:31",965800
10800,100,200,"sd","14:15:20",963800
10800,100,100,"sd","14:15:12",963600
10800,100,10000,"sd","14:13:43",963500
10800,100,500,"sd","14:13:35",953500
10800,100,200,"sd","14:13:21",953000
10800,100,100,"sd","14:13:00",952800
10800,100,5000,"sd","14:12:47",952700
10800,100,100,"sd","14:12:37",947700
10800,100,4000,"sd","14:12:31",947600
10900,200,2000,"bu","14:11:10",943600
10900,200,200,"bu","14:11:01",941600
10900,200,5000,"bu","14:10:41",941400
10900,200,100,"bu","14:10:28",936400
10900,200,10000,"bu","14:08:48",936300
10900,200,2500,"bu","14:08:20",926300
10900,200,5000,"bu","14:08:13",923800
10900,200,4000,"bu","14:08:04",918800
10900,200,5000,"bu","14:07:09",914800
10800,100,1000,"sd","14:07:03",909800
10900,200,200,"bu","14:06:20",908800
10900,200,1100,"bu","14:06:11",908600
10900,200,2000,"bu","14:06:00",907500
10900,200,100,"bu","14:05:47",905500
10900,200,30000,"bu","14:05:01",905400
10900,200,200,"bu","14:04:53",875400
10900,200,1000,"bu","14:04:38",875200
10900,200,1000,"bu","14:03:50",874200
10900,200,500,"bu","14:03:20",873200
10900,200,200,"bu","14:02:52",872700
10900,200,500,"bu","14:02:47",872500
10900,200,5000,"bu","14:02:37",872000
10800,100,9000,"sd","14:02:35",867000
10900,200,300,"bu","14:02:27",858000
10800,100,8000,"sd","14:02:11",857700
10900,200,100,"bu","14:01:54",849700
10900,200,500,"bu","14:01:28",849600
10900,200,100,"bu","14:01:26",849100
10900,200,500,"bu","14:01:12",849000
10900,200,300,"bu","14:01:08",848500
10900,200,200,"bu","13:59:17",848200
10800,100,2000,"sd","13:58:55",848000
10800,100,1500,"sd","13:58:34",846000
10800,100,4500,"sd","13:58:28",844500
10800,100,1000,"sd","13:58:04",840000
10800,100,500,"sd","13:57:35",839000
10800,100,2000,"sd","13:57:21",838500
10800,100,100,"sd","13:56:29",836500
10800,100,1000,"sd","13:56:28",836400
10800,100,1000,"sd","13:56:24",835400
10800,100,100,"sd","13:56:22",834400
10800,100,900,"sd","13:56:03",834300
10800,100,500,"sd","13:55:39",833400
10900,200,8000,"bu","13:55:12",832900
10800,100,200,"sd","13:54:34",824900
10800,100,500,"sd","13:54:30",824700
10800,100,500,"bu","13:54:27",824200
10800,100,10000,"bu","13:53:30",823700
10800,100,1500,"bu","13:52:43",813700
10800,100,20000,"bu","13:52:27",812200
10800,100,4000,"bu","13:52:09",792200
10800,100,1000,"bu","13:50:25",788200
10800,100,7700,"bu","13:50:23",787200
10800,100,1000,"sd","13:50:12",779500
10800,100,100,"sd","13:50:10",778500
10800,100,1000,"sd","13:50:09",778400
10800,100,11000,"sd","13:50:06",777400
10800,100,10500,"sd","13:50:01",766400
10800,100,700,"sd","13:50:00",755900
10800,100,500,"sd","13:49:46",755200
10800,100,200,"sd","13:49:32",754700
10800,100,500,"sd","13:49:30",754500
10800,100,1000,"sd","13:49:27",754000
10800,100,5100,"sd","13:48:55",753000
10800,100,100,"sd","13:47:44",747900
10800,100,100,"sd","13:47:36",747800
10800,100,100,"sd","13:47:22",747700
10800,100,500,"sd","13:47:20",747600
10800,100,400,"sd","13:47:10",747100
10800,100,500,"sd","13:46:24",746700
10800,100,1000,"sd","13:46:23",746200
10800,100,3000,"sd","13:45:28",745200
10800,100,200,"sd","13:45:27",742200
10800,100,3000,"sd","13:45:17",742000
10800,100,500,"sd","13:45:14",739000
10800,100,300,"sd","13:45:12",738500
10800,100,1000,"sd","13:44:55",738200
10800,100,1000,"sd","13:43:09",737200
10800,100,2000,"sd","13:43:06",736200
10800,100,1000,"sd","13:42:16",734200
10800,100,1800,"sd","13:41:56",733200
10800,100,5000,"sd","13:41:52",731400
10800,100,1000,"sd","13:41:49",726400
10800,100,11800,"sd","13:41:38",725400
10900,200,1000,"bu","13:41:31",713600
10800,100,500,"sd","13:41:24",712600
10800,100,5000,"sd","13:41:04",712100
10800,100,1400,"sd","13:39:24",707100
10800,100,100,"sd","13:39:05",705700
10800,100,5000,"sd","13:39:01",705600
10800,100,100,"sd","13:38:17",700600
10800,100,1500,"sd","13:38:07",700500
10800,100,500,"sd","13:38:03",699000
10800,100,200,"sd","13:38:00",698500
10800,100,100,"sd","13:37:45",698300
10800,100,21900,"sd","13:37:15",698200
10800,100,1000,"sd","13:37:08",676300
10800,100,20000,"sd","13:37:04",675300
10800,100,3000,"sd","13:36:56",655300
10800,100,1000,"sd","13:36:39",652300
10800,100,1000,"sd","13:35:55",651300
10800,100,200,"sd","13:35:50",650300
10800,100,100,"sd","13:35:26",650100
10900,200,400,"bu","13:35:14",650000
10900,200,3000,"bu","13:35:13",649600
10900,200,1000,"bu","13:35:08",646600
10900,200,1000,"bu","13:34:49",645600
10900,200,10000,"bu","13:34:11",644600
10800,100,1000,"sd","13:33:50",634600
10800,100,1400,"sd","13:33:49",633600
10800,100,1000,"bu","13:33:48",632200
10800,100,200,"bu","13:33:46",631200
10800,100,10000,"bu","13:33:45",631000
10800,100,2000,"bu","13:33:43",621000
10800,100,300,"bu","13:33:41",619000
10800,100,10000,"bu","13:33:38",618700
10800,100,200,"bu","13:33:37",608700
10800,100,5000,"bu","13:33:33",608500
10800,100,900,"bu","13:33:31",603500
10800,100,200,"bu","13:33:30",602600
10800,100,200,"bu","13:33:27",602400
10800,100,10000,"bu","13:33:20",602200
10800,100,2000,"bu","13:33:18",592200
10800,100,1000,"bu","13:33:13",590200
10800,100,30000,"bu","13:33:10",589200
10800,100,8000,"bu","13:33:08",559200
10800,100,500,"bu","13:33:06",551200
10800,100,1000,"bu","13:33:01",550700
10800,100,1000,"bu","13:32:54",549700
10800,100,3600,"bu","13:32:53",548700
10800,100,1400,"bu","13:32:51",545100
10800,100,700,"bu","13:32:50",543700
10800,100,10000,"bu","13:32:48",543000
10800,100,3000,"bu","13:32:44",533000
10800,100,4000,"bu","13:32:43",530000
10800,100,5000,"bu","13:32:40",526000
10800,100,6000,"bu","13:32:38",521000
10800,100,20000,"bu","13:32:31",515000
10800,100,300,"bu","13:32:17",495000
10800,100,100,"bu","13:32:14",494700
10800,100,20800,"bu","13:32:11",494600
10800,100,3000,"bu","13:32:06",473800
10800,100,10000,"bu","13:31:49",470800
10800,100,100,"bu","13:31:39",460800
10800,100,200,"bu","13:31:26",460700
10700,0,30000,"sd","13:31:21",460500
10800,100,3600,"bu","13:31:12",430500
10700,0,3400,"sd","13:30:54",426900
10800,100,1000,"bu","13:30:31",423500
10700,0,200,"sd","13:29:51",422500
10700,0,300,"sd","13:28:49",422300
10800,100,30000,"bu","13:28:48",422000
10700,0,1000,"sd","13:26:42",392000
10700,0,3200,"sd","13:25:59",391000
10700,0,100,"sd","13:25:52",387800
10700,0,4000,"sd","13:25:48",387700
10700,0,800,"sd","13:25:06",383700
10700,0,200,"sd","13:24:27",382900
10700,0,400,"sd","13:24:21",382700
10700,0,9000,"sd","13:23:23",382300
10700,0,500,"sd","13:22:41",373300
10700,0,200,"sd","13:21:30",372800
10700,0,600,"sd","13:20:30",372600
10700,0,6000,"sd","13:19:30",372000
10700,0,2000,"sd","13:19:21",366000
10700,0,100,"sd","13:16:33",364000
10700,0,300,"sd","13:15:33",363900
10700,0,5000,"sd","13:15:03",363600
10700,0,400,"sd","13:14:01",358600
10700,0,500,"sd","13:11:40",358200
10700,0,200,"sd","13:11:28",357700
10700,0,100,"sd","13:11:22",357500
10700,0,6400,"sd","13:10:29",357400
10700,0,2000,"bu","13:09:10",351000
10600,-100,100,"sd","13:08:15",349000
10700,0,100,"bu","13:07:48",348900
10700,0,500,"bu","13:07:35",348800
10700,0,400,"bu","13:07:32",348300
10700,0,300,"bu","13:07:11",347900
10700,0,900,"bu","13:07:05",347600
10700,0,5000,"bu","13:07:03",346700
10700,0,7000,"bu","13:04:58",341700
10600,-100,500,"sd","13:03:15",334700
10600,-100,1000,"sd","13:02:28",334200
10700,0,7700,"bu","13:00:04",333200
10700,0,100,"sd","11:29:22",325500
10700,0,1100,"sd","11:28:54",325400
10700,0,100,"sd","11:28:04",324300
10700,0,100,"sd","11:26:54",324200
10700,0,100,"sd","11:26:24",324100
10700,0,3500,"bu","11:21:20",324000
10700,0,500,"sd","11:21:09",320500
10700,0,200,"sd","11:21:07",320000
10700,0,700,"sd","11:20:33",319800
10700,0,1000,"sd","11:20:31",319100
10700,0,2000,"sd","11:19:23",318100
10700,0,100,"sd","11:18:18",316100
10700,0,2900,"bu","11:17:02",316000
10700,0,300,"bu","11:14:06",313100
10700,0,300,"bu","11:13:30",312800
10700,0,1000,"sd","11:12:48",312500
10700,0,300,"sd","11:11:57",311500
10700,0,200,"bu","11:09:49",311200
10700,0,1000,"bu","11:09:14",311000
10700,0,3900,"bu","11:09:09",310000
10700,0,5000,"sd","11:08:42",306100
10700,0,1500,"sd","11:07:58",301100
10700,0,100,"sd","11:07:34",299600
10700,0,1000,"sd","11:07:03",299500
10700,0,100,"sd","11:06:26",298500
10700,0,2000,"sd","11:04:39",298400
10700,0,500,"sd","11:03:17",296400
10800,100,200,"bu","11:02:38",295900
10700,0,100,"sd","11:02:24",295700
10700,0,9200,"sd","11:02:17",295600
10700,0,15000,"bu","11:02:12",286400
10700,0,2000,"bu","11:02:03",271400
10700,0,400,"bu","11:01:57",269400
10700,0,10000,"bu","11:01:55",269000
10700,0,200,"bu","11:01:28",259000
10700,0,2000,"bu","11:01:26",258800
10700,0,100,"bu","11:01:24",256800
10700,0,10000,"bu","11:01:21",256700
10700,0,100,"bu","11:01:20",246700
10700,0,200,"bu","11:01:11",246600
10700,0,500,"bu","11:01:10",246400
10700,0,5100,"bu","11:00:33",245900
10700,0,500,"bu","11:00:19",240800
10700,0,100,"bu","11:00:18",240300
10700,0,300,"bu","10:58:59",240200
10700,0,1000,"bu","10:58:49",239900
10700,0,600,"bu","10:58:26",238900
10700,0,500,"bu","10:58:13",238300
10700,0,200,"bu","10:57:04",237800
10700,0,100,"bu","10:55:43",237600
10600,-100,100,"sd","10:54:20",237500
10700,0,500,"bu","10:52:06",237400
10600,-100,500,"sd","10:51:39",236900
10600,-100,5000,"sd","10:51:19",236400
10700,0,100,"bu","10:49:52",231400
10700,0,200,"bu","10:48:28",231300
10700,0,100,"bu","10:46:39",231100
10700,0,500,"bu","10:46:05",231000
10700,0,500,"bu","10:44:45",230500
10600,-100,300,"sd","10:44:33",230000
10700,0,100,"bu","10:44:20",229700
10700,0,500,"bu","10:43:46",229600
10700,0,500,"bu","10:43:11",229100
10700,0,6500,"bu","10:43:04",228600
10700,0,1100,"sd","10:42:45",222100
10700,0,1000,"sd","10:42:30",221000
10700,0,3600,"sd","10:42:05",220000
10700,0,10000,"sd","10:40:48",216400
10700,0,3000,"sd","10:40:24",206400
10700,0,8200,"sd","10:40:16",203400
10700,0,300,"sd","10:40:07",195200
10700,0,400,"sd","10:39:32",194900
10700,0,2000,"sd","10:38:26",194500
10700,0,500,"sd","10:38:24",192500
10700,0,200,"sd","10:36:55",192000
10700,0,1100,"sd","10:36:39",191800
10700,0,600,"sd","10:36:00",190700
10700,0,500,"sd","10:35:03",190100
10800,100,300,"bu","10:33:05",189600
10700,0,200,"sd","10:32:09",189300
10700,0,100,"sd","10:28:50",189100
10800,100,10000,"bu","10:27:50",189000
10800,100,5000,"bu","10:25:48",179000
10800,100,600,"bu","10:24:45",174000
10700,0,100,"sd","10:24:36",173400
10700,0,200,"sd","10:22:24",173300
10700,0,800,"sd","10:19:47",173100
10700,0,600,"sd","10:17:46",172300
10700,0,1400,"sd","10:16:22",171700
10700,0,100,"bu","10:16:12",170300
10700,0,2000,"sd","10:16:11",170200
10700,0,300,"sd","10:15:51",168200
10700,0,6000,"bu","10:15:43",167900
10700,0,100,"bu","10:14:22",161900
10700,0,400,"bu","10:14:20",161800
10700,0,1000,"bu","10:14:15",161400
10700,0,300,"bu","10:14:02",160400
10700,0,1300,"bu","10:13:59",160100
10700,0,1000,"bu","10:13:26",158800
10700,0,20000,"bu","10:13:07",157800
10700,0,4600,"bu","10:11:43",137800
10700,0,300,"bu","10:11:34",133200
10700,0,200,"bu","10:10:18",132900
10700,0,3000,"bu","10:08:07",132700
10700,0,100,"bu","10:05:38",129700
10700,0,300,"bu","10:05:09",129600
10700,0,5000,"bu","10:04:52",129300
10700,0,10000,"bu","10:04:27",124300
10700,0,300,"bu","10:03:43",114300
10700,0,5000,"bu","10:02:22",114000
10700,0,100,"bu","09:59:59",109000
10600,-100,5300,"sd","09:59:56",108900
10600,-100,800,"sd","09:59:21",103600
10600,-100,2000,"sd","09:58:54",102800
10600,-100,500,"sd","09:58:39",100800
10700,0,500,"bu","09:57:41",100300
10700,0,1000,"bu","09:53:13",99800
10700,0,100,"bu","09:52:23",98800
10700,0,2000,"bu","09:51:31",98700
10700,0,100,"bu","09:51:28",96700
10700,0,500,"bu","09:51:18",96600
10700,0,100,"bu","09:51:04",96100
10700,0,100,"bu","09:50:53",96000
10700,0,1000,"bu","09:48:24",95900
10700,0,1000,"bu","09:46:56",94900
10700,0,10000,"bu","09:46:08",93900
10700,0,1000,"bu","09:43:35",83900
10700,0,1000,"bu","09:43:21",82900
10700,0,1200,"sd","09:42:54",81900
10700,0,1300,"sd","09:42:13",80700
10700,0,2000,"sd","02:42:12",79400
10700,0,3600,"unknown","09:39:33",77400
10700,0,1400,"bu","09:38:39",73800
10700,0,700,"sd","09:37:19",72400
10800,100,23000,"bu","09:34:50",71700
10700,0,500,"bu","09:34:42",48700
10700,0,500,"bu","09:34:20",48200
10700,0,100,"bu","09:33:24",47700
10600,-100,100,"sd","09:32:32",47600
10600,-100,3100,"sd","09:32:16",47500
10600,-100,100,"sd","09:32:12",44400
10600,-100,500,"sd","09:31:01",44300
10700,0,100,"bu","09:30:44",43800
10600,-100,100,"sd","09:30:22",43700
10600,-100,100,"sd","09:30:12",43600
10600,-100,200,"sd","09:29:54",43500
10600,-100,100,"sd","09:29:41",43300
10700,0,200,"bu","09:28:34",43200
10700,0,500,"bu","09:27:22",43000
10700,0,500,"bu","09:26:42",42500
10700,0,400,"bu","09:25:59",42000
10700,0,200,"bu","09:25:21",41600
10700,0,400,"sd","09:25:06",41400
10700,0,1000,"bu","09:24:38",41000
10700,0,3600,"bu","09:24:36",40000
10700,0,800,"sd","09:24:08",36400
10700,0,100,"sd","09:24:00",35600
10700,0,500,"sd","09:23:03",35500
10700,0,1000,"sd","09:22:59",35000
10700,0,1000,"sd","09:22:47",34000
10700,0,400,"sd","09:22:32",33000
10700,0,100,"sd","09:22:11",32600
10700,0,2000,"sd","09:22:01",32500
10700,0,100,"sd","09:21:57",30500
10700,0,300,"sd","09:21:35",30400
10700,0,100,"sd","09:21:09",30100
10700,0,8000,"sd","09:20:50",30000
10700,0,800,"sd","09:20:28",22000
10700,0,300,"sd","09:20:27",21200
10700,0,1000,"sd","09:20:25",20900
10700,0,10000,"sd","09:20:19",19900
10700,0,5000,"sd","09:19:45",9900
10700,0,1000,"sd","09:19:18",4900
10800,100,100,"bu","09:17:18",3900
10800,100,500,"bu","09:13:00",3800
10800,100,1000,"bu","09:12:26",3300
10800,100,100,"bu","09:09:19",2300
10800,100,500,"bu","09:09:09",2200
10800,100,500,"bu","09:08:57",1700
10800,100,1000,"bu","09:03:00",1200
10800,100,200,"bu","09:00:34",200
