"price","change","match_qtty","side","time","total_vol"
32900,500,106300,"unknown","14:45:02",728700
32550,150,900,"sd","14:29:56",622400
32600,200,100,"sd","14:29:56",621500
32550,150,2900,"sd","14:28:57",621400
32550,150,200,"sd","14:28:57",618500
32600,200,200,"sd","14:28:57",618300
32600,200,500,"sd","14:28:57",618100
32600,200,500,"sd","14:28:57",617600
32600,200,100,"sd","14:28:57",617100
32650,250,100,"sd","14:28:57",617000
32600,200,800,"sd","14:28:32",616900
32650,250,100,"sd","14:28:32",616100
32650,250,100,"sd","14:28:32",616000
32700,300,2000,"bu","14:27:55",615900
32600,200,400,"sd","14:27:46",613900
32600,200,500,"sd","14:27:46",613500
32600,200,2000,"sd","14:27:46",613000
32600,200,100,"sd","14:27:46",611000
32600,200,100,"sd","14:27:46",610900
32600,200,300,"sd","14:27:46",610800
32600,200,200,"sd","14:27:46",610500
32600,200,1100,"sd","14:27:46",610300
32600,200,100,"sd","14:27:46",609200
32600,200,200,"sd","14:27:46",609100
32600,200,400,"sd","14:26:39",608900
32600,200,500,"sd","14:26:39",608500
32600,200,500,"sd","14:26:39",608000
32650,250,500,"sd","14:26:39",607500
32650,250,500,"sd","14:26:39",607000
32650,250,500,"sd","14:26:39",606500
32650,250,100,"sd","14:26:39",606000
32650,250,100,"sd","14:26:39",605900
32650,250,1900,"sd","14:26:39",605800
32650,250,100,"sd","14:26:10",603900
32650,250,1000,"sd","14:26:10",603800
32650,250,100,"sd","14:26:10",602800
32650,250,200,"sd","14:26:10",602700
32650,250,600,"sd","14:26:10",602500
32650,250,100,"sd","14:26:00",601900
32650,250,200,"sd","14:26:00",601800
32650,250,700,"sd","14:26:00",601600
32700,300,200,"bu","14:25:36",600900
32700,300,200,"bu","14:25:27",600700
32700,300,2000,"bu","14:25:24",600500
32700,300,3200,"sd","14:25:06",598500
32700,300,200,"sd","14:24:53",595300
32700,300,4000,"bu","14:24:40",595100
32700,300,2600,"bu","14:24:40",591100
32700,300,300,"bu","14:23:56",588500
32700,300,5000,"bu","14:23:53",588200
32700,300,200,"bu","14:23:34",583200
32650,250,200,"sd","14:23:13",583000
32700,300,300,"sd","14:23:11",582800
32650,250,100,"sd","14:22:55",582500
32700,300,300,"bu","14:22:42",582400
32700,300,200,"bu","14:22:42",582100
32700,300,400,"bu","14:22:42",581900
32700,300,200,"bu","14:21:53",581500
32700,300,1000,"bu","14:21:36",581300
32700,300,1400,"bu","14:21:17",580300
32700,300,500,"bu","14:21:17",578900
32700,300,100,"bu","14:21:17",578400
32700,300,100,"bu","14:21:05",578300
32650,250,300,"sd","14:20:42",578200
32650,250,200,"sd","14:20:23",577900
32650,250,800,"sd","14:20:23",577700
32650,250,700,"sd","14:20:00",576900
32650,250,600,"sd","14:19:26",576200
32650,250,400,"sd","14:19:00",575600
32650,250,100,"sd","14:19:00",575200
32650,250,300,"sd","14:18:45",575100
32650,250,200,"sd","14:18:45",574800
32700,300,200,"bu","14:18:43",574600
32700,300,200,"bu","14:17:56",574400
32700,300,200,"bu","14:17:14",574200
32700,300,300,"bu","14:17:14",574000
32700,300,200,"bu","14:16:09",573700
32700,300,200,"bu","14:15:28",573500
32700,300,100,"bu","14:15:17",573300
32700,300,1000,"bu","14:15:07",573200
32700,300,200,"bu","14:14:58",572200
32700,300,1000,"bu","14:14:54",572000
32700,300,100,"bu","14:14:54",571000
32700,300,100,"bu","14:13:53",570900
32700,300,1000,"bu","14:13:51",570800
32700,300,200,"bu","14:13:40",569800
32700,300,1000,"bu","14:13:29",569600
32700,300,100,"bu","14:13:18",568600
32700,300,2000,"bu","14:13:10",568500
32700,300,500,"sd","14:13:07",566500
32700,300,300,"sd","14:13:07",566000
32700,300,200,"sd","14:13:07",565700
32700,300,100,"sd","14:13:07",565500
32700,300,200,"sd","14:13:07",565400
32700,300,300,"sd","14:13:07",565200
32700,300,100,"sd","14:13:07",564900
32700,300,300,"sd","14:13:07",564800
32700,300,400,"sd","14:13:07",564500
32700,300,500,"sd","14:13:07",564100
32700,300,2000,"sd","14:13:07",563600
32700,300,700,"sd","14:13:07",561600
32700,300,700,"sd","14:13:07",560900
32700,300,100,"sd","14:13:07",560200
32700,300,500,"sd","14:13:07",560100
32700,300,100,"sd","14:13:07",559600
32750,350,500,"sd","14:13:07",559500
32750,350,500,"sd","14:13:07",559000
32750,350,8000,"sd","14:13:07",558500
32750,350,500,"sd","14:13:07",550500
32750,350,200,"sd","14:13:07",550000
32750,350,1000,"sd","14:13:07",549800
32750,350,200,"sd","14:13:07",548800
32750,350,1000,"sd","14:13:07",548600
32750,350,2000,"sd","14:13:07",547600
32750,350,200,"sd","14:13:07",545600
32800,400,200,"bu","14:11:45",545400
32750,350,800,"sd","14:11:20",545200
32800,400,500,"sd","14:10:04",544400
32800,400,100,"sd","14:10:04",543900
32800,400,2000,"sd","14:09:24",543800
32800,400,500,"sd","14:09:24",541800
32800,400,300,"sd","14:09:24",541300
32800,400,100,"sd","14:09:13",541000
32800,400,100,"bu","14:08:20",540900
32800,400,1000,"bu","14:08:20",540800
32800,400,300,"bu","14:08:20",539800
32800,400,800,"bu","14:08:20",539500
32800,400,100,"bu","14:08:15",538700
32800,400,100,"bu","14:08:05",538600
32800,400,600,"bu","14:08:05",538500
32800,400,200,"bu","14:08:05",537900
32800,400,100,"bu","14:08:05",537700
32800,400,400,"bu","14:08:02",537600
32800,400,800,"bu","14:08:02",537200
32800,400,200,"bu","14:08:01",536400
32800,400,10000,"bu","14:07:54",536200
32800,400,500,"bu","14:07:48",526200
32800,400,200,"bu","14:07:47",525700
32800,400,2000,"bu","14:07:37",525500
32800,400,4000,"bu","14:07:22",523500
32800,400,1500,"bu","14:07:22",519500
32800,400,1300,"bu","14:07:22",518000
32800,400,1200,"bu","14:07:22",516700
32800,400,100,"bu","14:06:56",515500
32800,400,300,"bu","14:06:30",515400
32800,400,2600,"bu","14:05:58",515100
32800,400,100,"bu","14:04:55",512500
32800,400,700,"bu","14:02:56",512400
32800,400,300,"bu","14:02:56",511700
32750,350,2000,"sd","14:02:51",511400
32750,350,100,"sd","14:02:33",509400
32750,350,1000,"sd","14:02:23",509300
32750,350,100,"sd","14:02:08",508300
32750,350,200,"sd","14:00:30",508200
32750,350,700,"sd","13:59:44",508000
32750,350,400,"sd","13:59:44",507300
32750,350,1000,"sd","13:59:44",506900
32750,350,3600,"sd","13:59:44",505900
32800,400,100,"bu","13:59:44",502300
32800,400,200,"bu","13:58:23",502200
32800,400,400,"bu","13:56:17",502000
32800,400,600,"bu","13:56:17",501600
32800,400,300,"bu","13:55:54",501000
32800,400,1000,"bu","13:55:47",500700
32800,400,400,"bu","13:55:37",499700
32800,400,200,"bu","13:55:37",499300
32800,400,700,"bu","13:55:37",499100
32800,400,4800,"bu","13:55:37",498400
32800,400,400,"bu","13:55:35",493600
32800,400,1000,"bu","13:53:22",493200
32750,350,200,"sd","13:52:47",492200
32750,350,100,"sd","13:52:44",492000
32750,350,100,"sd","13:51:38",491900
32800,400,400,"bu","13:50:40",491800
32800,400,100,"bu","13:50:21",491400
32750,350,200,"sd","13:49:38",491300
32750,350,500,"sd","13:49:26",491100
32750,350,3300,"sd","13:49:15",490600
32750,350,100,"sd","13:49:15",487300
32750,350,300,"sd","13:49:15",487200
32750,350,1000,"sd","13:49:15",486900
32750,350,300,"sd","13:49:15",485900
32800,400,2000,"bu","13:48:34",485600
32750,350,700,"sd","13:48:30",483600
32750,350,900,"sd","13:48:30",482900
32800,400,400,"bu","13:48:22",482000
32800,400,200,"bu","13:47:07",481600
32750,350,1000,"sd","13:45:50",481400
32750,350,1000,"sd","13:45:09",480400
32750,350,1000,"sd","13:44:27",479400
32800,400,1000,"bu","13:44:26",478400
32800,400,200,"bu","13:43:28",477400
32750,350,400,"sd","13:42:29",477200
32800,400,200,"bu","13:42:28",476800
32800,400,200,"bu","13:42:21",476600
32800,400,9100,"bu","13:42:14",476400
32800,400,900,"bu","13:42:14",467300
32800,400,300,"bu","13:41:34",466400
32800,400,200,"bu","13:41:10",466100
32750,350,1300,"bu","13:40:43",465900
32750,350,400,"bu","13:40:43",464600
32750,350,100,"bu","13:40:34",464200
32750,350,1100,"bu","13:40:24",464100
32750,350,100,"bu","13:40:24",463000
32750,350,3800,"bu","13:40:24",462900
32750,350,5000,"bu","13:40:22",459100
32750,350,5000,"bu","13:39:47",454100
32750,350,5000,"bu","13:39:44",449100
32700,300,100,"sd","13:38:14",444100
32700,300,300,"sd","13:38:14",444000
32750,350,300,"bu","13:37:12",443700
32750,350,300,"bu","13:37:01",443400
32750,350,100,"bu","13:36:45",443100
32750,350,500,"bu","13:35:52",443000
32700,300,500,"sd","13:33:57",442500
32700,300,100,"sd","13:33:08",442000
32700,300,4500,"sd","13:32:57",441900
32700,300,2000,"sd","13:32:09",437400
32700,300,1000,"sd","13:29:20",435400
32700,300,1100,"sd","13:27:35",434400
32750,350,1200,"bu","13:24:30",433300
32750,350,100,"bu","13:24:04",432100
32750,350,800,"bu","13:23:49",432000
32700,300,500,"sd","13:23:39",431200
32750,350,200,"sd","13:23:21",430700
32750,350,300,"sd","13:23:17",430500
32750,350,200,"sd","13:23:17",430200
32750,350,1300,"sd","13:23:17",430000
32800,400,700,"bu","13:20:49",428700
32800,400,100,"bu","13:20:49",428000
32800,400,300,"bu","13:20:49",427900
32800,400,700,"bu","13:20:49",427600
32750,350,400,"sd","13:20:41",426900
32750,350,300,"sd","13:19:31",426500
32750,350,4000,"sd","13:18:57",426200
32750,350,300,"sd","13:18:19",422200
32750,350,200,"sd","13:18:19",421900
32800,400,300,"sd","13:17:16",421700
32800,400,100,"sd","13:16:56",421400
32800,400,2000,"sd","13:16:56",421300
32800,400,1000,"sd","13:16:56",419300
32800,400,2900,"sd","13:16:56",418300
32850,450,7200,"bu","13:15:21",415400
32850,450,500,"bu","13:15:21",408200
32850,450,300,"bu","13:15:21",407700
32850,450,100,"bu","13:15:21",407400
32850,450,800,"bu","13:15:21",407300
32800,400,100,"sd","13:15:15",406500
32800,400,300,"sd","13:15:15",406400
32800,400,200,"sd","13:14:58",406100
32800,400,100,"sd","13:14:58",405900
32800,400,800,"sd","13:14:55",405800
32800,400,100,"sd","13:14:39",405000
32800,400,3000,"sd","13:14:26",404900
32800,400,100,"sd","13:13:06",401900
32800,400,200,"sd","13:11:06",401800
32800,400,100,"bu","13:11:05",401600
32800,400,100,"bu","13:11:05",401500
32800,400,300,"bu","13:08:17",401400
32800,400,200,"bu","13:08:17",401100
32800,400,200,"bu","13:08:16",400900
32800,400,500,"bu","13:07:38",400700
32800,400,400,"bu","13:07:38",400200
32800,400,100,"bu","13:07:25",399800
32800,400,200,"bu","13:07:25",399700
32800,400,100,"bu","13:07:25",399500
32800,400,900,"bu","13:07:25",399400
32750,350,100,"sd","13:07:11",398500
32750,350,900,"sd","13:07:11",398400
32750,350,200,"sd","13:06:42",397500
32750,350,100,"sd","13:04:35",397300
32750,350,200,"sd","13:04:00",397200
32800,400,400,"bu","13:02:45",397000
32800,400,200,"bu","13:02:45",396600
32800,400,200,"bu","13:02:45",396400
32750,350,200,"sd","13:02:28",396200
32750,350,500,"sd","13:02:20",396000
32750,350,1000,"sd","13:02:17",395500
32750,350,1900,"sd","13:02:12",394500
32750,350,500,"sd","13:02:12",392600
32750,350,5000,"sd","13:02:12",392100
32750,350,1000,"sd","13:02:12",387100
32750,350,200,"sd","13:02:12",386100
32750,350,100,"sd","13:02:12",385900
32750,350,400,"sd","13:02:12",385800
32750,350,100,"sd","13:02:12",385400
32750,350,600,"sd","13:02:12",385300
32750,350,1000,"sd","13:02:11",384700
32750,350,200,"sd","13:01:53",383700
32750,350,200,"sd","13:00:45",383500
32800,400,200,"bu","13:00:21",383300
32750,350,600,"sd","13:00:06",383100
32800,400,200,"sd","13:00:06",382500
32800,400,100,"sd","13:00:06",382300
32800,400,200,"sd","13:00:06",382200
32800,400,1800,"sd","13:00:05",382000
32800,400,200,"sd","13:00:05",380200
32800,400,400,"sd","13:00:05",380000
32800,400,200,"sd","13:00:03",379600
32850,450,500,"bu","11:29:32",379400
32850,450,100,"bu","11:29:32",378900
32850,450,1000,"bu","11:29:32",378800
32850,450,100,"bu","11:29:32",377800
32850,450,300,"bu","11:29:32",377700
32850,450,200,"bu","11:28:57",377400
32800,400,100,"sd","11:28:40",377200
32800,400,100,"sd","11:28:40",377100
32800,400,500,"sd","11:28:28",377000
32800,400,500,"bu","11:27:46",376500
32800,400,100,"bu","11:27:46",376000
32800,400,500,"bu","11:27:46",375900
32800,400,100,"bu","11:27:46",375400
32800,400,200,"bu","11:27:46",375300
32800,400,1900,"bu","11:27:09",375100
32800,400,100,"bu","11:27:09",373200
32800,400,400,"bu","11:27:03",373100
32800,400,1000,"bu","11:26:41",372700
32800,400,2000,"bu","11:24:57",371700
32800,400,1500,"bu","11:24:52",369700
32750,350,2400,"sd","11:23:03",368200
32750,350,200,"sd","11:23:03",365800
32750,350,400,"sd","11:23:03",365600
32800,400,5000,"bu","11:22:51",365200
32750,350,100,"sd","11:13:38",360200
32750,350,500,"sd","11:13:17",360100
32750,350,2500,"sd","11:13:09",359600
32750,350,1000,"sd","11:10:43",357100
32800,400,300,"bu","11:07:58",356100
32750,350,100,"sd","11:06:09",355800
32750,350,400,"sd","11:05:48",355700
32750,350,300,"sd","11:05:48",355300
32750,350,500,"sd","11:05:48",355000
32800,400,300,"bu","11:04:55",354500
32800,400,100,"bu","11:03:43",354200
32800,400,200,"bu","11:01:30",354100
32800,400,100,"bu","11:01:28",353900
32800,400,5000,"bu","11:01:14",353800
32800,400,500,"bu","11:01:03",348800
32750,350,100,"sd","11:00:50",348300
32800,400,100,"bu","11:00:49",348200
32800,400,200,"bu","11:00:49",348100
32800,400,200,"bu","11:00:49",347900
32800,400,100,"bu","11:00:49",347700
32800,400,900,"bu","11:00:49",347600
32800,400,300,"bu","10:57:55",346700
32800,400,3800,"bu","10:57:28",346400
32800,400,200,"bu","10:57:28",342600
32800,400,200,"bu","10:57:28",342400
32800,400,800,"bu","10:57:28",342200
32750,350,500,"sd","10:56:01",341400
32750,350,100,"sd","10:56:01",340900
32750,350,200,"sd","10:55:43",340800
32750,350,1100,"sd","10:55:43",340600
32750,350,500,"sd","10:55:08",339500
32800,400,300,"bu","10:53:52",339000
32800,400,200,"bu","10:50:19",338700
32800,400,200,"bu","10:48:16",338500
32800,400,100,"bu","10:48:16",338300
32800,400,100,"bu","10:47:49",338200
32750,350,100,"sd","10:44:44",338100
32750,350,300,"sd","10:37:52",338000
32750,350,1000,"sd","10:37:52",337700
32800,400,100,"bu","10:36:03",336700
32800,400,100,"bu","10:34:18",336600
32750,350,500,"sd","10:34:16",336500
32800,400,100,"sd","10:33:19",336000
32800,400,100,"sd","10:33:19",335900
32800,400,2400,"sd","10:33:19",335800
32800,400,2600,"sd","10:33:14",333400
32800,400,700,"sd","10:33:14",330800
32800,400,500,"sd","10:33:14",330100
32800,400,600,"sd","10:33:14",329600
32800,400,200,"sd","10:33:14",329000
32800,400,100,"sd","10:32:53",328800
32850,450,300,"bu","10:29:19",328700
32850,450,2000,"bu","10:29:19",328400
32850,450,700,"bu","10:29:19",326400
32850,450,2900,"bu","10:27:39",325700
32850,450,200,"bu","10:26:10",322800
32850,450,200,"sd","10:26:09",322600
32850,450,100,"bu","10:25:34",322400
32850,450,100,"bu","10:25:34",322300
32800,400,100,"sd","10:25:10",322200
32850,450,100,"bu","10:22:23",322100
32800,400,400,"sd","10:20:55",322000
32800,400,4600,"sd","10:20:55",321600
32800,400,400,"sd","10:18:59",317000
32800,400,4600,"sd","10:18:59",316600
32800,400,100,"sd","10:15:42",312000
32800,400,300,"sd","10:15:01",311900
32800,400,900,"sd","10:15:01",311600
32800,400,1000,"sd","10:15:01",310700
32850,450,300,"sd","10:15:01",309700
32850,450,1500,"sd","10:15:01",309400
32850,450,400,"sd","10:15:01",307900
32850,450,5000,"sd","10:15:01",307500
32850,450,600,"sd","10:15:01",302500
32850,450,100,"sd","10:14:20",301900
32850,450,200,"sd","10:14:10",301800
32850,450,100,"sd","10:13:04",301600
32850,450,1000,"sd","10:12:24",301500
32850,450,1000,"bu","10:12:15",300500
32800,400,200,"sd","10:10:16",299500
32850,450,100,"sd","10:10:16",299300
32850,450,200,"bu","10:09:05",299200
32850,450,100,"sd","10:07:43",299000
32850,450,200,"sd","10:06:26",298900
32850,450,500,"sd","10:05:37",298700
32850,450,1300,"sd","10:05:07",298200
32850,450,100,"sd","10:05:07",296900
32850,450,100,"sd","10:03:59",296800
32850,450,100,"sd","10:02:31",296700
32850,450,200,"sd","10:02:01",296600
32850,450,1000,"sd","10:01:41",296400
32850,450,100,"sd","10:01:25",295400
32850,450,400,"bu","10:00:57",295300
32800,400,100,"sd","10:00:06",294900
32800,400,2000,"sd","09:59:28",294800
32850,450,100,"sd","09:58:26",292800
32850,450,300,"sd","09:57:50",292700
32800,400,2400,"sd","09:56:02",292400
32850,450,2100,"sd","09:56:02",290000
32850,450,100,"bu","09:55:57",287900
32850,450,800,"bu","09:55:57",287800
32850,450,100,"bu","09:55:32",287000
32850,450,100,"sd","09:54:21",286900
32850,450,5000,"sd","09:54:21",286800
32900,500,2700,"bu","09:53:24",281800
32900,500,1000,"bu","09:53:24",279100
32900,500,100,"bu","09:53:24",278100
32900,500,100,"bu","09:53:24",278000
32900,500,100,"bu","09:53:24",277900
32900,500,100,"bu","09:53:24",277800
32900,500,900,"bu","09:53:24",277700
32900,500,400,"bu","09:52:49",276800
32900,500,300,"bu","09:52:49",276400
32900,500,100,"bu","09:49:38",276100
32900,500,600,"bu","09:48:01",276000
32900,500,400,"bu","09:48:01",275400
32900,500,1100,"sd","09:46:01",275000
32900,500,1500,"sd","09:46:01",273900
32900,500,1000,"bu","09:45:16",272400
32900,500,1000,"bu","09:45:16",271400
32900,500,500,"bu","09:45:16",270400
32900,500,300,"bu","09:45:16",269900
32900,500,500,"bu","09:45:16",269600
32900,500,5000,"bu","09:45:16",269100
32900,500,100,"bu","09:45:16",264100
32900,500,100,"bu","09:45:16",264000
32850,450,100,"bu","09:45:04",263900
32800,400,100,"sd","09:44:58",263800
32800,400,4200,"sd","09:43:48",263700
32800,400,2000,"sd","09:43:48",259500
32800,400,1000,"sd","09:43:48",257500
32800,400,2000,"sd","09:43:48",256500
32800,400,800,"sd","09:43:48",254500
32800,400,100,"sd","09:42:21",253700
32850,450,100,"sd","09:41:56",253600
32850,450,500,"bu","09:39:35",253500
32850,450,1000,"sd","09:38:29",253000
32850,450,500,"sd","09:38:29",252000
32900,500,100,"bu","09:37:49",251500
32900,500,100,"bu","09:37:27",251400
32900,500,200,"bu","09:37:27",251300
32900,500,100,"bu","09:37:27",251100
32900,500,100,"bu","09:37:27",251000
32900,500,100,"bu","09:37:13",250900
32900,500,300,"bu","09:37:12",250800
32900,500,200,"bu","09:37:02",250500
32900,500,300,"bu","09:36:41",250300
32900,500,300,"bu","09:36:26",250000
32900,500,1000,"bu","09:36:02",249700
32900,500,900,"bu","09:35:23",248700
32900,500,5000,"bu","09:35:23",247800
32900,500,1900,"bu","09:35:23",242800
32900,500,100,"bu","09:35:23",240900
32900,500,100,"bu","09:35:23",240800
32800,400,100,"bu","09:34:27",240700
32700,300,100,"sd","09:34:01",240600
32600,200,100,"bu","09:32:24",240500
32600,200,100,"bu","09:32:23",240400
32600,200,500,"bu","09:32:21",240300
32600,200,1900,"bu","09:32:10",239800
32600,200,500,"sd","09:31:53",237900
32600,200,1000,"sd","09:31:53",237400
32600,200,2000,"sd","09:31:53",236400
32600,200,500,"sd","09:31:53",234400
32600,200,100,"sd","09:31:53",233900
32600,200,500,"sd","09:31:53",233800
32600,200,500,"sd","09:31:53",233300
32600,200,200,"sd","09:31:53",232800
32600,200,200,"sd","09:31:53",232600
32600,200,400,"sd","09:31:53",232400
32650,250,300,"sd","09:31:53",232000
32650,250,400,"sd","09:31:53",231700
32650,250,500,"sd","09:31:53",231300
32650,250,200,"sd","09:31:53",230800
32650,250,100,"sd","09:31:53",230600
32900,500,900,"bu","09:31:21",230500
32900,500,100,"bu","09:31:21",229600
32900,500,300,"bu","09:31:21",229500
32900,500,1000,"bu","09:31:21",229200
32900,500,100,"bu","09:31:21",228200
32900,500,200,"bu","09:31:21",228100
32900,500,100,"bu","09:31:21",227900
32900,500,200,"bu","09:31:21",227800
32900,500,800,"bu","09:31:21",227600
32850,450,100,"bu","09:31:21",226800
32800,400,100,"bu","09:30:56",226700
32800,400,300,"bu","09:30:56",226600
32800,400,200,"bu","09:30:02",226300
32800,400,800,"bu","09:30:02",226100
32750,350,500,"sd","09:29:31",225300
32750,350,200,"sd","09:29:31",224800
32800,400,200,"sd","09:28:50",224600
32800,400,100,"sd","09:28:42",224400
32800,400,100,"sd","09:28:38",224300
32800,400,100,"sd","09:28:36",224200
32800,400,500,"sd","09:28:21",224100
32800,400,200,"sd","09:28:17",223600
32800,400,100,"sd","09:28:03",223400
32800,400,100,"sd","09:27:44",223300
32800,400,100,"sd","09:27:39",223200
32900,500,200,"sd","09:26:42",223100
32900,500,200,"bu","09:26:30",222900
32900,500,100,"sd","09:26:15",222700
32900,500,500,"sd","09:26:15",222600
32900,500,200,"sd","09:26:15",222100
32900,500,500,"sd","09:26:14",221900
33000,600,1000,"bu","09:26:11",221400
33000,600,100,"bu","09:26:11",220400
33000,600,200,"bu","09:26:11",220300
33000,600,2000,"bu","09:26:11",220100
33000,600,2000,"bu","09:26:11",218100
33000,600,500,"bu","09:26:11",216100
33000,600,1900,"bu","09:26:11",215600
32950,550,300,"bu","09:26:11",213700
32900,500,100,"sd","09:25:57",213400
32900,500,200,"sd","09:25:20",213300
33000,600,500,"bu","09:24:48",213100
33000,600,500,"bu","09:24:42",212600
33000,600,500,"sd","09:24:31",212100
33000,600,300,"sd","09:24:31",211600
33000,600,100,"sd","09:24:30",211300
33000,600,200,"sd","09:24:24",211200
33000,600,1000,"sd","09:24:21",211000
33000,600,1000,"sd","09:24:19",210000
33000,600,200,"sd","09:24:13",209000
33000,600,600,"sd","09:24:09",208800
33000,600,2300,"sd","09:24:04",208200
33000,600,100,"sd","09:24:02",205900
33000,600,1000,"sd","09:23:50",205800
33000,600,100,"sd","09:23:47",204800
33000,600,200,"sd","09:23:44",204700
33000,600,100,"sd","09:23:44",204500
33000,600,1000,"sd","09:23:31",204400
33000,600,500,"sd","09:23:29",203400
33000,600,1000,"sd","09:23:27",202900
33000,600,100,"sd","09:23:24",201900
33000,600,39600,"sd","09:23:16",201800
33050,650,100,"bu","09:22:57",162200
33000,600,1000,"sd","09:22:55",162100
33000,600,500,"sd","09:22:38",161100
33000,600,100,"sd","09:22:37",160600
33000,600,300,"sd","09:22:34",160500
33000,600,6000,"bu","09:22:33",160200
33000,600,100,"bu","09:22:33",154200
33000,600,5000,"bu","09:22:33",154100
33000,600,5000,"bu","09:22:33",149100
33000,600,5000,"bu","09:22:33",144100
33000,600,200,"bu","09:22:33",139100
33000,600,5000,"bu","09:22:33",138900
33000,600,5000,"bu","09:22:33",133900
33000,600,500,"bu","09:22:33",128900
33000,600,200,"bu","09:22:33",128400
33000,600,200,"bu","09:22:33",128200
33000,600,100,"bu","09:22:33",128000
33000,600,700,"bu","09:22:33",127900
33000,600,700,"bu","09:22:33",127200
33000,600,200,"bu","09:22:33",126500
33000,600,300,"bu","09:22:33",126300
33000,600,600,"bu","09:22:33",126000
32950,550,1000,"bu","09:22:33",125400
33000,600,400,"bu","09:22:33",124400
32950,550,2200,"bu","09:22:33",124000
32950,550,1000,"bu","09:22:33",121800
32950,550,1100,"bu","09:22:33",120800
32950,550,300,"bu","09:22:33",119700
32950,550,100,"bu","09:22:33",119400
32950,550,1000,"bu","09:22:33",119300
32900,500,3000,"bu","09:22:33",118300
32900,500,500,"bu","09:22:33",115300
32900,500,1000,"bu","09:22:33",114800
32900,500,400,"bu","09:22:33",113800
32900,500,1900,"bu","09:22:33",113400
32900,500,1000,"bu","09:22:24",111500
32900,500,900,"sd","09:22:03",110500
32900,500,7800,"sd","09:22:00",109600
32900,500,1000,"bu","09:21:51",101800
32900,500,300,"bu","09:21:51",100800
32900,500,300,"sd","09:21:42",100500
32900,500,200,"bu","09:21:31",100200
32900,500,200,"unknown","09:21:30",100000
32900,500,500,"bu","09:21:19",99800
32900,500,500,"bu","09:20:52",99300
33000,600,600,"bu","09:20:41",98800
33000,600,100,"bu","09:20:41",98200
33000,600,3000,"bu","09:20:41",98100
33000,600,100,"bu","09:20:41",95100
33000,600,100,"bu","09:20:41",95000
33000,600,100,"bu","09:20:41",94900
33000,600,200,"bu","09:20:41",94800
33000,600,300,"bu","09:20:41",94600
32950,550,100,"bu","09:20:41",94300
32950,550,200,"bu","09:20:41",94200
32950,550,2000,"bu","09:20:41",94000
32950,550,2000,"bu","09:20:41",92000
32950,550,2000,"bu","09:20:41",90000
32950,550,200,"bu","09:20:41",88000
32950,550,3000,"bu","09:20:41",87800
32950,550,2700,"bu","09:20:41",84800
32900,500,200,"bu","09:20:41",82100
32900,500,100,"bu","09:20:41",81900
32900,500,5000,"bu","09:20:41",81800
32900,500,100,"bu","09:20:41",76800
32900,500,1900,"bu","09:20:41",76700
32900,500,100,"bu","09:20:22",74800
32900,500,100,"bu","09:20:22",74700
32900,500,300,"bu","09:20:22",74600
32900,500,500,"sd","09:20:13",74300
32900,500,1200,"sd","09:20:13",73800
32900,500,1000,"sd","09:20:08",72600
32900,500,800,"bu","09:19:43",71600
32900,500,1200,"sd","09:19:36",70800
32950,550,300,"bu","09:19:33",69600
32900,500,900,"sd","09:19:32",69300
32900,500,2000,"sd","09:19:27",68400
32900,500,1000,"sd","09:19:14",66400
32900,500,200,"sd","09:19:12",65400
32900,500,200,"bu","09:19:11",65200
32900,500,100,"bu","09:19:11",65000
32900,500,3000,"bu","09:19:11",64900
32850,450,100,"bu","09:19:11",61900
32800,400,300,"bu","09:19:11",61800
32750,350,100,"bu","09:19:08",61500
32800,400,100,"sd","09:18:43",61400
32800,400,100,"bu","09:18:28",61300
32800,400,200,"bu","09:18:28",61200
32750,350,100,"bu","09:18:28",61000
32600,200,600,"sd","09:18:26",60900
32600,200,1100,"sd","09:18:26",60300
32600,200,500,"sd","09:18:26",59200
32600,200,100,"sd","09:18:26",58700
32600,200,100,"sd","09:18:26",58600
32600,200,500,"sd","09:18:26",58500
32600,200,100,"sd","09:18:26",58000
32600,200,200,"sd","09:16:23",57900
32600,200,100,"sd","09:15:03",57700
32600,200,700,"sd","09:15:02",57600
32600,200,600,"sd","09:15:02",56900
32950,550,56300,"bu","09:15:01",56300
