"price","change","match_qtty","side","time","total_vol"
2710,-100,136800,"sd","14:45:02",1990900
2720,-90,8600,"sd","14:30:00",1854100
2720,-90,100,"sd","14:30:00",1845500
2720,-90,12000,"sd","14:30:00",1845400
2720,-90,500,"sd","14:29:47",1833400
2720,-90,3500,"sd","14:29:22",1832900
2720,-90,100,"bu","14:29:10",1829400
2720,-90,900,"bu","14:29:10",1829300
2720,-90,100,"sd","14:29:01",1828400
2720,-90,500,"sd","14:28:49",1828300
2720,-90,1000,"bu","14:28:46",1827800
2720,-90,400,"bu","14:28:46",1826800
2720,-90,100,"bu","14:28:33",1826400
2720,-90,500,"sd","14:28:32",1826300
2710,-100,1600,"sd","14:28:02",1825800
2710,-100,2000,"sd","14:28:02",1824200
2710,-100,300,"sd","14:28:02",1822200
2710,-100,700,"sd","14:28:02",1821900
2710,-100,100,"sd","14:28:02",1821200
2710,-100,400,"sd","14:28:02",1821100
2710,-100,500,"sd","14:28:02",1820700
2720,-90,100,"sd","14:28:02",1820200
2730,-80,100,"bu","14:27:57",1820100
2730,-80,400,"bu","14:27:20",1820000
2720,-90,400,"bu","14:27:00",1819600
2720,-90,500,"bu","14:26:57",1819200
2720,-90,700,"bu","14:26:56",1818700
2720,-90,2800,"bu","14:26:52",1818000
2720,-90,200,"bu","14:26:46",1815200
2720,-90,5400,"bu","14:26:37",1815000
2720,-90,1200,"bu","14:26:37",1809600
2720,-90,1000,"bu","14:26:03",1808400
2710,-100,100,"sd","14:26:01",1807400
2720,-90,100,"bu","14:25:57",1807300
2720,-90,1100,"bu","14:25:43",1807200
2720,-90,1600,"bu","14:25:43",1806100
2720,-90,100,"bu","14:25:39",1804500
2720,-90,300,"bu","14:25:38",1804400
2720,-90,500,"bu","14:25:30",1804100
2720,-90,500,"bu","14:25:26",1803600
2720,-90,100,"sd","14:24:56",1803100
2720,-90,200,"sd","14:24:56",1803000
2720,-90,500,"sd","14:24:56",1802800
2720,-90,200,"sd","14:24:56",1802300
2720,-90,300,"sd","14:24:30",1802100
2720,-90,200,"sd","14:24:30",1801800
2720,-90,100,"sd","14:24:30",1801600
2720,-90,200,"sd","14:24:30",1801500
2720,-90,1000,"sd","14:24:30",1801300
2720,-90,500,"sd","14:24:30",1800300
2720,-90,3500,"sd","14:24:30",1799800
2720,-90,25100,"sd","14:24:30",1796300
2720,-90,3000,"sd","14:24:30",1771200
2720,-90,4000,"sd","14:24:30",1768200
2720,-90,100,"sd","14:24:30",1764200
2720,-90,5000,"sd","14:24:30",1764100
2720,-90,7000,"sd","14:24:30",1759100
2720,-90,20000,"sd","14:23:55",1752100
2730,-80,7600,"bu","14:22:58",1732100
2730,-80,700,"bu","14:22:52",1724500
2730,-80,3100,"bu","14:22:49",1723800
2730,-80,200,"bu","14:22:42",1720700
2730,-80,200,"bu","14:22:39",1720500
2730,-80,1100,"bu","14:22:30",1720300
2730,-80,100,"sd","14:22:25",1719200
2730,-80,6500,"sd","14:22:25",1719100
2730,-80,2000,"bu","14:22:13",1712600
2730,-80,1500,"bu","14:22:13",1710600
2730,-80,300,"bu","14:22:10",1709100
2730,-80,5000,"bu","14:21:57",1708800
2730,-80,1000,"bu","14:21:35",1703800
2730,-80,200,"bu","14:21:18",1702800
2730,-80,300,"bu","14:21:18",1702600
2730,-80,11700,"sd","14:21:14",1702300
2730,-80,1500,"bu","14:20:28",1690600
2730,-80,2000,"bu","14:20:28",1689100
2730,-80,4800,"bu","14:20:28",1687100
2730,-80,500,"bu","14:20:10",1682300
2730,-80,1500,"bu","14:19:17",1681800
2730,-80,9400,"sd","14:19:02",1680300
2730,-80,100,"sd","14:19:02",1670900
2730,-80,1000,"sd","14:19:02",1670800
2730,-80,1000,"sd","14:19:02",1669800
2730,-80,2000,"sd","14:19:02",1668800
2730,-80,1900,"bu","14:18:24",1666800
2730,-80,500,"bu","14:18:24",1664900
2730,-80,8600,"bu","14:18:24",1664400
2730,-80,500,"bu","14:18:22",1655800
2730,-80,400,"bu","14:18:10",1655300
2730,-80,500,"bu","14:18:09",1654900
2730,-80,500,"bu","14:18:09",1654400
2730,-80,5000,"bu","14:17:52",1653900
2730,-80,100,"bu","14:17:31",1648900
2730,-80,2700,"bu","14:17:15",1648800
2730,-80,1000,"bu","14:17:15",1646100
2730,-80,1500,"bu","14:17:15",1645100
2730,-80,10800,"bu","14:17:15",1643600
2730,-80,700,"bu","14:16:59",1632800
2730,-80,500,"bu","14:16:09",1632100
2730,-80,200,"bu","14:16:04",1631600
2730,-80,5000,"bu","14:15:30",1631400
2730,-80,1000,"bu","14:15:28",1626400
2730,-80,200,"bu","14:14:36",1625400
2730,-80,200,"bu","14:14:13",1625200
2730,-80,200,"bu","14:12:28",1625000
2730,-80,100,"bu","14:12:21",1624800
2720,-90,5000,"sd","14:12:10",1624700
2730,-80,3000,"bu","14:12:08",1619700
2730,-80,2000,"bu","14:11:53",1616700
2730,-80,100,"sd","14:11:51",1614700
2730,-80,6000,"sd","14:11:51",1614600
2730,-80,4000,"bu","14:11:20",1608600
2730,-80,1000,"bu","14:11:20",1604600
2720,-90,1600,"sd","14:10:48",1603600
2720,-90,600,"sd","14:10:48",1602000
2720,-90,500,"sd","14:10:48",1601400
2720,-90,300,"sd","14:10:48",1600900
2730,-80,3700,"bu","14:10:47",1600600
2730,-80,1300,"bu","14:10:47",1596900
2730,-80,500,"bu","14:10:38",1595600
2730,-80,500,"bu","14:09:21",1595100
2730,-80,400,"bu","14:09:08",1594600
2730,-80,100,"bu","14:09:01",1594200
2730,-80,1000,"sd","14:09:00",1594100
2730,-80,500,"sd","14:09:00",1593100
2730,-80,700,"sd","14:09:00",1592600
2730,-80,200,"sd","14:08:37",1591900
2730,-80,3000,"sd","14:08:37",1591700
2730,-80,1800,"sd","14:08:37",1588700
2730,-80,5000,"sd","14:08:28",1586900
2730,-80,2200,"sd","14:08:22",1581900
2740,-70,100,"bu","14:08:13",1579700
2740,-70,200,"bu","14:07:57",1579600
2730,-80,1000,"sd","14:07:29",1579400
2740,-70,200,"bu","14:07:07",1578400
2740,-70,200,"bu","14:06:49",1578200
2740,-70,4800,"bu","14:06:49",1578000
2740,-70,100,"bu","14:06:44",1573200
2720,-90,700,"sd","14:06:44",1573100
2720,-90,100,"sd","14:06:44",1572400
2720,-90,300,"sd","14:06:44",1572300
2720,-90,100,"sd","14:06:44",1572000
2720,-90,5000,"sd","14:06:44",1571900
2720,-90,100,"sd","14:06:44",1566900
2730,-80,500,"sd","14:06:44",1566800
2730,-80,500,"sd","14:06:44",1566300
2730,-80,100,"sd","14:06:44",1565800
2730,-80,500,"sd","14:06:44",1565700
2730,-80,200,"sd","14:06:44",1565200
2730,-80,200,"sd","14:06:44",1565000
2730,-80,500,"sd","14:06:44",1564800
2730,-80,1000,"sd","14:06:44",1564300
2730,-80,200,"sd","14:06:44",1563300
2740,-70,100,"bu","14:06:28",1563100
2740,-70,900,"bu","14:06:28",1563000
2740,-70,100,"bu","14:06:22",1562100
2740,-70,200,"bu","14:06:19",1562000
2740,-70,1600,"bu","14:06:08",1561800
2740,-70,2200,"sd","14:05:55",1560200
2740,-70,1700,"bu","14:05:55",1558000
2740,-70,1100,"bu","14:05:47",1556300
2740,-70,1000,"bu","14:05:43",1555200
2740,-70,100,"bu","14:05:38",1554200
2740,-70,600,"bu","14:05:30",1554100
2740,-70,500,"bu","14:05:30",1553500
2740,-70,300,"bu","14:05:23",1553000
2740,-70,1000,"bu","14:05:23",1552700
2740,-70,5000,"bu","14:05:23",1551700
2740,-70,5000,"bu","14:05:23",1546700
2740,-70,5000,"bu","14:05:23",1541700
2740,-70,3200,"bu","14:05:23",1536700
2740,-70,500,"bu","14:05:01",1533500
2740,-70,100,"bu","14:04:31",1533000
2730,-80,1800,"sd","14:03:28",1532900
2730,-80,200,"sd","14:03:28",1531100
2730,-80,2500,"sd","14:00:59",1530900
2730,-80,2500,"sd","14:00:59",1528400
2730,-80,2200,"bu","14:00:10",1525900
2730,-80,100,"bu","14:00:08",1523700
2730,-80,3000,"sd","13:59:58",1523600
2730,-80,400,"sd","13:59:58",1520600
2730,-80,14300,"sd","13:59:58",1520200
2730,-80,2700,"bu","13:59:21",1505900
2730,-80,500,"bu","13:59:12",1503200
2730,-80,6800,"bu","13:58:48",1502700
2730,-80,1400,"bu","13:58:48",1495900
2730,-80,16300,"bu","13:58:48",1494500
2730,-80,100,"bu","13:57:44",1478200
2730,-80,1000,"bu","13:57:38",1478100
2730,-80,300,"bu","13:55:56",1477100
2730,-80,1000,"bu","13:54:18",1476800
2730,-80,300,"bu","13:53:58",1475800
2720,-90,300,"bu","13:53:58",1475500
2710,-100,4400,"sd","13:52:47",1475200
2710,-100,600,"sd","13:52:47",1470800
2710,-100,400,"sd","13:52:45",1470200
2720,-90,100,"sd","13:52:45",1469800
2710,-100,4000,"sd","13:52:20",1469700
2710,-100,1000,"sd","13:52:20",1465700
2710,-100,5800,"sd","13:52:20",1464700
2710,-100,1000,"sd","13:52:20",1458900
2710,-100,300,"sd","13:52:20",1457900
2710,-100,100,"sd","13:52:20",1457600
2710,-100,1000,"sd","13:52:20",1457500
2710,-100,200,"sd","13:52:20",1456500
2720,-90,2000,"sd","13:52:20",1456300
2720,-90,500,"sd","13:52:20",1454300
2720,-90,1000,"sd","13:52:20",1453800
2720,-90,100,"sd","13:52:20",1452800
2720,-90,100,"sd","13:52:20",1452700
2720,-90,2900,"bu","13:51:52",1452600
2720,-90,7100,"bu","13:51:49",1449700
2720,-90,2900,"bu","13:51:49",1442600
2720,-90,500,"sd","13:51:21",1439700
2720,-90,200,"sd","13:51:21",1439200
2720,-90,400,"sd","13:51:21",1439000
2720,-90,600,"sd","13:50:57",1438600
2720,-90,400,"sd","13:50:57",1438000
2720,-90,700,"sd","13:50:57",1437600
2720,-90,100,"sd","13:50:46",1436900
2730,-80,500,"bu","13:50:41",1436800
2730,-80,500,"sd","13:49:27",1436300
2730,-80,200,"bu","13:49:12",1435800
2730,-80,300,"bu","13:49:12",1435600
2730,-80,100,"bu","13:48:59",1435300
2730,-80,25000,"bu","13:48:29",1435200
2720,-90,200,"sd","13:48:25",1410200
2730,-80,100,"bu","13:48:24",1410000
2720,-90,1300,"sd","13:48:07",1409900
2720,-90,200,"sd","13:47:36",1408600
2720,-90,500,"sd","13:47:24",1408400
2730,-80,4300,"bu","13:46:21",1407900
2710,-100,700,"sd","13:46:17",1403600
2710,-100,500,"sd","13:46:17",1402900
2710,-100,600,"sd","13:46:17",1402400
2720,-90,100,"sd","13:46:17",1401800
2720,-90,500,"sd","13:46:17",1401700
2720,-90,500,"sd","13:46:17",1401200
2720,-90,200,"sd","13:46:17",1400700
2720,-90,10000,"sd","13:46:17",1400500
2720,-90,500,"sd","13:46:17",1390500
2720,-90,200,"sd","13:46:17",1390000
2720,-90,100,"sd","13:46:17",1389800
2720,-90,100,"sd","13:46:17",1389700
2720,-90,1500,"sd","13:46:17",1389600
2720,-90,200,"sd","13:46:17",1388100
2720,-90,5000,"sd","13:46:17",1387900
2720,-90,400,"sd","13:46:17",1382900
2720,-90,100,"sd","13:46:17",1382500
2720,-90,100,"sd","13:46:17",1382400
2720,-90,1200,"sd","13:46:17",1382300
2720,-90,10000,"sd","13:46:17",1381100
2720,-90,6900,"sd","13:46:17",1371100
2730,-80,200,"sd","13:46:17",1364200
2740,-70,500,"bu","13:46:15",1364000
2730,-80,600,"sd","13:46:02",1363500
2730,-80,4400,"bu","13:45:15",1362900
2730,-80,600,"sd","13:45:10",1358500
2730,-80,400,"bu","13:45:01",1357900
2730,-80,500,"bu","13:45:00",1357500
2730,-80,2900,"bu","13:44:34",1357000
2730,-80,46200,"bu","13:44:34",1354100
2730,-80,900,"bu","13:44:34",1307900
2730,-80,4000,"bu","13:44:22",1307000
2730,-80,500,"bu","13:44:14",1303000
2730,-80,700,"bu","13:44:04",1302500
2720,-90,500,"sd","13:44:01",1301800
2720,-90,200,"sd","13:43:54",1301300
2720,-90,1000,"sd","13:43:32",1301100
2730,-80,900,"bu","13:43:25",1300100
2720,-90,11000,"sd","13:43:21",1299200
2730,-80,300,"bu","13:43:21",1288200
2730,-80,1000,"bu","13:42:51",1287900
2730,-80,5000,"bu","13:42:44",1286900
2730,-80,3000,"bu","13:42:34",1281900
2730,-80,500,"bu","13:42:14",1278900
2730,-80,500,"bu","13:41:59",1278400
2730,-80,1000,"bu","13:41:42",1277900
2730,-80,6700,"sd","13:41:42",1276900
2730,-80,4000,"bu","13:41:02",1270200
2730,-80,9300,"bu","13:41:02",1266200
2730,-80,100,"bu","13:40:54",1256900
2730,-80,1000,"bu","13:40:46",1256800
2730,-80,1000,"bu","13:40:35",1255800
2730,-80,1000,"bu","13:40:30",1254800
2730,-80,1000,"bu","13:40:28",1253800
2730,-80,6600,"sd","13:40:25",1252800
2730,-80,3400,"bu","13:40:24",1246200
2730,-80,100,"bu","13:40:14",1242800
2730,-80,5000,"bu","13:39:51",1242700
2730,-80,10000,"sd","13:39:41",1237700
2730,-80,200,"sd","13:39:41",1227700
2730,-80,200,"sd","13:39:41",1227500
2730,-80,200,"sd","13:39:41",1227300
2730,-80,2000,"sd","13:39:41",1227100
2730,-80,6000,"sd","13:39:41",1225100
2730,-80,2900,"sd","13:39:41",1219100
2740,-70,700,"bu","13:39:38",1216200
2740,-70,200,"bu","13:39:38",1215500
2740,-70,100,"bu","13:39:25",1215300
2730,-80,2200,"sd","13:38:08",1215200
2730,-80,100,"sd","13:38:02",1213000
2730,-80,800,"bu","13:37:53",1212900
2730,-80,100,"sd","13:37:51",1212100
2730,-80,2000,"sd","13:37:51",1212000
2730,-80,4200,"sd","13:37:51",1210000
2730,-80,1000,"sd","13:37:10",1205800
2730,-80,400,"sd","13:37:09",1204800
2730,-80,2800,"sd","13:36:46",1204400
2730,-80,1600,"bu","13:35:22",1201600
2730,-80,3400,"sd","13:35:17",1200000
2730,-80,6600,"bu","13:35:12",1196600
2730,-80,5900,"bu","13:35:05",1190000
2730,-80,5000,"sd","13:35:00",1184100
2730,-80,2000,"sd","13:35:00",1179100
2730,-80,700,"sd","13:35:00",1177100
2730,-80,100,"sd","13:35:00",1176400
2730,-80,5000,"sd","13:35:00",1176300
2730,-80,600,"sd","13:35:00",1171300
2730,-80,14000,"sd","13:35:00",1170700
2730,-80,100,"sd","13:35:00",1156700
2730,-80,10000,"sd","13:35:00",1156600
2740,-70,1000,"bu","13:34:54",1146600
2740,-70,500,"bu","13:34:34",1145600
2740,-70,2000,"bu","13:34:34",1145100
2740,-70,7500,"bu","13:34:34",1143100
2740,-70,2500,"bu","13:34:30",1135600
2740,-70,2500,"bu","13:34:30",1133100
2740,-70,100,"bu","13:34:22",1130600
2740,-70,1200,"bu","13:32:14",1130500
2740,-70,1500,"bu","13:31:29",1129300
2730,-80,500,"sd","13:31:28",1127800
2730,-80,8000,"sd","13:31:25",1127300
2730,-80,200,"sd","13:31:25",1119300
2730,-80,100,"sd","13:31:25",1119100
2730,-80,1700,"sd","13:31:25",1119000
2730,-80,2300,"bu","13:30:39",1117300
2730,-80,17700,"sd","13:30:15",1115000
2730,-80,3500,"bu","13:29:55",1097300
2730,-80,100,"bu","13:29:25",1093800
2730,-80,300,"bu","13:29:25",1093700
2730,-80,16100,"sd","13:29:19",1093400
2730,-80,100,"sd","13:29:18",1077300
2730,-80,1100,"bu","13:29:07",1077200
2730,-80,500,"bu","13:29:07",1076100
2730,-80,500,"bu","13:29:07",1075600
2730,-80,200,"bu","13:29:07",1075100
2730,-80,3500,"bu","13:29:07",1074900
2730,-80,10900,"bu","13:29:07",1071400
2730,-80,100,"bu","13:28:53",1060500
2730,-80,100,"bu","13:27:47",1060400
2720,-90,100,"sd","13:26:41",1060300
2730,-80,100,"bu","13:26:26",1060200
2720,-90,4500,"sd","13:26:18",1060100
2720,-90,1100,"sd","13:26:08",1055600
2720,-90,1000,"sd","13:25:37",1054500
2720,-90,5000,"bu","13:25:34",1053500
2720,-90,500,"bu","13:25:34",1048500
2720,-90,100,"bu","13:25:34",1048000
2720,-90,1100,"bu","13:25:34",1047900
2720,-90,500,"bu","13:25:21",1046800
2720,-90,2500,"bu","13:25:04",1046300
2710,-100,300,"sd","13:25:04",1043800
2720,-90,200,"bu","13:24:33",1043500
2720,-90,500,"bu","13:24:29",1043300
2730,-80,10000,"bu","13:23:24",1042800
2710,-100,1400,"sd","13:23:23",1032800
2710,-100,1000,"sd","13:23:23",1031400
2710,-100,100,"sd","13:23:23",1030400
2710,-100,5000,"sd","13:23:23",1030300
2710,-100,500,"sd","13:23:23",1025300
2710,-100,500,"sd","13:23:23",1024800
2710,-100,900,"sd","13:23:23",1024300
2710,-100,800,"sd","13:23:23",1023400
2710,-100,600,"sd","13:23:23",1022600
2710,-100,5000,"sd","13:23:23",1022000
2710,-100,100,"sd","13:23:23",1017000
2710,-100,300,"sd","13:23:23",1016900
2710,-100,500,"sd","13:23:23",1016600
2710,-100,5000,"sd","13:23:23",1016100
2710,-100,500,"sd","13:23:23",1011100
2720,-90,40000,"sd","13:23:23",1010600
2720,-90,1400,"sd","13:23:23",970600
2720,-90,300,"sd","13:23:23",969200
2720,-90,600,"sd","13:23:23",968900
2720,-90,2000,"sd","13:23:23",968300
2720,-90,500,"sd","13:23:23",966300
2720,-90,10000,"sd","13:23:23",965800
2720,-90,100,"sd","13:23:23",955800
2720,-90,2000,"sd","13:23:23",955700
2720,-90,10000,"sd","13:23:23",953700
2720,-90,11600,"sd","13:23:23",943700
2720,-90,100,"sd","13:23:13",932100
2730,-80,500,"bu","13:22:49",932000
2730,-80,500,"bu","13:22:02",931500
2730,-80,500,"bu","13:21:02",931000
2730,-80,200,"bu","13:21:02",930500
2730,-80,5000,"bu","13:20:51",930300
2720,-90,5000,"sd","13:20:41",925300
2730,-80,600,"bu","13:20:32",920300
2730,-80,2000,"sd","13:20:26",919700
2730,-80,100,"sd","13:20:26",917700
2730,-80,400,"sd","13:20:26",917600
2730,-80,19000,"sd","13:20:26",917200
2730,-80,4500,"sd","13:20:23",898200
2730,-80,100,"sd","13:20:11",893700
2730,-80,10000,"bu","13:18:52",893600
2730,-80,1400,"bu","13:18:52",883600
2730,-80,500,"bu","13:18:41",882200
2730,-80,100,"bu","13:18:35",881700
2740,-70,400,"bu","13:17:41",881600
2730,-80,200,"bu","13:17:41",881200
2730,-80,100,"bu","13:17:20",881000
2730,-80,200,"bu","13:16:55",880900
2730,-80,1800,"bu","13:16:55",880700
2730,-80,200,"bu","13:16:52",878900
2730,-80,5000,"bu","13:16:48",878700
2730,-80,900,"bu","13:16:40",873700
2720,-90,1000,"sd","13:16:34",872800
2720,-90,8600,"sd","13:16:26",871800
2720,-90,200,"sd","13:16:26",863200
2720,-90,500,"sd","13:16:26",863000
2720,-90,1500,"sd","13:16:26",862500
2720,-90,100,"sd","13:16:26",861000
2720,-90,100,"sd","13:16:26",860900
2720,-90,4000,"sd","13:16:26",860800
2730,-80,200,"bu","13:16:03",856800
2730,-80,1900,"bu","13:15:57",856600
2730,-80,500,"bu","13:15:57",854700
2730,-80,1300,"bu","13:15:41",854200
2730,-80,100,"bu","13:15:30",852900
2730,-80,500,"bu","13:15:24",852800
2730,-80,5000,"bu","13:15:15",852300
2730,-80,1000,"sd","13:14:01",847300
2730,-80,1600,"sd","13:14:01",846300
2740,-70,2000,"bu","13:13:58",844700
2730,-80,8400,"sd","13:13:54",842700
2730,-80,200,"sd","13:13:54",834300
2730,-80,10000,"sd","13:13:54",834100
2730,-80,1400,"sd","13:13:54",824100
2740,-70,2000,"bu","13:13:48",822700
2730,-80,600,"sd","13:13:41",820700
2730,-80,4400,"sd","13:13:41",820100
2740,-70,100,"sd","13:13:22",815700
2740,-70,200,"sd","13:13:22",815600
2750,-60,100,"bu","13:12:45",815400
2740,-70,2200,"bu","13:12:33",815300
2740,-70,5000,"bu","13:12:30",813100
2740,-70,100,"bu","13:12:27",808100
2740,-70,2700,"bu","13:12:15",808000
2740,-70,300,"bu","13:12:15",805300
2740,-70,1000,"bu","13:12:15",805000
2740,-70,500,"bu","13:11:43",804000
2730,-80,600,"sd","13:11:42",803500
2730,-80,500,"sd","13:11:42",802900
2730,-80,1800,"sd","13:11:42",802400
2730,-80,500,"sd","13:11:42",800600
2730,-80,100,"sd","13:11:42",800100
2730,-80,1100,"sd","13:11:42",800000
2740,-70,5000,"bu","13:11:20",798900
2730,-80,2000,"sd","13:11:03",793900
2730,-80,900,"sd","13:09:51",791900
2730,-80,500,"sd","13:09:13",791000
2740,-70,200,"sd","13:09:01",790500
2740,-70,600,"bu","13:08:58",790300
2740,-70,300,"bu","13:08:47",789700
2730,-80,4000,"sd","13:08:47",789400
2740,-70,100,"sd","13:08:28",785400
2740,-70,200,"sd","13:08:23",785300
2750,-60,2600,"bu","13:07:57",785100
2740,-70,2000,"bu","13:07:57",782500
2740,-70,400,"sd","13:07:55",780500
2740,-70,1600,"sd","13:07:55",780100
2750,-60,4000,"bu","13:07:47",778500
2740,-70,500,"bu","13:07:29",774500
2740,-70,300,"bu","13:07:29",774000
2740,-70,400,"bu","13:07:29",773700
2740,-70,300,"bu","13:07:26",773300
2740,-70,900,"bu","13:07:26",773000
2730,-80,500,"sd","13:07:22",772100
2740,-70,100,"bu","13:07:16",771600
2740,-70,100,"bu","13:07:16",771500
2740,-70,400,"bu","13:07:12",771400
2740,-70,100,"bu","13:07:12",771000
2740,-70,100,"bu","13:07:00",770900
2740,-70,300,"bu","13:06:58",770800
2740,-70,500,"bu","13:06:57",770500
2740,-70,500,"bu","13:06:47",770000
2740,-70,3600,"bu","13:06:43",769500
2740,-70,100,"bu","13:06:43",765900
2740,-70,4200,"bu","13:06:43",765800
2740,-70,1000,"bu","13:06:16",761600
2740,-70,200,"bu","13:06:06",760600
2730,-80,1000,"bu","13:05:44",760400
2730,-80,200,"bu","13:05:31",759400
2730,-80,2000,"bu","13:05:08",759200
2730,-80,100,"bu","13:05:01",757200
2730,-80,100,"bu","13:04:56",757100
2730,-80,100,"bu","13:04:55",757000
2730,-80,100,"bu","13:04:55",756900
2730,-80,500,"bu","13:04:55",756800
2730,-80,1000,"bu","13:04:32",756300
2720,-90,300,"bu","13:04:23",755300
2720,-90,300,"sd","13:04:22",755000
2720,-90,500,"sd","13:04:22",754700
2720,-90,100,"sd","13:04:22",754200
2720,-90,100,"sd","13:04:06",754100
2720,-90,100,"sd","13:03:44",754000
2720,-90,400,"sd","13:03:44",753900
2720,-90,1000,"sd","13:03:44",753500
2720,-90,100,"sd","13:03:44",752500
2720,-90,1000,"sd","13:03:44",752400
2720,-90,3000,"sd","13:03:44",751400
2720,-90,300,"sd","13:03:44",748400
2720,-90,3800,"sd","13:03:44",748100
2720,-90,200,"bu","13:02:58",744300
2710,-100,2900,"sd","13:02:46",744100
2710,-100,4000,"sd","13:02:46",741200
2710,-100,3000,"sd","13:02:46",737200
2710,-100,10000,"sd","13:02:46",734200
2720,-90,100,"sd","13:02:46",724200
2720,-90,1000,"bu","13:02:38",724100
2710,-100,5000,"sd","13:02:37",723100
2720,-90,200,"bu","13:02:33",718100
2720,-90,200,"sd","13:02:29",717900
2720,-90,100,"sd","13:02:29",717700
2720,-90,1000,"sd","13:02:29",717600
2720,-90,100,"sd","13:02:29",716600
2720,-90,200,"sd","13:02:29",716500
2720,-90,1000,"sd","13:02:29",716300
2720,-90,500,"sd","13:02:29",715300
2720,-90,2500,"sd","13:02:29",714800
2730,-80,100,"bu","13:02:24",712300
2720,-90,500,"sd","13:02:01",712200
2730,-80,1000,"bu","13:01:58",711700
2730,-80,400,"bu","13:01:52",710700
2730,-80,100,"bu","13:01:27",710300
2730,-80,1000,"sd","13:01:26",710200
2730,-80,700,"sd","13:01:26",709200
2730,-80,1200,"sd","13:01:26",708500
2730,-80,200,"sd","13:01:08",707300
2730,-80,1200,"sd","13:01:07",707100
2730,-80,5000,"sd","13:00:59",705900
2740,-70,4600,"sd","13:00:50",700900
2740,-70,1400,"sd","13:00:41",696300
2740,-70,500,"sd","13:00:41",694900
2740,-70,300,"sd","13:00:41",694400
2750,-60,5000,"bu","13:00:28",694100
2750,-60,100,"bu","13:00:17",689100
2750,-60,100,"bu","13:00:14",689000
2740,-70,700,"sd","13:00:10",688900
2740,-70,300,"sd","13:00:10",688200
2750,-60,300,"bu","13:00:08",687900
2750,-60,500,"bu","13:00:05",687600
2750,-60,400,"bu","13:00:02",687100
2750,-60,500,"sd","13:00:02",686700
2750,-60,2700,"sd","13:00:02",686200
2750,-60,5000,"sd","13:00:02",683500
2750,-60,5000,"sd","13:00:02",678500
2750,-60,5000,"sd","13:00:02",673500
2740,-70,1700,"sd","13:00:02",668500
2740,-70,1200,"sd","13:00:02",666800
2740,-70,1600,"sd","13:00:02",665600
2750,-60,100,"sd","13:00:02",664000
2740,-70,400,"sd","13:00:02",663900
2750,-60,500,"sd","13:00:01",663500
2750,-60,100,"sd","13:00:01",663000
2750,-60,100,"sd","13:00:01",662900
2750,-60,100,"sd","13:00:01",662800
2750,-60,3000,"sd","13:00:01",662700
2750,-60,500,"sd","13:00:01",659700
2750,-60,59500,"sd","13:00:01",659200
2750,-60,20500,"sd","13:00:01",599700
2750,-60,2000,"sd","13:00:01",579200
2750,-60,500,"sd","13:00:01",577200
2750,-60,10000,"sd","13:00:01",576700
2750,-60,1000,"sd","13:00:01",566700
2750,-60,500,"sd","13:00:01",565700
2750,-60,1000,"sd","13:00:01",565200
2750,-60,1000,"sd","13:00:01",564200
2750,-60,10000,"sd","13:00:01",563200
2750,-60,100,"sd","13:00:01",553200
2760,-50,200,"sd","13:00:01",553100
2760,-50,100,"sd","13:00:01",552900
2760,-50,2000,"sd","13:00:01",552800
2760,-50,100,"sd","13:00:01",550800
2760,-50,200,"sd","13:00:01",550700
2760,-50,300,"sd","13:00:01",550500
2760,-50,200,"sd","13:00:01",550200
2760,-50,2000,"sd","13:00:01",550000
2760,-50,1700,"sd","13:00:01",548000
2760,-50,500,"sd","13:00:01",546300
2760,-50,1000,"sd","13:00:01",545800
2760,-50,500,"sd","13:00:01",544800
2760,-50,500,"sd","13:00:01",544300
2760,-50,300,"sd","13:00:01",543800
2760,-50,100,"sd","13:00:01",543500
2760,-50,500,"sd","13:00:01",543400
2760,-50,500,"sd","13:00:01",542900
2760,-50,1000,"sd","13:00:01",542400
2760,-50,600,"sd","13:00:01",541400
2760,-50,1000,"sd","13:00:01",540800
2760,-50,1000,"sd","13:00:01",539800
2760,-50,900,"sd","13:00:01",538800
2760,-50,3000,"sd","13:00:01",537900
2760,-50,5000,"sd","13:00:01",534900
2770,-40,1000,"sd","13:00:01",529900
2770,-40,400,"sd","13:00:01",528900
2770,-40,1000,"sd","13:00:01",528500
2770,-40,200,"sd","13:00:01",527500
2770,-40,100,"sd","13:00:01",527300
2770,-40,500,"sd","13:00:01",527200
2770,-40,7100,"sd","13:00:01",526700
2770,-40,2900,"sd","13:00:01",519600
2770,-40,1000,"sd","13:00:01",516700
2770,-40,200,"sd","13:00:01",515700
2770,-40,1000,"sd","13:00:01",515500
2770,-40,2000,"sd","13:00:01",514500
2770,-40,500,"sd","13:00:01",512500
2770,-40,200,"sd","13:00:01",512000
2770,-40,1100,"sd","13:00:01",511800
2770,-40,1100,"sd","13:00:01",510700
2780,-30,500,"sd","11:27:02",509600
2770,-40,400,"bu","11:19:34",509100
2770,-40,700,"bu","11:19:34",508700
2770,-40,500,"bu","11:19:11",508000
2770,-40,3000,"bu","11:19:07",507500
2770,-40,2000,"bu","11:18:52",504500
2770,-40,400,"bu","11:18:36",502500
2770,-40,500,"sd","11:18:36",502100
2770,-40,1000,"sd","11:18:36",501600
2770,-40,10000,"sd","11:18:36",500600
2770,-40,3300,"sd","11:18:36",490600
2770,-40,1000,"sd","11:18:36",487300
2770,-40,500,"sd","11:18:36",486300
2770,-40,100,"sd","11:18:36",485800
2770,-40,800,"sd","11:18:36",485700
2770,-40,1000,"sd","11:18:36",484900
2770,-40,1000,"sd","11:18:36",483900
2770,-40,400,"sd","11:18:36",482900
2770,-40,100,"sd","11:18:36",482500
2770,-40,100,"sd","11:18:36",482400
2770,-40,300,"sd","11:18:36",482300
2780,-30,100,"bu","11:18:34",482000
2780,-30,500,"bu","11:18:30",481900
2770,-40,200,"sd","11:18:24",481400
2770,-40,6700,"sd","11:18:24",481200
2770,-40,200,"sd","11:18:24",474500
2770,-40,300,"sd","11:18:24",474300
2770,-40,400,"sd","11:18:24",474000
2770,-40,100,"sd","11:18:24",473600
2770,-40,200,"sd","11:18:24",473500
2770,-40,2000,"sd","11:18:24",473300
2770,-40,300,"sd","11:18:24",471300
2780,-30,1000,"bu","11:17:24",471000
2770,-40,600,"sd","11:16:19",470000
2770,-40,800,"sd","11:16:19",469400
2770,-40,600,"sd","11:16:19",468600
2780,-30,500,"bu","11:16:12",468000
2770,-40,100,"sd","11:16:00",467500
2770,-40,1200,"sd","11:16:00",467400
2770,-40,3000,"sd","11:16:00",466200
2770,-40,300,"sd","11:16:00",463200
2770,-40,300,"sd","11:16:00",462900
2770,-40,1500,"sd","11:16:00",462600
2770,-40,300,"sd","11:16:00",461100
2780,-30,500,"bu","11:15:39",460800
2780,-30,200,"sd","11:15:27",460300
2780,-30,200,"sd","11:15:27",460100
2780,-30,100,"sd","11:15:27",459900
2780,-30,300,"sd","11:15:27",459800
2780,-30,300,"sd","11:15:27",459500
2780,-30,200,"sd","11:15:27",459200
2780,-30,3000,"sd","11:15:27",459000
2780,-30,100,"sd","11:15:27",456000
2780,-30,500,"sd","11:15:27",455900
2780,-30,3000,"sd","11:15:27",455400
2780,-30,500,"sd","11:15:27",452400
2780,-30,100,"sd","11:15:27",451900
2780,-30,100,"sd","11:15:27",451800
2780,-30,100,"sd","11:15:27",451700
2780,-30,700,"sd","11:15:27",451600
2780,-30,300,"sd","11:15:04",450900
2780,-30,5700,"sd","11:15:04",450600
2790,-20,100,"sd","11:12:46",444900
2790,-20,1100,"sd","11:12:46",444800
2790,-20,300,"sd","11:12:46",443700
2790,-20,100,"sd","11:11:45",443400
2790,-20,600,"bu","11:09:02",443300
2790,-20,500,"bu","11:09:02",442700
2790,-20,1000,"bu","11:08:27",442200
2790,-20,7900,"bu","11:08:19",441200
2790,-20,100,"bu","11:08:17",433300
2780,-30,3300,"sd","11:05:29",433200
2780,-30,1700,"sd","11:05:29",429900
2780,-30,600,"sd","11:05:20",428200
2790,-20,300,"bu","11:05:06",427600
2790,-20,700,"bu","11:04:27",427300
2790,-20,1000,"bu","11:04:27",426600
2790,-20,200,"bu","11:04:17",425600
2790,-20,600,"bu","11:02:29",425400
2790,-20,100,"bu","11:01:39",424800
2790,-20,6400,"bu","11:01:26",424700
2790,-20,6900,"bu","11:01:26",418300
2780,-30,600,"sd","10:57:40",411400
2780,-30,9400,"sd","10:57:40",410800
2780,-30,100,"sd","10:57:40",401400
2780,-30,500,"sd","10:57:28",401300
2780,-30,100,"sd","10:57:28",400800
2780,-30,100,"sd","10:57:28",400700
2780,-30,400,"bu","10:55:48",400600
2780,-30,1500,"bu","10:55:48",400200
2780,-30,10000,"bu","10:55:25",398700
2770,-40,900,"sd","10:55:20",388700
2770,-40,100,"sd","10:55:20",387800
2770,-40,100,"sd","10:53:17",387700
2780,-30,500,"sd","10:52:22",387600
2780,-30,100,"sd","10:52:22",387100
2780,-30,300,"sd","10:52:22",387000
2780,-30,100,"sd","10:52:22",386700
2780,-30,1200,"sd","10:52:22",386600
2780,-30,100,"sd","10:52:22",385400
2780,-30,200,"sd","10:52:22",385300
2780,-30,1000,"sd","10:52:22",385100
2780,-30,1000,"sd","10:52:22",384100
2780,-30,10000,"sd","10:52:22",383100
2780,-30,400,"sd","10:52:22",373100
2780,-30,4800,"sd","10:52:22",372700
2790,-20,2000,"bu","10:52:04",367900
2790,-20,1000,"bu","10:50:44",365900
2790,-20,100,"bu","10:50:18",364900
2800,-10,2800,"bu","10:46:43",364800
2800,-10,1200,"bu","10:46:43",362000
2790,-20,1000,"sd","10:46:11",360800
2790,-20,4000,"sd","10:46:11",359800
2790,-20,1000,"sd","10:46:11",355800
2800,-10,200,"bu","10:43:58",354800
2800,-10,500,"bu","10:42:47",354600
2800,-10,100,"sd","10:42:11",354100
2800,-10,7500,"sd","10:42:05",354000
2800,-10,1000,"bu","10:41:26",346500
2800,-10,500,"bu","10:41:26",345500
2800,-10,500,"bu","10:41:26",345000
2800,-10,700,"bu","10:41:26",344500
2800,-10,1000,"bu","10:41:26",343800
2800,-10,600,"bu","10:41:26",342800
2780,-30,200,"sd","10:41:20",342200
2780,-30,1000,"sd","10:41:20",342000
2780,-30,1000,"sd","10:41:20",341000
2780,-30,1000,"sd","10:41:20",340000
2780,-30,500,"sd","10:41:20",339000
2780,-30,100,"sd","10:41:20",338500
2780,-30,200,"sd","10:41:20",338400
2780,-30,100,"sd","10:41:20",338200
2780,-30,100,"sd","10:41:20",338100
2780,-30,2900,"sd","10:41:20",338000
2780,-30,500,"sd","10:41:20",335100
2780,-30,1800,"sd","10:41:20",334600
2780,-30,200,"sd","10:41:20",332800
2780,-30,300,"sd","10:41:20",332600
2790,-20,700,"sd","10:41:20",332300
2790,-20,300,"sd","10:40:57",331600
2790,-20,3000,"sd","10:40:57",331300
2790,-20,200,"sd","10:40:57",328300
2790,-20,1500,"sd","10:40:57",328100
2790,-20,100,"sd","10:40:15",326600
2800,-10,100,"bu","10:40:11",326500
2790,-20,400,"sd","10:37:16",326400
2790,-20,100,"sd","10:37:16",326000
2790,-20,2500,"sd","10:37:16",325900
2800,-10,300,"sd","10:36:52",323400
2800,-10,100,"bu","10:36:22",323100
2800,-10,100,"bu","10:36:22",323000
2800,-10,300,"sd","10:32:55",322900
2800,-10,700,"sd","10:32:55",322600
2800,-10,900,"sd","10:32:55",321900
2800,-10,100,"bu","10:29:27",321000
2800,-10,800,"bu","10:26:45",320900
2800,-10,3000,"bu","10:26:36",320100
2800,-10,500,"bu","10:26:22",317100
2800,-10,200,"bu","10:25:51",316600
2800,-10,200,"bu","10:24:01",316400
2800,-10,100,"bu","10:23:06",316200
2800,-10,100,"bu","10:22:35",316100
2810,0,100,"bu","10:22:15",316000
2780,-30,1000,"sd","10:22:14",315900
2780,-30,1700,"sd","10:21:09",314900
2780,-30,100,"sd","10:21:09",313200
2780,-30,200,"sd","10:21:09",313100
2780,-30,500,"sd","10:21:09",312900
2780,-30,200,"sd","10:21:09",312400
2800,-10,300,"sd","10:21:09",312200
2810,0,400,"bu","10:20:20",311900
2800,-10,14000,"sd","10:19:36",311500
2800,-10,500,"bu","10:18:56",297500
2790,-20,200,"sd","10:18:55",297000
2790,-20,2000,"sd","10:18:55",296800
2790,-20,300,"sd","10:18:55",294800
2790,-20,200,"sd","10:18:55",294500
2790,-20,5000,"sd","10:18:55",294300
2790,-20,200,"sd","10:18:55",289300
2790,-20,100,"sd","10:18:55",289100
2800,-10,1000,"sd","10:18:32",289000
2800,-10,400,"sd","10:18:32",288000
2800,-10,200,"sd","10:18:32",287600
2800,-10,100,"sd","10:18:32",287400
2800,-10,700,"sd","10:18:32",287300
2810,0,100,"bu","10:17:36",286600
2810,0,200,"bu","10:14:58",286500
2800,-10,1300,"sd","10:13:46",286300
2800,-10,3000,"sd","10:13:23",285000
2800,-10,400,"sd","10:10:50",282000
2800,-10,1600,"sd","10:10:45",281600
2800,-10,2400,"sd","10:10:45",280000
2800,-10,300,"bu","10:09:51",277600
2800,-10,5000,"bu","10:09:51",277300
2800,-10,9000,"bu","10:09:51",272300
2800,-10,1000,"bu","10:09:10",263300
2790,-20,100,"sd","10:08:48",262300
2790,-20,5000,"sd","10:08:48",262200
2790,-20,1400,"sd","10:08:48",257200
2790,-20,500,"sd","10:08:25",255800
2790,-20,100,"sd","10:08:25",255300
2790,-20,1500,"sd","10:06:48",255200
2790,-20,3000,"sd","10:05:47",253700
2790,-20,1400,"bu","10:05:45",250700
2790,-20,100,"bu","10:05:36",249300
2780,-30,300,"sd","10:05:22",249200
2780,-30,1000,"sd","10:05:22",248900
2780,-30,400,"sd","10:05:22",247900
2780,-30,1000,"sd","10:05:22",247500
2780,-30,200,"sd","10:05:22",246500
2780,-30,100,"sd","10:05:22",246300
2780,-30,100,"sd","10:05:22",246200
2780,-30,100,"sd","10:05:22",246100
2780,-30,200,"sd","10:05:22",246000
2780,-30,1200,"sd","10:05:22",245800
2790,-20,1800,"bu","10:04:38",244600
2780,-30,500,"sd","10:04:12",242800
2780,-30,1000,"sd","10:04:12",242300
2780,-30,100,"sd","10:04:12",241300
2790,-20,600,"bu","10:03:59",241200
2790,-20,1000,"bu","10:03:28",240600
2790,-20,1000,"bu","10:03:17",239600
2790,-20,1500,"bu","10:03:03",238600
2790,-20,1000,"bu","10:02:35",237100
2790,-20,1000,"sd","10:02:33",236100
2790,-20,400,"sd","10:02:33",235100
2790,-20,4300,"sd","10:02:04",234700
2790,-20,12000,"sd","10:02:04",230400
2790,-20,2000,"sd","10:02:04",218400
2800,-10,1500,"bu","10:01:47",216400
2800,-10,300,"sd","10:01:32",214900
2800,-10,100,"sd","10:01:32",214600
2800,-10,100,"sd","10:01:32",214500
2810,0,100,"bu","10:01:26",214400
2800,-10,100,"sd","10:00:01",214300
2800,-10,1000,"sd","10:00:01",214200
2800,-10,200,"sd","10:00:01",213200
2800,-10,1000,"sd","10:00:01",213000
2800,-10,200,"sd","10:00:01",212000
2800,-10,4500,"sd","10:00:01",211800
2800,-10,100,"sd","10:00:01",207300
2800,-10,500,"sd","10:00:01",207200
2800,-10,600,"sd","10:00:01",206700
2800,-10,2000,"sd","10:00:01",206100
2800,-10,500,"sd","10:00:01",204100
2800,-10,100,"sd","10:00:01",203600
2800,-10,200,"sd","10:00:01",203500
2800,-10,400,"sd","10:00:01",203300
2800,-10,600,"sd","10:00:01",202900
2800,-10,400,"sd","09:56:53",202300
2800,-10,200,"sd","09:56:53",201900
2800,-10,100,"sd","09:56:52",201700
2800,-10,300,"sd","09:51:44",201600
2810,0,200,"bu","09:50:12",201300
2810,0,200,"bu","09:49:37",201100
2810,0,300,"bu","09:49:33",200900
2810,0,200,"bu","09:49:02",200600
2810,0,1000,"bu","09:48:48",200400
2810,0,3000,"bu","09:48:34",199400
2810,0,200,"bu","09:48:30",196400
2810,0,200,"bu","09:48:30",196200
2810,0,300,"bu","09:48:30",196000
2810,0,100,"bu","09:47:08",195700
2810,0,600,"bu","09:46:22",195600
2810,0,500,"bu","09:44:53",195000
2800,-10,400,"sd","09:44:33",194500
2800,-10,600,"sd","09:44:33",194100
2800,-10,300,"sd","09:42:32",193500
2800,-10,1700,"sd","09:42:32",193200
2810,0,100,"bu","09:42:30",191500
2810,0,500,"bu","09:41:24",191400
2810,0,500,"bu","09:40:49",190900
2810,0,100,"bu","09:38:39",190400
2810,0,100,"bu","09:38:38",190300
2810,0,100,"bu","09:38:12",190200
2810,0,100,"bu","09:38:05",190100
2800,-10,2000,"sd","09:37:46",190000
2800,-10,1300,"sd","09:36:54",188000
2800,-10,200,"sd","09:36:54",186700
2800,-10,1500,"sd","09:36:54",186500
2810,0,1300,"bu","09:36:13",185000
2800,-10,18500,"sd","09:36:10",183700
2800,-10,100,"sd","09:36:10",165200
2800,-10,1000,"sd","09:36:10",165100
2800,-10,400,"sd","09:36:10",164100
2810,0,12200,"bu","09:36:02",163700
2810,0,2400,"bu","09:35:59",151500
2810,0,100,"bu","09:35:50",149100
2810,0,1000,"sd","09:35:44",149000
2800,-10,4600,"bu","09:32:42",148000
2800,-10,100,"sd","09:32:30",143400
2800,-10,1000,"sd","09:32:30",143300
2800,-10,2500,"sd","09:32:30",142300
2800,-10,18800,"sd","09:32:30",139800
2810,0,200,"sd","09:32:30",121000
2810,0,100,"sd","09:32:30",120800
2810,0,10000,"sd","09:32:30",120700
2810,0,600,"sd","09:32:30",110700
2810,0,500,"sd","09:32:30",110100
2810,0,100,"sd","09:32:30",109600
2810,0,300,"sd","09:32:30",109500
2810,0,200,"sd","09:32:30",109200
2840,30,300,"bu","09:32:08",109000
2840,30,200,"bu","09:32:08",108700
2830,20,500,"sd","09:32:02",108500
2830,20,500,"sd","09:32:02",108000
2840,30,100,"bu","09:31:46",107500
2840,30,1000,"bu","09:31:23",107400
2840,30,300,"bu","09:31:07",106400
2840,30,200,"sd","09:30:29",106100
2850,40,2000,"bu","09:29:40",105900
2850,40,400,"bu","09:29:40",103900
2840,30,600,"bu","09:29:40",103500
2830,20,1500,"sd","09:28:27",102900
2840,30,100,"sd","09:27:43",101400
2850,40,500,"bu","09:27:20",101300
2850,40,9500,"bu","09:27:20",100800
2850,40,500,"bu","09:26:27",91300
2810,0,200,"sd","09:26:23",90800
2810,0,500,"sd","09:26:23",90600
2810,0,300,"sd","09:26:23",90100
2810,0,100,"sd","09:25:14",89800
2810,0,900,"sd","09:25:14",89700
2840,30,1000,"bu","09:25:09",88800
2810,0,300,"sd","09:25:02",87800
2810,0,300,"sd","09:24:24",87500
2820,10,100,"sd","09:24:24",86500
2810,0,700,"sd","09:24:24",87200
2810,0,100,"bu","09:21:45",86400
2810,0,200,"bu","09:21:45",86300
2810,0,1000,"bu","09:21:25",86100
2810,0,5000,"bu","09:20:43",85100
2810,0,6400,"bu","09:20:32",80100
2810,0,100,"bu","09:20:06",73700
2800,-10,300,"bu","09:19:48",73600
2800,-10,1900,"bu","09:19:48",73300
2800,-10,100,"bu","09:19:42",71400
2800,-10,100,"bu","09:19:13",71300
2780,-30,14000,"bu","09:18:42",71200
2770,-40,200,"sd","09:18:24",57200
2780,-30,300,"bu","09:18:23",57000
2770,-40,100,"bu","09:17:54",56700
2770,-40,500,"bu","09:17:50",56600
2770,-40,300,"bu","09:17:46",56100
2770,-40,1000,"bu","09:17:45",55800
2770,-40,1000,"sd","09:17:36",54800
2770,-40,100,"sd","09:17:36",53800
2770,-40,300,"sd","09:17:36",53700
2770,-40,400,"sd","09:17:36",53400
2770,-40,300,"sd","09:17:36",53000
2780,-30,300,"bu","09:17:26",52700
2780,-30,500,"bu","09:17:22",52400
2780,-30,500,"bu","09:17:09",51900
2780,-30,500,"bu","09:16:55",51400
2780,-30,100,"bu","09:16:41",50900
2770,-40,4000,"sd","09:16:29",50800
2770,-40,5700,"bu","09:16:23",46800
2770,-40,500,"bu","09:16:17",41100
2770,-40,1000,"bu","09:16:13",40600
2770,-40,500,"bu","09:16:12",39600
2770,-40,100,"sd","09:16:11",39100
2770,-40,200,"sd","09:16:11",39000
2780,-30,3800,"sd","09:15:53",38800
2780,-30,400,"sd","09:15:42",35000
2780,-30,5800,"sd","09:15:33",34600
2780,-30,100,"sd","09:15:33",28800
2800,-10,400,"sd","09:15:13",28700
2800,-10,1700,"sd","09:15:13",28300
2810,0,26600,"bu","09:15:02",26600
