"price","change","match_qtty","side","time","total_vol"
65000,1100,13300,"unknown","14:45:01",822600
65000,1100,1000,"bu","14:29:24",809300
65000,1100,200,"bu","14:29:13",808300
65000,1100,200,"bu","14:29:08",808100
65000,1100,200,"bu","14:29:08",807900
65000,1100,300,"sd","14:28:21",807700
65000,1100,200,"sd","14:28:17",807400
65000,1100,1000,"bu","14:27:58",807200
65000,1100,1000,"bu","14:27:55",806200
65000,1100,100,"bu","14:27:51",805200
65000,1100,200,"bu","14:27:51",805100
65000,1100,2200,"bu","14:27:51",804900
65000,1100,500,"bu","14:27:51",802700
65000,1100,100,"bu","14:27:49",802200
65000,1100,200,"bu","14:27:33",802100
65000,1100,400,"bu","14:27:27",801900
65000,1100,100,"bu","14:26:46",801500
65000,1100,200,"bu","14:26:21",801400
65000,1100,400,"bu","14:26:21",801200
65000,1100,2000,"sd","14:26:21",800800
65000,1100,100,"sd","14:26:21",798800
65000,1100,100,"sd","14:26:21",798700
65000,1100,800,"sd","14:26:21",798600
65000,1100,100,"sd","14:26:21",797800
65000,1100,500,"sd","14:26:19",797700
65000,1100,100,"sd","14:26:11",797200
65000,1100,300,"sd","14:25:51",797100
65000,1100,300,"sd","14:25:47",796800
65000,1100,4000,"sd","14:25:20",796500
65000,1100,1000,"bu","14:24:57",792500
65000,1100,100,"sd","14:24:53",791500
65000,1100,500,"sd","14:24:53",791400
65000,1100,1000,"sd","14:24:53",790900
65000,1100,1000,"sd","14:24:53",789900
65000,1100,1100,"sd","14:24:53",788900
65000,1100,100,"sd","14:24:53",787800
65000,1100,1000,"sd","14:24:53",787700
65000,1100,100,"sd","14:24:53",786700
65000,1100,600,"sd","14:24:53",786600
65100,1200,4000,"bu","14:24:51",786000
65100,1200,200,"bu","14:24:21",782000
65100,1200,200,"unknown","14:23:43",781800
65100,1200,100,"bu","14:23:00",781600
65100,1200,100,"bu","14:23:00",781500
65100,1200,600,"bu","14:23:00",781400
65100,1200,600,"bu","14:22:06",780800
65100,1200,400,"bu","14:21:40",780200
65100,1200,100,"bu","14:21:27",779800
65000,1100,200,"sd","14:21:03",779700
65100,1200,300,"bu","14:20:51",779500
65000,1100,200,"sd","14:20:49",779200
65000,1100,400,"sd","14:20:49",779000
65000,1100,100,"sd","14:20:35",778600
65000,1100,800,"bu","14:20:21",778500
65000,1100,200,"sd","14:20:19",777700
65000,1100,300,"sd","14:20:19",777500
65000,1100,400,"sd","14:20:19",777200
65000,1100,400,"sd","14:20:19",776800
65000,1100,900,"sd","14:20:19",776400
65100,1200,17000,"sd","14:20:19",775500
65100,1200,100,"sd","14:20:08",758500
65100,1200,300,"sd","14:19:10",758400
65100,1200,3000,"sd","14:18:01",758100
65100,1200,100,"bu","14:18:00",755100
65100,1200,1400,"bu","14:18:00",755000
65000,1100,400,"bu","14:17:53",753600
65000,1100,100,"bu","14:17:53",753200
65000,1100,100,"bu","14:17:53",753100
65000,1100,100,"bu","14:17:53",753000
65000,1100,400,"bu","14:17:53",752900
65000,1100,300,"bu","14:17:41",752500
65000,1100,100,"bu","14:17:38",752200
65000,1100,1000,"bu","14:17:07",752100
65000,1100,500,"bu","14:16:26",751100
65000,1100,200,"bu","14:16:19",750600
64900,1000,200,"sd","14:16:17",750400
65000,1100,200,"bu","14:16:02",750200
65000,1100,300,"bu","14:16:01",750000
65000,1100,3000,"bu","14:15:32",749700
64900,1000,100,"sd","14:15:19",746700
65000,1100,400,"bu","14:15:12",746600
65000,1100,100,"bu","14:14:48",746200
65000,1100,100,"bu","14:14:40",746100
65000,1100,100,"sd","14:14:22",746000
65000,1100,100,"sd","14:14:22",745900
65000,1100,300,"sd","14:14:22",745800
65000,1100,200,"sd","14:14:22",745500
65000,1100,1000,"sd","14:14:22",745300
65000,1100,300,"sd","14:14:22",744300
65000,1100,200,"sd","14:14:22",744000
65000,1100,100,"sd","14:14:22",743800
65000,1100,100,"sd","14:14:22",743700
65000,1100,100,"sd","14:14:22",743600
65000,1100,700,"sd","14:14:22",743500
65000,1100,100,"sd","14:14:22",742800
65000,1100,100,"sd","14:14:22",742700
65000,1100,100,"sd","14:14:17",742600
65000,1100,100,"sd","14:14:00",742500
65000,1100,900,"sd","14:13:51",742400
65000,1100,500,"sd","14:13:51",741500
65000,1100,100,"sd","14:13:51",741000
65000,1100,100,"sd","14:13:50",740900
65000,1100,100,"sd","14:13:31",740800
65100,1200,100,"bu","14:12:40",740700
65100,1200,2000,"bu","14:12:40",740600
65100,1200,200,"bu","14:12:40",738600
65100,1200,500,"bu","14:12:40",738400
65100,1200,100,"bu","14:12:40",737900
65100,1200,2000,"bu","14:12:40",737800
65100,1200,500,"unknown","14:12:40",735800
65100,1200,1000,"sd","14:12:40",735300
65100,1200,3100,"sd","14:12:40",734300
65100,1200,100,"sd","14:12:40",731200
65100,1200,600,"sd","14:11:32",731100
65100,1200,100,"sd","14:11:30",730500
65200,1300,100,"unknown","14:10:49",730400
65200,1300,900,"sd","14:10:48",730300
65200,1300,100,"sd","14:10:48",729400
65200,1300,100,"sd","14:10:12",729300
65300,1400,300,"bu","14:09:39",729200
65300,1400,1000,"sd","14:09:20",728900
65300,1400,300,"sd","14:09:20",727900
65300,1400,1900,"sd","14:09:20",727600
65300,1400,100,"sd","14:08:50",725700
65400,1500,100,"bu","14:08:33",725600
65400,1500,400,"bu","14:08:20",725500
65400,1500,100,"bu","14:08:20",725100
65400,1500,100,"bu","14:08:20",725000
65400,1500,100,"bu","14:08:20",724900
65400,1500,400,"bu","14:08:20",724800
65200,1300,1700,"sd","14:08:00",724400
65200,1300,200,"sd","14:08:00",722700
65200,1300,2500,"sd","14:08:00",722500
65200,1300,100,"sd","14:08:00",720000
65200,1300,1000,"sd","14:08:00",719900
65200,1300,500,"sd","14:08:00",718900
65300,1400,4000,"unknown","14:08:00",718400
65300,1400,100,"bu","14:07:59",714400
65300,1400,1000,"bu","14:07:59",714300
65300,1400,100,"bu","14:07:59",713300
65300,1400,100,"bu","14:07:59",713200
65300,1400,100,"bu","14:07:59",713100
65300,1400,2600,"bu","14:07:59",713000
65300,1400,300,"bu","14:07:57",710400
65300,1400,1300,"bu","14:07:55",710100
65300,1400,8400,"bu","14:07:49",708800
65300,1400,100,"bu","14:07:49",700400
65300,1400,100,"bu","14:07:49",700300
65300,1400,3000,"bu","14:07:49",700200
65300,1400,1000,"bu","14:07:49",697200
65300,1400,100,"bu","14:07:49",696200
65300,1400,500,"bu","14:07:49",696100
65300,1400,100,"bu","14:07:49",695600
65300,1400,1200,"bu","14:07:49",695500
65300,1400,3800,"bu","14:07:18",694300
65300,1400,1000,"bu","14:07:18",690500
65300,1400,200,"bu","14:07:18",689500
65200,1300,100,"sd","14:06:56",689300
65200,1300,100,"sd","14:06:08",689200
65200,1300,100,"bu","14:05:42",689100
65200,1300,100,"bu","14:05:42",689000
65200,1300,100,"bu","14:05:11",688900
65200,1300,300,"bu","14:05:09",688800
65200,1300,5700,"bu","14:05:09",688500
65200,1300,300,"bu","14:05:03",682800
65200,1300,100,"bu","14:05:03",682500
65200,1300,100,"bu","14:05:03",682400
65200,1300,900,"bu","14:05:01",682300
65200,1300,300,"bu","14:05:01",681400
65200,1300,500,"bu","14:04:57",681100
65200,1300,3200,"bu","14:04:48",680600
65200,1300,500,"bu","14:04:48",677400
65200,1300,1300,"bu","14:04:48",676900
65200,1300,700,"bu","14:04:36",675600
65100,1200,1000,"sd","14:04:24",674900
65100,1200,100,"sd","14:03:49",673900
65200,1300,100,"bu","14:03:45",673800
65200,1300,100,"bu","14:03:30",673700
65200,1300,200,"bu","14:01:49",673600
65200,1300,100,"bu","14:01:33",673400
65200,1300,300,"bu","14:01:15",673300
65200,1300,100,"bu","14:01:15",673000
65200,1300,600,"bu","14:01:15",672900
65100,1200,100,"sd","14:01:03",672300
65100,1200,400,"sd","14:01:03",672200
65200,1300,400,"bu","14:00:55",671800
65200,1300,1000,"bu","14:00:55",671400
65200,1300,100,"bu","14:00:55",670400
65200,1300,100,"bu","14:00:55",670300
65200,1300,1400,"bu","14:00:55",670200
65200,1300,100,"bu","14:00:53",668800
65100,1200,100,"sd","14:00:52",668700
65100,1200,100,"sd","13:59:38",668600
65100,1200,100,"sd","13:59:34",668500
65100,1200,100,"sd","13:59:30",668400
65100,1200,100,"sd","13:59:30",668300
65100,1200,800,"sd","13:59:30",668200
65100,1200,100,"sd","13:59:26",667400
65100,1200,200,"sd","13:59:23",667300
65100,1200,1900,"sd","13:59:18",667100
65100,1200,100,"sd","13:59:18",665200
65100,1200,100,"sd","13:59:17",665100
65100,1200,100,"sd","13:59:17",665000
65100,1200,1900,"sd","13:58:58",664900
65100,1200,100,"sd","13:58:14",663000
65200,1300,100,"bu","13:58:03",662900
65100,1200,100,"sd","13:56:59",662800
65200,1300,100,"bu","13:56:46",662700
65200,1300,1000,"bu","13:56:28",662600
65200,1300,100,"bu","13:56:22",661600
65200,1300,100,"sd","13:55:34",661500
65200,1300,100,"sd","13:55:34",661400
65300,1400,100,"bu","13:55:04",661300
65200,1300,200,"bu","13:55:04",661200
65200,1300,2100,"sd","13:54:59",661000
65200,1300,700,"sd","13:54:59",658900
65200,1300,100,"sd","13:54:55",658200
65300,1400,200,"bu","13:54:44",658100
65200,1300,100,"sd","13:54:43",657900
65200,1300,100,"bu","13:54:41",657800
65200,1300,2000,"bu","13:54:25",657700
65200,1300,100,"sd","13:54:13",655700
65200,1300,500,"sd","13:54:13",655600
65200,1300,400,"sd","13:54:13",655100
65200,1300,200,"sd","13:54:12",654700
65200,1300,200,"sd","13:54:12",654500
65200,1300,100,"sd","13:54:07",654300
65200,1300,100,"sd","13:53:43",654200
65300,1400,100,"bu","13:53:17",654100
65300,1400,2900,"bu","13:53:17",654000
65300,1400,100,"sd","13:53:17",651100
65300,1400,500,"sd","13:53:17",651000
65300,1400,100,"sd","13:53:17",650500
65400,1500,100,"bu","13:52:44",650400
65400,1500,300,"bu","13:52:40",650300
65400,1500,200,"bu","13:52:40",650000
65400,1500,200,"bu","13:52:31",649800
65400,1500,200,"bu","13:52:20",649600
65300,1400,100,"sd","13:52:03",649400
65400,1500,100,"bu","13:51:50",649300
65400,1500,400,"bu","13:51:50",649200
65400,1500,200,"bu","13:51:42",648800
65400,1500,100,"bu","13:51:40",648600
65400,1500,100,"bu","13:51:38",648500
65400,1500,100,"bu","13:51:37",648400
65400,1500,100,"bu","13:51:37",648300
65400,1500,100,"bu","13:51:06",648200
65400,1500,200,"bu","13:51:03",648100
65300,1400,100,"sd","13:51:02",647900
65400,1500,300,"bu","13:50:56",647800
65400,1500,200,"bu","13:50:56",647500
65400,1500,200,"bu","13:50:52",647300
65400,1500,300,"bu","13:50:52",647100
65400,1500,200,"bu","13:50:45",646800
65300,1400,100,"sd","13:50:32",646600
65300,1400,100,"sd","13:50:32",646500
65300,1400,200,"sd","13:50:32",646400
65300,1400,100,"sd","13:50:32",646200
65300,1400,500,"sd","13:50:32",646100
65300,1400,900,"sd","13:50:32",645600
65300,1400,100,"bu","13:50:29",644700
65300,1400,100,"bu","13:50:29",644600
65300,1400,300,"bu","13:50:15",644500
65300,1400,600,"bu","13:49:45",644200
65300,1400,300,"bu","13:49:45",643600
65200,1300,1200,"bu","13:49:36",643300
65200,1300,100,"bu","13:49:36",642100
65200,1300,8300,"bu","13:49:36",642000
65200,1300,100,"bu","13:49:36",633700
65200,1300,100,"bu","13:49:36",633600
65200,1300,100,"bu","13:48:55",633500
65200,1300,100,"bu","13:48:37",633400
65200,1300,100,"bu","13:48:07",633300
65200,1300,500,"bu","13:47:50",633200
65200,1300,100,"bu","13:47:30",632700
65200,1300,200,"bu","13:46:51",632600
65200,1300,100,"bu","13:46:45",632400
65200,1300,200,"bu","13:46:37",632300
65100,1200,100,"sd","13:45:10",632100
65200,1300,300,"bu","13:45:10",632000
65200,1300,200,"bu","13:44:52",631700
65200,1300,100,"bu","13:44:33",631500
65200,1300,300,"bu","13:44:33",631400
65200,1300,100,"bu","13:44:33",631100
65200,1300,100,"bu","13:44:33",631000
65100,1200,1000,"bu","13:44:24",630900
65100,1200,100,"bu","13:44:24",629900
65100,1200,100,"bu","13:44:24",629800
65100,1200,100,"bu","13:44:24",629700
65100,1200,500,"bu","13:44:24",629600
65200,1300,200,"bu","13:44:24",629100
65100,1200,500,"bu","13:44:24",628900
65200,1300,100,"bu","13:44:24",628400
65100,1200,1600,"bu","13:44:24",628300
65200,1300,100,"bu","13:44:24",626700
65200,1300,500,"bu","13:44:24",626600
65200,1300,200,"bu","13:44:24",626100
65100,1200,100,"bu","13:44:23",625900
65100,1200,300,"bu","13:44:13",625000
65100,1200,300,"bu","13:44:13",625800
65100,1200,500,"bu","13:44:13",625500
65000,1100,1000,"bu","13:44:02",624700
65000,1100,100,"bu","13:44:02",623700
65000,1100,500,"bu","13:44:02",623600
65000,1100,1000,"bu","13:44:01",623100
65000,1100,600,"bu","13:44:00",622100
65000,1100,7400,"bu","13:44:00",621500
65000,1100,1000,"bu","13:43:53",614100
65000,1100,300,"bu","13:43:52",613100
65000,1100,2900,"bu","13:43:48",612800
65000,1100,600,"bu","13:43:43",609900
65000,1100,1500,"bu","13:43:43",609300
65000,1100,5000,"bu","13:43:33",607800
65000,1100,11300,"sd","13:43:32",602800
65000,1100,100,"bu","13:43:25",591500
65000,1100,500,"bu","13:43:25",591400
65000,1100,1000,"bu","13:43:25",590900
65000,1100,500,"bu","13:43:25",589900
65000,1100,100,"bu","13:43:25",589400
65000,1100,100,"bu","13:43:25",589300
65000,1100,100,"bu","13:43:25",589200
65000,1100,6000,"bu","13:43:25",589100
65000,1100,5000,"bu","13:43:25",583100
65000,1100,200,"bu","13:43:25",578100
65000,1100,9000,"bu","13:43:25",577900
65000,1100,10000,"bu","13:43:25",568900
65000,1100,100,"bu","13:43:25",558900
65000,1100,5000,"bu","13:43:25",558800
65000,1100,100,"bu","13:43:25",553800
65000,1100,100,"bu","13:43:25",553700
65000,1100,200,"bu","13:43:25",553600
65000,1100,500,"bu","13:43:25",553400
65000,1100,100,"bu","13:43:25",552900
65000,1100,100,"bu","13:43:02",552800
65000,1100,100,"bu","13:42:24",552700
65000,1100,200,"bu","13:41:53",552600
64900,1000,100,"unknown","13:41:50",552400
64900,1000,100,"unknown","13:41:50",552300
64900,1000,2200,"unknown","13:41:50",552200
64900,1000,2000,"bu","13:40:45",550000
64800,900,300,"sd","13:40:14",548000
64900,1000,100,"bu","13:40:08",547700
64900,1000,400,"sd","13:39:12",547600
64900,1000,300,"sd","13:39:12",547200
64900,1000,100,"sd","13:39:04",546900
64900,1000,100,"sd","13:38:38",546800
64900,1000,300,"sd","13:38:29",546700
64900,1000,100,"sd","13:38:00",546400
64900,1000,100,"bu","13:36:48",546300
64900,1000,4600,"bu","13:36:48",546200
64900,1000,200,"bu","13:36:14",541600
64900,1000,100,"bu","13:35:16",541400
64800,900,200,"sd","13:34:25",541300
64900,1000,300,"sd","13:33:57",541100
64900,1000,100,"sd","13:33:57",540800
64900,1000,1000,"sd","13:33:57",540700
64900,1000,100,"sd","13:33:57",539700
64900,1000,100,"sd","13:33:37",539600
65000,1100,100,"bu","13:33:19",539500
65000,1100,100,"bu","13:33:19",539400
65000,1100,800,"bu","13:33:19",539300
64900,1000,100,"sd","13:33:18",538500
64900,1000,100,"sd","13:33:18",538400
64900,1000,300,"sd","13:33:18",538300
64900,1000,2000,"sd","13:33:18",538000
64900,1000,100,"sd","13:33:18",536000
64900,1000,1000,"sd","13:33:18",535900
64900,1000,1500,"sd","13:33:18",534900
64900,1000,100,"sd","13:33:18",533400
64900,1000,200,"sd","13:33:18",533300
64900,1000,100,"sd","13:33:18",533100
65000,1100,100,"bu","13:32:56",533000
65000,1100,500,"bu","13:32:25",532900
65000,1100,1000,"bu","13:31:56",532400
65000,1100,2000,"bu","13:30:53",531400
65000,1100,100,"bu","13:30:43",529400
65000,1100,100,"bu","13:30:11",529300
65000,1100,1000,"bu","13:30:00",529200
65000,1100,300,"bu","13:29:26",528200
65000,1100,500,"bu","13:29:25",527900
65000,1100,500,"bu","13:29:24",527400
65000,1100,1000,"bu","13:29:14",526900
65000,1100,500,"bu","13:29:14",525900
65000,1100,900,"bu","13:29:09",525400
65000,1100,100,"bu","13:29:07",524500
65000,1100,7000,"bu","13:29:06",524400
65000,1100,100,"bu","13:28:45",517400
65000,1100,300,"bu","13:28:37",517300
65000,1100,1000,"bu","13:28:33",517000
65000,1100,300,"bu","13:28:11",516000
65000,1100,100,"bu","13:28:00",515700
65000,1100,1800,"bu","13:27:54",515600
65000,1100,200,"bu","13:27:54",513800
65000,1100,500,"bu","13:27:54",513600
65000,1100,500,"bu","13:27:54",513100
65000,1100,200,"bu","13:27:44",512600
65000,1100,300,"bu","13:27:13",512400
65000,1100,100,"bu","13:26:44",512100
65000,1100,3500,"bu","13:26:38",512000
65000,1100,100,"bu","13:26:38",508500
65000,1100,1400,"bu","13:26:38",508400
65000,1100,500,"bu","13:26:29",507000
65000,1100,200,"bu","13:26:29",506500
65000,1100,500,"bu","13:26:29",506300
65000,1100,2500,"bu","13:26:29",505800
65000,1100,1600,"bu","13:26:29",503300
65000,1100,100,"bu","13:26:29",501700
65000,1100,400,"bu","13:26:29",501600
65000,1100,300,"bu","13:26:29",501200
65000,1100,1000,"bu","13:26:21",500900
65000,1100,200,"bu","13:25:22",499900
65000,1100,400,"bu","13:25:21",499700
65000,1100,100,"bu","13:24:55",499300
65000,1100,100,"bu","13:24:10",499200
65000,1100,1500,"bu","13:23:59",499100
65000,1100,100,"bu","13:23:47",497600
65000,1100,200,"bu","13:23:37",497500
65000,1100,100,"bu","13:23:37",497300
64900,1000,100,"sd","13:22:49",497200
64900,1000,100,"sd","13:22:37",497100
64900,1000,100,"sd","13:22:37",497000
64900,1000,100,"sd","13:22:23",496900
64900,1000,100,"sd","13:22:17",496800
64900,1000,100,"sd","13:22:17",496700
64900,1000,300,"sd","13:22:17",496600
64900,1000,100,"sd","13:22:12",496300
64900,1000,100,"sd","13:22:12",496200
65000,1100,100,"bu","13:22:11",496100
65000,1100,100,"bu","13:21:50",496000
64900,1000,100,"sd","13:21:43",495900
64900,1000,100,"sd","13:21:04",495800
64900,1000,500,"sd","13:20:37",495700
65000,1100,100,"bu","13:20:14",495200
65000,1100,400,"bu","13:20:14",495100
65000,1100,100,"bu","13:19:54",494700
64900,1000,500,"sd","13:19:44",494600
64900,1000,100,"sd","13:19:32",494100
64900,1000,100,"bu","13:19:02",494000
64900,1000,1000,"bu","13:18:56",493900
64900,1000,1400,"bu","13:18:56",492900
64900,1000,200,"bu","13:18:56",491500
64900,1000,100,"bu","13:18:56",491300
64900,1000,200,"bu","13:18:56",491200
64900,1000,100,"bu","13:18:56",491000
64900,1000,600,"bu","13:18:47",490900
64900,1000,400,"bu","13:18:47",490300
64900,1000,500,"bu","13:18:39",489900
64900,1000,10000,"bu","13:17:51",489400
64800,900,100,"sd","13:17:13",479400
64800,900,100,"bu","13:16:58",479300
64800,900,800,"bu","13:16:58",479200
64800,900,100,"bu","13:16:58",478400
64800,900,100,"bu","13:16:58",478300
64800,900,500,"bu","13:16:58",478200
64800,900,200,"bu","13:16:58",477700
64800,900,2500,"bu","13:16:58",477500
64800,900,500,"bu","13:16:49",475000
64800,900,1000,"bu","13:16:48",474500
64800,900,900,"sd","13:14:00",473500
64800,900,200,"sd","13:14:00",472600
64800,900,100,"sd","13:13:15",472400
64800,900,500,"sd","13:13:02",472300
64800,900,600,"sd","13:12:11",471800
64800,900,100,"sd","13:12:11",471200
64800,900,300,"sd","13:12:11",471100
64800,900,200,"sd","13:12:11",470800
64800,900,300,"sd","13:12:11",470600
64900,1000,100,"bu","13:12:08",470300
64800,900,100,"sd","13:11:32",470200
64900,1000,100,"bu","13:11:05",470100
64900,1000,1000,"bu","13:10:44",470000
64900,1000,500,"bu","13:10:30",469000
64900,1000,100,"bu","13:09:54",468500
64900,1000,100,"bu","13:09:54",468400
64900,1000,100,"bu","13:09:54",468300
64800,900,200,"sd","13:09:53",468200
64900,1000,300,"bu","13:09:33",468000
64800,900,500,"sd","13:09:30",467700
64800,900,1000,"sd","13:09:21",467200
64800,900,1000,"sd","13:08:45",466200
64800,900,200,"bu","13:07:53",465200
64800,900,200,"bu","13:07:32",465000
64800,900,200,"bu","13:07:19",464800
64800,900,100,"bu","13:07:19",464600
64800,900,100,"bu","13:07:19",464500
64800,900,100,"bu","13:07:19",464400
64800,900,400,"bu","13:07:09",464300
64800,900,400,"bu","13:04:32",463900
64800,900,200,"bu","13:04:32",463500
64800,900,1000,"bu","13:04:32",463300
64800,900,100,"bu","13:04:32",462300
64800,900,1300,"bu","13:04:32",462200
64700,800,1000,"bu","13:04:22",460900
64700,800,100,"bu","13:04:22",459900
64500,600,400,"sd","13:04:20",459800
64500,600,1100,"sd","13:04:20",459400
64600,700,100,"sd","13:04:20",458300
64600,700,500,"sd","13:04:20",458200
64600,700,600,"bu","13:02:05",457700
64600,700,100,"bu","13:01:39",457100
64600,700,2000,"bu","13:01:27",457000
64600,700,100,"bu","13:01:23",455000
64600,700,200,"bu","13:01:04",454900
64500,600,1200,"bu","13:00:21",454700
64500,600,1700,"bu","13:00:21",453500
64500,600,1000,"bu","13:00:17",451800
64500,600,100,"bu","13:00:17",450800
64500,600,200,"bu","13:00:13",450700
64500,600,200,"bu","13:00:13",450500
64500,600,100,"bu","13:00:11",450300
64500,600,100,"bu","13:00:09",450200
64500,600,100,"bu","13:00:09",450100
64500,600,900,"bu","13:00:08",450000
64500,600,800,"bu","13:00:07",449100
64500,600,100,"bu","13:00:06",448300
64500,600,100,"bu","13:00:05",448200
64500,600,200,"bu","13:00:05",448100
64500,600,200,"bu","13:00:01",447900
64500,600,100,"bu","11:29:35",447700
64500,600,500,"bu","11:29:14",447600
64500,600,1000,"bu","11:29:08",447100
64500,600,2200,"bu","11:29:07",446100
64500,600,100,"bu","11:29:00",443900
64500,600,200,"bu","11:27:54",443800
64500,600,400,"bu","11:27:46",443600
64500,600,100,"bu","11:26:29",443200
64400,500,3000,"sd","11:26:20",443100
64500,600,500,"bu","11:25:37",440100
64400,500,2000,"sd","11:25:35",439600
64500,600,100,"bu","11:25:08",437600
64500,600,100,"bu","11:24:33",437500
64400,500,3000,"sd","11:23:11",437400
64400,500,800,"sd","11:21:22",434400
64400,500,100,"sd","11:21:22",433600
64400,500,100,"sd","11:21:22",433500
64500,600,500,"bu","11:20:52",433400
64500,600,200,"bu","11:20:34",432900
64500,600,100,"bu","11:20:27",432700
64500,600,900,"bu","11:20:23",432600
64500,600,200,"bu","11:20:23",431700
64500,600,500,"sd","11:20:17",431500
64500,600,100,"sd","11:20:17",431000
64500,600,600,"sd","11:20:17",430900
64500,600,300,"sd","11:20:17",430300
64500,600,200,"sd","11:20:17",430000
64500,600,2000,"sd","11:20:17",429800
64500,600,100,"sd","11:20:17",427800
64500,600,400,"sd","11:20:17",427700
64500,600,100,"sd","11:20:17",427300
64500,600,200,"sd","11:20:17",427200
64500,600,10500,"sd","11:20:17",427000
64500,600,100,"sd","11:20:17",416500
64500,600,100,"sd","11:20:17",416400
64500,600,200,"sd","11:20:17",416300
64500,600,500,"sd","11:20:17",416100
64500,600,100,"sd","11:20:17",415600
64500,600,1000,"sd","11:20:17",415500
64500,600,1100,"sd","11:20:09",414500
64500,600,100,"sd","11:20:08",413400
64500,600,200,"sd","11:19:56",413300
64500,600,1000,"sd","11:19:35",413100
64600,700,500,"bu","11:19:21",412100
64500,600,4100,"sd","11:19:18",411600
64500,600,300,"sd","11:19:18",407500
64500,600,300,"sd","11:19:18",407200
64500,600,100,"sd","11:19:18",406900
64500,600,100,"sd","11:19:18",406800
64500,600,100,"sd","11:19:18",406700
64500,600,400,"sd","11:19:18",406600
64500,600,200,"sd","11:19:18",406200
64500,600,400,"sd","11:19:18",406000
64600,700,100,"bu","11:18:52",405600
64600,700,100,"sd","11:18:32",405500
64600,700,200,"sd","11:18:32",405400
64600,700,100,"sd","11:18:32",405200
64700,800,4100,"bu","11:18:07",405100
64700,800,500,"bu","11:17:41",401000
64500,600,300,"sd","11:16:03",400500
64600,700,500,"sd","11:16:03",400200
64600,700,500,"sd","11:16:03",399700
64600,700,100,"sd","11:16:03",399200
64700,800,100,"sd","11:13:59",399100
64700,800,200,"sd","11:13:59",399000
64700,800,3900,"sd","11:13:59",398800
64800,900,700,"bu","11:13:37",394900
64800,900,100,"bu","11:13:37",394200
64800,900,1300,"bu","11:13:37",394100
64700,800,100,"sd","11:13:28",392800
64700,800,100,"sd","11:12:27",392700
64700,800,200,"bu","11:11:30",392600
64600,700,3700,"bu","11:11:30",392400
64600,700,100,"bu","11:10:47",388700
64600,700,100,"bu","11:10:38",388600
64500,600,4300,"sd","11:10:25",388500
64500,600,100,"sd","11:10:25",384200
64500,600,100,"sd","11:10:25",384100
64500,600,100,"sd","11:10:25",384000
64500,600,100,"sd","11:10:25",383900
64500,600,2000,"sd","11:10:25",383800
64500,600,500,"sd","11:10:25",381800
64500,600,200,"sd","11:10:25",381300
64500,600,100,"sd","11:10:25",381100
64500,600,200,"sd","11:10:25",381000
64500,600,600,"sd","11:10:25",380800
64500,600,100,"sd","11:10:25",380200
64500,600,500,"sd","11:10:25",380100
64500,600,5000,"sd","11:10:25",379600
64500,600,200,"sd","11:10:25",374600
64500,600,500,"sd","11:10:25",374400
64500,600,100,"sd","11:10:25",373900
64500,600,100,"sd","11:10:25",373800
64500,600,100,"sd","11:10:25",373700
64500,600,500,"sd","11:10:25",373600
64500,600,100,"sd","11:10:25",373100
64500,600,1000,"sd","11:10:25",373000
64500,600,300,"sd","11:10:25",372000
64500,600,100,"sd","11:10:25",371700
64500,600,100,"sd","11:10:25",371600
64500,600,100,"sd","11:10:25",371500
64500,600,200,"sd","11:10:25",371400
64500,600,100,"sd","11:10:25",371200
64500,600,1000,"sd","11:10:25",371100
64500,600,400,"sd","11:10:25",370100
64600,700,600,"bu","11:10:18",369700
64500,600,100,"sd","11:10:15",369100
64500,600,100,"sd","11:10:15",369000
64500,600,100,"sd","11:10:15",368900
64500,600,100,"sd","11:10:15",368800
64600,700,200,"bu","11:10:03",368700
64600,700,1000,"bu","11:09:31",368500
64600,700,1000,"bu","11:09:27",367500
64600,700,200,"sd","11:08:35",366500
64600,700,2000,"sd","11:08:35",366300
64600,700,200,"sd","11:08:35",364300
64600,700,5000,"sd","11:08:35",364100
64600,700,100,"sd","11:08:35",359100
64600,700,200,"sd","11:08:35",359000
64600,700,200,"sd","11:08:35",358800
64600,700,700,"sd","11:08:35",358600
64600,700,100,"sd","11:08:35",357900
64600,700,100,"sd","11:08:35",357800
64600,700,100,"sd","11:08:35",357700
64600,700,100,"sd","11:08:35",357600
64600,700,1000,"sd","11:08:35",357500
64700,800,100,"sd","11:08:35",356500
64600,700,500,"sd","11:08:35",356400
64700,800,200,"sd","11:08:35",355900
64600,700,100,"sd","11:08:35",355700
64700,800,800,"sd","11:08:35",355600
64700,800,100,"sd","11:08:35",354800
64700,800,500,"sd","11:08:35",354700
64700,800,200,"sd","11:08:35",354200
64700,800,100,"sd","11:08:35",354000
64700,800,200,"sd","11:08:35",353900
64700,800,100,"sd","11:07:43",353700
64700,800,700,"sd","11:07:43",353600
64700,800,100,"sd","11:07:05",352900
64700,800,100,"sd","11:06:29",352800
64700,800,100,"sd","11:06:29",352700
64800,900,100,"bu","11:06:22",352600
64800,900,100,"bu","11:04:15",352500
64800,900,200,"bu","11:03:00",352400
64800,900,100,"sd","11:02:11",352200
64800,900,400,"sd","11:02:11",352100
64800,900,4700,"sd","11:02:11",351700
64800,900,1400,"sd","11:02:11",347000
64800,900,100,"sd","11:02:11",345600
64800,900,100,"sd","11:02:11",345500
64800,900,300,"sd","11:02:11",345400
64800,900,600,"sd","11:02:11",345100
64800,900,1000,"sd","11:02:11",344500
64800,900,2600,"sd","11:02:11",343500
64800,900,2700,"sd","11:01:45",340900
64800,900,300,"sd","11:01:45",338200
64900,1000,300,"bu","11:00:34",337900
64900,1000,100,"bu","10:58:35",337600
64900,1000,100,"bu","10:58:28",337500
64900,1000,3000,"bu","10:57:43",337400
64900,1000,300,"sd","10:56:49",334400
64900,1000,100,"sd","10:56:49",334100
64900,1000,200,"sd","10:56:49",334000
64900,1000,3500,"sd","10:56:49",333800
64900,1000,200,"sd","10:56:34",330300
64900,1000,1000,"sd","10:56:21",330100
64900,1000,500,"sd","10:55:22",329100
64900,1000,200,"sd","10:55:20",328600
65000,1100,100,"bu","10:55:20",328400
65000,1100,500,"bu","10:54:21",328300
65000,1100,600,"bu","10:53:44",327800
65000,1100,600,"bu","10:53:43",327200
64900,1000,400,"bu","10:51:27",326600
64900,1000,100,"bu","10:51:27",326200
64900,1000,2000,"bu","10:51:27",326100
64900,1000,2000,"bu","10:51:27",324100
64900,1000,100,"bu","10:51:27",322100
64900,1000,100,"bu","10:51:19",322000
64800,900,2000,"sd","10:51:18",321900
64900,1000,400,"bu","10:49:17",319900
64900,1000,100,"bu","10:49:17",319500
64900,1000,100,"bu","10:48:29",319400
64900,1000,1000,"bu","10:48:15",319300
64900,1000,900,"bu","10:48:00",318300
64900,1000,100,"bu","10:48:00",317400
64900,1000,100,"bu","10:47:07",317300
64800,900,500,"sd","10:45:10",317200
64900,1000,100,"bu","10:44:58",316700
64900,1000,100,"bu","10:44:47",316600
64800,900,200,"sd","10:43:20",316500
64900,1000,200,"bu","10:43:18",316300
64800,900,1800,"sd","10:43:04",316100
64900,1000,1000,"bu","10:43:01",314300
64900,1000,400,"bu","10:42:54",313300
64900,1000,200,"bu","10:42:54",312900
64900,1000,100,"bu","10:42:54",312700
64900,1000,1300,"bu","10:42:54",312600
64900,1000,200,"bu","10:42:03",311300
64900,1000,100,"bu","10:41:17",311100
64900,1000,200,"bu","10:41:17",311000
65000,1100,300,"bu","10:41:00",310800
64900,1000,100,"sd","10:40:49",310500
64900,1000,200,"sd","10:40:34",310400
64900,1000,300,"bu","10:40:25",310200
64900,1000,1400,"bu","10:40:24",309900
64900,1000,100,"bu","10:40:22",308500
64900,1000,500,"bu","10:39:58",308400
64900,1000,100,"bu","10:39:58",307900
64900,1000,2000,"bu","10:39:58",307800
64900,1000,400,"bu","10:39:58",305800
64800,900,400,"bu","10:39:23",305400
64900,1000,200,"bu","10:39:22",305000
64800,900,1400,"bu","10:39:22",304800
64800,900,400,"bu","10:39:20",303400
64800,900,200,"bu","10:39:15",303000
64900,1000,100,"bu","10:38:37",302800
64700,800,300,"bu","10:36:40",302700
64700,800,1400,"bu","10:36:40",302400
64700,800,100,"bu","10:36:40",301000
64700,800,500,"bu","10:36:29",300900
64700,800,300,"bu","10:36:23",300400
64700,800,500,"bu","10:36:09",300100
64700,800,3000,"bu","10:35:51",299600
64700,800,100,"bu","10:35:37",296600
64600,700,300,"sd","10:34:11",296500
64600,700,100,"sd","10:34:09",296200
64600,700,100,"sd","10:34:01",296100
64600,700,100,"sd","10:34:01",296000
64600,700,500,"sd","10:33:38",295900
64600,700,100,"sd","10:33:38",295400
64600,700,100,"sd","10:33:38",295300
64600,700,300,"sd","10:33:38",295200
64600,700,100,"sd","10:33:22",294900
64600,700,100,"sd","10:33:22",294800
64600,700,100,"sd","10:33:22",294700
64600,700,100,"sd","10:33:22",294600
64600,700,100,"sd","10:33:22",294500
64600,700,400,"sd","10:33:22",294400
64600,700,100,"sd","10:33:22",294000
64600,700,500,"sd","10:33:22",293900
64600,700,500,"sd","10:33:22",293400
64700,800,300,"bu","10:31:47",292900
64800,900,300,"bu","10:31:16",292600
64700,800,100,"sd","10:31:16",292300
64700,800,2000,"sd","10:31:16",292200
64700,800,200,"sd","10:31:16",290200
64700,800,500,"sd","10:31:16",290000
64700,800,300,"sd","10:31:16",289500
64700,800,100,"sd","10:31:16",289200
64700,800,10000,"sd","10:31:16",289100
64700,800,200,"sd","10:31:16",279100
64700,800,100,"sd","10:31:16",278900
64800,900,200,"bu","10:31:12",278800
64800,900,100,"sd","10:30:56",278600
64800,900,100,"sd","10:30:56",278500
64800,900,300,"sd","10:30:47",278400
64800,900,500,"sd","10:30:47",278100
64800,900,100,"sd","10:30:37",277600
64800,900,500,"sd","10:30:37",277500
64800,900,100,"sd","10:30:37",277000
64800,900,100,"sd","10:30:37",276900
64800,900,200,"sd","10:30:37",276800
64800,900,500,"sd","10:30:37",276600
64800,900,100,"sd","10:30:37",276100
64800,900,400,"sd","10:30:37",276000
64800,900,100,"sd","10:30:35",275600
64800,900,100,"sd","10:30:35",275500
64800,900,300,"sd","10:30:22",275400
64800,900,100,"sd","10:30:11",275100
64800,900,2000,"sd","10:30:01",275000
64800,900,500,"sd","10:29:25",273000
64800,900,500,"sd","10:29:25",272500
64800,900,500,"sd","10:29:25",272000
64800,900,300,"sd","10:29:25",271500
64800,900,2000,"sd","10:29:25",271200
64800,900,500,"sd","10:29:25",269200
64800,900,300,"sd","10:29:24",268700
64800,900,300,"sd","10:29:24",268400
64800,900,100,"sd","10:29:24",268100
64800,900,100,"sd","10:28:33",268000
64800,900,300,"sd","10:27:57",267900
64800,900,200,"sd","10:27:57",267600
64800,900,100,"sd","10:27:57",267400
64800,900,100,"sd","10:27:57",267300
64800,900,300,"sd","10:27:57",267200
64800,900,200,"sd","10:27:19",266900
64800,900,100,"sd","10:27:00",266700
64900,1000,300,"sd","10:26:33",266600
64900,1000,100,"sd","10:26:16",266300
64900,1000,100,"bu","10:26:16",266200
64900,1000,500,"bu","10:26:16",266100
64900,1000,1900,"sd","10:26:02",265600
64900,1000,500,"sd","10:25:48",263700
64900,1000,500,"sd","10:25:46",263200
64900,1000,6400,"sd","10:25:39",262700
64900,1000,100,"sd","10:25:39",256300
64900,1000,100,"sd","10:25:39",256200
64900,1000,300,"sd","10:25:39",256100
64900,1000,1500,"sd","10:25:39",255800
64900,1000,100,"sd","10:25:39",254300
64900,1000,100,"sd","10:25:39",254200
64900,1000,100,"sd","10:25:39",254100
64900,1000,500,"sd","10:25:39",254000
64900,1000,100,"sd","10:25:39",253500
64900,1000,700,"sd","10:25:39",253400
64900,1000,300,"sd","10:25:15",252700
64900,1000,100,"sd","10:25:15",252400
64900,1000,200,"sd","10:25:15",252300
64900,1000,200,"sd","10:25:15",252100
64900,1000,1000,"sd","10:25:15",251900
64900,1000,100,"sd","10:25:15",250900
64900,1000,100,"sd","10:25:15",250800
64900,1000,1900,"sd","10:24:40",250700
64900,1000,100,"sd","10:24:40",248800
65000,1100,100,"bu","10:24:14",248700
65000,1100,300,"bu","10:23:55",248600
64900,1000,100,"sd","10:23:30",248300
64900,1000,700,"sd","10:23:14",248200
64900,1000,300,"sd","10:23:14",247500
64900,1000,100,"sd","10:23:14",247200
64900,1000,100,"sd","10:23:14",247100
64900,1000,800,"sd","10:23:14",247000
65000,1100,400,"bu","10:22:47",246200
64900,1000,600,"sd","10:22:22",245800
65000,1100,500,"bu","10:22:18",245200
64900,1000,1000,"sd","10:22:17",244700
64900,1000,2000,"sd","10:21:55",243700
65000,1100,300,"bu","10:20:19",241700
65000,1100,200,"bu","10:20:11",241400
65000,1100,100,"bu","10:20:07",241200
65000,1100,100,"bu","10:20:04",241100
65000,1100,100,"bu","10:19:48",241000
65000,1100,600,"bu","10:19:48",240900
65000,1100,100,"sd","10:19:10",240300
65000,1100,1300,"sd","10:19:10",240200
65000,1100,200,"bu","10:18:54",238900
65000,1100,100,"bu","10:18:54",238700
65000,1100,400,"bu","10:18:41",238600
65000,1100,500,"bu","10:18:41",238200
65000,1100,500,"bu","10:18:41",237700
65000,1100,600,"bu","10:18:41",237200
65000,1100,4000,"bu","10:18:41",236600
65000,1100,200,"bu","10:18:41",232600
65000,1100,100,"bu","10:18:22",232400
65000,1100,100,"bu","10:18:21",232300
65000,1100,300,"bu","10:18:20",232200
65000,1100,4000,"bu","10:18:06",231900
64900,1000,100,"sd","10:15:52",227900
64900,1000,2000,"sd","10:15:32",227800
64900,1000,500,"sd","10:15:23",225800
65000,1100,100,"bu","10:13:06",225300
65000,1100,100,"bu","10:12:49",225200
64900,1000,100,"sd","10:12:30",225100
65000,1100,100,"bu","10:12:18",225000
65000,1100,200,"bu","10:12:18",224900
65000,1100,200,"bu","10:11:24",224700
65000,1100,2000,"bu","10:11:24",224500
65000,1100,100,"bu","10:11:24",222500
65000,1100,200,"bu","10:11:24",222400
65000,1100,200,"bu","10:11:24",222200
65000,1100,1000,"bu","10:11:24",222000
65000,1100,200,"bu","10:11:24",221000
65000,1100,200,"bu","10:11:24",220800
65000,1100,1000,"bu","10:11:24",220600
65000,1100,200,"bu","10:11:24",219600
65000,1100,100,"bu","10:11:24",219400
65000,1100,100,"bu","10:11:24",219300
65000,1100,100,"bu","10:11:24",219200
65000,1100,100,"bu","10:11:24",219100
65000,1100,100,"bu","10:11:24",219000
65000,1100,100,"unknown","10:11:24",218900
65000,1100,100,"sd","10:11:24",218800
65000,1100,1000,"sd","10:11:24",218700
65000,1100,100,"sd","10:11:24",217700
65000,1100,100,"sd","10:11:24",217600
65000,1100,100,"sd","10:11:24",217500
65000,1100,100,"sd","10:11:24",217400
65000,1100,200,"sd","10:11:24",217300
65000,1100,1000,"sd","10:11:24",217100
65000,1100,200,"sd","10:11:24",216100
65000,1100,300,"sd","10:11:24",215900
65000,1100,300,"sd","10:11:24",215600
65000,1100,100,"sd","10:11:24",215300
65000,1100,1000,"sd","10:11:24",215200
65000,1100,1300,"sd","10:11:24",214200
65000,1100,300,"sd","10:11:24",212900
65000,1100,100,"sd","10:11:24",212600
65000,1100,1000,"sd","10:11:24",212500
65000,1100,100,"sd","10:11:24",211500
65000,1100,1500,"sd","10:11:24",211400
65100,1200,3200,"bu","10:10:58",209900
65100,1200,100,"bu","10:10:51",206700
65100,1200,500,"bu","10:10:26",206600
65100,1200,200,"bu","10:10:26",206100
65100,1200,3000,"bu","10:10:26",205900
65100,1200,100,"bu","10:10:26",202900
65100,1200,2600,"bu","10:10:26",202800
65100,1200,300,"sd","10:09:09",200200
65100,1200,100,"sd","10:09:07",199900
65100,1200,1000,"sd","10:09:01",199800
65100,1200,100,"sd","10:08:43",198800
65100,1200,200,"sd","10:08:43",198700
65100,1200,1500,"sd","10:08:43",198500
65100,1200,200,"sd","10:08:43",197000
65200,1300,6600,"bu","10:08:40",196800
65100,1200,1000,"sd","10:06:44",190200
65200,1300,400,"bu","10:05:46",189200
65200,1300,3000,"bu","10:05:46",188800
65200,1300,500,"unknown","10:05:46",185800
65200,1300,100,"sd","10:04:47",185300
65200,1300,200,"sd","10:04:21",185200
65200,1300,2000,"unknown","10:04:13",185000
65200,1300,2000,"sd","10:03:53",183000
65200,1300,2000,"sd","10:03:52",181000
65100,1200,700,"sd","10:03:46",179000
65100,1200,1000,"sd","10:03:46",178300
65100,1200,2000,"sd","10:03:46",177300
65100,1200,300,"sd","10:03:46",175300
65100,1200,200,"sd","10:03:46",175000
65100,1200,200,"sd","10:03:46",174800
65100,1200,300,"sd","10:03:46",174600
65100,1200,200,"sd","10:03:46",174300
65100,1200,200,"sd","10:03:46",174100
65100,1200,1000,"sd","10:03:46",173900
65100,1200,4700,"sd","10:03:46",172900
65200,1300,200,"sd","10:03:46",168200
65200,1300,100,"sd","10:03:46",168000
65200,1300,500,"sd","10:03:46",167900
65200,1300,100,"sd","10:03:46",167400
65200,1300,100,"sd","10:03:46",167300
65200,1300,1500,"sd","10:03:46",167200
65200,1300,100,"sd","10:03:46",165700
65200,1300,200,"sd","10:03:46",165600
65200,1300,1000,"sd","10:03:46",165400
65200,1300,1000,"sd","10:03:46",164400
65200,1300,4400,"sd","10:03:46",163400
65200,1300,500,"sd","10:03:19",159000
65200,1300,500,"sd","10:03:04",158500
65200,1300,100,"sd","10:02:53",158000
65300,1400,200,"bu","10:02:40",157900
65200,1300,200,"sd","10:01:41",157700
65200,1300,1000,"sd","10:01:23",157500
65200,1300,1000,"sd","10:00:48",156500
65200,1300,300,"sd","10:00:21",155500
65200,1300,700,"sd","10:00:10",155200
65200,1300,900,"bu","10:00:05",154500
65200,1300,100,"sd","09:59:57",153600
65200,1300,700,"sd","09:59:11",153500
65200,1300,100,"sd","09:59:11",152800
65200,1300,200,"sd","09:59:11",152700
65200,1300,100,"bu","09:58:49",152500
65200,1300,300,"bu","09:58:49",152400
65200,1300,1700,"sd","09:58:22",152100
65200,1300,200,"bu","09:58:09",150400
65200,1300,100,"bu","09:58:09",150200
65200,1300,100,"bu","09:58:09",150100
65200,1300,1000,"bu","09:58:04",150000
65200,1300,100,"bu","09:56:54",149000
65200,1300,200,"sd","09:56:44",148900
65200,1300,500,"sd","09:56:44",148700
65200,1300,100,"sd","09:56:20",148200
65200,1300,100,"sd","09:55:40",148100
65200,1300,100,"unknown","09:55:16",148000
65200,1300,1000,"unknown","09:55:16",147900
65200,1300,200,"unknown","09:55:16",146900
65100,1200,300,"sd","09:54:36",146700
65100,1200,100,"sd","09:54:36",146400
65100,1200,600,"sd","09:54:36",146300
65200,1300,100,"bu","09:54:31",145700
65200,1300,100,"bu","09:54:31",145600
65200,1300,100,"bu","09:54:31",145500
65200,1300,500,"bu","09:54:31",145400
65200,1300,200,"bu","09:54:31",144900
65100,1200,1400,"unknown","09:54:11",144700
65100,1200,100,"sd","09:54:05",143300
65100,1200,500,"sd","09:54:05",143200
65200,1300,100,"bu","09:53:37",142700
65200,1300,400,"bu","09:53:05",142600
65200,1300,500,"bu","09:52:56",142200
65200,1300,100,"bu","09:52:33",141700
65200,1300,100,"bu","09:52:21",141600
65100,1200,2600,"bu","09:52:21",141500
65100,1200,100,"bu","09:52:17",138900
65100,1200,100,"sd","09:51:55",138800
65100,1200,100,"sd","09:51:55",138700
65100,1200,900,"sd","09:51:55",138600
65100,1200,1200,"sd","09:51:55",137700
65100,1200,100,"sd","09:51:44",136500
65100,1200,100,"sd","09:50:59",136400
65100,1200,100,"bu","09:50:56",136300
65100,1200,200,"bu","09:50:56",136200
65100,1200,100,"bu","09:50:56",136000
65100,1200,100,"bu","09:50:56",135900
65100,1200,200,"bu","09:50:56",135800
65100,1200,200,"bu","09:50:56",135600
65100,1200,300,"bu","09:50:56",135400
65100,1200,2000,"bu","09:50:56",135100
65100,1200,2000,"bu","09:50:56",133100
65100,1200,1000,"bu","09:50:56",131100
65100,1200,2400,"bu","09:50:56",130100
65000,1100,200,"sd","09:49:59",127700
65100,1200,100,"bu","09:49:53",127500
65000,1100,300,"sd","09:49:19",127400
65100,1200,500,"bu","09:48:28",127100
65100,1200,1000,"bu","09:48:12",126600
65100,1200,300,"bu","09:48:06",125600
65000,1100,1000,"sd","09:48:02",125300
65000,1100,100,"sd","09:47:42",124300
65000,1100,900,"sd","09:47:42",124200
65100,1200,100,"bu","09:47:07",123300
65100,1200,400,"bu","09:46:57",123200
65100,1200,100,"bu","09:46:51",122800
65000,1100,500,"sd","09:46:48",122700
65100,1200,700,"bu","09:46:44",122200
65000,1100,400,"sd","09:46:37",121500
65100,1200,100,"bu","09:46:23",121100
65100,1200,300,"bu","09:46:06",121000
65000,1100,1200,"sd","09:46:05",120700
65000,1100,200,"sd","09:46:05",119500
65000,1100,600,"sd","09:46:05",119300
65100,1200,1000,"bu","09:45:56",118700
65000,1100,200,"sd","09:45:14",117700
65100,1200,100,"bu","09:45:09",117500
65100,1200,100,"bu","09:45:00",117400
65100,1200,2000,"sd","09:44:44",117300
65100,1200,800,"sd","09:44:44",115300
65100,1200,1200,"unknown","09:44:06",114500
65100,1200,500,"sd","09:43:48",113300
65100,1200,100,"sd","09:43:48",112800
65100,1200,1000,"sd","09:43:48",112700
65100,1200,1200,"sd","09:43:48",111700
65100,1200,2000,"sd","09:43:48",110500
65100,1200,300,"sd","09:43:48",108500
65100,1200,3000,"sd","09:43:48",108200
65100,1200,100,"sd","09:43:48",105200
65100,1200,600,"sd","09:43:48",105100
65200,1300,1000,"bu","09:43:25",104500
65200,1300,1000,"bu","09:43:17",103500
65100,1200,1200,"bu","09:41:40",102500
65100,1200,200,"bu","09:41:40",101300
65100,1200,1800,"bu","09:41:23",101100
65100,1200,200,"bu","09:41:15",99300
65100,1200,600,"bu","09:41:03",99100
65100,1200,200,"bu","09:40:26",98500
65000,1100,100,"sd","09:40:16",98300
65100,1200,100,"sd","09:39:56",98200
65100,1200,200,"sd","09:39:56",98100
65100,1200,2000,"sd","09:39:56",97900
65100,1200,100,"sd","09:39:56",95900
65100,1200,1000,"sd","09:39:56",95800
65100,1200,300,"sd","09:39:56",94800
65100,1200,1000,"sd","09:39:56",94500
65100,1200,100,"sd","09:39:56",93500
65100,1200,200,"sd","09:39:56",93400
65100,1200,100,"sd","09:39:56",93200
65100,1200,300,"sd","09:39:56",93100
65100,1200,1000,"sd","09:39:56",92800
65100,1200,500,"sd","09:39:56",91800
65100,1200,100,"sd","09:39:48",91300
65100,1200,500,"sd","09:39:36",91200
65100,1200,2000,"sd","09:37:41",90700
65200,1300,100,"sd","09:37:17",88700
65200,1300,100,"sd","09:36:58",88600
65200,1300,100,"bu","09:36:58",88500
65200,1300,100,"bu","09:36:58",88400
65200,1300,1000,"bu","09:36:58",88300
65200,1300,800,"bu","09:36:58",87300
65200,1300,100,"bu","09:36:52",86500
65200,1300,500,"bu","09:36:52",86400
65200,1300,200,"bu","09:36:52",85900
65200,1300,300,"bu","09:36:52",85700
65200,1300,200,"bu","09:36:52",85400
65200,1300,200,"bu","09:36:52",85200
65100,1200,200,"sd","09:36:52",85000
65200,1300,200,"bu","09:36:47",84800
65100,1200,100,"bu","09:35:55",84600
65100,1200,1100,"bu","09:35:55",84500
65100,1200,4000,"bu","09:35:49",83400
65000,1100,100,"sd","09:35:38",79400
65000,1100,100,"sd","09:35:38",79300
65100,1200,3000,"bu","09:35:31",79200
65000,1100,800,"sd","09:34:50",76200
65000,1100,200,"sd","09:34:46",75400
65000,1100,800,"sd","09:34:46",75200
65000,1100,500,"sd","09:34:46",74400
65000,1100,500,"sd","09:34:39",73900
65100,1200,1000,"bu","09:34:17",73400
65100,1200,200,"bu","09:33:48",72400
65100,1200,500,"sd","09:33:42",72200
65100,1200,200,"sd","09:33:42",71700
65100,1200,100,"bu","09:33:10",71500
65000,1100,300,"sd","09:32:57",71400
65000,1100,200,"bu","09:32:54",71100
65000,1100,100,"bu","09:32:28",70900
65000,1100,2000,"bu","09:32:19",70800
65000,1100,200,"bu","09:32:16",68800
65000,1100,100,"bu","09:31:55",68600
65000,1100,1000,"bu","09:31:48",68500
65000,1100,100,"bu","09:31:43",67500
65000,1100,600,"sd","09:31:42",67400
65000,1100,100,"sd","09:31:42",66800
65000,1100,100,"sd","09:31:42",66700
65000,1100,100,"sd","09:31:42",66600
65000,1100,100,"sd","09:31:42",66500
65000,1100,100,"sd","09:31:42",66400
65000,1100,300,"sd","09:31:42",66300
65000,1100,100,"sd","09:31:42",66000
65000,1100,1000,"sd","09:31:42",65900
65000,1100,1000,"sd","09:31:42",64900
65000,1100,500,"sd","09:31:42",63900
65000,1100,100,"sd","09:31:42",63400
65000,1100,600,"sd","09:31:42",63300
65100,1200,1100,"sd","09:31:42",62700
65000,1100,200,"sd","09:31:42",61600
65000,1100,400,"sd","09:31:20",61400
65000,1100,100,"sd","09:31:20",61000
65000,1100,200,"sd","09:31:20",60900
65000,1100,100,"sd","09:31:20",60700
65000,1100,300,"sd","09:31:20",60600
65000,1100,2000,"sd","09:31:20",60300
65000,1100,700,"sd","09:31:20",58300
65100,1200,100,"sd","09:31:20",57600
65100,1200,100,"sd","09:31:20",57500
65100,1200,1000,"sd","09:31:20",57400
65100,1200,300,"sd","09:31:20",56400
65200,1300,200,"bu","09:31:14",56100
65200,1300,600,"bu","09:31:12",55900
65200,1300,100,"bu","09:31:12",55300
65100,1200,200,"sd","09:30:30",55200
65100,1200,500,"sd","09:29:50",55000
65200,1300,100,"bu","09:29:08",54500
65200,1300,100,"bu","09:28:58",54400
65100,1200,200,"sd","09:28:47",54300
65100,1200,1100,"bu","09:28:43",54100
65100,1200,300,"bu","09:28:37",53000
65100,1200,100,"bu","09:28:19",52700
65100,1200,500,"sd","09:27:28",52600
65100,1200,100,"sd","09:27:28",52100
65100,1200,100,"sd","09:27:28",52000
65200,1300,800,"sd","09:27:28",51900
65200,1300,100,"sd","09:27:26",51100
65200,1300,100,"sd","09:27:26",51000
65200,1300,100,"bu","09:27:18",50900
65200,1300,100,"bu","09:27:03",50800
65000,1100,300,"sd","09:26:26",50700
65000,1100,1700,"sd","09:26:26",50400
65100,1200,100,"bu","09:26:24",48700
65100,1200,400,"sd","09:26:01",48600
65000,1100,300,"sd","09:25:38",48200
65000,1100,600,"sd","09:25:38",47900
65100,1200,100,"sd","09:25:38",47300
65000,1100,200,"sd","09:25:20",47200
65100,1200,100,"bu","09:25:10",47000
65000,1100,4200,"sd","09:25:00",46900
65000,1100,100,"sd","09:25:00",42700
65000,1100,2000,"sd","09:25:00",42600
65000,1100,200,"sd","09:25:00",40600
65000,1100,200,"sd","09:25:00",40400
65000,1100,200,"sd","09:25:00",40200
65000,1100,100,"sd","09:25:00",40000
65000,1100,300,"sd","09:25:00",39900
65200,1300,100,"bu","09:24:59",39400
65200,1300,200,"bu","09:24:59",39600
65000,1100,900,"sd","09:24:59",39300
65100,1200,100,"sd","09:24:59",38400
65000,1100,100,"sd","09:24:29",38300
65300,1400,100,"bu","09:24:27",38200
65300,1400,200,"sd","09:24:18",38100
65400,1500,100,"sd","09:24:12",37900
65400,1500,300,"sd","09:24:09",37800
65400,1500,500,"sd","09:23:57",37500
65400,1500,100,"sd","09:23:53",37000
65500,1600,400,"bu","09:23:52",36900
65500,1600,300,"bu","09:23:50",36500
65500,1600,200,"bu","09:23:49",36200
65500,1600,100,"bu","09:23:41",36000
65500,1600,400,"sd","09:23:35",35900
65500,1600,100,"bu","09:23:33",35500
65500,1600,500,"bu","09:23:33",35400
65500,1600,200,"bu","09:23:28",34900
65500,1600,500,"bu","09:23:27",34700
65500,1600,2900,"bu","09:23:27",34200
65500,1600,500,"sd","09:23:27",31300
65500,1600,400,"sd","09:23:27",30800
65500,1600,200,"sd","09:23:26",30400
65500,1600,500,"sd","09:23:20",30200
65500,1600,100,"sd","09:23:06",29700
65500,1600,200,"bu","09:23:06",29600
65500,1600,100,"bu","09:23:06",29400
65500,1600,100,"bu","09:23:03",29300
65500,1600,100,"bu","09:23:00",29200
65500,1600,100,"bu","09:22:59",29100
65500,1600,1000,"bu","09:22:43",29000
65500,1600,500,"bu","09:22:43",28000
65500,1600,1500,"bu","09:22:43",27500
65500,1600,100,"bu","09:22:38",26000
65500,1600,100,"bu","09:22:31",25900
65500,1600,100,"bu","09:22:28",25800
65500,1600,200,"bu","09:22:26",25700
65400,1500,100,"bu","09:22:19",25500
65400,1500,500,"bu","09:22:19",25400
65400,1500,1400,"bu","09:22:19",24900
65400,1500,500,"bu","09:22:18",23500
65300,1400,100,"bu","09:22:11",23000
65400,1500,100,"bu","09:22:06",22900
65300,1400,100,"sd","09:22:04",22800
65300,1400,200,"bu","09:21:59",22700
65300,1400,100,"bu","09:21:59",22500
65300,1400,100,"bu","09:21:59",22400
65000,1100,100,"bu","09:21:38",22300
65000,1100,1000,"bu","09:21:38",22200
65000,1100,200,"bu","09:21:38",21200
65000,1100,200,"bu","09:21:38",21000
65000,1100,200,"bu","09:21:38",20800
65000,1100,500,"bu","09:21:33",20600
65000,1100,100,"bu","09:21:13",20100
65000,1100,300,"bu","09:21:13",20000
65000,1100,100,"bu","09:21:13",19700
64900,1000,100,"sd","09:21:11",19600
64900,1000,100,"sd","09:20:52",19500
64900,1000,100,"bu","09:20:47",19400
64900,1000,400,"bu","09:20:47",19300
64900,1000,100,"bu","09:20:42",18900
64900,1000,100,"bu","09:20:42",18800
64900,1000,200,"bu","09:20:42",18700
64900,1000,600,"bu","09:20:42",18500
64900,1000,100,"bu","09:20:39",17900
64900,1000,100,"bu","09:20:39",17800
64900,1000,2800,"bu","09:20:39",17700
64900,1000,300,"bu","09:20:38",14900
64900,1000,100,"bu","09:20:34",14600
64800,900,300,"bu","09:20:13",14000
64800,900,500,"bu","09:20:13",14500
64700,800,100,"sd","09:20:00",13700
64700,800,200,"bu","09:19:59",13600
64700,800,100,"bu","09:19:59",13400
64700,800,200,"bu","09:19:58",13300
64700,800,100,"bu","09:19:58",13100
64700,800,100,"bu","09:19:58",13000
64700,800,1000,"bu","09:19:53",12900
64700,800,100,"bu","09:19:53",11900
64700,800,900,"bu","09:19:53",11800
64700,800,700,"bu","09:19:38",10900
64600,700,100,"sd","09:19:21",10200
64600,700,100,"sd","09:19:03",10100
64600,700,100,"sd","09:19:03",10000
64600,700,300,"sd","09:19:03",9900
64600,700,100,"sd","09:18:59",9600
64600,700,300,"sd","09:18:50",9500
64600,700,100,"sd","09:18:46",9200
64600,700,100,"sd","09:18:24",9100
64600,700,100,"sd","09:18:17",9000
64500,600,100,"sd","09:17:45",8900
64600,700,100,"sd","09:17:26",8800
64700,800,200,"bu","09:17:02",8700
64700,800,100,"bu","09:16:34",8500
64500,600,100,"bu","09:16:34",8400
64500,600,1000,"bu","09:16:29",8300
64500,600,100,"sd","09:16:23",7300
64500,600,200,"sd","09:16:23",7200
64500,600,100,"sd","09:16:23",7000
64500,600,500,"sd","09:16:23",6900
64900,1000,6400,"unknown","09:15:00",6400
