"price","change","match_qtty","side","time","total_vol"
6660,160,171500,"unknown","14:45:03",5448900
6650,150,1500,"sd","14:29:46",5277400
6650,150,1000,"sd","14:29:46",5275900
6650,150,2000,"sd","14:29:41",5274900
6660,160,100,"bu","14:29:39",5272900
6650,150,8000,"sd","14:29:35",5272800
6650,150,500,"sd","14:29:35",5264800
6650,150,200,"sd","14:29:35",5264300
6650,150,1000,"sd","14:29:35",5264100
6650,150,100,"sd","14:29:35",5263100
6650,150,100,"sd","14:29:35",5263000
6650,150,100,"sd","14:29:35",5262900
6660,160,100,"bu","14:29:28",5262800
6660,160,500,"bu","14:29:24",5262700
6650,150,900,"sd","14:29:21",5262200
6650,150,100,"sd","14:29:21",5261300
6650,150,800,"sd","14:29:04",5261200
6650,150,100,"sd","14:29:04",5260400
6650,150,200,"sd","14:29:04",5260300
6650,150,900,"sd","14:29:04",5260100
6660,160,100,"bu","14:29:03",5259200
6650,150,100,"sd","14:28:58",5259100
6650,150,5000,"sd","14:28:57",5259000
6650,150,100,"sd","14:28:53",5254000
6650,150,100,"sd","14:28:53",5253900
6660,160,3000,"bu","14:28:48",5253800
6660,160,2000,"bu","14:28:38",5250800
6660,160,300,"bu","14:28:32",5248800
6660,160,1000,"bu","14:28:25",5248500
6660,160,200,"bu","14:28:19",5247500
6660,160,3000,"sd","14:28:14",5247300
6660,160,1000,"sd","14:28:14",5244300
6660,160,500,"sd","14:28:14",5243300
6660,160,100,"sd","14:28:14",5242800
6660,160,500,"sd","14:28:14",5242700
6660,160,2400,"sd","14:28:14",5242200
6660,160,500,"sd","14:28:13",5239800
6670,170,1000,"bu","14:28:11",5239300
6660,160,1100,"sd","14:28:11",5238300
6660,160,100,"sd","14:28:11",5237200
6660,160,8800,"sd","14:28:11",5237100
6660,160,1200,"sd","14:27:59",5228300
6660,160,800,"sd","14:27:59",5227100
6670,170,600,"bu","14:27:56",5226300
6670,170,2400,"bu","14:27:56",5225700
6660,160,4200,"sd","14:27:52",5223300
6660,160,5800,"sd","14:27:52",5219100
6670,170,1700,"bu","14:27:23",5213300
6660,160,4200,"sd","14:27:18",5211600
6660,160,10000,"sd","14:27:18",5207400
6660,160,2000,"sd","14:27:18",5197400
6660,160,2000,"sd","14:27:18",5195400
6660,160,100,"sd","14:27:18",5193400
6660,160,1000,"sd","14:27:18",5193300
6660,160,200,"sd","14:27:18",5192300
6670,170,500,"bu","14:27:00",5192100
6670,170,3900,"bu","14:26:59",5191600
6670,170,100,"bu","14:26:59",5187700
6670,170,1100,"bu","14:26:55",5187600
6670,170,100,"bu","14:26:44",5186500
6670,170,100,"bu","14:26:41",5186400
6670,170,600,"sd","14:26:22",5186300
6670,170,200,"bu","14:26:19",5185700
6670,170,1000,"sd","14:26:07",5185500
6670,170,100,"sd","14:26:07",5184500
6670,170,100,"sd","14:26:07",5184400
6670,170,1100,"sd","14:26:07",5184300
6670,170,100,"sd","14:26:07",5183200
6670,170,400,"sd","14:26:07",5183100
6670,170,300,"sd","14:26:07",5182700
6670,170,2000,"sd","14:26:07",5182400
6670,170,600,"sd","14:26:07",5180400
6670,170,500,"sd","14:26:07",5179800
6670,170,3000,"sd","14:26:07",5179300
6670,170,2600,"sd","14:26:07",5176300
6680,180,100,"bu","14:25:53",5173700
6670,170,400,"sd","14:25:38",5173600
6670,170,2000,"sd","14:25:01",5173200
6680,180,400,"bu","14:24:57",5171200
6680,180,1200,"bu","14:24:56",5170800
6680,180,3800,"bu","14:24:34",5169600
6680,180,500,"bu","14:24:34",5165800
6680,180,2000,"bu","14:24:32",5165300
6680,180,1100,"bu","14:24:23",5163300
6680,180,100,"sd","14:23:51",5162200
6680,180,200,"bu","14:23:48",5162100
6680,180,100,"bu","14:23:46",5161900
6680,180,100,"sd","14:23:39",5161800
6680,180,1700,"sd","14:23:39",5161700
6680,180,1300,"sd","14:23:39",5160000
6680,180,1200,"sd","14:23:28",5158700
6680,180,500,"sd","14:23:05",5157500
6680,180,100,"sd","14:23:05",5157000
6680,180,400,"sd","14:23:05",5156900
6680,180,2600,"sd","14:22:48",5156500
6680,180,100,"sd","14:22:48",5153900
6680,180,200,"sd","14:22:48",5153800
6680,180,100,"sd","14:22:48",5153600
6680,180,1000,"sd","14:22:39",5153500
6690,190,5000,"bu","14:22:25",5152500
6690,190,2000,"bu","14:22:17",5147500
6680,180,5000,"sd","14:21:59",5145500
6680,180,100,"sd","14:21:59",5140500
6680,180,2000,"sd","14:21:58",5140400
6680,180,100,"sd","14:21:54",5138400
6680,180,1000,"sd","14:21:51",5138300
6680,180,1000,"sd","14:21:49",5137300
6680,180,200,"sd","14:21:47",5136300
6680,180,1800,"sd","14:21:47",5136100
6680,180,200,"bu","14:21:35",5134300
6690,190,3400,"bu","14:21:33",5134100
6680,180,1600,"bu","14:21:33",5130700
6680,180,1400,"sd","14:21:31",5129100
6680,180,3600,"bu","14:21:22",5127700
6680,180,100,"bu","14:21:22",5124100
6680,180,1000,"bu","14:21:20",5124000
6680,180,3000,"bu","14:21:20",5123000
6680,180,1900,"bu","14:21:20",5120000
6680,180,400,"bu","14:21:13",5118100
6680,180,600,"bu","14:21:13",5117700
6680,180,1000,"bu","14:21:10",5117100
6680,180,1000,"bu","14:21:09",5116100
6680,180,100,"bu","14:21:01",5115100
6680,180,100,"bu","14:21:00",5115000
6670,170,1000,"bu","14:20:42",5114900
6670,170,100,"bu","14:20:42",5113900
6670,170,1000,"bu","14:20:41",5113800
6670,170,500,"bu","14:20:41",5112800
6670,170,100,"bu","14:20:41",5112300
6670,170,100,"bu","14:20:41",5112200
6670,170,100,"bu","14:20:41",5112100
6670,170,1700,"bu","14:20:41",5112000
6670,170,600,"bu","14:20:41",5110300
6670,170,900,"bu","14:20:41",5109700
6670,170,10000,"bu","14:20:40",5108800
6670,170,500,"bu","14:20:35",5098800
6670,170,7000,"bu","14:20:28",5098300
6670,170,200,"bu","14:20:20",5091300
6660,160,400,"sd","14:20:06",5091100
6660,160,1000,"sd","14:20:02",5090700
6660,160,500,"sd","14:19:55",5089700
6660,160,2000,"sd","14:19:55",5089200
6660,160,500,"sd","14:19:51",5087200
6660,160,10000,"sd","14:19:50",5086700
6660,160,300,"bu","14:19:37",5076700
6660,160,4700,"bu","14:19:25",5076400
6660,160,300,"bu","14:19:25",5071700
6650,150,100,"sd","14:18:58",5071400
6650,150,300,"sd","14:18:58",5071300
6650,150,400,"sd","14:18:58",5071000
6650,150,1000,"sd","14:18:58",5070600
6650,150,200,"sd","14:18:58",5069600
6660,160,100,"bu","14:18:56",5069400
6660,160,1000,"sd","14:18:52",5069300
6660,160,500,"sd","14:18:52",5068300
6660,160,900,"sd","14:18:52",5067800
6660,160,1000,"sd","14:18:52",5066900
6660,160,100,"sd","14:18:52",5065900
6660,160,1000,"sd","14:18:52",5065800
6660,160,4800,"sd","14:18:52",5064800
6670,170,500,"bu","14:18:48",5060000
6670,170,400,"bu","14:18:43",5059500
6670,170,100,"bu","14:18:35",5059100
6670,170,200,"bu","14:18:14",5059000
6660,160,200,"bu","14:18:06",5058800
6660,160,500,"bu","14:18:04",5058600
6660,160,300,"bu","14:18:01",5058100
6660,160,800,"bu","14:18:01",5057800
6660,160,2000,"bu","14:17:58",5057000
6660,160,2000,"bu","14:17:36",5055000
6650,150,100,"sd","14:17:35",5053000
6660,160,100,"bu","14:17:34",5052900
6660,160,100,"bu","14:17:32",5052800
6660,160,100,"bu","14:17:27",5052700
6660,160,2000,"bu","14:17:25",5052600
6660,160,6900,"bu","14:17:21",5050600
6660,160,3100,"bu","14:17:21",5043700
6660,160,1900,"bu","14:17:18",5040600
6660,160,100,"bu","14:17:18",5038700
6660,160,200,"bu","14:17:01",5038600
6660,160,700,"bu","14:16:54",5038400
6650,150,1800,"sd","14:16:54",5037700
6650,150,3200,"sd","14:16:43",5035900
6660,160,1800,"sd","14:16:43",5032700
6650,150,26500,"sd","14:16:31",5030900
6660,160,500,"sd","14:16:31",5004400
6660,160,5000,"sd","14:16:31",5003900
6660,160,100,"bu","14:16:28",4998900
6660,160,2900,"bu","14:16:28",4998800
6660,160,100,"sd","14:16:26",4995900
6660,160,100,"bu","14:16:23",4995800
6660,160,500,"bu","14:16:18",4995700
6660,160,100,"unknown","14:16:09",4995200
6650,150,17400,"sd","14:16:07",4995100
6650,150,10000,"sd","14:16:07",4977700
6650,150,100,"sd","14:16:06",4967700
6650,150,2000,"sd","14:16:06",4967600
6650,150,100,"sd","14:16:06",4965600
6650,150,100,"sd","14:16:06",4965500
6650,150,3000,"sd","14:16:06",4965400
6650,150,1100,"sd","14:16:06",4962400
6650,150,200,"sd","14:16:06",4961300
6650,150,2000,"sd","14:16:06",4961100
6650,150,400,"sd","14:16:06",4959100
6650,150,10000,"sd","14:16:06",4958700
6650,150,100,"sd","14:16:06",4948700
6660,160,5000,"sd","14:16:06",4948600
6660,160,5400,"sd","14:16:06",4943600
6660,160,200,"sd","14:16:06",4938200
6660,160,1000,"sd","14:16:06",4938000
6660,160,1900,"sd","14:16:06",4937000
6660,160,1500,"sd","14:15:51",4935100
6670,170,100,"bu","14:15:47",4933600
6660,160,1400,"sd","14:15:47",4933500
6660,160,200,"sd","14:15:40",4932100
6660,160,100,"sd","14:15:40",4931900
6660,160,1100,"sd","14:15:40",4931800
6660,160,1000,"sd","14:15:40",4930700
6660,160,400,"sd","14:15:40",4929700
6660,160,2000,"sd","14:15:40",4929300
6660,160,200,"sd","14:15:40",4927300
6660,160,300,"sd","14:15:27",4927100
6660,160,900,"sd","14:15:27",4926800
6670,170,3000,"bu","14:15:07",4925900
6670,170,1000,"bu","14:15:00",4922900
6670,170,2000,"sd","14:14:57",4921900
6670,170,200,"sd","14:14:57",4919900
6670,170,3000,"sd","14:14:57",4919700
6670,170,100,"sd","14:14:57",4916700
6670,170,2000,"sd","14:14:51",4916600
6680,180,2000,"sd","14:14:39",4914600
6680,180,100,"sd","14:14:39",4912600
6680,180,100,"sd","14:14:39",4912500
6680,180,900,"sd","14:14:38",4912400
6680,180,2000,"sd","14:14:38",4911500
6680,180,3100,"sd","14:14:38",4909500
6690,190,2400,"bu","14:14:09",4906400
6690,190,5000,"bu","14:13:32",4904000
6690,190,200,"sd","14:13:31",4899000
6680,180,6900,"sd","14:13:14",4898800
6680,180,3000,"sd","14:13:14",4891900
6690,190,100,"sd","14:13:07",4888900
6690,190,900,"sd","14:13:02",4888800
6690,190,1000,"sd","14:12:59",4887900
6690,190,1000,"sd","14:12:47",4886900
6690,190,2000,"sd","14:12:28",4885900
6700,200,7700,"bu","14:12:09",4883900
6690,190,8200,"bu","14:12:09",4876200
6690,190,1800,"sd","14:12:06",4868000
6690,190,2000,"sd","14:12:06",4866200
6690,190,1200,"sd","14:12:06",4864200
6690,190,8800,"sd","14:12:06",4863000
6690,190,1000,"sd","14:12:03",4854200
6700,200,100,"bu","14:11:58",4853200
6690,190,200,"sd","14:11:57",4853100
6690,190,1300,"sd","14:11:57",4852900
6690,190,3700,"sd","14:11:53",4851600
6690,190,1000,"sd","14:11:53",4847900
6690,190,300,"sd","14:11:53",4846900
6690,190,200,"sd","14:11:53",4846600
6700,200,5000,"sd","14:11:41",4846400
6700,200,500,"sd","14:11:41",4841400
6700,200,2500,"sd","14:11:41",4840900
6700,200,2000,"sd","14:11:41",4838400
6700,200,800,"sd","14:11:41",4836400
6700,200,400,"sd","14:11:41",4835600
6700,200,100,"sd","14:11:41",4835200
6700,200,1200,"sd","14:11:41",4835100
6700,200,3800,"sd","14:11:40",4833900
6700,200,8400,"sd","14:11:40",4830100
6700,200,1000,"sd","14:11:40",4821700
6700,200,1000,"sd","14:11:40",4820700
6700,200,1000,"sd","14:11:40",4819700
6700,200,1000,"sd","14:11:40",4818700
6700,200,1000,"sd","14:11:40",4817700
6700,200,2000,"sd","14:11:40",4816700
6700,200,1000,"sd","14:11:40",4814700
6700,200,500,"sd","14:11:40",4813700
6700,200,200,"sd","14:11:40",4813200
6700,200,4000,"sd","14:11:40",4813000
6700,200,500,"sd","14:11:40",4809000
6700,200,900,"sd","14:11:40",4808500
6700,200,200,"sd","14:11:40",4807600
6700,200,100,"sd","14:11:40",4807400
6700,200,1000,"sd","14:11:40",4807300
6700,200,10000,"sd","14:11:40",4806300
6700,200,1000,"sd","14:11:40",4796300
6700,200,1000,"sd","14:11:40",4795300
6700,200,3000,"sd","14:11:40",4794300
6700,200,8900,"sd","14:11:40",4791300
6700,200,100,"sd","14:11:40",4782400
6700,200,500,"sd","14:11:40",4782300
6700,200,3000,"sd","14:11:40",4781800
6700,200,700,"sd","14:11:40",4778800
6700,200,300,"sd","14:11:37",4778100
6700,200,400,"sd","14:11:37",4777800
6700,200,2400,"sd","14:11:37",4777400
6700,200,9900,"sd","14:11:37",4775000
6700,200,100,"sd","14:11:32",4765100
6700,200,200,"sd","14:11:32",4765000
6700,200,400,"sd","14:11:29",4764800
6700,200,1000,"sd","14:11:28",4764400
6700,200,7000,"sd","14:11:13",4763400
6710,210,200,"sd","14:10:56",4756400
6710,210,1000,"sd","14:10:56",4756200
6710,210,10000,"sd","14:10:56",4755200
6710,210,1200,"sd","14:10:56",4745200
6710,210,2000,"sd","14:10:56",4744000
6710,210,1000,"sd","14:10:56",4742000
6710,210,300,"sd","14:10:56",4741000
6710,210,700,"sd","14:10:53",4740700
6710,210,2000,"sd","14:10:53",4740000
6710,210,1000,"sd","14:10:53",4738000
6710,210,2000,"sd","14:10:53",4737000
6710,210,2000,"sd","14:10:53",4735000
6710,210,500,"sd","14:10:53",4733000
6710,210,1000,"sd","14:10:53",4732500
6710,210,2000,"sd","14:10:53",4731500
6710,210,200,"sd","14:10:53",4729500
6710,210,500,"sd","14:10:53",4729300
6710,210,3000,"sd","14:10:53",4728800
6710,210,5100,"sd","14:10:53",4725800
6710,210,1000,"sd","14:10:51",4720700
6710,210,1000,"sd","14:10:30",4719700
6710,210,400,"sd","14:10:13",4718700
6710,210,400,"sd","14:10:05",4718300
6710,210,1000,"sd","14:10:01",4717900
6710,210,100,"sd","14:10:00",4716900
6710,210,500,"sd","14:09:48",4716800
6710,210,2000,"sd","14:09:46",4716300
6710,210,700,"sd","14:09:46",4714300
6710,210,900,"sd","14:09:43",4713600
6710,210,200,"sd","14:09:39",4712700
6710,210,300,"sd","14:09:32",4712500
6710,210,1000,"sd","14:09:24",4712200
6720,220,400,"bu","14:08:57",4711200
6720,220,500,"sd","14:08:56",4710800
6720,220,1500,"sd","14:08:56",4710300
6720,220,400,"sd","14:08:44",4708800
6720,220,1000,"sd","14:08:43",4708400
6720,220,1000,"sd","14:08:42",4707400
6720,220,1100,"sd","14:08:32",4706400
6720,220,1000,"sd","14:08:32",4705300
6720,220,1000,"sd","14:08:32",4704300
6720,220,100,"sd","14:08:29",4703300
6720,220,2900,"sd","14:08:29",4703200
6720,220,7100,"sd","14:08:28",4700300
6720,220,200,"sd","14:08:28",4693200
6720,220,100,"sd","14:08:28",4693000
6720,220,100,"sd","14:08:28",4692900
6720,220,2000,"sd","14:07:50",4692800
6720,220,500,"sd","14:07:35",4690800
6720,220,2400,"sd","14:07:34",4690300
6720,220,100,"sd","14:07:34",4687900
6720,220,2400,"sd","14:07:34",4687800
6720,220,600,"sd","14:07:34",4685400
6720,220,2000,"sd","14:07:15",4684800
6730,230,500,"bu","14:07:10",4682800
6720,220,2400,"sd","14:07:07",4682300
6720,220,100,"sd","14:07:07",4679900
6720,220,2500,"sd","14:07:07",4679800
6720,220,5400,"sd","14:07:07",4677300
6720,220,300,"sd","14:07:07",4671900
6720,220,900,"sd","14:07:07",4671600
6730,230,2000,"bu","14:07:05",4670700
6720,220,500,"sd","14:06:52",4668700
6720,220,1000,"sd","14:06:41",4668200
6720,220,2000,"sd","14:06:35",4667200
6720,220,600,"sd","14:06:26",4665200
6720,220,1400,"sd","14:06:26",4664600
6720,220,100,"sd","14:06:24",4663200
6720,220,100,"sd","14:06:24",4663100
6720,220,2000,"sd","14:06:18",4663000
6720,220,100,"sd","14:06:10",4661000
6730,230,1200,"bu","14:06:02",4660900
6730,230,1000,"bu","14:05:26",4659700
6730,230,3000,"bu","14:05:12",4658700
6720,220,3800,"sd","14:05:11",4655700
6720,220,1500,"sd","14:05:10",4651900
6720,220,200,"sd","14:05:04",4650400
6730,230,2200,"bu","14:04:07",4650200
6730,230,5000,"bu","14:03:49",4648000
6730,230,5000,"bu","14:03:41",4643000
6730,230,3500,"bu","14:03:19",4638000
6720,220,1000,"sd","14:03:17",4634500
6720,220,1100,"sd","14:03:14",4633500
6720,220,200,"sd","14:03:07",4632400
6720,220,100,"sd","14:03:07",4632200
6720,220,100,"sd","14:02:58",4632100
6720,220,300,"sd","14:02:52",4632000
6710,210,900,"sd","14:02:47",4631700
6720,220,5000,"sd","14:02:47",4630800
6720,220,1100,"sd","14:02:47",4625800
6720,220,100,"bu","14:02:35",4624700
6720,220,100,"bu","14:02:35",4624600
6720,220,5000,"bu","14:02:35",4624500
6720,220,10000,"bu","14:02:35",4619500
6720,220,8700,"bu","14:02:35",4609500
6720,220,200,"bu","14:02:31",4600800
6720,220,500,"bu","14:02:30",4600600
6710,210,900,"sd","14:02:10",4600100
6710,210,100,"sd","14:02:10",4599200
6710,210,5000,"sd","14:02:10",4599100
6720,220,100,"bu","14:01:52",4594100
6720,220,500,"bu","14:01:52",4594000
6720,220,1500,"bu","14:01:52",4593500
6720,220,500,"bu","14:01:48",4592000
6720,220,1000,"bu","14:01:44",4591500
6720,220,1000,"bu","14:01:44",4590500
6720,220,500,"bu","14:01:44",4589500
6720,220,2000,"sd","14:01:33",4589000
6720,220,2000,"sd","14:01:33",4587000
6720,220,500,"sd","14:01:33",4585000
6720,220,2000,"sd","14:01:33",4584500
6720,220,100,"sd","14:01:33",4582500
6720,220,2000,"sd","14:01:33",4582400
6720,220,1900,"sd","14:01:33",4580400
6720,220,200,"sd","14:00:46",4578500
6720,220,100,"sd","14:00:36",4578300
6730,230,100,"bu","14:00:35",4578200
6720,220,4000,"sd","14:00:23",4578100
6720,220,400,"sd","14:00:23",4574100
6720,220,100,"sd","14:00:20",4573700
6720,220,1000,"sd","14:00:20",4573600
6730,230,500,"bu","14:00:20",4572600
6730,230,700,"bu","14:00:16",4572100
6720,220,1000,"sd","14:00:09",4571400
6720,220,500,"sd","14:00:07",4570400
6720,220,500,"sd","13:59:54",4569900
6720,220,1000,"sd","13:59:54",4569400
6720,220,500,"sd","13:59:54",4568400
6720,220,19000,"sd","13:59:54",4567900
6720,220,200,"sd","13:59:54",4548900
6720,220,200,"sd","13:59:54",4548700
6720,220,8600,"sd","13:59:54",4548500
6730,230,3000,"bu","13:59:54",4539900
6720,220,1400,"sd","13:59:52",4536900
6720,220,3600,"sd","13:59:52",4535500
6720,220,1400,"sd","13:59:44",4531900
6720,220,600,"sd","13:59:44",4530500
6730,230,100,"bu","13:59:30",4529900
6720,220,100,"sd","13:59:26",4529800
6720,220,1000,"sd","13:59:26",4529700
6720,220,500,"sd","13:59:26",4528700
6720,220,400,"sd","13:59:26",4528200
6720,220,2600,"sd","13:59:08",4527800
6720,220,400,"sd","13:59:08",4525200
6720,220,100,"sd","13:58:54",4524800
6720,220,500,"sd","13:58:54",4524700
6720,220,400,"sd","13:58:47",4524200
6730,230,500,"bu","13:58:46",4523800
6720,220,1000,"sd","13:58:11",4523300
6720,220,100,"sd","13:58:02",4522300
6720,220,500,"sd","13:57:50",4522200
6720,220,200,"sd","13:57:47",4521700
6720,220,2000,"sd","13:57:47",4521500
6720,220,1000,"sd","13:57:43",4519500
6720,220,7200,"sd","13:57:37",4518500
6720,220,2300,"sd","13:57:28",4511300
6730,230,500,"bu","13:57:28",4509000
6720,220,3000,"sd","13:57:18",4508500
6720,220,200,"sd","13:57:05",4505500
6720,220,500,"sd","13:56:41",4505300
6720,220,500,"sd","13:56:40",4504800
6720,220,2600,"sd","13:56:31",4504300
6720,220,1000,"sd","13:56:31",4501700
6720,220,200,"sd","13:56:31",4500700
6720,220,1000,"sd","13:56:31",4500500
6720,220,100,"sd","13:56:31",4499500
6720,220,100,"sd","13:56:31",4499400
6730,230,14000,"bu","13:56:28",4499300
6730,230,1000,"bu","13:56:28",4485300
6730,230,500,"unknown","13:56:28",4484300
6730,230,1000,"sd","13:56:28",4483800
6730,230,3400,"sd","13:56:28",4482800
6730,230,1000,"sd","13:56:28",4479400
6730,230,100,"sd","13:55:58",4478400
6730,230,100,"sd","13:55:58",4478300
6730,230,500,"sd","13:55:58",4478200
6730,230,3000,"sd","13:55:58",4477700
6730,230,1000,"sd","13:55:58",4474700
6730,230,200,"sd","13:55:58",4473700
6730,230,5000,"sd","13:55:58",4473500
6730,230,100,"sd","13:55:58",4468500
6730,230,1900,"sd","13:55:58",4468400
6730,230,7600,"sd","13:55:58",4466500
6730,230,500,"sd","13:55:58",4458900
6740,240,200,"bu","13:55:55",4458400
6740,240,800,"bu","13:55:55",4458200
6740,240,100,"bu","13:55:51",4457400
6740,240,100,"bu","13:55:29",4457300
6740,240,400,"bu","13:55:29",4457200
6740,240,1600,"bu","13:55:22",4456800
6730,230,2000,"sd","13:55:19",4455200
6740,240,1000,"bu","13:55:14",4453200
6740,240,1300,"sd","13:54:57",4452200
6740,240,100,"sd","13:54:57",4450900
6740,240,100,"sd","13:54:57",4450800
6740,240,100,"sd","13:54:57",4450700
6740,240,5400,"sd","13:54:57",4450600
6740,240,500,"sd","13:54:40",4445200
6740,240,100,"sd","13:54:39",4444700
6740,240,500,"sd","13:54:34",4444600
6740,240,2100,"sd","13:54:32",4444100
6740,240,500,"sd","13:54:29",4442000
6740,240,500,"sd","13:54:24",4441500
6740,240,900,"sd","13:54:23",4441000
6740,240,100,"bu","13:54:15",4440100
6740,240,3000,"bu","13:54:15",4440000
6740,240,500,"bu","13:54:15",4437000
6740,240,100,"bu","13:54:15",4436500
6740,240,5000,"bu","13:54:15",4436400
6740,240,800,"bu","13:54:15",4431400
6740,240,100,"bu","13:54:00",4430600
6740,240,900,"bu","13:53:57",4430500
6740,240,1000,"bu","13:53:46",4429600
6740,240,200,"bu","13:53:37",4428600
6740,240,500,"bu","13:53:37",4428400
6740,240,1000,"bu","13:53:37",4427900
6740,240,900,"bu","13:53:37",4426900
6740,240,400,"bu","13:53:12",4426000
6740,240,200,"bu","13:53:02",4425600
6730,230,1000,"sd","13:53:02",4425400
6740,240,3000,"bu","13:53:00",4424400
6740,240,5000,"bu","13:52:54",4421400
6740,240,500,"bu","13:52:38",4416400
6750,250,18700,"bu","13:52:28",4415900
6740,240,10300,"bu","13:52:28",4397200
6740,240,3000,"sd","13:52:24",4386900
6740,240,1700,"sd","13:52:24",4383900
6740,240,1000,"sd","13:52:18",4382200
6740,240,1000,"sd","13:52:18",4381200
6740,240,100,"sd","13:52:11",4380200
6740,240,500,"sd","13:52:07",4380100
6740,240,1000,"sd","13:52:02",4379600
6740,240,100,"sd","13:51:50",4378600
6740,240,100,"sd","13:51:49",4378500
6740,240,1000,"bu","13:51:49",4378400
6740,240,1000,"bu","13:51:49",4377400
6740,240,500,"bu","13:51:49",4376400
6740,240,2000,"bu","13:51:49",4375900
6730,230,100,"sd","13:51:49",4373900
6730,230,2400,"sd","13:51:49",4373800
6730,230,300,"sd","13:51:31",4371400
6730,230,2300,"sd","13:50:58",4371100
6740,240,700,"sd","13:50:58",4368800
6740,240,100,"sd","13:50:58",4368100
6740,240,1000,"sd","13:50:58",4368000
6740,240,100,"sd","13:50:48",4367000
6740,240,500,"sd","13:50:44",4366900
6740,240,3000,"sd","13:50:43",4366400
6750,250,20000,"bu","13:50:27",4363400
6750,250,1600,"bu","13:50:16",4343400
6740,240,1500,"sd","13:50:15",4341800
6740,240,500,"sd","13:50:15",4340300
6740,240,2000,"sd","13:50:15",4339800
6740,240,3000,"sd","13:50:15",4337800
6750,250,600,"bu","13:50:13",4334800
6750,250,1000,"bu","13:50:13",4334200
6750,250,400,"bu","13:50:13",4333200
6750,250,9600,"bu","13:50:04",4332800
6750,250,1000,"bu","13:50:04",4323200
6750,250,1800,"bu","13:50:04",4322200
6750,250,200,"bu","13:50:01",4320400
6750,250,100,"bu","13:49:48",4320200
6750,250,2900,"bu","13:49:37",4320100
6750,250,100,"bu","13:49:37",4317200
6750,250,500,"bu","13:49:37",4317100
6750,250,100,"bu","13:49:37",4316600
6750,250,500,"bu","13:49:37",4316500
6750,250,2000,"bu","13:49:37",4316000
6750,250,3900,"bu","13:49:37",4314000
6750,250,1100,"bu","13:49:35",4310100
6750,250,700,"bu","13:49:35",4309000
6750,250,500,"bu","13:49:35",4308300
6750,250,100,"bu","13:49:25",4307800
6750,250,100,"bu","13:49:21",4307700
6750,250,500,"bu","13:49:19",4307600
6750,250,100,"bu","13:49:11",4307100
6750,250,1000,"bu","13:49:11",4307000
6750,250,200,"bu","13:49:11",4306000
6750,250,1000,"bu","13:49:09",4305800
6750,250,100,"sd","13:49:05",4304800
6750,250,1000,"sd","13:49:05",4304700
6750,250,500,"sd","13:49:05",4303700
6750,250,200,"sd","13:49:05",4303200
6750,250,500,"sd","13:49:01",4303000
6750,250,100,"sd","13:48:57",4302500
6750,250,1000,"sd","13:48:50",4302400
6760,260,1000,"bu","13:48:47",4301400
6750,250,3200,"sd","13:48:45",4300400
6750,250,1000,"sd","13:48:45",4297200
6750,250,800,"sd","13:48:45",4296200
6760,260,500,"bu","13:48:29",4295400
6760,260,100,"bu","13:48:29",4294900
6760,260,100,"bu","13:48:14",4294800
6760,260,100,"bu","13:48:14",4294700
6760,260,800,"bu","13:48:14",4294600
6760,260,900,"bu","13:48:10",4293800
6760,260,100,"bu","13:48:03",4292900
6760,260,1000,"bu","13:47:59",4292800
6760,260,200,"bu","13:47:43",4291800
6760,260,300,"bu","13:47:43",4291600
6760,260,100,"bu","13:47:43",4291300
6750,250,2000,"sd","13:47:42",4291200
6760,260,1000,"bu","13:47:41",4289200
6750,250,500,"sd","13:47:31",4288200
6750,250,200,"sd","13:47:17",4287700
6750,250,1500,"bu","13:47:16",4287500
6750,250,100,"bu","13:47:16",4286000
6750,250,900,"bu","13:47:16",4285900
6750,250,100,"bu","13:47:15",4285000
6750,250,100,"bu","13:47:15",4284900
6750,250,200,"bu","13:47:15",4284800
6750,250,500,"bu","13:47:15",4284600
6750,250,1000,"bu","13:47:15",4284100
6750,250,1900,"bu","13:47:15",4283100
6750,250,1200,"bu","13:47:15",4281200
6750,250,1100,"bu","13:47:13",4280000
6750,250,8900,"bu","13:47:13",4278900
6740,240,500,"sd","13:47:09",4270000
6750,250,16000,"bu","13:47:08",4269500
6750,250,1700,"bu","13:46:56",4253500
6750,250,2000,"bu","13:46:56",4251800
6750,250,100,"bu","13:46:56",4249800
6750,250,3000,"bu","13:46:56",4249700
6750,250,100,"bu","13:46:56",4246700
6750,250,1000,"bu","13:46:56",4246600
6750,250,2100,"bu","13:46:56",4245600
6750,250,2900,"bu","13:46:46",4243500
6750,250,1000,"bu","13:46:46",4240600
6750,250,2000,"bu","13:46:46",4239600
6750,250,100,"bu","13:46:46",4237600
6740,240,1500,"sd","13:46:41",4237500
6740,240,2500,"sd","13:46:41",4236000
6740,240,500,"sd","13:46:33",4233500
6740,240,2000,"bu","13:46:28",4233000
6740,240,2000,"bu","13:46:21",4231000
6740,240,2600,"bu","13:46:18",4229000
6740,240,5000,"bu","13:46:18",4226400
6740,240,200,"bu","13:46:18",4221400
6740,240,1000,"bu","13:46:18",4221200
6740,240,900,"bu","13:46:18",4220200
6740,240,100,"bu","13:46:18",4219300
6740,240,200,"bu","13:46:18",4219200
6740,240,2800,"bu","13:46:11",4219000
6740,240,10000,"bu","13:46:11",4216200
6740,240,2500,"bu","13:46:11",4206200
6740,240,100,"bu","13:46:11",4203700
6740,240,1000,"bu","13:46:11",4203600
6740,240,100,"bu","13:46:11",4202600
6740,240,4200,"bu","13:46:11",4202500
6730,230,10000,"bu","13:46:10",4198300
6730,230,2500,"bu","13:46:10",4188300
6730,230,2000,"bu","13:46:10",4185800
6730,230,1000,"bu","13:46:10",4183800
6730,230,1000,"bu","13:46:10",4182800
6730,230,1000,"bu","13:46:10",4181800
6730,230,100,"bu","13:46:10",4180800
6730,230,4300,"bu","13:46:10",4180700
6730,230,1000,"bu","13:46:10",4176400
6730,230,500,"bu","13:46:10",4175400
6730,230,3000,"bu","13:46:10",4174900
6730,230,2900,"bu","13:46:10",4171900
6730,230,500,"bu","13:46:09",4169000
6730,230,2000,"bu","13:46:06",4168500
6730,230,2300,"bu","13:46:04",4166500
6730,230,200,"bu","13:46:02",4164200
6730,230,2100,"bu","13:46:01",4164000
6730,230,1800,"bu","13:46:01",4161900
6730,230,5000,"bu","13:46:01",4160100
6730,230,1100,"bu","13:46:01",4155100
6730,230,200,"bu","13:46:00",4154000
6720,220,100,"sd","13:45:46",4153800
6720,220,1000,"sd","13:45:35",4153700
6720,220,1000,"sd","13:45:26",4152700
6730,230,400,"bu","13:44:51",4151700
6730,230,5000,"bu","13:44:40",4151300
6730,230,300,"bu","13:44:34",4146300
6720,220,100,"sd","13:44:30",4146000
6720,220,1000,"sd","13:44:28",4145900
6720,220,2000,"bu","13:44:13",4144900
6720,220,1000,"bu","13:44:13",4142900
6720,220,5000,"bu","13:44:13",4141900
6720,220,200,"bu","13:44:13",4136900
6720,220,800,"bu","13:44:12",4136700
6720,220,200,"bu","13:44:12",4135900
6720,220,1500,"bu","13:44:11",4135700
6720,220,300,"bu","13:44:09",4134200
6720,220,1000,"bu","13:44:09",4133900
6720,220,5000,"bu","13:44:09",4132900
6720,220,3000,"bu","13:44:09",4127900
6720,220,400,"bu","13:44:09",4124900
6720,220,65400,"bu","13:44:09",4124500
6720,220,200,"bu","13:44:09",4059100
6720,220,2000,"bu","13:44:09",4058900
6720,220,100,"bu","13:44:09",4056900
6720,220,1000,"bu","13:44:09",4056800
6720,220,2000,"bu","13:44:09",4055800
6720,220,2000,"bu","13:44:09",4053800
6720,220,10000,"bu","13:44:09",4051800
6720,220,1000,"bu","13:44:09",4041800
6720,220,100,"bu","13:44:09",4040800
6720,220,200,"bu","13:44:09",4040700
6720,220,300,"bu","13:44:09",4040500
6720,220,2000,"bu","13:44:09",4040200
6720,220,4000,"bu","13:44:09",4038200
6720,220,11000,"bu","13:43:46",4034200
6720,220,200,"bu","13:43:46",4023200
6720,220,2000,"bu","13:43:46",4023000
6720,220,1800,"bu","13:43:46",4021000
6710,210,100,"sd","13:43:29",4019200
6710,210,200,"sd","13:43:22",4019100
6710,210,300,"bu","13:43:08",4018900
6710,210,100,"sd","13:43:06",4018600
6710,210,100,"sd","13:43:06",4018500
6720,220,9500,"bu","13:43:01",4018400
6710,210,200,"sd","13:42:59",4008900
6710,210,300,"bu","13:42:49",4008700
6710,210,300,"bu","13:42:48",4008400
6710,210,200,"bu","13:42:48",4008100
6710,210,400,"bu","13:42:47",4007900
6700,200,6400,"sd","13:42:47",4007500
6710,210,1400,"bu","13:42:42",4001100
6710,210,200,"bu","13:42:42",3999700
6710,210,3000,"bu","13:42:42",3999500
6710,210,5000,"bu","13:42:42",3996500
6710,210,7000,"bu","13:42:42",3991500
6710,210,13400,"bu","13:42:42",3984500
6710,210,10000,"bu","13:42:40",3971100
6710,210,1000,"bu","13:42:31",3961100
6700,200,6000,"sd","13:42:20",3960100
6710,210,5000,"bu","13:42:18",3954100
6710,210,500,"bu","13:42:13",3949100
6710,210,1300,"bu","13:42:13",3948600
6710,210,200,"bu","13:42:13",3947300
6710,210,100,"bu","13:41:54",3947100
6710,210,200,"bu","13:41:46",3947000
6710,210,1500,"bu","13:41:33",3946800
6710,210,1100,"bu","13:41:33",3945300
6710,210,3900,"bu","13:41:25",3944200
6710,210,4500,"bu","13:41:25",3940300
6710,210,5000,"bu","13:41:25",3935800
6710,210,500,"bu","13:41:25",3930800
6710,210,100,"bu","13:41:25",3930300
6710,210,100,"bu","13:41:07",3930200
6700,200,5000,"sd","13:40:41",3930100
6710,210,500,"bu","13:40:18",3925100
6710,210,1000,"sd","13:40:08",3924600
6710,210,300,"sd","13:40:08",3923600
6710,210,700,"sd","13:40:02",3923300
6710,210,100,"sd","13:40:02",3922600
6710,210,200,"sd","13:40:02",3922500
6710,210,100,"sd","13:39:57",3922300
6710,210,400,"sd","13:39:57",3922200
6710,210,2300,"sd","13:39:52",3921800
6710,210,100,"sd","13:39:36",3919500
6710,210,3000,"sd","13:39:21",3919400
6710,210,100,"bu","13:39:16",3916400
6710,210,100,"bu","13:39:16",3916300
6710,210,900,"bu","13:39:12",3916200
6710,210,1100,"bu","13:39:12",3915300
6710,210,100,"bu","13:39:00",3914200
6710,210,1000,"bu","13:38:59",3914100
6710,210,2800,"bu","13:38:42",3913100
6710,210,1000,"bu","13:38:42",3910300
6710,210,1200,"bu","13:38:42",3909300
6710,210,800,"bu","13:38:41",3908100
6710,210,200,"bu","13:38:41",3907300
6710,210,400,"bu","13:38:36",3907100
6710,210,10000,"bu","13:38:36",3906700
6710,210,100,"bu","13:38:36",3896700
6710,210,4500,"bu","13:38:36",3896600
6700,200,1000,"sd","13:38:36",3892100
6710,210,7500,"bu","13:38:29",3891100
6700,200,500,"sd","13:38:24",3883600
6710,210,1100,"bu","13:38:19",3883100
6700,200,5000,"sd","13:38:14",3882000
6710,210,1900,"bu","13:38:12",3877000
6710,210,2000,"bu","13:38:12",3875100
6710,210,600,"bu","13:38:12",3873100
6710,210,300,"bu","13:38:12",3872500
6710,210,200,"bu","13:38:12",3872200
6710,210,100,"bu","13:38:12",3872000
6710,210,700,"bu","13:38:04",3871900
6710,210,300,"bu","13:38:04",3871200
6710,210,1000,"bu","13:37:52",3870900
6710,210,200,"bu","13:37:50",3869900
6710,210,500,"bu","13:37:44",3869700
6710,210,5000,"bu","13:37:31",3869200
6710,210,400,"bu","13:37:28",3864200
6710,210,1000,"bu","13:37:22",3863800
6710,210,500,"sd","13:36:53",3862800
6710,210,100,"sd","13:36:53",3862300
6710,210,1000,"sd","13:36:45",3862200
6710,210,3900,"sd","13:36:36",3861200
6710,210,1100,"sd","13:36:36",3857300
6710,210,100,"sd","13:36:36",3856200
6710,210,8800,"sd","13:36:31",3856100
6710,210,2000,"sd","13:36:31",3847300
6710,210,300,"sd","13:36:30",3845300
6710,210,900,"sd","13:36:30",3845000
6710,210,1600,"sd","13:36:30",3844100
6710,210,100,"sd","13:36:30",3842500
6710,210,300,"sd","13:36:30",3842400
6710,210,1000,"sd","13:36:17",3842100
6720,220,5000,"bu","13:36:14",3841100
6710,210,3700,"sd","13:36:12",3836100
6710,210,200,"sd","13:36:12",3832400
6710,210,1000,"sd","13:36:12",3832200
6710,210,500,"sd","13:36:12",3831200
6710,210,3800,"sd","13:36:12",3830700
6710,210,800,"sd","13:36:12",3826900
6720,220,200,"bu","13:35:49",3826100
6710,210,1200,"sd","13:35:46",3825900
6710,210,7900,"sd","13:35:46",3824700
6710,210,500,"sd","13:35:44",3816800
6710,210,2000,"sd","13:35:43",3816300
6720,220,5000,"bu","13:35:40",3814300
6720,220,200,"bu","13:35:36",3809300
6710,210,100,"sd","13:35:32",3809100
6710,210,3000,"sd","13:35:26",3809000
6720,220,4100,"bu","13:35:03",3806000
6720,220,1700,"bu","13:34:16",3801900
6720,220,300,"bu","13:34:15",3800200
6710,210,2000,"sd","13:34:13",3799900
6710,210,200,"sd","13:33:49",3797900
6710,210,100,"sd","13:33:47",3797700
6710,210,200,"sd","13:33:17",3797600
6720,220,200,"bu","13:33:05",3797400
6710,210,100,"sd","13:33:04",3797200
6710,210,1000,"sd","13:33:00",3797100
6720,220,2000,"bu","13:32:53",3796100
6720,220,1000,"bu","13:32:53",3794100
6720,220,200,"bu","13:32:53",3793100
6720,220,100,"bu","13:32:53",3792900
6720,220,1700,"bu","13:32:53",3792800
6710,210,2000,"bu","13:32:49",3791100
6710,210,4000,"bu","13:32:49",3789100
6710,210,1000,"bu","13:32:49",3785100
6710,210,7800,"bu","13:32:49",3784100
6710,210,100,"bu","13:32:49",3776300
6710,210,1200,"bu","13:32:49",3776200
6710,210,400,"bu","13:32:49",3775000
6710,210,400,"bu","13:32:26",3774600
6710,210,500,"sd","13:32:19",3774200
6710,210,700,"sd","13:32:19",3773700
6710,210,300,"sd","13:32:13",3773000
6710,210,200,"sd","13:32:13",3772700
6720,220,3400,"bu","13:32:11",3772500
6720,220,300,"bu","13:32:11",3769100
6720,220,1000,"bu","13:32:11",3768800
6720,220,300,"bu","13:32:11",3767800
6710,210,200,"sd","13:32:03",3767500
6710,210,800,"sd","13:32:03",3767300
6710,210,100,"sd","13:31:45",3766500
6710,210,800,"sd","13:31:43",3766400
6710,210,300,"sd","13:31:39",3765600
6710,210,700,"sd","13:31:39",3765300
6710,210,200,"sd","13:31:30",3764600
6720,220,200,"bu","13:31:29",3764400
6720,220,500,"bu","13:31:29",3764200
6720,220,1300,"bu","13:31:29",3763700
6710,210,300,"sd","13:31:21",3762400
6710,210,1000,"bu","13:31:21",3762100
6710,210,300,"bu","13:31:21",3761100
6710,210,9500,"bu","13:31:21",3760800
6710,210,200,"bu","13:31:19",3751300
6710,210,3000,"bu","13:31:16",3751100
6710,210,2000,"bu","13:31:13",3748100
6710,210,100,"bu","13:31:13",3746100
6710,210,3000,"sd","13:31:08",3746000
6710,210,2000,"sd","13:31:08",3743000
6710,210,200,"sd","13:31:08",3741000
6710,210,700,"sd","13:30:58",3740800
6710,210,900,"sd","13:30:58",3740100
6710,210,200,"bu","13:30:52",3739200
6710,210,500,"bu","13:30:52",3739000
6710,210,1000,"bu","13:30:52",3738500
6710,210,2400,"bu","13:30:52",3737500
6700,200,2000,"sd","13:30:50",3735100
6710,210,1200,"bu","13:30:44",3733100
6710,210,800,"bu","13:30:44",3731900
6710,210,200,"bu","13:30:43",3731100
6700,200,1000,"sd","13:30:42",3730900
6710,210,500,"bu","13:30:39",3729900
6700,200,1000,"sd","13:30:36",3729400
6700,200,500,"sd","13:30:31",3728400
6710,210,500,"bu","13:30:30",3727900
6700,200,2000,"sd","13:30:27",3727400
6700,200,21100,"sd","13:30:17",3725400
6710,210,100,"sd","13:30:17",3704300
6710,210,500,"sd","13:30:17",3704200
6710,210,1000,"sd","13:30:17",3703700
6710,210,5000,"sd","13:30:17",3702700
6710,210,2300,"sd","13:30:17",3697700
6710,210,500,"sd","13:29:52",3695400
6710,210,2000,"sd","13:29:50",3694900
6710,210,100,"sd","13:29:33",3692900
6710,210,400,"sd","13:29:12",3692800
6710,210,600,"sd","13:28:33",3692400
6720,220,1000,"bu","13:28:26",3691800
6720,220,700,"bu","13:28:13",3690800
6720,220,200,"bu","13:28:13",3690100
6720,220,1100,"bu","13:28:13",3689900
6720,220,300,"bu","13:28:11",3688800
6710,210,100,"sd","13:27:56",3688500
6720,220,400,"bu","13:27:46",3688400
6720,220,300,"bu","13:27:46",3688000
6710,210,300,"bu","13:27:46",3687700
6710,210,100,"sd","13:27:41",3687400
6710,210,6900,"sd","13:27:41",3687300
6710,210,4000,"sd","13:27:41",3680400
6710,210,8700,"sd","13:27:41",3676400
6720,220,3000,"bu","13:27:38",3667700
6720,220,100,"bu","13:27:32",3664700
6710,210,1300,"sd","13:27:31",3664600
6710,210,2000,"sd","13:27:31",3663300
6710,210,500,"sd","13:27:31",3661300
6710,210,100,"sd","13:27:31",3660800
6710,210,100,"sd","13:27:31",3660700
6710,210,1000,"sd","13:27:31",3660600
6720,220,100,"bu","13:27:23",3659600
6720,220,1000,"bu","13:27:14",3659500
6730,230,300,"bu","13:27:12",3658500
6730,230,2000,"bu","13:27:10",3658200
6720,220,800,"sd","13:27:08",3656200
6720,220,2000,"sd","13:27:08",3655400
6720,220,300,"sd","13:27:08",3653400
6720,220,6900,"sd","13:27:08",3653100
6720,220,1900,"sd","13:27:00",3646200
6720,220,1000,"sd","13:26:47",3644300
6720,220,200,"sd","13:26:33",3643300
6730,230,100,"bu","13:25:58",3643100
6730,230,600,"bu","13:25:58",3643000
6730,230,100,"bu","13:25:58",3642400
6730,230,100,"sd","13:25:58",3642300
6730,230,200,"sd","13:25:58",3642200
6730,230,1800,"sd","13:25:58",3642000
6730,230,1200,"sd","13:25:44",3640200
6730,230,800,"sd","13:25:44",3639000
6740,240,100,"bu","13:25:40",3638200
6730,230,3000,"sd","13:25:31",3638100
6730,230,700,"sd","13:25:20",3635100
6730,230,500,"sd","13:25:18",3634400
6730,230,100,"sd","13:25:15",3633900
6730,230,1000,"sd","13:25:02",3633800
6740,240,700,"bu","13:25:01",3632800
6740,240,300,"bu","13:25:01",3632100
6730,230,1700,"sd","13:24:53",3631800
6730,230,300,"sd","13:24:50",3630100
6730,230,500,"sd","13:24:44",3629800
6730,230,200,"bu","13:24:44",3629300
6730,230,100,"bu","13:24:34",3629100
6730,230,200,"sd","13:24:27",3629000
6730,230,100,"sd","13:24:25",3628800
6730,230,100,"sd","13:24:25",3628700
6740,240,100,"bu","13:24:23",3628600
6740,240,200,"sd","13:24:10",3628500
6760,260,3600,"sd","13:23:42",3628300
6760,260,500,"bu","13:23:39",3624700
6760,260,1800,"bu","13:23:39",3624200
6750,250,100,"bu","13:23:39",3622400
6750,250,700,"bu","13:23:37",3622300
6750,250,1000,"sd","13:23:33",3621600
6750,250,100,"sd","13:23:33",3620600
6750,250,1000,"sd","13:23:33",3620500
6750,250,500,"sd","13:23:33",3619500
6750,250,200,"sd","13:23:33",3619000
6750,250,100,"sd","13:23:33",3618800
6750,250,500,"sd","13:23:33",3618700
6750,250,800,"sd","13:23:33",3618200
6760,260,1000,"bu","13:23:31",3617400
6760,260,1000,"bu","13:23:29",3616400
6760,260,3000,"bu","13:23:19",3615400
6760,260,3200,"sd","13:23:19",3612400
6760,260,100,"bu","13:23:17",3609200
6760,260,500,"bu","13:23:16",3609100
6760,260,1200,"bu","13:23:16",3608600
6760,260,5000,"bu","13:23:10",3607400
6760,260,100,"bu","13:23:07",3602400
6760,260,100,"bu","13:23:03",3602300
6760,260,100,"sd","13:22:58",3602200
6760,260,9800,"sd","13:22:58",3602100
6760,260,1000,"sd","13:22:58",3592300
6760,260,300,"sd","13:22:58",3591300
6770,270,400,"sd","13:22:58",3591000
6770,270,400,"sd","13:22:58",3590600
6770,270,1000,"sd","13:22:58",3590200
6770,270,100,"sd","13:22:58",3589200
6770,270,500,"sd","13:22:58",3589100
6770,270,1000,"sd","13:22:55",3588600
6770,270,500,"sd","13:22:54",3587600
6770,270,600,"sd","13:22:54",3587100
6770,270,900,"sd","13:22:54",3586500
6780,280,1000,"bu","13:22:52",3585600
6780,280,4900,"bu","13:22:46",3584600
6780,280,100,"bu","13:22:46",3579700
6780,280,100,"sd","13:22:45",3579600
6790,290,4400,"bu","13:22:38",3579500
6790,290,200,"bu","13:22:38",3575100
6790,290,400,"bu","13:22:38",3574900
6790,290,1600,"bu","13:22:36",3574500
6780,280,400,"bu","13:22:36",3572900
6780,280,500,"sd","13:22:34",3572500
6780,280,100,"sd","13:22:34",3572000
6780,280,1000,"sd","13:22:34",3571900
6780,280,300,"sd","13:22:33",3570900
6780,280,200,"sd","13:22:31",3570600
6780,280,100,"bu","13:22:26",3570400
6780,280,300,"bu","13:22:26",3570300
6780,280,2000,"bu","13:22:26",3570000
6770,270,100,"sd","13:22:18",3568000
6780,280,300,"bu","13:22:18",3567900
6780,280,200,"sd","13:22:17",3567600
6780,280,200,"sd","13:22:17",3567400
6790,290,5000,"bu","13:22:16",3567200
6770,270,300,"sd","13:22:11",3562200
6780,280,1700,"sd","13:22:11",3561900
6780,280,8300,"bu","13:22:10",3560200
6780,280,1700,"bu","13:22:09",3551900
6780,280,300,"bu","13:22:09",3550200
6780,280,200,"bu","13:22:08",3549900
6780,280,200,"bu","13:22:08",3549700
6780,280,100,"bu","13:22:08",3549500
6770,270,100,"sd","13:22:08",3549400
6790,290,200,"bu","13:21:55",3549300
6770,270,500,"bu","13:21:55",3549100
6770,270,500,"sd","13:21:55",3548600
6780,280,10000,"bu","13:21:54",3548100
6790,290,200,"bu","13:21:49",3538100
6790,290,2600,"bu","13:21:47",3537900
6790,290,10000,"bu","13:21:47",3535300
6790,290,10000,"bu","13:21:47",3525300
6790,290,200,"bu","13:21:47",3515300
6790,290,5900,"bu","13:21:47",3515100
6790,290,100,"bu","13:21:47",3509200
6790,290,100,"bu","13:21:47",3509100
6790,290,200,"bu","13:21:47",3509000
6790,290,10000,"bu","13:21:47",3507800
6790,290,1000,"bu","13:21:47",3508800
6780,280,500,"bu","13:21:47",3497800
6780,280,9300,"bu","13:21:47",3497300
6770,270,100,"bu","13:21:47",3488000
6780,280,700,"bu","13:21:45",3487900
6780,280,200,"bu","13:21:45",3487200
6780,280,100,"bu","13:21:45",3487000
6760,260,200,"sd","13:21:44",3486900
6770,270,800,"sd","13:21:44",3486700
6780,280,100,"bu","13:21:41",3485900
6770,270,200,"sd","13:21:36",3485800
6770,270,2000,"sd","13:21:34",3485600
6780,280,500,"bu","13:21:34",3483600
6780,280,300,"bu","13:21:34",3483100
6780,280,4200,"bu","13:21:34",3482800
6780,280,800,"bu","13:21:30",3478600
6780,280,200,"bu","13:21:30",3477800
6770,270,3000,"sd","13:21:30",3477600
6780,280,1000,"bu","13:21:25",3474600
6780,280,1000,"bu","13:21:25",3473600
6780,280,1000,"bu","13:21:25",3472600
6760,260,500,"sd","13:21:23",3471600
6770,270,200,"sd","13:21:21",3471100
6780,280,1000,"bu","13:21:20",3470900
6770,270,500,"bu","13:21:14",3469900
6770,270,200,"bu","13:21:14",3469400
6770,270,3000,"bu","13:21:14",3469200
6770,270,500,"bu","13:21:14",3466200
6760,260,3300,"bu","13:21:14",3465700
6760,260,200,"bu","13:21:14",3462400
6760,260,200,"bu","13:21:14",3462200
6760,260,1000,"bu","13:21:14",3462000
6760,260,900,"bu","13:21:14",3461000
6760,260,2100,"bu","13:21:11",3460100
6750,250,100,"bu","13:21:11",3458000
6750,250,400,"bu","13:21:11",3457900
6750,250,200,"bu","13:21:11",3457500
6750,250,1000,"bu","13:21:11",3457300
6750,250,3000,"bu","13:21:11",3456300
6750,250,500,"bu","13:21:11",3453300
6750,250,200,"bu","13:21:11",3452800
6750,250,200,"bu","13:21:11",3452600
6750,250,7500,"bu","13:21:11",3452400
6750,250,500,"bu","13:21:11",3444900
6750,250,1000,"bu","13:21:11",3444400
6750,250,500,"bu","13:21:11",3443400
6750,250,300,"bu","13:21:11",3442900
6750,250,500,"bu","13:21:11",3442600
6750,250,2000,"bu","13:21:11",3442100
6750,250,300,"bu","13:21:11",3440100
6750,250,1000,"bu","13:21:11",3439800
6750,250,1000,"bu","13:21:11",3438800
6750,250,200,"bu","13:21:11",3437800
6750,250,1000,"bu","13:21:11",3437600
6750,250,3000,"bu","13:21:11",3436600
6750,250,100,"bu","13:21:11",3433600
6750,250,100,"bu","13:21:11",3433500
6750,250,700,"bu","13:21:11",3433400
6750,250,1000,"bu","13:21:11",3432700
6750,250,4300,"bu","13:21:11",3431700
6750,250,2300,"bu","13:21:11",3427400
6750,250,700,"bu","13:21:09",3425100
6750,250,6000,"bu","13:21:09",3424400
6750,250,500,"bu","13:21:09",3418400
6750,250,1500,"bu","13:21:09",3417900
6750,250,500,"bu","13:21:09",3416400
6750,250,800,"bu","13:21:09",3415900
6750,250,2000,"bu","13:21:08",3415100
6750,250,2200,"bu","13:21:03",3413100
6750,250,300,"bu","13:21:03",3410900
6750,250,10000,"bu","13:21:03",3410600
6750,250,1500,"bu","13:21:03",3400600
6740,240,100,"bu","13:21:03",3399100
6750,250,200,"bu","13:21:03",3399000
6740,240,500,"bu","13:21:03",3398800
6750,250,100,"bu","13:21:03",3398300
6730,230,200,"bu","13:21:03",3398200
6750,250,300,"bu","13:21:03",3398000
6730,230,7000,"bu","13:21:03",3397700
6750,250,300,"bu","13:21:03",3390700
6730,230,500,"bu","13:21:03",3390400
6740,240,500,"bu","13:21:03",3389900
6730,230,100,"bu","13:21:03",3389400
6740,240,3000,"bu","13:21:03",3389300
6730,230,200,"bu","13:21:03",3386300
6740,240,200,"bu","13:21:03",3386100
6730,230,300,"bu","13:21:03",3385900
6740,240,1000,"bu","13:21:03",3385600
6730,230,1000,"bu","13:21:03",3384600
6740,240,500,"bu","13:21:03",3383600
6720,220,4100,"sd","13:20:56",3383100
6720,220,5900,"bu","13:20:56",3379000
6720,220,200,"bu","13:20:56",3373100
6720,220,1000,"bu","13:20:56",3372900
6720,220,200,"bu","13:20:56",3371900
6720,220,300,"bu","13:20:56",3371700
6720,220,500,"bu","13:20:56",3371400
6720,220,2800,"bu","13:20:56",3370900
6720,220,200,"bu","13:20:56",3368100
6720,220,2500,"bu","13:20:56",3367900
6720,220,1000,"bu","13:20:55",3365400
6720,220,100,"bu","13:20:55",3364400
6720,220,1200,"bu","13:20:55",3364300
6700,200,200,"sd","13:20:53",3363100
6720,220,2800,"bu","13:20:52",3362900
6720,220,100,"bu","13:20:52",3360100
6720,220,1100,"bu","13:20:52",3360000
6720,220,3900,"bu","13:20:50",3358900
6720,220,200,"bu","13:20:50",3355000
6710,210,200,"unknown","13:20:50",3354800
6710,210,100,"unknown","13:20:50",3354600
6710,210,500,"unknown","13:20:50",3354500
6710,210,100,"unknown","13:20:50",3354000
6710,210,200,"unknown","13:20:50",3353900
6710,210,500,"unknown","13:20:50",3353700
6710,210,600,"unknown","13:20:50",3353200
6710,210,700,"unknown","13:20:50",3352600
6700,200,200,"sd","13:20:50",3351900
6700,200,200,"bu","13:20:46",3351700
6700,200,1000,"bu","13:20:46",3351500
6700,200,10000,"bu","13:20:46",3350500
6700,200,100,"bu","13:20:46",3340500
6700,200,1000,"bu","13:20:46",3340400
6700,200,2000,"bu","13:20:46",3339400
6700,200,100,"bu","13:20:46",3337400
6700,200,11900,"bu","13:20:46",3337300
6700,200,300,"bu","13:20:46",3325400
6700,200,4600,"bu","13:20:46",3325100
6700,200,400,"bu","13:20:46",3320500
6700,200,1000,"bu","13:20:46",3320100
6700,200,100,"bu","13:20:46",3319100
6700,200,1100,"bu","13:20:46",3319000
6700,200,8900,"bu","13:20:46",3317900
6700,200,2000,"bu","13:20:46",3309000
6700,200,5000,"bu","13:20:46",3307000
6700,200,100,"bu","13:20:46",3302000
6700,200,10000,"bu","13:20:46",3301900
6700,200,5600,"bu","13:20:46",3291900
6700,200,700,"bu","13:20:46",3286300
6700,200,1000,"bu","13:20:46",3285600
6700,200,500,"bu","13:20:46",3284600
6700,200,200,"bu","13:20:46",3284100
6700,200,100,"bu","13:20:46",3283900
6700,200,800,"bu","13:20:46",3283800
6700,200,600,"bu","13:20:46",3283000
6700,200,100,"bu","13:20:46",3282400
6700,200,50000,"bu","13:20:46",3282300
6700,200,200,"bu","13:20:46",3232300
6700,200,200,"bu","13:20:46",3232100
6700,200,20000,"bu","13:20:46",3231900
6700,200,3400,"bu","13:20:46",3211900
6700,200,500,"bu","13:20:46",3208500
6700,200,500,"bu","13:20:46",3208000
6700,200,100,"bu","13:20:46",3207500
6700,200,5500,"bu","13:20:46",3207400
6700,200,500,"bu","13:20:46",3201900
6700,200,300,"bu","13:20:46",3201400
6700,200,500,"bu","13:20:46",3201100
6700,200,100,"bu","13:20:46",3200600
6700,200,100,"bu","13:20:46",3200500
6700,200,500,"bu","13:20:46",3200400
6700,200,1000,"bu","13:20:46",3199900
6700,200,5000,"bu","13:20:46",3198900
6700,200,300,"bu","13:20:46",3193900
6700,200,200,"bu","13:20:46",3193600
6700,200,1000,"bu","13:20:46",3193400
6700,200,500,"bu","13:20:46",3192400
6700,200,100,"bu","13:20:46",3191900
6700,200,1000,"bu","13:20:46",3191800
6700,200,1000,"bu","13:20:46",3190800
6700,200,100,"bu","13:20:46",3189800
6700,200,100,"bu","13:20:46",3189700
6700,200,6600,"bu","13:20:46",3189600
6700,200,5000,"bu","13:20:46",3183000
6700,200,3000,"bu","13:20:46",3178000
6700,200,500,"bu","13:20:46",3175000
6700,200,200,"bu","13:20:46",3174500
6700,200,100,"bu","13:20:46",3174300
6700,200,12000,"bu","13:20:46",3174200
6700,200,2000,"bu","13:20:46",3162200
6700,200,5000,"bu","13:20:46",3160200
6700,200,500,"bu","13:20:46",3155200
6700,200,200,"bu","13:20:46",3154700
6700,200,500,"bu","13:20:46",3154500
6700,200,400,"bu","13:20:46",3154000
6700,200,1000,"bu","13:20:46",3153600
6700,200,400,"bu","13:20:46",3152600
6700,200,9600,"bu","13:20:39",3152200
6700,200,500,"bu","13:20:39",3142600
6700,200,5500,"bu","13:20:39",3142100
6700,200,500,"bu","13:20:39",3136600
6700,200,1000,"bu","13:20:39",3136100
6700,200,200,"bu","13:20:39",3135100
6700,200,5000,"bu","13:20:39",3134900
6700,200,5000,"bu","13:20:39",3129900
6700,200,400,"bu","13:20:39",3124900
6700,200,100,"bu","13:20:39",3124500
6700,200,100,"bu","13:20:39",3124400
6700,200,500,"bu","13:20:39",3124300
6700,200,100,"bu","13:20:39",3123800
6700,200,400,"bu","13:20:39",3123700
6700,200,2000,"bu","13:20:39",3123300
6700,200,600,"bu","13:20:37",3121300
6700,200,1000,"bu","13:20:37",3120700
6700,200,500,"bu","13:20:37",3119700
6700,200,1000,"bu","13:20:37",3119200
6700,200,4200,"bu","13:20:37",3118200
6700,200,500,"bu","13:20:37",3114000
6700,200,100,"bu","13:20:37",3113500
6700,200,200,"bu","13:20:37",3113400
6700,200,200,"bu","13:20:37",3113200
6700,200,100,"bu","13:20:37",3113000
6700,200,1600,"bu","13:20:37",3112900
6690,190,5000,"bu","13:20:31",3111300
6690,190,8000,"bu","13:20:31",3106300
6690,190,1000,"bu","13:20:31",3098300
6690,190,1000,"bu","13:20:29",3097300
6690,190,100,"bu","13:20:29",3096300
6690,190,200,"bu","13:20:29",3096200
6690,190,600,"bu","13:20:29",3096000
6690,190,5000,"bu","13:20:26",3095400
6690,190,2500,"bu","13:20:25",3090400
6690,190,1900,"bu","13:20:24",3087900
6690,190,100,"bu","13:20:24",3086000
6690,190,100,"bu","13:20:16",3085900
6690,190,6600,"bu","13:20:14",3085800
6690,190,400,"bu","13:20:00",3079200
6690,190,1000,"bu","13:20:00",3078800
6690,190,900,"bu","13:20:00",3077800
6690,190,5000,"bu","13:20:00",3076900
6690,190,10000,"bu","13:20:00",3071900
6690,190,5800,"bu","13:20:00",3061900
6690,190,10000,"bu","13:20:00",3056100
6690,190,100,"bu","13:20:00",3046100
6690,190,10000,"bu","13:20:00",3046000
6690,190,500,"bu","13:20:00",3036000
6690,190,100,"bu","13:20:00",3035500
6690,190,100,"bu","13:20:00",3035400
6690,190,500,"bu","13:20:00",3035300
6680,180,1500,"bu","13:20:00",3034800
6680,180,100,"bu","13:20:00",3033300
6680,180,3000,"bu","13:20:00",3033200
6680,180,200,"bu","13:20:00",3030200
6680,180,200,"bu","13:20:00",3030000
6680,180,600,"bu","13:20:00",3029800
6680,180,400,"bu","13:19:57",3029200
6680,180,6000,"bu","13:19:57",3028800
6680,180,1400,"bu","13:19:57",3022800
6680,180,100,"bu","13:19:57",3021400
6670,170,3600,"bu","13:19:57",3021300
6680,180,5000,"bu","13:19:57",3017700
6680,180,200,"bu","13:19:57",3012700
6680,180,2100,"bu","13:19:57",3012500
6680,180,500,"bu","13:19:57",3010400
6680,180,100,"bu","13:19:57",3009900
6680,180,100,"bu","13:19:57",3009800
6680,180,500,"bu","13:19:57",3009700
6670,170,2300,"bu","13:19:56",3009200
6670,170,1000,"bu","13:19:56",3006900
6670,170,1400,"bu","13:19:56",3005900
6670,170,200,"bu","13:19:56",3004500
6670,170,1000,"bu","13:19:56",3004300
6670,170,5000,"bu","13:19:56",3003300
6670,170,2000,"bu","13:19:56",2998300
6670,170,100,"bu","13:19:56",2996300
6670,170,200,"bu","13:19:56",2996200
6670,170,12900,"bu","13:19:56",2996000
6670,170,9300,"bu","13:19:55",2983100
6670,170,2000,"bu","13:19:53",2973800
6660,160,200,"sd","13:19:51",2971800
6670,170,7500,"bu","13:19:34",2971600
6670,170,5000,"bu","13:19:20",2964100
6670,170,5000,"bu","13:19:14",2959100
6670,170,1800,"bu","13:19:11",2954100
6670,170,100,"bu","13:19:11",2952300
6670,170,100,"bu","13:19:11",2952200
6660,160,100,"bu","13:19:00",2952100
6660,160,10000,"bu","13:19:00",2952000
6660,160,100,"bu","13:19:00",2942000
6660,160,7300,"bu","13:19:00",2941900
6660,160,2700,"bu","13:18:57",2934600
6660,160,100,"bu","13:18:57",2931900
6660,160,3800,"bu","13:18:57",2931800
6660,160,1200,"bu","13:18:46",2928000
6650,150,300,"bu","13:18:46",2926800
6650,150,100,"bu","13:18:46",2926500
6650,150,1000,"bu","13:18:46",2926400
6650,150,2800,"bu","13:18:46",2925400
6650,150,6200,"bu","13:18:44",2922600
6650,150,200,"bu","13:18:44",2916400
6650,150,200,"bu","13:18:44",2916200
6650,150,600,"bu","13:18:44",2916000
6650,150,1000,"bu","13:18:44",2915400
6650,150,100,"bu","13:18:44",2914400
6650,150,1000,"bu","13:18:44",2914300
6650,150,10000,"bu","13:18:44",2913300
6650,150,1000,"bu","13:18:44",2903300
6650,150,2900,"bu","13:18:44",2902300
6650,150,1000,"bu","13:18:44",2899400
6650,150,200,"bu","13:18:44",2898400
6650,150,600,"bu","13:18:44",2898200
6650,150,500,"bu","13:18:41",2897600
6650,150,3900,"bu","13:18:36",2897100
6650,150,1300,"bu","13:18:36",2893200
6640,140,400,"sd","13:18:15",2891900
6640,140,300,"sd","13:18:15",2891500
6640,140,1800,"sd","13:18:15",2891200
6650,150,3000,"bu","13:18:12",2889400
6650,150,100,"bu","13:18:12",2886400
6650,150,1000,"bu","13:18:12",2886300
6650,150,1100,"bu","13:18:12",2885300
6650,150,100,"bu","13:18:12",2884200
6650,150,200,"bu","13:18:12",2884100
6650,150,4500,"bu","13:18:12",2883900
6640,140,100,"sd","13:17:44",2879400
6640,140,100,"bu","13:17:16",2879300
6640,140,2000,"bu","13:17:12",2879200
6640,140,2000,"bu","13:17:06",2877200
6640,140,5000,"bu","13:17:06",2875200
6640,140,500,"bu","13:17:04",2870200
6640,140,400,"bu","13:16:59",2869700
6640,140,100,"bu","13:16:59",2869300
6640,140,100,"bu","13:16:59",2869200
6640,140,500,"bu","13:16:59",2869100
6640,140,1900,"bu","13:16:59",2868600
6630,130,2000,"sd","13:16:54",2866700
6640,140,100,"bu","13:16:52",2864700
6640,140,900,"bu","13:16:52",2864600
6630,130,1500,"sd","13:16:47",2863700
6640,140,1100,"bu","13:16:47",2862200
6640,140,100,"bu","13:16:47",2861100
6640,140,3800,"bu","13:16:47",2861000
6640,140,300,"bu","13:16:41",2857200
6630,130,600,"bu","13:16:22",2856900
6630,130,5000,"bu","13:16:17",2856300
6630,130,2000,"bu","13:16:06",2851300
6630,130,500,"sd","13:15:57",2849300
6630,130,200,"sd","13:15:57",2848800
6630,130,100,"sd","13:15:57",2848600
6630,130,1600,"sd","13:15:57",2848500
6630,130,1000,"sd","13:15:53",2846900
6630,130,1000,"sd","13:15:26",2845900
6630,130,100,"sd","13:15:06",2844900
6630,130,900,"sd","13:14:35",2844800
6630,130,500,"sd","13:14:35",2843900
6630,130,2000,"sd","13:14:35",2843400
6630,130,300,"sd","13:14:35",2841400
6630,130,200,"sd","13:14:35",2841100
6640,140,1000,"bu","13:14:29",2840900
6630,130,2700,"sd","13:14:08",2839900
6630,130,300,"sd","13:12:33",2837200
6630,130,100,"sd","13:12:18",2836900
6630,130,700,"bu","13:11:54",2836800
6630,130,300,"bu","13:11:50",2836100
6630,130,4700,"bu","13:11:50",2835800
6630,130,100,"bu","13:11:34",2831100
6620,120,2000,"sd","13:11:02",2831000
6630,130,1000,"bu","13:10:51",2829000
6630,130,200,"sd","13:10:18",2828000
6630,130,2000,"sd","13:10:18",2827800
6630,130,300,"sd","13:10:18",2825800
6630,130,300,"sd","13:10:18",2825500
6630,130,100,"sd","13:10:18",2825200
6630,130,1300,"sd","13:10:18",2825100
6640,140,2000,"bu","13:07:59",2823800
6640,140,100,"bu","13:07:58",2821800
6640,140,100,"sd","13:07:56",2821700
6640,140,100,"sd","13:07:56",2821600
6640,140,2600,"sd","13:07:56",2821500
6650,150,500,"bu","13:07:52",2818900
6650,150,500,"bu","13:07:52",2818400
6640,140,500,"bu","13:07:33",2817900
6640,140,600,"bu","13:07:33",2817400
6640,140,300,"bu","13:07:33",2816800
6640,140,200,"bu","13:07:33",2816500
6640,140,25000,"bu","13:07:33",2816300
6640,140,100,"bu","13:07:33",2791300
6640,140,15100,"bu","13:07:33",2791200
6640,140,400,"bu","13:07:33",2776100
6640,140,200,"bu","13:07:33",2775700
6630,130,1700,"bu","13:07:28",2775500
6630,130,200,"bu","13:07:11",2773800
6630,130,200,"bu","13:07:07",2773600
6630,130,200,"bu","13:06:51",2773400
6620,120,2300,"sd","13:06:24",2773200
6630,130,700,"bu","13:06:23",2770900
6630,130,100,"bu","13:06:23",2770200
6630,130,100,"bu","13:06:23",2770100
6630,130,100,"bu","13:06:23",2770000
6630,130,500,"bu","13:05:58",2769900
6630,130,1600,"bu","13:05:58",2769400
6630,130,2900,"bu","13:05:58",2767800
6630,130,500,"bu","13:05:46",2764900
6630,130,1000,"bu","13:05:21",2764400
6620,120,700,"sd","13:05:13",2763400
6620,120,1000,"sd","13:05:13",2762700
6620,120,3000,"sd","13:05:13",2761700
6630,130,100,"bu","13:04:59",2758700
6620,120,100,"bu","13:04:50",2758600
6620,120,1900,"bu","13:04:50",2758500
6620,120,300,"bu","13:04:44",2756600
6620,120,2000,"bu","13:04:30",2756300
6610,110,900,"sd","13:03:36",2754300
6610,110,100,"sd","13:03:36",2753400
6620,120,100,"sd","13:03:08",2753300
6620,120,5000,"sd","13:03:08",2753200
6620,120,300,"sd","13:03:08",2748200
6620,120,200,"sd","13:03:08",2747900
6620,120,200,"sd","13:03:08",2747700
6620,120,500,"sd","13:02:47",2747500
6630,130,200,"sd","13:02:04",2747000
6630,130,3900,"sd","13:01:06",2746800
6630,130,2100,"bu","13:00:16",2742900
6630,130,4000,"bu","13:00:16",2740800
6630,130,1400,"bu","13:00:07",2736800
6630,130,100,"bu","13:00:07",2735400
6630,130,500,"bu","13:00:07",2735300
6620,120,300,"sd","13:00:07",2734800
6620,120,700,"sd","13:00:07",2734500
6630,130,1500,"bu","13:00:07",2733800
6630,130,500,"bu","13:00:05",2732300
6620,120,300,"sd","13:00:05",2731800
6630,130,200,"bu","13:00:02",2731500
6630,130,3800,"bu","13:00:02",2731300
6630,130,500,"bu","13:00:02",2727500
6630,130,100,"bu","13:00:02",2727000
6630,130,100,"bu","13:00:01",2726900
6630,130,300,"sd","13:00:01",2726800
6630,130,700,"sd","13:00:01",2726500
6630,130,500,"sd","13:00:01",2725800
6640,140,200,"bu","13:00:01",2725300
6630,130,400,"sd","13:00:01",2725100
6630,130,600,"sd","11:29:18",2724700
6630,130,1400,"sd","11:29:18",2724100
6630,130,1100,"bu","11:28:17",2722700
6630,130,3000,"sd","11:28:01",2721600
6630,130,5900,"sd","11:28:01",2718600
6630,130,2000,"bu","11:27:12",2712700
6630,130,100,"bu","11:27:12",2710700
6630,130,2000,"bu","11:27:12",2710600
6630,130,500,"bu","11:26:57",2708600
6630,130,100,"bu","11:26:57",2708100
6630,130,400,"bu","11:26:57",2708000
6630,130,300,"bu","11:25:44",2707600
6620,120,200,"sd","11:25:41",2707300
6630,130,200,"bu","11:25:33",2707100
6630,130,200,"bu","11:25:31",2706900
6630,130,1300,"bu","11:25:31",2706700
6630,130,100,"bu","11:22:57",2705400
6630,130,1900,"bu","11:22:05",2705300
6630,130,4700,"bu","11:22:05",2703400
6630,130,300,"bu","11:21:21",2698700
6620,120,100,"sd","11:21:02",2698400
6620,120,100,"bu","11:19:50",2698300
6620,120,100,"bu","11:19:50",2698200
6620,120,500,"bu","11:19:50",2698100
6620,120,100,"bu","11:19:50",2697600
6620,120,1200,"bu","11:19:50",2697500
6620,120,100,"bu","11:19:50",2696300
6620,120,100,"bu","11:19:50",2696200
6620,120,500,"bu","11:19:46",2696100
6620,120,1000,"bu","11:19:32",2695600
6620,120,100,"bu","11:19:21",2694600
6620,120,500,"bu","11:19:13",2694500
6620,120,500,"bu","11:18:59",2694000
6610,110,500,"sd","11:18:25",2693500
6620,120,500,"bu","11:18:22",2693000
6620,120,1300,"bu","11:18:12",2692500
6610,110,400,"sd","11:17:55",2691200
6610,110,400,"sd","11:17:55",2690800
6610,110,1000,"sd","11:17:55",2690400
6610,110,400,"sd","11:17:55",2689400
6610,110,800,"sd","11:17:55",2689000
6610,110,200,"sd","11:17:32",2688200
6620,120,100,"bu","11:17:15",2688000
6620,120,1000,"bu","11:16:58",2687900
6620,120,100,"bu","11:15:55",2686900
6620,120,1300,"bu","11:14:53",2686800
6610,110,1000,"sd","11:14:27",2685500
6620,120,500,"bu","11:14:02",2684500
6620,120,2000,"bu","11:14:01",2684000
6620,120,10000,"sd","11:13:31",2682000
6620,120,1000,"sd","11:13:31",2672000
6620,120,200,"sd","11:13:31",2671000
6620,120,2000,"sd","11:13:31",2670800
6620,120,1000,"sd","11:13:31",2668800
6620,120,500,"sd","11:13:31",2667800
6620,120,1000,"sd","11:13:31",2667300
6620,120,500,"sd","11:13:31",2666300
6620,120,500,"sd","11:13:18",2665800
6620,120,18100,"sd","11:12:58",2665300
6620,120,2900,"sd","11:12:58",2647200
6620,120,1000,"sd","11:12:57",2644300
6620,120,100,"sd","11:12:49",2643300
6620,120,900,"sd","11:12:49",2643200
6620,120,200,"sd","11:12:05",2642300
6620,120,1900,"sd","11:11:52",2642100
6620,120,5300,"sd","11:11:09",2640200
6630,130,2000,"sd","11:11:09",2634900
6630,130,2000,"sd","11:11:09",2632900
6630,130,100,"sd","11:11:09",2630900
6630,130,100,"sd","11:10:36",2630800
6630,130,400,"sd","11:10:36",2630700
6640,140,300,"sd","11:10:00",2630300
6640,140,2300,"sd","11:10:00",2630000
6640,140,3000,"sd","11:09:32",2627700
6640,140,2000,"sd","11:09:12",2624700
6640,140,2600,"bu","11:08:33",2622700
6640,140,100,"bu","11:08:33",2620100
6630,130,100,"sd","11:08:19",2620000
6630,130,800,"sd","11:08:19",2619900
6630,130,100,"sd","11:08:16",2619100
6630,130,100,"sd","11:08:10",2619000
6630,130,2000,"sd","11:07:23",2618900
6630,130,200,"sd","11:06:29",2616900
6630,130,1000,"sd","11:05:57",2616700
6630,130,4400,"bu","11:05:37",2615700
6630,130,100,"bu","11:05:06",2611300
6630,130,100,"bu","11:05:06",2611200
6620,120,15000,"sd","11:04:48",2611100
6630,130,1100,"bu","11:04:46",2596100
6630,130,600,"bu","11:04:46",2595000
6630,130,2800,"bu","11:04:46",2594400
6620,120,10000,"sd","11:04:12",2591600
6620,120,5000,"sd","11:03:59",2581600
6620,120,5000,"sd","11:03:16",2576600
6620,120,4000,"sd","11:03:16",2571600
6620,120,2700,"sd","11:02:55",2567600
6620,120,300,"sd","11:02:55",2564900
6630,130,200,"bu","11:02:32",2564600
6620,120,500,"sd","11:01:55",2564400
6620,120,900,"sd","11:01:50",2563900
6620,120,200,"sd","11:01:49",2563000
6620,120,8000,"sd","11:01:33",2562800
6620,120,6800,"sd","11:01:33",2554800
6620,120,100,"sd","11:01:33",2548000
6620,120,11100,"sd","11:01:33",2547900
6630,130,500,"sd","11:01:33",2536800
6630,130,100,"sd","11:01:33",2536300
6630,130,8000,"sd","11:01:33",2536200
6630,130,5000,"sd","11:01:33",2528200
6630,130,5000,"sd","11:01:33",2523200
6630,130,100,"sd","11:01:33",2518200
6630,130,500,"sd","11:01:33",2518100
6630,130,500,"sd","11:01:33",2517600
6630,130,300,"sd","11:01:33",2517100
6630,130,100,"sd","11:01:33",2516800
6630,130,1000,"sd","11:01:33",2516700
6630,130,200,"sd","11:01:33",2515700
6630,130,1000,"sd","11:01:33",2515500
6630,130,1700,"sd","11:01:33",2514500
6630,130,500,"sd","11:01:13",2512800
6630,130,1800,"sd","11:01:13",2512300
6630,130,1700,"sd","11:01:13",2510500
6630,130,900,"sd","11:01:09",2508800
6640,140,100,"sd","11:01:09",2507900
6640,140,200,"sd","11:01:00",2507800
6650,150,500,"bu","11:00:43",2507600
6650,150,600,"bu","10:59:43",2507100
6630,130,100,"sd","10:59:32",2506500
6630,130,2000,"sd","10:58:50",2506400
6660,160,3000,"bu","10:58:47",2504400
6660,160,100,"bu","10:58:47",2501400
6660,160,100,"bu","10:58:47",2501300
6650,150,800,"bu","10:58:47",2501200
6630,130,3600,"sd","10:58:40",2500400
6640,140,5200,"sd","10:58:40",2496800
6640,140,4800,"bu","10:58:31",2491600
6640,140,200,"sd","10:58:11",2486800
6640,140,200,"sd","10:58:11",2486600
6640,140,1900,"sd","10:58:11",2486400
6640,140,100,"sd","10:57:44",2484500
6640,140,100,"sd","10:57:44",2484400
6640,140,2800,"sd","10:57:26",2484300
6640,140,2200,"sd","10:57:26",2481500
6640,140,3900,"sd","10:56:39",2479300
6640,140,800,"sd","10:56:39",2475400
6640,140,500,"sd","10:56:39",2474600
6640,140,1000,"sd","10:56:39",2474100
6640,140,3800,"sd","10:56:39",2473100
6640,140,6200,"sd","10:56:03",2469300
6640,140,2000,"sd","10:56:03",2463100
6650,150,800,"sd","10:56:03",2461100
6650,150,5000,"sd","10:56:03",2460300
6650,150,500,"sd","10:56:03",2455300
6650,150,100,"sd","10:56:03",2454800
6650,150,200,"sd","10:56:02",2454700
6650,150,900,"sd","10:56:02",2454500
6650,150,3000,"sd","10:56:02",2453600
6650,150,1000,"sd","10:56:02",2450600
6650,150,200,"sd","10:56:02",2449600
6650,150,100,"sd","10:56:02",2449400
6650,150,100,"sd","10:55:33",2449300
6650,150,800,"sd","10:54:14",2449200
6650,150,200,"sd","10:54:14",2448400
6650,150,300,"sd","10:53:49",2448200
6650,150,2500,"sd","10:53:28",2447900
6650,150,2000,"sd","10:53:09",2445400
6650,150,3000,"sd","10:53:09",2443400
6650,150,100,"sd","10:53:09",2440400
6660,160,1400,"sd","10:52:45",2440300
6660,160,1000,"sd","10:52:45",2438900
6660,160,500,"sd","10:52:45",2437900
6660,160,200,"sd","10:52:45",2437400
6660,160,100,"sd","10:52:45",2437200
6660,160,1000,"sd","10:52:45",2437100
6660,160,100,"sd","10:52:45",2436100
6660,160,18600,"sd","10:52:45",2436000
6670,170,300,"bu","10:52:08",2417400
6670,170,1000,"bu","10:51:25",2417100
6670,170,100,"sd","10:51:08",2416100
6670,170,500,"sd","10:51:08",2416000
6670,170,600,"sd","10:51:05",2415500
6670,170,100,"sd","10:50:40",2414900
6670,170,200,"sd","10:50:22",2414800
6670,170,1000,"bu","10:50:07",2414600
6670,170,600,"bu","10:50:07",2413600
6670,170,500,"bu","10:50:04",2413000
6670,170,100,"bu","10:49:57",2412500
6670,170,2500,"sd","10:49:54",2412400
6670,170,2000,"sd","10:49:54",2409900
6670,170,4300,"sd","10:49:54",2407900
6670,170,300,"sd","10:49:24",2403600
6680,180,2000,"bu","10:49:21",2403300
6670,170,1300,"sd","10:49:10",2401300
6670,170,500,"sd","10:49:10",2400000
6670,170,3600,"sd","10:48:55",2399500
6670,170,400,"sd","10:48:55",2395900
6670,170,600,"sd","10:48:24",2395500
6670,170,400,"sd","10:48:24",2394900
6670,170,100,"sd","10:47:54",2394500
6670,170,500,"bu","10:47:17",2394400
6670,170,200,"bu","10:47:17",2393900
6670,170,200,"bu","10:47:14",2393700
6670,170,1100,"sd","10:47:03",2393500
6670,170,100,"sd","10:47:03",2392400
6670,170,500,"sd","10:46:55",2392300
6670,170,3000,"sd","10:46:50",2391800
6670,170,300,"sd","10:46:47",2388800
6670,170,1700,"sd","10:46:47",2388500
6670,170,1000,"sd","10:46:40",2386800
6670,170,100,"sd","10:46:39",2385800
6670,170,200,"sd","10:46:37",2385700
6670,170,600,"sd","10:46:37",2385500
6670,170,2000,"sd","10:46:26",2384900
6670,170,4300,"sd","10:46:20",2382900
6670,170,3100,"sd","10:46:18",2378600
6670,170,1900,"sd","10:46:18",2375500
6670,170,100,"sd","10:45:34",2373600
6670,170,100,"sd","10:45:34",2373500
6670,170,500,"sd","10:45:24",2373400
6680,180,1000,"bu","10:44:59",2372900
6680,180,300,"bu","10:44:50",2371900
6680,180,100,"sd","10:44:16",2371600
6680,180,2000,"sd","10:44:16",2371500
6680,180,300,"sd","10:44:16",2369500
6680,180,1600,"sd","10:44:16",2369200
6680,180,100,"sd","10:44:13",2367600
6690,190,5000,"bu","10:44:11",2367500
6680,180,200,"sd","10:44:08",2362500
6680,180,100,"sd","10:43:58",2362300
6690,190,600,"bu","10:43:31",2362200
6690,190,300,"bu","10:43:31",2361600
6690,190,200,"bu","10:43:31",2361300
6690,190,300,"sd","10:43:25",2361100
6690,190,10000,"sd","10:43:03",2360800
6700,200,100,"bu","10:42:55",2350800
6690,190,5000,"sd","10:42:51",2350700
6690,190,500,"sd","10:42:49",2345700
6690,190,100,"sd","10:42:46",2345200
6690,190,500,"bu","10:42:31",2345100
6690,190,500,"bu","10:42:31",2344600
6690,190,1400,"bu","10:42:31",2344100
6690,190,1500,"bu","10:42:31",2342700
6690,190,300,"bu","10:42:28",2341200
6690,190,200,"bu","10:42:17",2340900
6690,190,100,"bu","10:42:17",2340700
6690,190,700,"bu","10:42:17",2340600
6690,190,300,"bu","10:42:04",2339900
6690,190,400,"bu","10:42:04",2339600
6690,190,2600,"bu","10:41:45",2339200
6700,200,2000,"bu","10:41:42",2336600
6700,200,7700,"bu","10:41:30",2334600
6700,200,1300,"bu","10:41:30",2326900
6700,200,2000,"bu","10:41:15",2325600
6700,200,1000,"bu","10:41:15",2323600
6700,200,100,"bu","10:41:15",2322600
6700,200,5000,"bu","10:41:15",2322500
6700,200,2000,"bu","10:41:15",2317500
6700,200,500,"bu","10:41:15",2315500
6700,200,3000,"bu","10:41:15",2315000
6700,200,1000,"bu","10:41:15",2312000
6700,200,1000,"bu","10:41:15",2311000
6700,200,200,"bu","10:41:15",2310000
6700,200,2000,"bu","10:41:15",2309800
6700,200,3000,"bu","10:41:15",2307800
6700,200,12300,"bu","10:41:15",2304800
6700,200,1000,"bu","10:41:15",2292500
6700,200,1000,"bu","10:41:15",2291500
6700,200,3000,"bu","10:41:15",2290500
6700,200,100,"bu","10:41:15",2287500
6700,200,1300,"bu","10:41:15",2287400
6700,200,100,"bu","10:41:15",2286100
6690,190,400,"bu","10:41:15",2286000
6700,200,600,"bu","10:41:15",2285600
6690,190,700,"bu","10:41:15",2285000
6700,200,1000,"bu","10:41:15",2284300
6700,200,1300,"bu","10:41:15",2283300
6690,190,5000,"bu","10:41:15",2282000
6700,200,500,"bu","10:41:15",2277000
6700,200,1200,"bu","10:41:15",2276500
6700,200,11000,"bu","10:41:15",2275300
6700,200,100,"bu","10:41:15",2264300
6690,190,200,"bu","10:41:15",2264200
6700,200,600,"bu","10:41:15",2264000
6700,200,1000,"bu","10:41:15",2263400
6700,200,1200,"bu","10:41:15",2262400
6700,200,5200,"bu","10:41:15",2261200
6700,200,200,"bu","10:41:15",2256000
6690,190,100,"bu","10:41:15",2255800
6690,190,10000,"bu","10:41:15",2255700
6700,200,1000,"bu","10:41:15",2245700
6690,190,700,"bu","10:41:15",2244700
6690,190,5000,"bu","10:41:15",2244000
6700,200,2200,"bu","10:41:15",2239000
6690,190,300,"bu","10:41:15",2236800
6700,200,400,"bu","10:41:15",2236500
6690,190,1000,"bu","10:41:15",2236100
6700,200,3000,"bu","10:41:15",2235100
6690,190,10000,"bu","10:41:15",2232100
6690,190,100,"bu","10:41:15",2222100
6700,200,300,"bu","10:41:15",2222000
6690,190,1000,"bu","10:41:15",2221700
6700,200,100,"bu","10:41:15",2220700
6690,190,6000,"bu","10:41:15",2220600
6700,200,5000,"bu","10:41:15",2214600
6690,190,1000,"bu","10:41:15",2209600
6700,200,100,"bu","10:41:15",2208600
6690,190,10000,"bu","10:41:15",2208500
6690,190,500,"bu","10:41:15",2198500
6680,180,10000,"bu","10:41:15",2198000
6690,190,200,"bu","10:41:15",2188000
6680,180,5000,"bu","10:41:15",2187800
6680,180,2300,"bu","10:41:15",2182800
6680,180,500,"bu","10:41:15",2180500
6680,180,4400,"bu","10:41:15",2180000
6680,180,5000,"bu","10:41:01",2175600
6680,180,5200,"bu","10:40:44",2170600
6680,180,800,"bu","10:40:44",2165400
6680,180,100,"bu","10:40:44",2164600
6680,180,100,"bu","10:40:44",2164500
6680,180,100,"bu","10:40:44",2164400
6680,180,2000,"bu","10:40:44",2164300
6680,180,1000,"bu","10:40:44",2162300
6680,180,200,"bu","10:40:44",2161300
6680,180,1500,"bu","10:40:44",2161100
6680,180,5000,"bu","10:40:44",2159600
6680,180,1000,"bu","10:40:44",2154600
6680,180,1000,"bu","10:40:44",2153600
6680,180,1100,"bu","10:40:44",2152600
6680,180,100,"bu","10:40:44",2151500
6680,180,7000,"bu","10:40:44",2151400
6680,180,2000,"bu","10:40:44",2144400
6680,180,300,"bu","10:40:44",2142400
6680,180,600,"bu","10:40:44",2142100
6680,180,800,"bu","10:40:44",2141500
6680,180,5000,"bu","10:40:44",2140700
6680,180,300,"bu","10:40:44",2135700
6680,180,2000,"bu","10:40:44",2135400
6680,180,10000,"bu","10:40:44",2133400
6680,180,600,"bu","10:40:44",2123400
6680,180,200,"bu","10:40:44",2122800
6680,180,1000,"bu","10:40:44",2122600
6680,180,100,"bu","10:40:44",2121600
6670,170,100,"bu","10:40:44",2121500
6670,170,800,"bu","10:40:44",2121400
6670,170,1000,"bu","10:40:41",2120600
6670,170,200,"bu","10:40:17",2119600
6670,170,500,"bu","10:40:17",2119400
6670,170,800,"bu","10:40:17",2118900
6670,170,200,"bu","10:40:17",2118100
6670,170,500,"bu","10:40:17",2117900
6670,170,100,"bu","10:40:17",2117400
6670,170,1000,"bu","10:40:17",2117300
6670,170,2000,"bu","10:40:17",2116300
6670,170,200,"bu","10:40:17",2114300
6670,170,3000,"bu","10:40:17",2114100
6670,170,5000,"bu","10:40:17",2111100
6670,170,1000,"bu","10:40:17",2106100
6670,170,100,"bu","10:40:17",2105100
6670,170,3300,"bu","10:40:17",2105000
6670,170,2000,"bu","10:40:17",2101700
6670,170,100,"bu","10:40:17",2099700
6660,160,3400,"sd","10:40:07",2099600
6660,160,5000,"sd","10:39:55",2096200
6660,160,100,"sd","10:39:44",2091200
6670,170,6700,"bu","10:39:41",2091100
6670,170,3300,"bu","10:39:41",2084400
6670,170,100,"bu","10:39:15",2081100
6670,170,1600,"bu","10:38:36",2081000
6670,170,300,"bu","10:38:36",2079400
6670,170,200,"bu","10:38:36",2079100
6670,170,7900,"bu","10:38:36",2078900
6670,170,100,"bu","10:38:21",2071000
6670,170,100,"bu","10:38:21",2070900
6670,170,2000,"bu","10:38:20",2070800
6670,170,1000,"bu","10:37:59",2068800
6670,170,4000,"bu","10:37:37",2067800
6670,170,200,"bu","10:37:35",2063800
6670,170,2000,"bu","10:37:24",2063600
6670,170,500,"bu","10:36:38",2061600
6670,170,200,"bu","10:35:45",2061100
6660,160,1000,"sd","10:35:40",2060900
6660,160,1100,"sd","10:35:20",2059900
6660,160,100,"bu","10:35:03",2058800
6660,160,2000,"bu","10:35:03",2058700
6660,160,200,"bu","10:35:03",2056700
6660,160,200,"bu","10:35:03",2056500
6660,160,500,"bu","10:35:03",2056300
6660,160,500,"bu","10:35:03",2055800
6660,160,5000,"bu","10:35:03",2055300
6660,160,3300,"bu","10:35:03",2050300
6660,160,100,"bu","10:35:03",2047000
6660,160,2000,"bu","10:35:03",2046900
6660,160,5000,"bu","10:35:03",2044900
6660,160,400,"bu","10:35:03",2039900
6660,160,1500,"bu","10:35:03",2039500
6660,160,500,"bu","10:34:27",2038000
6660,160,200,"bu","10:34:27",2037500
6660,160,1000,"bu","10:34:27",2037300
6660,160,200,"bu","10:34:27",2036300
6660,160,200,"bu","10:34:27",2036100
6660,160,1000,"bu","10:34:27",2035900
6660,160,200,"bu","10:34:27",2034900
6660,160,100,"bu","10:34:27",2034700
6660,160,100,"bu","10:34:27",2034600
6660,160,500,"bu","10:34:08",2034500
6660,160,100,"bu","10:33:57",2034000
6660,160,400,"bu","10:33:57",2033900
6660,160,1600,"bu","10:33:18",2033500
6660,160,1000,"bu","10:33:18",2031900
6660,160,3400,"bu","10:33:18",2030900
6660,160,3400,"bu","10:33:18",2027500
6660,160,500,"bu","10:33:00",2024100
6660,160,100,"bu","10:33:00",2023600
6660,160,1000,"bu","10:32:30",2023500
6660,160,5000,"bu","10:32:12",2022500
6660,160,5000,"bu","10:32:12",2017500
6660,160,3000,"bu","10:32:11",2012500
6650,150,1500,"sd","10:32:09",2009500
6650,150,3500,"sd","10:32:09",2008000
6660,160,2000,"bu","10:31:03",2004500
6650,150,3000,"sd","10:30:50",2002500
6650,150,100,"sd","10:30:39",1999500
6650,150,1000,"sd","10:30:27",1999400
6650,150,1000,"sd","10:30:10",1998400
6650,150,400,"sd","10:30:06",1997400
6650,150,1000,"sd","10:29:35",1997000
6650,150,400,"sd","10:29:22",1996000
6650,150,500,"sd","10:29:17",1995600
6650,150,100,"sd","10:29:15",1995100
6650,150,200,"bu","10:28:49",1995000
6650,150,500,"bu","10:28:49",1994800
6650,150,300,"bu","10:28:45",1994300
6650,150,500,"bu","10:28:39",1994000
6650,150,3000,"bu","10:28:36",1993500
6650,150,1000,"bu","10:28:36",1990500
6650,150,100,"bu","10:28:36",1989500
6650,150,500,"bu","10:28:36",1989400
6650,150,1000,"bu","10:28:36",1988900
6650,150,2400,"bu","10:28:36",1987900
6650,150,100,"bu","10:28:18",1985500
6650,150,2500,"bu","10:28:05",1985400
6650,150,3000,"bu","10:28:05",1982900
6650,150,500,"bu","10:28:05",1979900
6650,150,100,"bu","10:28:05",1979400
6650,150,5000,"bu","10:28:05",1979300
6650,150,400,"bu","10:28:05",1974300
6650,150,200,"bu","10:28:05",1973900
6650,150,500,"bu","10:28:05",1973700
6650,150,100,"bu","10:28:05",1973200
6650,150,1000,"bu","10:28:05",1973100
6650,150,1700,"bu","10:28:05",1972100
6650,150,500,"bu","10:27:38",1970400
6650,150,100,"bu","10:27:34",1969900
6650,150,300,"bu","10:27:11",1969800
6650,150,400,"bu","10:26:36",1969500
6630,130,2700,"sd","10:26:14",1969100
6630,130,500,"sd","10:26:14",1966400
6630,130,200,"sd","10:26:14",1965900
6630,130,500,"sd","10:26:14",1965700
6630,130,5000,"sd","10:26:14",1965200
6630,130,600,"sd","10:26:14",1960200
6640,140,500,"sd","10:26:14",1959600
6650,150,7000,"bu","10:25:53",1959100
6650,150,1000,"bu","10:25:53",1952100
6650,150,100,"bu","10:25:53",1951100
6650,150,100,"bu","10:25:53",1951000
6650,150,300,"bu","10:25:53",1950900
6640,140,11500,"bu","10:25:53",1950600
6640,140,1000,"sd","10:25:43",1939100
6640,140,500,"sd","10:25:43",1938100
6640,140,1000,"sd","10:25:43",1937600
6640,140,1000,"sd","10:25:43",1936600
6640,140,300,"sd","10:25:43",1935600
6640,140,4700,"sd","10:25:43",1935300
6640,140,200,"sd","10:25:09",1930600
6650,150,1100,"bu","10:24:15",1930400
6650,150,100,"bu","10:24:15",1929300
6650,150,1200,"bu","10:24:15",1929200
6650,150,1000,"bu","10:24:15",1928000
6650,150,200,"bu","10:24:15",1927000
6650,150,1000,"bu","10:24:15",1926800
6650,150,2000,"bu","10:24:15",1925800
6650,150,1000,"bu","10:24:15",1923800
6650,150,700,"bu","10:24:15",1922800
6650,150,300,"bu","10:24:15",1922100
6650,150,400,"bu","10:24:15",1921800
6650,150,1000,"bu","10:24:15",1921400
6650,150,500,"bu","10:24:15",1920400
6650,150,1000,"bu","10:24:15",1919900
6650,150,5000,"bu","10:24:15",1918900
6650,150,3500,"bu","10:24:15",1913900
6650,150,100,"bu","10:23:58",1910400
6640,140,100,"sd","10:23:57",1910300
6650,150,300,"bu","10:23:23",1910200
6650,150,400,"bu","10:23:08",1909900
6640,140,100,"bu","10:23:08",1909500
6650,150,700,"bu","10:22:49",1909400
6650,150,3000,"bu","10:22:49",1908700
6650,150,15600,"bu","10:22:49",1905700
6640,140,700,"bu","10:22:49",1890100
6640,140,300,"sd","10:22:41",1889400
6640,140,100,"sd","10:22:38",1889100
6640,140,100,"sd","10:22:35",1889000
6640,140,5500,"sd","10:22:30",1888900
6640,140,300,"sd","10:22:15",1883400
6640,140,2000,"sd","10:22:08",1883100
6640,140,100,"sd","10:21:32",1881100
6640,140,100,"bu","10:21:22",1881000
6640,140,500,"bu","10:21:22",1880900
6640,140,1000,"bu","10:21:22",1880400
6630,130,1000,"sd","10:21:03",1879400
6630,130,100,"sd","10:20:56",1878400
6630,130,300,"sd","10:20:52",1878300
6630,130,700,"sd","10:20:52",1878000
6640,140,1100,"bu","10:20:46",1877300
6640,140,1500,"bu","10:20:46",1876200
6640,140,1000,"bu","10:20:46",1874700
6640,140,1300,"bu","10:20:46",1873700
6640,140,5000,"bu","10:20:25",1872400
6640,140,400,"bu","10:20:20",1867400
6630,130,300,"sd","10:20:09",1867000
6630,130,100,"sd","10:20:09",1866700
6630,130,3000,"sd","10:20:09",1866600
6630,130,600,"sd","10:20:09",1863600
6640,140,500,"bu","10:19:41",1863000
6640,140,2800,"sd","10:19:28",1862500
6640,140,2200,"sd","10:19:15",1859700
6640,140,2800,"sd","10:19:15",1857500
6640,140,100,"sd","10:19:09",1854700
6640,140,200,"sd","10:18:56",1854600
6640,140,1900,"sd","10:18:53",1854400
6640,140,1000,"sd","10:18:53",1852500
6640,140,400,"sd","10:18:53",1851500
6640,140,4000,"sd","10:18:53",1851100
6640,140,7700,"sd","10:18:53",1847100
6640,140,500,"sd","10:18:43",1839400
6640,140,200,"sd","10:18:42",1838900
6640,140,7800,"sd","10:18:18",1838700
6640,140,2500,"sd","10:18:01",1830900
6640,140,200,"sd","10:17:48",1828400
6640,140,6500,"sd","10:17:18",1828200
6650,150,10000,"bu","10:16:46",1821700
6640,140,4600,"sd","10:16:44",1811700
6640,140,400,"sd","10:16:44",1807100
6640,140,600,"bu","10:16:20",1806700
6640,140,5000,"bu","10:16:17",1806100
6640,140,4400,"sd","10:16:16",1801100
6640,140,600,"sd","10:16:14",1796700
6640,140,2000,"sd","10:16:14",1796100
6640,140,3000,"sd","10:16:14",1794100
6640,140,1000,"sd","10:16:14",1791100
6640,140,100,"sd","10:15:48",1790100
6640,140,100,"bu","10:15:36",1790000
6640,140,1000,"bu","10:15:36",1789900
6640,140,500,"bu","10:15:36",1788900
6640,140,100,"bu","10:15:36",1788400
6640,140,7200,"bu","10:15:36",1788300
6630,130,2400,"sd","10:15:32",1781100
6630,130,2600,"sd","10:15:32",1778700
6640,140,2800,"bu","10:15:08",1776100
6640,140,200,"bu","10:15:08",1773300
6640,140,5000,"bu","10:15:08",1773100
6640,140,10000,"bu","10:15:08",1768100
6640,140,1000,"bu","10:15:08",1758100
6640,140,1000,"bu","10:15:08",1757100
6640,140,100,"bu","10:13:59",1756100
6640,140,500,"bu","10:13:59",1756000
6640,140,8400,"bu","10:13:41",1755500
6640,140,200,"bu","10:13:41",1747100
6640,140,1400,"bu","10:13:41",1746900
6630,130,2000,"sd","10:13:27",1745500
6640,140,500,"bu","10:13:24",1743500
6630,130,900,"sd","10:13:24",1743000
6630,130,100,"sd","10:13:18",1742100
6630,130,7000,"sd","10:12:52",1742000
6640,140,2000,"bu","10:12:43",1735000
6640,140,500,"bu","10:12:40",1733000
6640,140,100,"bu","10:12:30",1732500
6640,140,800,"bu","10:12:22",1732400
6640,140,500,"bu","10:12:13",1731600
6630,130,100,"sd","10:12:03",1731100
6630,130,1000,"sd","10:11:50",1731000
6630,130,14000,"sd","10:11:36",1730000
6640,140,1000,"bu","10:11:34",1716000
6640,140,2000,"sd","10:11:20",1715000
6640,140,5000,"sd","10:11:19",1713000
6640,140,200,"sd","10:11:19",1708000
6640,140,200,"sd","10:11:19",1707800
6640,140,300,"sd","10:11:19",1707600
6640,140,200,"sd","10:11:19",1707300
6640,140,3600,"sd","10:11:19",1707100
6650,150,200,"bu","10:11:09",1703500
6640,140,400,"sd","10:10:44",1703300
6640,140,1000,"sd","10:10:44",1702900
6640,140,600,"sd","10:10:44",1701900
6650,150,1000,"bu","10:10:39",1701300
6650,150,2000,"bu","10:10:39",1700300
6650,150,1000,"bu","10:10:39",1698300
6650,150,200,"sd","10:10:39",1697300
6650,150,100,"sd","10:10:31",1697100
6650,150,700,"sd","10:10:31",1697000
6650,150,400,"sd","10:10:31",1696300
6650,150,2200,"sd","10:10:31",1695900
6650,150,500,"sd","10:10:29",1693700
6650,150,1000,"sd","10:10:26",1693200
6650,150,500,"sd","10:10:06",1692200
6650,150,500,"sd","10:10:04",1691700
6650,150,100,"sd","10:10:02",1691200
6650,150,200,"sd","10:09:53",1691100
6650,150,200,"sd","10:09:53",1690900
6650,150,1200,"sd","10:09:51",1690700
6650,150,3000,"bu","10:09:46",1689500
6650,150,600,"bu","10:09:46",1686500
6650,150,400,"sd","10:09:31",1685900
6650,150,100,"sd","10:09:21",1685500
6650,150,1500,"bu","10:09:12",1685400
6650,150,500,"sd","10:09:11",1683900
6650,150,500,"sd","10:09:05",1683400
6650,150,900,"sd","10:09:05",1682900
6650,150,300,"sd","10:09:05",1682000
6650,150,2000,"sd","10:09:01",1681700
6650,150,1100,"sd","10:08:59",1679700
6650,150,100,"sd","10:08:59",1678600
6650,150,1500,"sd","10:08:51",1678500
6650,150,100,"bu","10:08:49",1677000
6650,150,200,"bu","10:08:49",1676900
6650,150,5000,"bu","10:08:49",1676700
6650,150,9900,"bu","10:08:49",1671700
6650,150,4000,"bu","10:08:49",1661800
6650,150,300,"bu","10:08:49",1657800
6650,150,100,"bu","10:08:49",1657500
6650,150,10000,"bu","10:08:49",1657400
6650,150,500,"bu","10:08:49",1647400
6650,150,300,"bu","10:08:49",1646900
6650,150,5000,"bu","10:08:49",1646600
6650,150,4100,"bu","10:08:49",1641600
6650,150,500,"bu","10:08:49",1637500
6640,140,300,"sd","10:08:28",1637000
6650,150,500,"bu","10:08:28",1636700
6650,150,500,"bu","10:08:28",1636200
6640,140,100,"sd","10:08:27",1635700
6640,140,500,"sd","10:08:27",1635600
6640,140,1800,"sd","10:08:27",1635100
6640,140,200,"sd","10:08:18",1633300
6650,150,100,"bu","10:08:03",1633100
6650,150,100,"bu","10:08:02",1633000
6650,150,1900,"bu","10:08:02",1632900
6650,150,1200,"bu","10:07:20",1631000
6640,140,3200,"bu","10:07:20",1629800
6640,140,5000,"bu","10:07:12",1626600
6640,140,900,"bu","10:07:07",1621600
6640,140,100,"bu","10:07:06",1620700
6640,140,100,"bu","10:07:01",1620600
6640,140,500,"bu","10:06:44",1620500
6640,140,100,"sd","10:06:40",1620000
6640,140,100,"sd","10:06:40",1619900
6650,150,1900,"sd","10:06:19",1619800
6660,160,400,"bu","10:06:19",1617900
6650,150,300,"sd","10:06:07",1617500
6650,150,100,"sd","10:06:07",1617200
6660,160,600,"bu","10:06:05",1617100
6650,150,100,"sd","10:05:59",1616500
6650,150,1000,"sd","10:05:59",1616400
6650,150,1500,"bu","10:05:58",1615400
6650,150,2000,"bu","10:05:58",1613900
6650,150,3100,"bu","10:05:58",1611900
6650,150,100,"bu","10:05:51",1608800
6650,150,300,"bu","10:05:36",1608700
6650,150,200,"bu","10:05:25",1608400
6650,150,100,"sd","10:05:25",1608200
6650,150,2200,"sd","10:05:25",1608100
6650,150,10000,"sd","10:05:25",1605900
6650,150,900,"sd","10:05:25",1595900
6660,160,1000,"sd","10:05:25",1595000
6660,160,2100,"sd","10:05:25",1594000
6670,170,2000,"bu","10:05:12",1591900
6660,160,1000,"sd","10:05:11",1589900
6660,160,100,"bu","10:04:57",1588900
6660,160,1800,"bu","10:04:57",1588800
6650,150,3000,"sd","10:04:57",1587000
6650,150,100,"sd","10:04:32",1584000
6660,160,200,"bu","10:04:31",1583900
6660,160,1000,"bu","10:04:29",1583700
6670,170,9800,"bu","10:04:10",1582700
6660,160,200,"bu","10:04:10",1572900
6670,170,5000,"bu","10:03:57",1572700
6670,170,4500,"bu","10:03:53",1567700
6670,170,5500,"bu","10:03:53",1563200
6670,170,2000,"bu","10:03:45",1557700
6650,150,12000,"unknown","10:03:42",1555700
6660,160,100,"sd","10:03:42",1543700
6660,160,400,"sd","10:03:42",1543600
6630,130,2300,"sd","10:03:42",1543200
6650,150,5000,"sd","10:03:42",1540900
6650,150,200,"sd","10:03:42",1535900
6670,170,200,"sd","10:03:35",1535700
6670,170,300,"sd","10:03:35",1535500
6670,170,8000,"sd","10:03:31",1535200
6670,170,1000,"sd","10:03:28",1527200
6670,170,500,"bu","10:03:27",1526200
6670,170,200,"bu","10:03:27",1525700
6670,170,5000,"bu","10:03:27",1525500
6670,170,2000,"bu","10:03:27",1520500
6670,170,500,"bu","10:03:27",1518500
6670,170,1000,"bu","10:03:27",1518000
6670,170,10000,"bu","10:03:27",1517000
6670,170,2800,"bu","10:03:27",1507000
6670,170,2500,"bu","10:03:27",1504200
6670,170,1000,"bu","10:03:27",1501700
6670,170,300,"bu","10:03:27",1500700
6670,170,2000,"bu","10:03:27",1500400
6670,170,1000,"bu","10:03:27",1498400
6670,170,200,"bu","10:03:27",1497400
6670,170,6000,"bu","10:03:27",1497200
6660,160,5700,"bu","10:03:27",1491200
6660,160,300,"sd","10:03:23",1485500
6660,160,1000,"sd","10:03:23",1485200
6660,160,500,"sd","10:03:23",1484200
6660,160,2000,"sd","10:03:23",1483700
6660,160,500,"sd","10:03:23",1481700
6660,160,500,"sd","10:03:20",1481200
6660,160,200,"sd","10:03:20",1480700
6660,160,100,"sd","10:03:20",1480500
6660,160,100,"sd","10:03:20",1480400
6660,160,3100,"sd","10:03:20",1480300
6670,170,1000,"bu","10:03:14",1477200
6660,160,2000,"sd","10:03:14",1476200
6660,160,2000,"sd","10:03:11",1474200
6660,160,100,"sd","10:03:04",1472200
6660,160,100,"sd","10:03:00",1472100
6660,160,100,"sd","10:02:56",1472000
6660,160,500,"sd","10:02:55",1471900
6660,160,100,"sd","10:02:52",1471400
6660,160,100,"sd","10:02:50",1471300
6660,160,100,"sd","10:02:48",1471200
6670,170,3000,"bu","10:02:48",1471100
6670,170,7000,"bu","10:02:48",1468100
6660,160,1800,"sd","10:02:48",1461100
6660,160,2200,"sd","10:02:48",1459300
6660,160,200,"sd","10:02:48",1457100
6660,160,800,"sd","10:02:48",1456900
6660,160,300,"sd","10:02:45",1456100
6660,160,500,"sd","10:02:43",1455800
6660,160,100,"bu","10:02:33",1455300
6660,160,1000,"bu","10:02:33",1455200
6660,160,200,"bu","10:02:33",1454200
6660,160,100,"bu","10:02:33",1454000
6670,170,2700,"bu","10:02:17",1453900
6660,160,3300,"bu","10:02:17",1451200
6660,160,1000,"bu","10:02:16",1447900
6660,160,1000,"sd","10:02:13",1446900
6660,160,100,"sd","10:02:11",1445900
6660,160,400,"sd","10:02:11",1445800
6660,160,100,"sd","10:02:11",1445400
6660,160,2000,"sd","10:02:11",1445300
6660,160,400,"sd","10:02:11",1443300
6660,160,100,"sd","10:02:11",1442900
6660,160,2500,"sd","10:02:09",1442800
6660,160,1000,"sd","10:01:55",1440300
6660,160,1000,"bu","10:01:55",1439300
6660,160,5400,"bu","10:01:55",1438300
6660,160,1000,"bu","10:01:46",1432900
6660,160,1000,"sd","10:01:44",1431900
6660,160,2600,"sd","10:01:44",1430900
6670,170,300,"bu","10:01:39",1428300
6670,170,100,"bu","10:01:39",1428000
6670,170,1900,"bu","10:01:33",1427900
6670,170,200,"bu","10:01:33",1426000
6670,170,1000,"bu","10:01:33",1425800
6670,170,6900,"bu","10:01:33",1424800
6670,170,200,"bu","10:01:33",1417900
6660,160,400,"sd","10:01:28",1417700
6660,160,3000,"sd","10:01:28",1417300
6660,160,100,"sd","10:01:28",1414300
6670,170,2000,"bu","10:01:21",1414200
6670,170,900,"sd","10:01:17",1412200
6670,170,1000,"bu","10:01:12",1411300
6670,170,300,"bu","10:01:12",1410300
6670,170,400,"bu","10:01:12",1410000
6670,170,400,"bu","10:01:12",1409600
6670,170,500,"bu","10:01:03",1409200
6670,170,5000,"bu","10:00:59",1408700
6670,170,5000,"bu","10:00:58",1403700
6670,170,500,"sd","10:00:50",1398700
6670,170,2000,"sd","10:00:50",1398200
6670,170,500,"sd","10:00:50",1396200
6680,180,300,"bu","10:00:45",1395700
6670,170,500,"sd","10:00:40",1395400
6680,180,2500,"bu","10:00:38",1394900
6660,160,500,"sd","10:00:23",1392400
6680,180,2600,"bu","10:00:19",1391900
6680,180,1000,"bu","10:00:19",1389300
6680,180,200,"bu","10:00:19",1388300
6680,180,10000,"bu","10:00:19",1388100
6680,180,600,"bu","10:00:19",1378100
6670,170,2300,"bu","10:00:19",1377500
6670,170,500,"bu","10:00:19",1375200
6670,170,200,"bu","10:00:19",1374700
6670,170,100,"bu","10:00:19",1374500
6660,160,1000,"bu","10:00:19",1374400
6660,160,1000,"bu","10:00:19",1373400
6660,160,500,"bu","10:00:19",1372400
6650,150,100,"sd","10:00:18",1371900
6650,150,200,"sd","10:00:16",1371800
6650,150,1000,"sd","10:00:13",1371600
6650,150,100,"sd","10:00:13",1370600
6650,150,500,"sd","10:00:13",1370500
6650,150,500,"sd","10:00:13",1370000
6650,150,500,"sd","10:00:13",1369500
6650,150,300,"bu","10:00:13",1369000
6650,150,500,"bu","10:00:13",1368700
6650,150,100,"bu","10:00:13",1368200
6650,150,500,"bu","10:00:13",1368100
6650,150,1000,"bu","10:00:13",1367600
6650,150,3000,"bu","10:00:13",1366600
6650,150,500,"bu","10:00:13",1363600
6650,150,3600,"bu","10:00:13",1363100
6650,150,5000,"bu","10:00:13",1359500
6650,150,100,"bu","10:00:13",1354500
6650,150,7000,"bu","10:00:13",1354400
6650,150,3000,"bu","10:00:08",1347400
6650,150,500,"bu","10:00:08",1344400
6650,150,2500,"bu","10:00:08",1343900
6650,150,6900,"bu","10:00:07",1341400
6650,150,3100,"bu","10:00:07",1334500
6650,150,2000,"bu","10:00:07",1331400
6650,150,1000,"bu","10:00:07",1329400
6650,150,1600,"bu","10:00:05",1328400
6650,150,1000,"bu","10:00:04",1326800
6650,150,11500,"bu","09:59:57",1325800
6650,150,100,"bu","09:59:57",1314300
6650,150,100,"bu","09:59:57",1314200
6650,150,5000,"bu","09:59:57",1314100
6650,150,2000,"bu","09:59:57",1309100
6650,150,50000,"bu","09:59:57",1307100
6650,150,200,"bu","09:59:57",1257100
6650,150,3600,"bu","09:59:57",1256900
6650,150,1000,"bu","09:59:57",1253300
6650,150,4000,"bu","09:59:57",1252300
6650,150,2000,"bu","09:59:57",1248300
6650,150,100,"bu","09:59:57",1246300
6650,150,10000,"bu","09:59:57",1246200
6650,150,200,"bu","09:59:57",1236200
6650,150,1500,"bu","09:59:57",1236000
6650,150,8000,"bu","09:59:57",1234500
6640,140,10000,"bu","09:59:57",1226500
6640,140,5000,"bu","09:59:57",1216500
6640,140,100,"bu","09:59:57",1211500
6630,130,200,"bu","09:59:57",1211400
6630,130,22000,"bu","09:59:57",1211200
6630,130,100,"bu","09:59:57",1189200
6630,130,9000,"bu","09:59:57",1189100
6630,130,30000,"bu","09:59:57",1180100
6630,130,100,"bu","09:59:57",1150100
6630,130,1000,"bu","09:59:57",1150000
6630,130,300,"bu","09:59:57",1149000
6630,130,3800,"bu","09:59:57",1148700
6630,130,1000,"bu","09:59:57",1144900
6630,130,500,"bu","09:59:57",1143900
6630,130,500,"bu","09:59:57",1143400
6630,130,5000,"bu","09:59:57",1142900
6630,130,100,"bu","09:59:57",1137900
6630,130,10000,"bu","09:59:57",1137800
6630,130,2000,"bu","09:59:57",1127800
6630,130,2000,"bu","09:59:54",1125800
6620,120,300,"sd","09:59:53",1123800
6620,120,1000,"sd","09:59:46",1123500
6620,120,1500,"sd","09:59:45",1122500
6620,120,100,"bu","09:59:40",1121000
6620,120,1000,"bu","09:59:40",1120900
6620,120,8400,"bu","09:59:37",1119900
6620,120,200,"bu","09:59:37",1111500
6620,120,100,"bu","09:59:37",1111300
6620,120,500,"bu","09:59:37",1111200
6620,120,500,"bu","09:59:37",1110700
6620,120,100,"bu","09:59:37",1110200
6620,120,1000,"bu","09:59:37",1110100
6620,120,100,"bu","09:59:37",1109100
6620,120,7000,"bu","09:59:37",1109000
6620,120,1000,"bu","09:59:37",1102000
6620,120,300,"bu","09:59:37",1101000
6620,120,800,"bu","09:59:37",1100700
6620,120,200,"bu","09:59:36",1099900
6620,120,800,"bu","09:59:36",1099700
6620,120,2400,"bu","09:59:36",1098900
6620,120,1800,"bu","09:59:36",1096500
6620,120,3500,"bu","09:59:36",1094700
6620,120,400,"bu","09:59:36",1091200
6620,120,500,"bu","09:59:36",1090800
6620,120,400,"bu","09:59:36",1090300
6620,120,5000,"bu","09:59:36",1089900
6620,120,100,"bu","09:59:36",1084900
6620,120,2000,"bu","09:59:36",1084800
6620,120,4600,"bu","09:59:36",1082800
6620,120,400,"bu","09:59:30",1078200
6620,120,5000,"bu","09:59:30",1077800
6620,120,9600,"bu","09:59:30",1072800
6620,120,400,"bu","09:59:26",1063200
6620,120,100,"bu","09:59:26",1062800
6620,120,100,"bu","09:59:26",1062700
6620,120,1000,"bu","09:59:26",1062600
6620,120,100,"bu","09:59:26",1061600
6620,120,18300,"bu","09:59:26",1061500
6620,120,1700,"bu","09:59:25",1043200
6620,120,1000,"bu","09:59:25",1041500
6620,120,500,"bu","09:59:25",1040500
6620,120,2300,"bu","09:59:25",1040000
6620,120,2000,"bu","09:59:21",1037700
6610,110,100,"bu","09:59:17",1035700
6610,110,100,"bu","09:59:17",1035600
6610,110,100,"bu","09:59:17",1035500
6610,110,100,"bu","09:59:17",1035400
6610,110,100,"bu","09:59:17",1035300
6610,110,5000,"bu","09:59:17",1035200
6610,110,500,"bu","09:59:17",1030200
6610,110,100,"bu","09:59:17",1029700
6610,110,100,"bu","09:59:17",1029600
6610,110,1000,"bu","09:59:17",1029500
6610,110,1000,"bu","09:59:17",1028500
6610,110,3000,"bu","09:59:17",1027500
6610,110,300,"bu","09:59:17",1024500
6610,110,1000,"bu","09:59:17",1024200
6610,110,100,"bu","09:59:17",1023200
6610,110,22000,"bu","09:59:17",1023100
6610,110,1000,"bu","09:59:17",1001100
6610,110,100,"bu","09:59:17",1000100
6610,110,500,"bu","09:59:17",1000000
6610,110,500,"bu","09:59:17",999500
6610,110,200,"bu","09:59:17",999000
6610,110,700,"bu","09:59:17",998800
6610,110,100,"bu","09:59:17",998100
6610,110,800,"bu","09:59:17",998000
6610,110,100,"bu","09:59:17",997200
6610,110,100,"bu","09:59:17",997100
6610,110,3100,"bu","09:59:17",997000
6610,110,6900,"bu","09:59:15",993900
6610,110,100,"bu","09:59:15",987000
6610,110,20000,"bu","09:59:15",986900
6610,110,900,"bu","09:59:11",966900
6610,110,5000,"bu","09:59:11",966000
6610,110,24100,"bu","09:59:11",961000
6600,100,100,"sd","09:59:07",936900
6610,110,7000,"bu","09:59:05",936800
6610,110,4500,"bu","09:59:00",929800
6610,110,5000,"bu","09:58:51",925300
6610,110,3000,"bu","09:58:51",920300
6610,110,5000,"bu","09:57:54",917300
6600,100,500,"sd","09:57:31",912300
6600,100,100,"sd","09:57:23",911800
6600,100,300,"sd","09:57:23",911700
6600,100,2200,"sd","09:57:23",911400
6600,100,100,"sd","09:57:23",909200
6600,100,1000,"sd","09:57:16",909100
6610,110,500,"bu","09:57:11",908100
6600,100,1000,"sd","09:57:10",907600
6600,100,700,"sd","09:57:07",906600
6600,100,200,"sd","09:57:07",905900
6600,100,1000,"sd","09:57:07",905700
6600,100,1800,"sd","09:56:55",904700
6600,100,1000,"sd","09:56:55",902900
6600,100,2000,"sd","09:56:55",901900
6600,100,10000,"sd","09:56:55",899900
6600,100,500,"sd","09:56:55",889900
6600,100,600,"sd","09:56:55",889400
6600,100,200,"sd","09:56:55",888800
6600,100,1500,"sd","09:56:55",888600
6600,100,1000,"sd","09:56:55",887100
6600,100,1000,"sd","09:56:55",886100
6600,100,300,"sd","09:56:55",885100
6600,100,1000,"sd","09:56:55",884800
6600,100,5000,"sd","09:56:55",883800
6600,100,500,"sd","09:56:55",878800
6600,100,200,"sd","09:56:55",878300
6600,100,500,"sd","09:56:55",878100
6600,100,300,"sd","09:56:55",877600
6600,100,2600,"sd","09:56:55",877300
6600,100,1000,"sd","09:56:54",874700
6600,100,1000,"sd","09:56:49",873700
6600,100,4500,"sd","09:56:39",872700
6600,100,100,"sd","09:56:29",868200
6600,100,500,"sd","09:56:29",868100
6600,100,300,"sd","09:55:59",867600
6600,100,700,"sd","09:55:59",867300
6610,110,300,"bu","09:55:51",866600
6600,100,100,"sd","09:55:48",866300
6600,100,1000,"sd","09:55:24",866200
6610,110,100,"bu","09:55:20",865200
6600,100,300,"sd","09:55:19",865100
6600,100,300,"sd","09:55:19",864800
6600,100,2400,"sd","09:55:19",864500
6610,110,400,"bu","09:55:18",862100
6610,110,100,"bu","09:55:02",861700
6610,110,900,"bu","09:55:02",861600
6600,100,200,"sd","09:54:59",860700
6600,100,2400,"sd","09:54:50",860500
6600,100,600,"sd","09:54:50",858100
6600,100,300,"sd","09:54:34",857500
6600,100,200,"sd","09:54:27",857200
6600,100,2000,"sd","09:54:13",857000
6610,110,100,"bu","09:54:10",855000
6610,110,4900,"bu","09:54:10",854900
6610,110,100,"bu","09:54:10",850000
6610,110,300,"bu","09:54:10",849900
6610,110,100,"bu","09:54:10",849600
6610,110,1000,"bu","09:54:10",849500
6610,110,100,"bu","09:54:10",848500
6610,110,200,"bu","09:54:10",848400
6610,110,500,"bu","09:54:10",848200
6610,110,200,"bu","09:54:10",847700
6610,110,1500,"bu","09:54:10",847500
6600,100,700,"sd","09:54:05",846000
6600,100,100,"sd","09:54:01",845300
6600,100,300,"bu","09:53:29",845200
6600,100,100,"bu","09:53:29",844900
6600,100,300,"bu","09:53:29",844800
6600,100,100,"bu","09:53:29",844500
6600,100,1000,"bu","09:53:29",844400
6600,100,5000,"bu","09:53:29",843400
6600,100,500,"bu","09:53:28",838400
6600,100,10000,"bu","09:53:28",837900
6600,100,300,"bu","09:53:28",827900
6600,100,1000,"bu","09:53:28",827600
6600,100,7500,"bu","09:53:28",826600
6600,100,1000,"bu","09:53:25",819100
6600,100,800,"bu","09:53:25",818100
6600,100,200,"bu","09:53:25",817300
6600,100,1000,"bu","09:53:25",817100
6600,100,1000,"bu","09:53:25",816100
6600,100,1000,"bu","09:53:25",815100
6600,100,500,"bu","09:53:25",814100
6600,100,10800,"bu","09:53:25",813600
6600,100,1000,"bu","09:53:25",802800
6600,100,2000,"bu","09:53:25",801800
6600,100,15000,"bu","09:53:25",799800
6600,100,500,"bu","09:53:25",784800
6600,100,2500,"bu","09:53:25",784300
6600,100,2000,"bu","09:53:25",781800
6600,100,1000,"bu","09:53:25",779800
6600,100,1000,"bu","09:53:25",778800
6600,100,900,"bu","09:53:25",777800
6600,100,100,"bu","09:53:25",776900
6600,100,100,"bu","09:53:25",776800
6600,100,300,"bu","09:53:25",776700
6600,100,100,"bu","09:53:25",776400
6600,100,5000,"bu","09:53:25",776300
6600,100,100,"bu","09:53:25",771300
6600,100,900,"bu","09:53:25",771200
6600,100,2200,"bu","09:53:25",770300
6600,100,1500,"bu","09:53:25",768100
6600,100,200,"bu","09:53:25",766600
6600,100,100,"bu","09:53:25",766400
6600,100,700,"bu","09:53:25",766300
6600,100,100,"bu","09:53:25",765600
6600,100,2800,"bu","09:53:25",765500
6600,100,1500,"bu","09:53:25",762700
6600,100,8500,"bu","09:53:25",761200
6600,100,100,"bu","09:53:25",752700
6600,100,500,"bu","09:53:25",752600
6600,100,3000,"bu","09:53:25",752100
6600,100,4000,"bu","09:53:25",749100
6600,100,200,"bu","09:53:25",745100
6600,100,5000,"bu","09:53:25",744900
6600,100,500,"bu","09:53:25",739900
6600,100,6000,"bu","09:53:25",739400
6600,100,1000,"bu","09:53:25",733400
6600,100,800,"bu","09:53:25",732400
6600,100,12500,"bu","09:53:25",731600
6590,90,2100,"sd","09:53:08",719100
6590,90,2900,"bu","09:53:06",717000
6590,90,100,"bu","09:53:06",714100
6590,90,500,"bu","09:53:06",714000
6590,90,1000,"bu","09:53:06",713500
6590,90,100,"bu","09:53:06",712500
6590,90,9400,"bu","09:53:06",712400
6590,90,5000,"bu","09:53:06",703000
6590,90,5000,"bu","09:53:06",698000
6590,90,2200,"bu","09:53:06",693000
6590,90,4700,"bu","09:53:03",690800
6590,90,3100,"bu","09:52:50",686100
6590,90,100,"bu","09:52:50",683000
6590,90,1000,"bu","09:52:50",682900
6590,90,800,"bu","09:52:50",681900
6590,90,2000,"bu","09:52:41",681100
6590,90,900,"bu","09:52:34",679100
6590,90,100,"bu","09:52:28",678200
6590,90,500,"bu","09:52:24",678100
6590,90,200,"bu","09:52:05",677600
6590,90,500,"bu","09:51:59",677400
6580,80,1400,"sd","09:51:33",676900
6580,80,5000,"sd","09:51:26",675500
6580,80,11600,"bu","09:51:25",670500
6580,80,300,"bu","09:51:25",658900
6580,80,300,"bu","09:51:25",658600
6580,80,4000,"bu","09:51:25",658300
6580,80,6900,"bu","09:51:25",654300
6580,80,100,"bu","09:51:25",647400
6580,80,6700,"bu","09:51:25",647300
6580,80,5000,"bu","09:51:22",640600
6580,80,3000,"bu","09:50:55",635600
6580,80,1000,"bu","09:50:53",632600
6580,80,3000,"bu","09:50:45",631600
6580,80,5000,"bu","09:50:31",628600
6580,80,1000,"bu","09:50:20",623600
6570,70,2400,"sd","09:49:45",622600
6570,70,600,"sd","09:49:45",620200
6570,70,1000,"sd","09:49:45",619600
6570,70,2900,"sd","09:49:45",618600
6570,70,100,"sd","09:48:41",615700
6570,70,400,"sd","09:48:21",615600
6570,70,300,"sd","09:47:21",615200
6580,80,1000,"sd","09:46:51",614900
6580,80,3200,"sd","09:46:51",613900
6580,80,300,"sd","09:46:45",610700
6580,80,500,"sd","09:46:43",610400
6580,80,100,"sd","09:46:43",609900
6580,80,400,"sd","09:46:43",609800
6580,80,100,"sd","09:46:34",609400
6580,80,100,"sd","09:46:10",609300
6580,80,200,"sd","09:46:10",609200
6580,80,200,"sd","09:46:10",609000
6580,80,1000,"sd","09:45:57",608800
6580,80,9200,"sd","09:45:47",607800
6580,80,1600,"sd","09:45:40",598600
6580,80,200,"sd","09:45:30",597000
6580,80,1800,"sd","09:45:17",596800
6580,80,200,"sd","09:44:55",595000
6580,80,1000,"bu","09:44:35",594800
6580,80,100,"bu","09:44:35",593800
6580,80,400,"bu","09:44:35",593700
6580,80,200,"bu","09:44:35",593300
6580,80,1000,"bu","09:44:35",593100
6580,80,200,"bu","09:44:35",592100
6580,80,2900,"bu","09:44:35",591900
6580,80,1000,"bu","09:44:34",589000
6580,80,400,"bu","09:44:30",588000
6580,80,1000,"bu","09:44:23",587600
6580,80,1000,"bu","09:44:15",586600
6580,80,5600,"bu","09:44:12",585600
6580,80,3500,"bu","09:44:12",580000
6580,80,1000,"bu","09:44:12",576500
6580,80,800,"bu","09:44:12",575500
6580,80,9100,"bu","09:44:12",574700
6580,80,100,"bu","09:44:04",565600
6580,80,200,"bu","09:43:44",565500
6570,70,1000,"sd","09:43:36",565300
6570,70,700,"sd","09:43:30",564300
6580,80,100,"bu","09:43:21",563600
6580,80,500,"bu","09:43:18",563500
6580,80,100,"bu","09:43:05",563000
6580,80,300,"bu","09:42:28",562900
6570,70,100,"sd","09:42:28",562600
6570,70,200,"sd","09:42:08",562500
6570,70,500,"sd","09:42:08",562300
6570,70,300,"sd","09:42:08",561800
6580,80,100,"bu","09:41:50",561500
6580,80,100,"bu","09:41:37",561400
6580,80,1000,"bu","09:41:30",561300
6580,80,500,"sd","09:41:29",560300
6580,80,2900,"sd","09:41:29",559800
6580,80,7100,"sd","09:41:10",556900
6580,80,5000,"sd","09:41:10",549800
6580,80,2900,"sd","09:41:10",544800
6590,90,100,"bu","09:41:08",541900
6580,80,2000,"sd","09:41:04",541800
6580,80,100,"sd","09:41:01",539800
6580,80,100,"sd","09:41:01",539700
6580,80,100,"sd","09:40:57",539600
6580,80,100,"sd","09:40:57",539500
6580,80,200,"sd","09:40:57",539400
6580,80,100,"sd","09:40:57",539200
6580,80,300,"sd","09:40:57",539100
6580,80,1000,"sd","09:40:57",538800
6580,80,4600,"sd","09:40:57",537800
6580,80,1000,"sd","09:40:40",533200
6580,80,2000,"sd","09:40:32",532200
6580,80,500,"sd","09:40:25",530200
6580,80,300,"sd","09:40:00",529700
6580,80,100,"sd","09:39:57",529400
6580,80,200,"sd","09:39:23",529300
6590,90,300,"bu","09:38:54",529100
6590,90,200,"bu","09:38:38",528800
6590,90,800,"bu","09:38:38",528600
6580,80,1000,"sd","09:38:25",527800
6580,80,1000,"sd","09:38:25",526800
6580,80,2000,"sd","09:38:22",525800
6580,80,2000,"sd","09:38:17",523800
6580,80,200,"sd","09:37:25",521800
6580,80,2700,"sd","09:37:06",521600
6580,80,300,"sd","09:37:06",518900
6580,80,1700,"sd","09:37:06",518600
6580,80,4200,"sd","09:37:06",516900
6580,80,1000,"sd","09:37:06",512700
6580,80,100,"sd","09:37:06",511700
6580,80,300,"sd","09:37:06",511600
6580,80,1200,"sd","09:37:06",511300
6590,90,500,"bu","09:37:03",510100
6590,90,300,"bu","09:36:52",509600
6590,90,300,"bu","09:36:34",509300
6580,80,800,"sd","09:35:27",509000
6580,80,200,"sd","09:35:27",508200
6580,80,300,"sd","09:34:55",508000
6580,80,1700,"sd","09:34:55",507700
