"price","change","match_qtty","side","time","total_vol"
36600,-1300,177500,"unknown","14:45:00",3240300
36700,-1200,700,"bu","14:29:54",3062800
36700,-1200,100,"bu","14:29:54",3062100
36700,-1200,200,"bu","14:29:54",3062000
36600,-1300,2000,"sd","14:29:47",3061800
36700,-1200,100,"bu","14:29:45",3059800
36600,-1300,1000,"sd","14:29:44",3059700
36700,-1200,100,"bu","14:29:43",3058700
36700,-1200,100,"bu","14:29:42",3058600
36600,-1300,100,"sd","14:29:42",3058500
36600,-1300,1000,"sd","14:29:39",3058400
36500,-1400,400,"sd","14:29:39",3057400
36500,-1400,800,"sd","14:29:38",3057000
36500,-1400,400,"sd","14:29:38",3056200
36500,-1400,100,"sd","14:29:37",3055800
36500,-1400,7900,"sd","14:29:37",3055700
36500,-1400,100,"sd","14:29:37",3047800
36500,-1400,100,"sd","14:29:37",3047700
36500,-1400,1500,"sd","14:29:37",3047600
36500,-1400,5000,"sd","14:29:37",3046100
36500,-1400,600,"sd","14:29:37",3041100
36550,-1350,20000,"sd","14:29:37",3040500
36500,-1400,500,"sd","14:29:37",3020500
36550,-1350,100,"sd","14:29:37",3020000
36500,-1400,800,"sd","14:29:37",3019900
36600,-1300,3000,"sd","14:29:37",3019100
36500,-1400,100,"sd","14:29:37",3016100
36600,-1300,700,"sd","14:29:37",3016000
36500,-1400,500,"sd","14:29:37",3015300
36600,-1300,900,"sd","14:29:37",3014800
36500,-1400,100,"sd","14:29:37",3013900
36600,-1300,100,"sd","14:29:37",3013800
36600,-1300,1200,"sd","14:29:37",3013700
36500,-1400,500,"sd","14:29:37",3012500
36500,-1400,1000,"sd","14:29:37",3012000
36600,-1300,200,"sd","14:29:37",3011000
36500,-1400,200,"sd","14:29:37",3010800
36600,-1300,200,"sd","14:29:37",3010600
36500,-1400,300,"sd","14:29:37",3010400
36500,-1400,700,"sd","14:29:37",3010100
36500,-1400,1100,"sd","14:29:37",3009400
36500,-1400,100,"sd","14:29:37",3008300
36500,-1400,100,"sd","14:29:37",3008200
36600,-1300,100,"sd","14:29:37",3008100
36500,-1400,100,"sd","14:29:37",2996200
36500,-1400,1000,"sd","14:29:37",3008000
36600,-1300,100,"sd","14:29:37",3007000
36500,-1400,100,"sd","14:29:37",3006900
36600,-1300,100,"sd","14:29:37",3006800
36500,-1400,500,"sd","14:29:37",3006700
36600,-1300,10000,"sd","14:29:37",3006200
36600,-1300,200,"sd","14:29:37",2996100
36600,-1300,200,"sd","14:29:37",2995900
36600,-1300,500,"sd","14:29:37",2995700
36550,-1350,500,"sd","14:29:37",2995200
36600,-1300,900,"sd","14:29:37",2994700
36550,-1350,300,"sd","14:29:37",2993800
36650,-1250,200,"sd","14:29:37",2993500
36550,-1350,1000,"sd","14:29:37",2993300
36550,-1350,100,"sd","14:29:37",2992300
36650,-1250,1000,"sd","14:29:37",2992200
36550,-1350,1000,"sd","14:29:37",2991200
36650,-1250,300,"sd","14:29:37",2990200
36700,-1200,2000,"sd","14:29:37",2989900
36650,-1250,100,"sd","14:29:37",2987900
36700,-1200,14500,"sd","14:29:37",2987800
36700,-1200,1000,"bu","14:29:30",2973300
36700,-1200,500,"bu","14:29:30",2972300
36700,-1200,4000,"bu","14:29:30",2971800
36600,-1300,800,"sd","14:29:27",2967800
36650,-1250,100,"sd","14:29:27",2967000
36650,-1250,600,"sd","14:29:27",2966900
36700,-1200,1000,"bu","14:29:26",2966300
36650,-1250,800,"sd","14:29:22",2965300
36650,-1250,200,"sd","14:29:19",2964500
36650,-1250,100,"sd","14:29:19",2964300
36600,-1300,300,"sd","14:29:14",2964200
36600,-1300,1000,"sd","14:29:14",2963900
36600,-1300,100,"sd","14:29:14",2962900
36600,-1300,100,"sd","14:29:14",2962800
36600,-1300,500,"sd","14:29:14",2962700
36600,-1300,700,"sd","14:29:14",2962200
36600,-1300,500,"sd","14:29:14",2961500
36600,-1300,100,"sd","14:29:14",2961000
36600,-1300,200,"sd","14:29:14",2960900
36600,-1300,100,"sd","14:29:14",2960700
36600,-1300,1800,"sd","14:29:14",2960600
36650,-1250,300,"sd","14:29:14",2958800
36650,-1250,500,"sd","14:29:14",2958500
36650,-1250,100,"sd","14:29:14",2958000
36650,-1250,700,"sd","14:29:14",2957900
36650,-1250,700,"sd","14:29:10",2957200
36650,-1250,1000,"bu","14:29:03",2956500
36650,-1250,500,"bu","14:29:03",2955500
36650,-1250,2100,"bu","14:29:03",2955000
36600,-1300,900,"sd","14:29:03",2952900
36650,-1250,200,"bu","14:29:02",2952000
36650,-1250,1100,"bu","14:29:02",2951800
36650,-1250,1000,"bu","14:29:01",2950700
36650,-1250,100,"bu","14:28:57",2949700
36600,-1300,300,"sd","14:28:56",2949600
36600,-1300,300,"sd","14:28:56",2949300
36650,-1250,100,"bu","14:28:54",2949000
36650,-1250,1000,"bu","14:28:52",2948900
36650,-1250,2000,"bu","14:28:51",2947900
36650,-1250,100,"bu","14:28:50",2945900
36650,-1250,100,"bu","14:28:46",2945800
36650,-1250,200,"bu","14:28:46",2945700
36650,-1250,300,"bu","14:28:46",2945500
36650,-1250,100,"bu","14:28:45",2945200
36650,-1250,500,"bu","14:28:42",2945100
36650,-1250,100,"bu","14:28:40",2944600
36650,-1250,500,"bu","14:28:34",2944500
36650,-1250,500,"bu","14:28:32",2944000
36600,-1300,300,"sd","14:28:32",2943500
36650,-1250,500,"bu","14:28:32",2943200
36650,-1250,100,"bu","14:28:27",2942700
36650,-1250,1500,"sd","14:28:27",2942600
36650,-1250,200,"sd","14:28:27",2941100
36650,-1250,1000,"sd","14:28:27",2940900
36650,-1250,500,"sd","14:28:27",2939900
36650,-1250,100,"sd","14:28:27",2939400
36650,-1250,300,"sd","14:28:27",2939300
36650,-1250,500,"sd","14:28:27",2939000
36650,-1250,1400,"sd","14:28:27",2938500
36650,-1250,100,"sd","14:28:27",2937100
36650,-1250,1800,"sd","14:28:27",2937000
36700,-1200,100,"bu","14:28:24",2935200
36700,-1200,500,"bu","14:28:22",2935100
36700,-1200,100,"bu","14:28:21",2934600
36650,-1250,3200,"sd","14:28:21",2934500
36650,-1250,100,"sd","14:28:21",2931300
36650,-1250,100,"sd","14:28:21",2931200
36650,-1250,500,"sd","14:28:21",2931100
36650,-1250,100,"sd","14:28:21",2930600
36700,-1200,1600,"bu","14:28:11",2930500
36700,-1200,500,"sd","14:28:11",2928900
36700,-1200,2000,"sd","14:28:11",2928400
36700,-1200,100,"sd","14:28:11",2926400
36700,-1200,200,"sd","14:28:11",2926300
36700,-1200,100,"sd","14:28:11",2926100
36700,-1200,200,"sd","14:28:11",2926000
36700,-1200,100,"sd","14:28:11",2925800
36700,-1200,1000,"sd","14:28:11",2925700
36700,-1200,1100,"sd","14:28:11",2924700
36700,-1200,500,"sd","14:28:11",2923600
36700,-1200,100,"sd","14:28:11",2923100
36700,-1200,1000,"sd","14:28:11",2923000
36700,-1200,10100,"sd","14:28:11",2922000
36700,-1200,200,"sd","14:28:11",2911900
36700,-1200,500,"sd","14:28:11",2911700
36700,-1200,5600,"sd","14:28:11",2911200
36700,-1200,300,"sd","14:28:11",2905600
36700,-1200,200,"sd","14:28:11",2905300
36700,-1200,500,"sd","14:28:11",2905100
36700,-1200,500,"sd","14:28:11",2904600
36700,-1200,5100,"sd","14:28:11",2904100
36700,-1200,500,"sd","14:28:11",2899000
36700,-1200,200,"sd","14:28:11",2898500
36700,-1200,1000,"sd","14:28:11",2898300
36700,-1200,100,"sd","14:28:11",2897300
36700,-1200,100,"sd","14:28:11",2897200
36700,-1200,100,"sd","14:28:11",2897100
36700,-1200,2000,"sd","14:28:11",2897000
36700,-1200,500,"sd","14:28:11",2895000
36700,-1200,200,"sd","14:28:11",2894500
36700,-1200,1000,"sd","14:28:11",2894300
36700,-1200,100,"sd","14:28:11",2893300
36700,-1200,4900,"sd","14:28:11",2893200
36700,-1200,200,"sd","14:28:11",2888300
36700,-1200,100,"sd","14:28:11",2888100
36750,-1150,1000,"bu","14:28:11",2888000
36700,-1200,700,"sd","14:28:09",2887000
36750,-1150,1000,"sd","14:28:09",2886300
36750,-1150,300,"sd","14:28:09",2885300
36750,-1150,1000,"sd","14:28:09",2885000
36700,-1200,100,"sd","14:27:56",2884000
36750,-1150,400,"bu","14:27:55",2883900
36750,-1150,500,"bu","14:27:51",2883500
36700,-1200,1500,"sd","14:27:50",2883000
36700,-1200,1500,"sd","14:27:50",2881500
36750,-1150,100,"bu","14:27:48",2880000
36700,-1200,400,"sd","14:27:47",2879900
36750,-1150,500,"bu","14:27:37",2879500
36700,-1200,800,"sd","14:27:36",2879000
36700,-1200,100,"sd","14:27:36",2878200
36700,-1200,100,"sd","14:27:36",2878100
36700,-1200,200,"sd","14:27:36",2878000
36700,-1200,800,"sd","14:27:34",2877800
36700,-1200,100,"sd","14:27:34",2877000
36750,-1150,100,"sd","14:27:34",2876900
36750,-1150,1000,"sd","14:27:34",2876800
36750,-1150,100,"sd","14:27:30",2875800
36800,-1100,500,"bu","14:27:29",2875700
36750,-1150,900,"sd","14:27:26",2875200
36750,-1150,100,"sd","14:27:26",2874300
36800,-1100,1800,"bu","14:27:22",2874200
36750,-1150,200,"bu","14:27:22",2872400
36750,-1150,200,"sd","14:27:21",2872200
36750,-1150,300,"sd","14:27:17",2872000
36750,-1150,1000,"sd","14:27:17",2871700
36750,-1150,300,"sd","14:27:17",2870700
36750,-1150,200,"sd","14:27:17",2870400
36750,-1150,100,"sd","14:27:17",2870200
36750,-1150,100,"sd","14:27:17",2870100
36800,-1100,100,"bu","14:27:16",2870000
36750,-1150,300,"sd","14:27:11",2869900
36750,-1150,200,"sd","14:27:11",2869600
36750,-1150,100,"sd","14:27:11",2869400
36750,-1150,100,"sd","14:27:11",2869300
36750,-1150,1000,"sd","14:27:11",2869200
36750,-1150,100,"sd","14:27:11",2868200
36750,-1150,400,"sd","14:27:11",2868100
36800,-1100,3600,"bu","14:27:11",2867700
36800,-1100,1200,"bu","14:27:11",2864100
36800,-1100,1200,"bu","14:27:11",2862900
36750,-1150,100,"sd","14:27:09",2861700
36750,-1150,700,"sd","14:27:09",2861600
36800,-1100,500,"bu","14:27:07",2860900
36750,-1150,300,"sd","14:27:05",2860400
36750,-1150,100,"sd","14:27:05",2860100
36750,-1150,1600,"sd","14:27:05",2860000
36750,-1150,500,"sd","14:26:59",2858400
36750,-1150,200,"sd","14:26:57",2857900
36800,-1100,300,"bu","14:26:55",2857700
36800,-1100,500,"bu","14:26:54",2857400
36800,-1100,4000,"bu","14:26:48",2856900
36800,-1100,100,"bu","14:26:47",2852900
36800,-1100,3000,"bu","14:26:47",2852800
36800,-1100,1000,"bu","14:26:46",2849800
36800,-1100,3000,"bu","14:26:45",2848800
36800,-1100,200,"bu","14:26:41",2845800
36800,-1100,3000,"bu","14:26:39",2845600
36800,-1100,100,"bu","14:26:28",2842600
36750,-1150,2600,"sd","14:26:25",2842500
36800,-1100,2000,"bu","14:26:21",2839900
36750,-1150,100,"sd","14:26:20",2837900
36800,-1100,400,"bu","14:26:18",2837800
36800,-1100,100,"bu","14:26:11",2837400
36800,-1100,500,"bu","14:26:04",2837300
36800,-1100,200,"bu","14:26:01",2836800
36750,-1150,100,"sd","14:26:00",2836600
36750,-1150,200,"sd","14:26:00",2836500
36750,-1150,300,"sd","14:26:00",2836300
36750,-1150,100,"sd","14:25:58",2835700
36750,-1150,300,"sd","14:25:58",2836000
36800,-1100,100,"bu","14:25:51",2835600
36800,-1100,100,"bu","14:25:50",2835500
36800,-1100,200,"bu","14:25:48",2835400
36800,-1100,100,"sd","14:25:42",2835200
36800,-1100,1000,"sd","14:25:42",2835100
36800,-1100,100,"sd","14:25:42",2834100
36800,-1100,100,"sd","14:25:41",2834000
36800,-1100,1000,"sd","14:25:41",2833900
36800,-1100,100,"sd","14:25:41",2832900
36800,-1100,100,"sd","14:25:41",2832800
36800,-1100,1000,"sd","14:25:41",2832700
36800,-1100,200,"sd","14:25:41",2831700
36800,-1100,300,"sd","14:25:41",2831500
36800,-1100,200,"sd","14:25:41",2831200
36800,-1100,100,"sd","14:25:41",2831000
36800,-1100,100,"sd","14:25:41",2830900
36800,-1100,200,"sd","14:25:41",2830800
36800,-1100,500,"sd","14:25:41",2830600
36800,-1100,10000,"sd","14:25:41",2830100
36800,-1100,1200,"sd","14:25:41",2820100
36800,-1100,1000,"sd","14:25:41",2818900
36800,-1100,100,"sd","14:25:41",2817900
36800,-1100,400,"sd","14:25:41",2817800
36800,-1100,100,"sd","14:25:41",2817400
36800,-1100,100,"sd","14:25:41",2817300
36800,-1100,1000,"sd","14:25:41",2817200
36800,-1100,200,"sd","14:25:41",2816200
36800,-1100,500,"sd","14:25:41",2816000
36800,-1100,100,"sd","14:25:41",2815500
36800,-1100,100,"sd","14:25:41",2815400
36800,-1100,300,"sd","14:25:41",2815300
36800,-1100,500,"sd","14:25:41",2815000
36800,-1100,500,"sd","14:25:41",2814500
36800,-1100,100,"sd","14:25:41",2814000
36800,-1100,1000,"sd","14:25:41",2813900
36800,-1100,2000,"sd","14:25:41",2812900
36800,-1100,100,"sd","14:25:41",2810900
36800,-1100,1000,"sd","14:25:41",2810800
36800,-1100,100,"sd","14:25:41",2809800
36800,-1100,500,"sd","14:25:41",2809700
36800,-1100,200,"sd","14:25:41",2809200
36800,-1100,100,"sd","14:25:41",2809000
36800,-1100,100,"sd","14:25:41",2808900
36800,-1100,100,"sd","14:25:41",2808800
36800,-1100,1000,"sd","14:25:41",2808700
36800,-1100,100,"sd","14:25:41",2807700
36800,-1100,200,"sd","14:25:41",2807600
36800,-1100,400,"sd","14:25:41",2807400
36800,-1100,100,"sd","14:25:41",2807000
36800,-1100,300,"sd","14:25:41",2806900
36800,-1100,600,"sd","14:25:41",2806600
36800,-1100,100,"sd","14:25:41",2806000
36800,-1100,100,"sd","14:25:41",2805900
36800,-1100,100,"sd","14:25:41",2805800
36800,-1100,2000,"sd","14:25:40",2805700
36850,-1050,100,"bu","14:25:35",2803700
36850,-1050,500,"bu","14:25:26",2803600
36800,-1100,2400,"sd","14:25:24",2803100
36800,-1100,300,"sd","14:25:24",2800700
36800,-1100,100,"sd","14:25:24",2800400
36800,-1100,500,"sd","14:25:24",2800300
36800,-1100,1100,"sd","14:25:24",2799800
36800,-1100,200,"sd","14:25:24",2798700
36800,-1100,200,"sd","14:25:24",2798500
36800,-1100,100,"sd","14:25:24",2798300
36800,-1100,100,"sd","14:25:24",2798200
36800,-1100,100,"sd","14:25:24",2798100
36800,-1100,100,"sd","14:25:24",2798000
36800,-1100,400,"sd","14:25:24",2797900
36800,-1100,100,"sd","14:25:24",2797500
36800,-1100,500,"sd","14:25:24",2797400
36800,-1100,200,"sd","14:25:24",2796900
36800,-1100,100,"sd","14:25:24",2796700
36800,-1100,200,"sd","14:25:24",2796600
36800,-1100,500,"sd","14:25:24",2796400
36800,-1100,100,"sd","14:25:17",2795900
36800,-1100,500,"sd","14:25:17",2795800
36800,-1100,400,"sd","14:25:17",2795300
36850,-1050,100,"bu","14:25:16",2794900
36800,-1100,100,"sd","14:25:13",2794800
36800,-1100,300,"sd","14:25:13",2794700
36800,-1100,500,"sd","14:25:13",2794400
36800,-1100,100,"sd","14:25:13",2793900
36850,-1050,100,"sd","14:25:02",2793800
36850,-1050,500,"sd","14:25:02",2793700
36850,-1050,1100,"sd","14:25:02",2793200
36850,-1050,500,"sd","14:25:02",2792100
36850,-1050,200,"sd","14:25:02",2791600
36850,-1050,200,"sd","14:25:02",2791400
36850,-1050,200,"sd","14:25:02",2791200
36850,-1050,100,"sd","14:25:02",2791000
36850,-1050,100,"sd","14:25:02",2790900
36850,-1050,1000,"sd","14:25:02",2790800
36850,-1050,47100,"sd","14:25:02",2789800
36900,-1000,500,"bu","14:25:02",2742700
36900,-1000,200,"bu","14:25:02",2742200
36900,-1000,100,"bu","14:24:59",2742000
36850,-1050,2900,"sd","14:24:58",2741900
36850,-1050,100,"sd","14:24:58",2739000
36850,-1050,100,"sd","14:24:58",2738900
36850,-1050,100,"sd","14:24:58",2738800
36850,-1050,100,"sd","14:24:58",2738700
36850,-1050,200,"sd","14:24:58",2738600
36850,-1050,200,"sd","14:24:58",2738400
36850,-1050,10000,"sd","14:24:58",2738200
36850,-1050,100,"sd","14:24:58",2728200
36850,-1050,400,"sd","14:24:58",2728100
36850,-1050,100,"sd","14:24:58",2727700
36850,-1050,200,"sd","14:24:58",2727600
36850,-1050,500,"sd","14:24:58",2727400
36900,-1000,500,"bu","14:24:52",2726900
36900,-1000,100,"bu","14:24:49",2726400
36900,-1000,300,"sd","14:24:47",2726300
36900,-1000,700,"bu","14:24:43",2726000
36900,-1000,1000,"sd","14:24:39",2725300
36900,-1000,500,"sd","14:24:39",2724300
36900,-1000,100,"sd","14:24:39",2723800
36900,-1000,100,"sd","14:24:39",2723700
36900,-1000,100,"sd","14:24:39",2723600
36900,-1000,100,"sd","14:24:37",2723500
36900,-1000,100,"sd","14:24:37",2723400
36900,-1000,500,"sd","14:24:37",2723300
36900,-1000,300,"sd","14:24:33",2722800
36900,-1000,200,"sd","14:24:33",2722500
36900,-1000,600,"sd","14:24:33",2722300
36900,-1000,100,"sd","14:24:33",2721700
36900,-1000,300,"sd","14:24:33",2721600
36900,-1000,100,"sd","14:24:33",2721300
36900,-1000,500,"sd","14:24:33",2721200
36900,-1000,200,"sd","14:24:33",2720700
36900,-1000,500,"sd","14:24:33",2720500
36900,-1000,100,"sd","14:24:33",2720000
36900,-1000,100,"sd","14:24:33",2719900
36900,-1000,100,"sd","14:24:33",2719800
36900,-1000,100,"sd","14:24:33",2719700
36900,-1000,200,"sd","14:24:33",2719600
36900,-1000,200,"sd","14:24:22",2719400
36900,-1000,100,"sd","14:24:22",2719200
36900,-1000,1000,"sd","14:24:22",2719100
36950,-950,100,"bu","14:24:15",2718100
36950,-950,400,"bu","14:24:15",2718000
36900,-1000,2600,"sd","14:24:13",2717600
36900,-1000,100,"sd","14:24:11",2715000
36950,-950,100,"bu","14:24:10",2714900
36900,-1000,2500,"sd","14:24:06",2714800
36900,-1000,3800,"sd","14:24:03",2712300
36900,-1000,100,"sd","14:24:03",2708500
36900,-1000,100,"sd","14:24:03",2708400
36950,-950,100,"bu","14:23:59",2708300
36900,-1000,600,"sd","14:23:57",2708200
36900,-1000,100,"sd","14:23:57",2707600
36900,-1000,800,"sd","14:23:57",2707500
36900,-1000,1900,"sd","14:23:54",2706700
36950,-950,400,"bu","14:23:54",2704800
36950,-950,400,"bu","14:23:54",2704400
36950,-950,500,"bu","14:23:54",2704000
36950,-950,300,"bu","14:23:54",2703500
36900,-1000,1800,"sd","14:23:49",2703200
36950,-950,100,"bu","14:23:47",2701400
36900,-1000,500,"sd","14:23:35",2701300
36900,-1000,100,"sd","14:23:35",2700800
36900,-1000,2400,"sd","14:23:35",2700700
36900,-1000,600,"sd","14:23:34",2698300
36900,-1000,100,"sd","14:23:34",2697700
36900,-1000,100,"sd","14:23:34",2697600
36900,-1000,100,"sd","14:23:34",2697500
36900,-1000,100,"sd","14:23:34",2697400
36900,-1000,700,"sd","14:23:34",2697300
36900,-1000,300,"sd","14:23:34",2696600
36900,-1000,100,"sd","14:23:34",2696300
36900,-1000,100,"sd","14:23:34",2696200
36900,-1000,800,"sd","14:23:34",2696100
36900,-1000,200,"sd","14:23:31",2695300
36900,-1000,100,"sd","14:23:31",2695100
36900,-1000,100,"sd","14:23:31",2695000
36900,-1000,100,"sd","14:23:31",2694900
36900,-1000,200,"sd","14:23:31",2694800
36900,-1000,100,"sd","14:23:31",2694600
36900,-1000,500,"sd","14:23:31",2694500
36900,-1000,1000,"sd","14:23:31",2694000
36900,-1000,100,"sd","14:23:31",2693000
36900,-1000,400,"sd","14:23:31",2692900
36900,-1000,1200,"sd","14:23:31",2692500
36900,-1000,1000,"sd","14:23:24",2691300
36900,-1000,1000,"sd","14:23:24",2690300
36900,-1000,200,"sd","14:23:24",2689300
36900,-1000,200,"sd","14:23:24",2689100
36900,-1000,5000,"sd","14:23:20",2688900
36900,-1000,3000,"sd","14:23:08",2683900
36950,-950,100,"sd","14:23:05",2680900
36950,-950,2000,"sd","14:23:05",2680800
36950,-950,1700,"sd","14:23:05",2678800
36950,-950,300,"sd","14:23:02",2677100
36950,-950,500,"sd","14:23:02",2676800
36950,-950,300,"sd","14:23:02",2676300
36950,-950,100,"sd","14:23:02",2676000
36950,-950,6000,"sd","14:23:02",2675900
36950,-950,100,"sd","14:23:02",2669900
36950,-950,100,"sd","14:23:02",2669800
36950,-950,500,"sd","14:23:02",2669700
36950,-950,5100,"sd","14:23:02",2669200
37000,-900,100,"bu","14:23:01",2664100
37000,-900,500,"bu","14:22:52",2664000
37000,-900,3000,"sd","14:22:22",2663500
37000,-900,100,"sd","14:22:15",2660500
37000,-900,200,"sd","14:22:14",2660400
37000,-900,500,"sd","14:22:14",2660200
37000,-900,400,"sd","14:22:14",2659700
37000,-900,500,"sd","14:22:10",2659300
37000,-900,500,"sd","14:22:10",2658800
37050,-850,1100,"sd","14:21:52",2658300
37050,-850,500,"bu","14:21:46",2657200
37000,-900,1000,"sd","14:21:44",2656700
37000,-900,6000,"sd","14:21:44",2655700
37000,-900,100,"sd","14:21:44",2649700
37000,-900,2500,"sd","14:21:44",2649600
37000,-900,100,"sd","14:21:44",2647100
37000,-900,100,"sd","14:21:44",2647000
37000,-900,1500,"sd","14:21:44",2646900
37000,-900,5600,"sd","14:21:44",2645400
37000,-900,200,"sd","14:21:44",2639800
37050,-850,100,"sd","14:21:44",2639600
37000,-900,200,"sd","14:21:44",2639500
37000,-900,2500,"sd","14:21:44",2639300
37000,-900,100,"sd","14:21:44",2636800
37050,-850,200,"bu","14:21:30",2636700
37050,-850,800,"sd","14:21:29",2636500
37050,-850,200,"sd","14:21:12",2635700
37050,-850,100,"sd","14:21:12",2635500
37050,-850,200,"sd","14:21:12",2635400
37050,-850,600,"sd","14:21:11",2635200
37100,-800,100,"bu","14:21:08",2634600
37050,-850,200,"sd","14:21:08",2634500
37050,-850,100,"bu","14:20:49",2634300
37050,-850,900,"bu","14:20:49",2634200
37050,-850,100,"bu","14:20:35",2633300
37100,-800,500,"bu","14:20:10",2633200
37050,-850,500,"sd","14:19:52",2632700
37000,-900,4700,"sd","14:19:33",2632200
37050,-850,300,"sd","14:19:33",2627500
37100,-800,100,"bu","14:19:20",2627200
37000,-900,200,"sd","14:19:18",2627100
37000,-900,1000,"sd","14:19:18",2626900
37050,-850,800,"sd","14:19:18",2625900
37050,-850,500,"sd","14:19:18",2625100
37050,-850,2400,"sd","14:19:17",2624600
37050,-850,2600,"sd","14:19:17",2622200
37050,-850,200,"sd","14:19:12",2619600
37050,-850,200,"bu","14:18:52",2619400
37050,-850,100,"bu","14:18:50",2619200
37000,-900,2000,"sd","14:18:47",2619100
37000,-900,100,"sd","14:18:45",2617100
37000,-900,500,"sd","14:18:45",2617000
37000,-900,9500,"sd","14:18:36",2616500
37000,-900,500,"sd","14:18:36",2607000
37100,-800,300,"bu","14:18:34",2606500
37100,-800,200,"bu","14:18:34",2606200
37100,-800,300,"bu","14:18:26",2606000
37050,-850,300,"bu","14:18:09",2605700
37050,-850,500,"bu","14:18:09",2605400
37050,-850,700,"bu","14:18:09",2604900
37000,-900,500,"bu","14:18:02",2604200
37000,-900,300,"bu","14:18:02",2603700
37000,-900,500,"bu","14:18:02",2603400
37000,-900,2200,"bu","14:18:02",2602900
37000,-900,100,"bu","14:17:59",2600700
37000,-900,28700,"bu","14:17:54",2600600
37000,-900,1300,"bu","14:17:54",2571900
37000,-900,400,"bu","14:17:43",2570600
37000,-900,100,"bu","14:17:40",2570200
37000,-900,5000,"bu","14:17:30",2570100
36950,-950,2000,"sd","14:17:22",2565100
37000,-900,100,"bu","14:17:17",2563100
37000,-900,100,"bu","14:17:09",2563000
37000,-900,100,"bu","14:16:50",2562900
36950,-950,800,"sd","14:16:49",2562800
36950,-950,2100,"sd","14:16:49",2562000
36950,-950,100,"sd","14:16:49",2559900
36950,-950,100,"sd","14:16:49",2559800
36950,-950,100,"sd","14:16:49",2559700
36950,-950,200,"sd","14:16:49",2559600
36950,-950,100,"sd","14:16:49",2559400
36950,-950,200,"sd","14:16:49",2559300
36950,-950,100,"sd","14:16:49",2559100
37000,-900,800,"bu","14:16:48",2559000
37000,-900,4000,"bu","14:16:40",2558200
37000,-900,100,"bu","14:16:14",2554200
37000,-900,100,"sd","14:16:06",2554100
37000,-900,1000,"sd","14:16:06",2554000
37000,-900,1000,"sd","14:16:06",2553000
37000,-900,100,"sd","14:16:06",2552000
37000,-900,400,"sd","14:16:06",2551900
37000,-900,1000,"sd","14:16:06",2551500
37000,-900,500,"sd","14:16:06",2550500
37000,-900,100,"sd","14:16:06",2550000
37000,-900,1600,"sd","14:16:06",2549900
37000,-900,1000,"sd","14:16:06",2548300
37000,-900,100,"sd","14:16:06",2547300
37000,-900,2000,"sd","14:16:06",2547200
37000,-900,400,"sd","14:16:06",2545200
37000,-900,500,"sd","14:16:06",2544800
37000,-900,100,"sd","14:16:06",2544300
37000,-900,200,"sd","14:16:06",2544200
37050,-850,200,"sd","14:15:08",2544000
37050,-850,600,"sd","14:15:08",2543800
37050,-850,700,"sd","14:15:08",2543200
37050,-850,500,"sd","14:15:02",2542500
37050,-850,200,"sd","14:14:42",2542000
37000,-900,800,"sd","14:14:32",2541800
37000,-900,100,"sd","14:14:32",2541000
37000,-900,1000,"sd","14:14:32",2540900
37000,-900,500,"sd","14:14:32",2539900
37000,-900,1500,"sd","14:14:32",2539400
37000,-900,100,"sd","14:14:32",2537900
37000,-900,100,"sd","14:14:32",2537800
37000,-900,500,"sd","14:14:32",2537700
37000,-900,100,"sd","14:14:32",2537200
37000,-900,400,"sd","14:14:32",2537100
37000,-900,100,"sd","14:14:30",2536700
37000,-900,100,"sd","14:14:30",2536600
37000,-900,300,"sd","14:14:30",2536500
37000,-900,9700,"sd","14:14:23",2536200
37000,-900,300,"sd","14:14:23",2526500
37000,-900,200,"sd","14:14:07",2526200
37000,-900,100,"sd","14:14:07",2526000
37000,-900,200,"sd","14:14:07",2525900
37000,-900,100,"sd","14:13:39",2525700
37050,-850,1000,"sd","14:13:35",2525600
37000,-900,200,"sd","14:13:22",2524600
37000,-900,200,"sd","14:13:22",2524400
37000,-900,1000,"sd","14:13:22",2524200
37000,-900,100,"sd","14:13:22",2523200
37000,-900,100,"sd","14:13:22",2523100
37000,-900,100,"sd","14:13:22",2523000
37000,-900,7900,"sd","14:13:22",2522900
37050,-850,400,"sd","14:13:22",2515000
37050,-850,100,"bu","14:13:20",2514600
37000,-900,100,"sd","14:13:07",2514500
37000,-900,7000,"sd","14:13:05",2514400
37000,-900,14400,"sd","14:13:00",2507400
37050,-850,900,"bu","14:12:57",2493000
37050,-850,100,"bu","14:12:57",2492100
37050,-850,100,"sd","14:12:48",2492000
37050,-850,100,"sd","14:12:48",2491900
37050,-850,900,"sd","14:12:47",2491800
37050,-850,100,"sd","14:12:45",2490900
37050,-850,100,"sd","14:12:45",2490800
37050,-850,1000,"sd","14:12:34",2490700
37050,-850,500,"sd","14:12:34",2489700
37050,-850,500,"sd","14:12:34",2489200
37050,-850,400,"sd","14:12:33",2488700
37050,-850,200,"sd","14:12:29",2488300
37050,-850,2000,"sd","14:12:29",2488100
37050,-850,1900,"sd","14:12:13",2486100
37050,-850,8000,"sd","14:12:13",2484200
37050,-850,100,"sd","14:12:13",2476200
37100,-800,300,"bu","14:12:12",2476100
37100,-800,1700,"bu","14:12:12",2475800
37100,-800,500,"sd","14:12:00",2474100
37100,-800,1000,"sd","14:12:00",2473600
37100,-800,200,"sd","14:12:00",2472600
37100,-800,100,"sd","14:12:00",2472400
37100,-800,1000,"sd","14:12:00",2472300
37100,-800,300,"sd","14:12:00",2471300
37100,-800,900,"sd","14:12:00",2471000
37150,-750,100,"bu","14:11:52",2470100
37150,-750,500,"bu","14:11:52",2470000
37150,-750,500,"bu","14:11:47",2469500
37150,-750,500,"sd","14:11:45",2469000
37150,-750,100,"sd","14:11:45",2468500
37150,-750,4800,"sd","14:11:45",2468400
37200,-700,100,"bu","14:11:36",2463600
37150,-750,200,"sd","14:11:33",2463500
37150,-750,300,"sd","14:11:33",2463300
37150,-750,200,"sd","14:11:33",2463000
37150,-750,100,"sd","14:11:33",2462800
37150,-750,200,"sd","14:11:33",2462700
37200,-700,100,"bu","14:11:32",2462500
37200,-700,100,"sd","14:11:22",2462400
37200,-700,2000,"sd","14:11:22",2462300
37200,-700,600,"sd","14:11:22",2460300
37200,-700,4900,"sd","14:11:22",2459700
37200,-700,300,"sd","14:11:22",2454800
37200,-700,100,"sd","14:11:22",2454500
37200,-700,200,"sd","14:11:22",2454400
37200,-700,500,"sd","14:11:22",2454200
37200,-700,1000,"sd","14:11:22",2453700
37200,-700,1600,"sd","14:11:22",2452700
37200,-700,100,"sd","14:11:22",2451100
37200,-700,100,"sd","14:11:22",2451000
37200,-700,3600,"sd","14:11:22",2450900
37200,-700,1400,"sd","14:11:11",2447300
37200,-700,200,"sd","14:11:11",2445900
37200,-700,100,"sd","14:11:11",2445700
37200,-700,100,"sd","14:11:11",2445600
37200,-700,200,"sd","14:11:11",2445500
37250,-650,700,"bu","14:11:08",2445300
37250,-650,100,"sd","14:10:57",2444600
37250,-650,200,"sd","14:10:57",2444500
37250,-650,600,"sd","14:10:57",2444300
37300,-600,200,"bu","14:10:50",2443700
37300,-600,100,"bu","14:10:46",2443500
37300,-600,500,"bu","14:10:44",2443400
37250,-650,500,"sd","14:10:39",2442900
37250,-650,500,"sd","14:10:39",2442400
37300,-600,4900,"sd","14:10:37",2441900
37350,-550,300,"bu","14:10:29",2437000
37350,-550,100,"bu","14:10:21",2436700
37300,-600,400,"bu","14:10:06",2436600
37300,-600,5000,"bu","14:09:59",2436200
37300,-600,100,"sd","14:09:58",2431200
37300,-600,100,"sd","14:09:58",2431100
37300,-600,500,"sd","14:09:58",2431000
37300,-600,100,"sd","14:09:58",2430500
37300,-600,100,"sd","14:09:58",2430400
37300,-600,300,"sd","14:09:58",2430300
37300,-600,300,"sd","14:09:58",2430000
37300,-600,300,"sd","14:09:58",2429700
37300,-600,100,"sd","14:09:58",2429400
37300,-600,1800,"sd","14:09:58",2429300
37300,-600,6700,"sd","14:09:58",2427500
37350,-550,5000,"bu","14:09:53",2420800
37350,-550,5000,"bu","14:09:49",2415800
37300,-600,4500,"sd","14:09:41",2410800
37300,-600,100,"sd","14:09:03",2406300
37300,-600,200,"bu","14:08:44",2406200
37300,-600,100,"bu","14:08:44",2406000
37300,-600,2800,"bu","14:08:44",2405900
37300,-600,100,"bu","14:08:44",2403100
37300,-600,500,"bu","14:08:44",2403000
37300,-600,9200,"bu","14:08:44",2402500
37300,-600,2800,"bu","14:08:44",2393300
37250,-650,200,"bu","14:08:44",2390500
37250,-650,500,"bu","14:08:44",2390300
37250,-650,100,"bu","14:08:44",2389800
37250,-650,7200,"bu","14:08:44",2389700
37200,-700,100,"sd","14:08:31",2382500
37200,-700,200,"sd","14:08:18",2382400
37250,-650,1500,"bu","14:08:17",2382200
37250,-650,500,"bu","14:08:14",2380700
37250,-650,100,"bu","14:08:08",2380200
37200,-700,500,"bu","14:07:51",2380100
37200,-700,1200,"bu","14:07:50",2379600
37200,-700,3800,"bu","14:07:50",2378400
37200,-700,300,"bu","14:07:46",2374600
37200,-700,1100,"bu","14:07:45",2374300
37200,-700,500,"bu","14:07:41",2373200
37200,-700,100,"sd","14:07:40",2372700
37200,-700,1000,"sd","14:07:40",2372600
37200,-700,1000,"sd","14:07:40",2371600
37200,-700,200,"sd","14:07:40",2370600
37200,-700,300,"sd","14:07:40",2370400
37200,-700,1000,"sd","14:07:40",2370100
37200,-700,100,"sd","14:07:40",2369100
37200,-700,500,"sd","14:07:40",2369000
37200,-700,100,"sd","14:07:40",2368500
37250,-650,700,"bu","14:07:33",2368400
37250,-650,300,"bu","14:07:33",2367700
37250,-650,200,"bu","14:07:26",2367400
37250,-650,1000,"bu","14:07:24",2367200
37250,-650,3900,"bu","14:07:20",2366200
37250,-650,2000,"bu","14:07:12",2362300
37250,-650,2000,"bu","14:06:53",2360300
37250,-650,500,"bu","14:06:52",2358300
37250,-650,100,"bu","14:06:47",2357800
37250,-650,100,"bu","14:06:43",2357700
37250,-650,100,"bu","14:06:43",2357600
37250,-650,200,"bu","14:06:24",2357500
37250,-650,100,"bu","14:06:24",2357300
37200,-700,100,"bu","14:06:03",2357200
37200,-700,400,"bu","14:06:03",2357100
37200,-700,500,"bu","14:06:02",2356700
37200,-700,100,"bu","14:06:01",2356200
37200,-700,100,"bu","14:05:59",2356100
37200,-700,300,"bu","14:05:56",2356000
37200,-700,100,"bu","14:05:53",2355700
37200,-700,100,"bu","14:05:48",2355600
37200,-700,300,"bu","14:05:46",2355500
37200,-700,100,"bu","14:05:45",2355200
37200,-700,500,"bu","14:05:45",2355100
37200,-700,500,"bu","14:05:45",2354600
37200,-700,1000,"bu","14:05:41",2354100
37200,-700,1000,"bu","14:05:41",2353100
37200,-700,100,"bu","14:05:35",2352100
37200,-700,8900,"bu","14:05:11",2352000
37200,-700,1000,"bu","14:05:11",2343100
37200,-700,100,"bu","14:05:11",2342100
37100,-800,100,"bu","14:04:55",2342000
37100,-800,2000,"bu","14:04:29",2341900
37100,-800,500,"bu","14:04:28",2339900
37100,-800,1000,"bu","14:04:25",2339400
37100,-800,500,"sd","14:04:15",2338400
37100,-800,100,"sd","14:04:15",2337900
37100,-800,1000,"sd","14:04:15",2337800
37100,-800,100,"sd","14:04:15",2336800
37100,-800,100,"sd","14:04:15",2336700
37150,-750,800,"sd","14:04:15",2336600
37150,-750,500,"sd","14:04:15",2335800
37150,-750,1000,"sd","14:04:15",2335300
37150,-750,200,"sd","14:04:15",2334300
37150,-750,400,"sd","14:04:15",2334100
37150,-750,500,"sd","14:04:15",2333700
37150,-750,200,"sd","14:04:15",2333200
37150,-750,1000,"sd","14:04:15",2333000
37150,-750,1000,"sd","14:03:52",2332000
37150,-750,200,"sd","14:03:35",2331000
37150,-750,200,"bu","14:03:30",2330800
37150,-750,1400,"bu","14:03:26",2330600
37150,-750,1300,"bu","14:03:23",2329200
37150,-750,1200,"bu","14:03:22",2327900
37150,-750,500,"bu","14:03:21",2326700
37150,-750,100,"bu","14:03:19",2326200
37150,-750,300,"bu","14:03:13",2326100
37150,-750,100,"bu","14:03:13",2325800
37150,-750,100,"bu","14:03:13",2325700
37150,-750,1500,"bu","14:03:13",2325600
37150,-750,100,"bu","14:03:09",2324100
37150,-750,1000,"bu","14:03:07",2324000
37150,-750,1400,"bu","14:03:06",2323000
37150,-750,5000,"bu","14:03:02",2321600
37150,-750,1000,"bu","14:02:54",2316600
37150,-750,1000,"bu","14:02:54",2315600
37150,-750,200,"bu","14:02:44",2314600
37150,-750,100,"bu","14:02:43",2314400
37150,-750,1700,"bu","14:02:38",2314300
37150,-750,100,"bu","14:02:36",2312600
37100,-800,1000,"sd","14:02:30",2312500
37150,-750,300,"bu","14:02:29",2311500
37150,-750,500,"bu","14:02:28",2311200
37150,-750,1000,"bu","14:02:27",2310700
37150,-750,300,"bu","14:02:24",2309700
37150,-750,500,"bu","14:01:48",2309400
37150,-750,100,"bu","14:01:45",2308900
37150,-750,500,"bu","14:01:38",2308800
37150,-750,400,"bu","14:01:36",2308300
37150,-750,600,"bu","14:01:27",2307900
37150,-750,500,"bu","14:01:11",2307300
37150,-750,2200,"bu","14:00:52",2306800
37100,-800,300,"bu","14:00:52",2304600
37100,-800,300,"bu","14:00:51",2304300
37100,-800,200,"bu","14:00:51",2304000
37100,-800,100,"bu","14:00:50",2303800
37100,-800,1900,"bu","14:00:48",2303700
37100,-800,100,"bu","14:00:48",2301800
37100,-800,200,"bu","14:00:40",2301700
37100,-800,3900,"bu","14:00:40",2301500
37100,-800,100,"bu","14:00:40",2297600
37100,-800,200,"bu","14:00:39",2297500
37050,-850,100,"sd","14:00:25",2297300
37100,-800,100,"bu","14:00:17",2297200
37100,-800,100,"bu","14:00:05",2297100
37050,-850,900,"bu","13:58:59",2297000
37050,-850,1000,"bu","13:58:53",2296100
37050,-850,100,"sd","13:58:44",2295100
37050,-850,200,"sd","13:58:44",2295000
37050,-850,2000,"sd","13:58:44",2294800
37050,-850,300,"sd","13:58:44",2292800
37050,-850,200,"sd","13:58:44",2292500
37050,-850,300,"sd","13:58:44",2292300
37050,-850,200,"sd","13:58:30",2292000
37050,-850,9800,"sd","13:58:30",2291800
37100,-800,100,"bu","13:58:14",2282000
37050,-850,200,"sd","13:58:11",2281900
37100,-800,200,"bu","13:58:01",2281700
37100,-800,100,"bu","13:57:52",2281500
37100,-800,100,"bu","13:57:45",2281400
37100,-800,200,"bu","13:57:38",2281300
37100,-800,100,"sd","13:57:35",2281100
37100,-800,200,"sd","13:57:32",2281000
37100,-800,600,"bu","13:57:32",2280800
37100,-800,2400,"bu","13:57:22",2280200
37100,-800,100,"bu","13:57:22",2277800
37100,-800,700,"bu","13:57:22",2277700
37100,-800,5300,"bu","13:57:22",2277000
37100,-800,200,"bu","13:57:22",2271700
37100,-800,1000,"bu","13:57:22",2271500
37100,-800,300,"bu","13:57:22",2270500
37050,-850,100,"bu","13:57:10",2270200
37000,-900,100,"sd","13:56:56",2270100
37000,-900,400,"bu","13:56:48",2270000
37000,-900,100,"bu","13:56:48",2269600
37000,-900,200,"bu","13:56:47",2269500
37000,-900,100,"bu","13:56:43",2269300
37000,-900,100,"bu","13:56:40",2269200
37000,-900,200,"bu","13:56:33",2269100
37000,-900,500,"bu","13:56:33",2268900
37000,-900,100,"bu","13:56:30",2268400
37000,-900,100,"bu","13:56:23",2268300
37000,-900,200,"bu","13:56:10",2268200
36950,-950,900,"bu","13:55:22",2268000
36950,-950,100,"bu","13:55:16",2267100
36950,-950,500,"bu","13:55:13",2267000
36950,-950,3000,"bu","13:55:11",2266500
36950,-950,200,"sd","13:55:10",2263500
36950,-950,1300,"sd","13:55:10",2263300
36950,-950,700,"bu","13:55:08",2262000
36950,-950,100,"sd","13:55:05",2261300
36950,-950,800,"sd","13:55:05",2261200
36950,-950,400,"sd","13:55:05",2260400
36950,-950,1600,"sd","13:54:48",2260000
36950,-950,100,"sd","13:54:48",2258400
36950,-950,100,"sd","13:54:48",2258300
36950,-950,100,"sd","13:54:48",2258200
36950,-950,300,"sd","13:54:48",2258100
36950,-950,800,"sd","13:54:48",2257800
36950,-950,500,"sd","13:54:38",2257000
36950,-950,100,"sd","13:54:28",2256500
37000,-900,100,"bu","13:54:21",2256400
37000,-900,100,"bu","13:54:21",2256300
36950,-950,200,"sd","13:54:10",2256200
36950,-950,400,"bu","13:54:00",2256000
36950,-950,100,"bu","13:53:58",2255600
36950,-950,200,"bu","13:53:44",2255500
36900,-1000,200,"sd","13:53:22",2255300
36900,-1000,100,"sd","13:52:43",2255100
36900,-1000,1000,"sd","13:52:33",2255000
36900,-1000,2000,"sd","13:52:17",2254000
36900,-1000,300,"bu","13:51:51",2252000
36900,-1000,2000,"bu","13:51:51",2251700
36900,-1000,400,"bu","13:51:51",2249700
36900,-1000,100,"bu","13:51:50",2249300
36900,-1000,700,"bu","13:51:50",2249200
36900,-1000,200,"bu","13:51:50",2248500
36900,-1000,100,"bu","13:51:45",2248300
36900,-1000,1000,"bu","13:51:37",2248200
36900,-1000,100,"bu","13:51:31",2247200
36900,-1000,1000,"bu","13:51:25",2247100
36900,-1000,500,"bu","13:51:22",2246100
36900,-1000,200,"bu","13:51:12",2245600
36900,-1000,200,"bu","13:51:00",2245400
36900,-1000,200,"bu","13:50:53",2245200
36850,-1050,300,"sd","13:50:53",2245000
36900,-1000,1000,"bu","13:50:42",2244700
36900,-1000,100,"bu","13:50:31",2243700
36850,-1050,300,"sd","13:50:11",2243600
36850,-1050,200,"sd","13:50:11",2243300
36850,-1050,100,"sd","13:50:11",2243100
36900,-1000,500,"bu","13:50:07",2243000
36850,-1050,100,"sd","13:50:03",2242500
36850,-1050,100,"sd","13:50:03",2242400
36850,-1050,100,"sd","13:50:03",2242300
36850,-1050,200,"sd","13:50:03",2242200
36900,-1000,100,"bu","13:49:53",2242000
36900,-1000,100,"bu","13:49:50",2241900
36900,-1000,100,"bu","13:49:49",2241800
36900,-1000,1000,"bu","13:49:44",2241700
36900,-1000,1000,"bu","13:49:43",2240700
36900,-1000,100,"bu","13:49:27",2239700
36900,-1000,200,"bu","13:49:13",2239600
36900,-1000,100,"sd","13:49:13",2239400
36900,-1000,100,"sd","13:49:13",2239300
36900,-1000,1000,"sd","13:49:13",2239200
36900,-1000,100,"sd","13:49:13",2238200
36900,-1000,200,"sd","13:49:01",2238100
36900,-1000,100,"sd","13:49:01",2237900
36900,-1000,5000,"sd","13:49:00",2237800
36900,-1000,100,"sd","13:49:00",2232800
36900,-1000,200,"sd","13:49:00",2232700
36900,-1000,100,"sd","13:48:59",2232500
36900,-1000,500,"sd","13:48:59",2232400
36900,-1000,500,"sd","13:48:59",2231900
36900,-1000,200,"sd","13:48:59",2231400
36900,-1000,200,"sd","13:48:59",2231200
36900,-1000,100,"sd","13:48:59",2231000
36900,-1000,100,"sd","13:48:59",2230900
36900,-1000,100,"sd","13:48:59",2230800
36900,-1000,500,"sd","13:48:59",2230700
36900,-1000,100,"sd","13:48:59",2230200
36900,-1000,200,"sd","13:48:58",2230100
36900,-1000,200,"sd","13:48:58",2229900
36900,-1000,1000,"sd","13:48:58",2229700
36900,-1000,100,"sd","13:48:58",2228700
36900,-1000,200,"sd","13:48:58",2228600
36900,-1000,700,"sd","13:48:58",2228400
36900,-1000,200,"sd","13:48:58",2227700
36900,-1000,100,"sd","13:48:58",2227500
36900,-1000,200,"sd","13:48:58",2227400
36900,-1000,100,"sd","13:48:58",2227200
36900,-1000,300,"sd","13:48:50",2227100
36900,-1000,100,"sd","13:48:44",2226800
36900,-1000,200,"sd","13:48:44",2226700
36900,-1000,100,"sd","13:48:44",2226500
36900,-1000,100,"sd","13:48:44",2226400
36900,-1000,100,"sd","13:48:34",2226300
36900,-1000,100,"sd","13:48:30",2226200
36900,-1000,200,"sd","13:48:21",2226100
36900,-1000,200,"sd","13:48:21",2225900
36900,-1000,300,"sd","13:48:21",2225700
36950,-950,100,"bu","13:48:11",2225400
36950,-950,1000,"bu","13:48:09",2225300
36950,-950,200,"bu","13:47:59",2224300
36900,-1000,200,"sd","13:47:58",2224100
36950,-950,200,"sd","13:47:55",2223900
36950,-950,1500,"sd","13:47:55",2223700
37000,-900,200,"bu","13:47:54",2222200
36950,-950,200,"sd","13:47:54",2222000
36950,-950,100,"sd","13:47:54",2221800
36950,-950,500,"sd","13:47:54",2221700
36950,-950,1200,"sd","13:47:54",2221200
37000,-900,2000,"bu","13:47:44",2220000
36950,-950,1000,"sd","13:47:26",2218000
37000,-900,100,"bu","13:47:24",2217000
37000,-900,200,"bu","13:47:23",2216900
37000,-900,500,"bu","13:47:19",2216700
37000,-900,1300,"bu","13:47:19",2216200
37000,-900,500,"sd","13:47:09",2214900
37000,-900,300,"sd","13:47:09",2214400
37000,-900,500,"sd","13:47:09",2214100
37000,-900,500,"sd","13:47:09",2213600
37000,-900,1000,"sd","13:47:09",2213100
37000,-900,100,"sd","13:47:09",2212100
37000,-900,500,"sd","13:47:09",2212000
37000,-900,10000,"sd","13:47:09",2211500
37000,-900,500,"sd","13:47:09",2201500
37000,-900,500,"sd","13:47:09",2201000
37000,-900,4000,"sd","13:47:09",2200500
37000,-900,1000,"sd","13:47:09",2196500
37000,-900,800,"sd","13:47:09",2195500
37000,-900,200,"sd","13:47:04",2194700
37000,-900,2000,"sd","13:47:04",2194500
37000,-900,100,"sd","13:47:04",2192500
37000,-900,2000,"sd","13:47:04",2192400
37000,-900,200,"sd","13:47:04",2190400
37000,-900,100,"sd","13:47:04",2190200
37000,-900,500,"sd","13:47:04",2190100
37000,-900,100,"sd","13:47:04",2189600
37000,-900,1000,"sd","13:47:04",2189500
37000,-900,100,"sd","13:47:04",2188500
37000,-900,1000,"sd","13:47:04",2188400
37000,-900,500,"sd","13:47:04",2187400
37000,-900,400,"sd","13:47:04",2186900
37000,-900,200,"sd","13:47:04",2186500
37000,-900,500,"sd","13:47:04",2186300
37000,-900,100,"sd","13:47:04",2185800
37000,-900,500,"sd","13:47:04",2185700
37000,-900,100,"sd","13:47:04",2185200
37000,-900,300,"sd","13:47:04",2185100
37000,-900,100,"sd","13:47:04",2184800
37000,-900,500,"sd","13:46:59",2184700
37000,-900,100,"sd","13:46:55",2184200
37050,-850,700,"sd","13:46:43",2184100
37000,-900,100,"sd","13:46:43",2183400
37000,-900,18200,"sd","13:46:43",2183300
37050,-850,1000,"sd","13:46:43",2165100
37050,-850,1000,"sd","13:46:40",2164100
37050,-850,300,"sd","13:46:22",2163100
37050,-850,6000,"sd","13:46:11",2162800
37050,-850,1000,"bu","13:46:08",2156800
37050,-850,1000,"bu","13:46:08",2155800
37000,-900,1000,"sd","13:46:04",2154800
37050,-850,700,"bu","13:45:50",2153800
37050,-850,800,"bu","13:45:50",2153100
37050,-850,8500,"bu","13:45:50",2152300
37050,-850,1000,"bu","13:45:46",2143800
37000,-900,1000,"sd","13:45:43",2142800
37000,-900,8700,"sd","13:45:26",2141800
37000,-900,200,"sd","13:45:19",2133100
37050,-850,100,"bu","13:44:49",2132900
37050,-850,200,"sd","13:44:42",2132800
37050,-850,200,"sd","13:44:42",2132600
37050,-850,300,"sd","13:44:33",2132400
37050,-850,1700,"sd","13:44:33",2132100
37050,-850,200,"sd","13:44:33",2130400
37050,-850,500,"sd","13:44:28",2130200
37050,-850,500,"sd","13:44:17",2129700
37050,-850,300,"sd","13:44:13",2129200
37100,-800,2000,"bu","13:44:11",2128900
37050,-850,1100,"sd","13:44:11",2126900
37050,-850,10000,"sd","13:44:05",2125800
37050,-850,3000,"bu","13:44:02",2115800
37050,-850,200,"bu","13:44:02",2112800
37050,-850,500,"bu","13:44:02",2112600
37050,-850,2000,"bu","13:44:02",2112100
37050,-850,200,"sd","13:43:35",2110100
37050,-850,2000,"sd","13:43:35",2109900
37050,-850,3000,"sd","13:43:35",2107900
37050,-850,5000,"sd","13:43:35",2104900
37050,-850,100,"sd","13:43:35",2099900
37050,-850,10200,"sd","13:43:35",2099800
37050,-850,300,"sd","13:43:15",2089600
37050,-850,1000,"sd","13:43:03",2089300
37050,-850,800,"sd","13:42:58",2088300
37050,-850,700,"sd","13:42:57",2087500
37050,-850,2000,"sd","13:42:54",2086800
37050,-850,5000,"sd","13:42:45",2084800
37050,-850,100,"sd","13:42:42",2079800
37100,-800,200,"bu","13:42:36",2079700
37100,-800,1000,"sd","13:42:01",2079500
37100,-800,2000,"sd","13:42:01",2078500
37100,-800,14400,"sd","13:42:01",2076500
37100,-800,500,"sd","13:41:58",2062100
37100,-800,500,"sd","13:41:38",2061600
37100,-800,100,"sd","13:41:33",2061100
37100,-800,100,"sd","13:41:29",2061000
37100,-800,4400,"bu","13:41:26",2060900
37100,-800,100,"bu","13:41:20",2056500
37100,-800,5000,"bu","13:41:18",2056400
37100,-800,100,"bu","13:41:16",2051400
37100,-800,200,"bu","13:41:00",2051300
37100,-800,200,"bu","13:40:55",2051100
37100,-800,1400,"sd","13:40:49",2050900
37100,-800,5000,"sd","13:40:32",2049500
37100,-800,3600,"sd","13:40:19",2044500
37100,-800,2300,"bu","13:39:58",2040900
37100,-800,7700,"bu","13:39:58",2038600
37050,-850,9900,"sd","13:39:40",2030900
37050,-850,100,"sd","13:39:40",2021000
37100,-800,1000,"bu","13:39:34",2020900
37050,-850,200,"sd","13:39:26",2019900
37050,-850,100,"sd","13:39:26",2019700
37100,-800,2000,"bu","13:39:19",2019600
37050,-850,500,"sd","13:39:17",2017600
37100,-800,8000,"bu","13:39:09",2017100
37050,-850,200,"sd","13:39:00",2009100
37050,-850,600,"sd","13:39:00",2008900
37050,-850,1000,"sd","13:38:59",2008300
37100,-800,100,"sd","13:38:50",2007300
37100,-800,4000,"sd","13:38:42",2007200
37100,-800,1000,"bu","13:38:40",2003200
37100,-800,1000,"bu","13:38:38",2002200
37100,-800,200,"sd","13:38:35",2001200
37100,-800,500,"sd","13:38:35",2001000
37100,-800,200,"sd","13:38:35",2000500
37100,-800,300,"sd","13:38:35",2000300
37100,-800,500,"sd","13:38:35",2000000
37100,-800,1500,"sd","13:38:35",1999500
37100,-800,300,"sd","13:38:16",1998000
37100,-800,100,"sd","13:38:13",1997700
37100,-800,500,"sd","13:38:13",1997600
37100,-800,500,"sd","13:37:44",1997100
37100,-800,300,"sd","13:37:40",1996600
37100,-800,200,"bu","13:37:36",1996300
37100,-800,100,"bu","13:37:33",1996100
37100,-800,500,"bu","13:37:23",1996000
37100,-800,2000,"bu","13:37:17",1995500
37100,-800,900,"sd","13:37:06",1993500
37100,-800,300,"sd","13:37:06",1992600
37100,-800,1000,"sd","13:37:06",1992300
37150,-750,300,"bu","13:36:59",1991300
37100,-800,400,"bu","13:36:41",1991000
37100,-800,600,"bu","13:36:41",1990600
37100,-800,200,"bu","13:36:41",1990000
37100,-800,200,"bu","13:36:34",1989800
37100,-800,100,"bu","13:36:34",1989600
37000,-900,500,"sd","13:36:32",1989500
37000,-900,400,"bu","13:36:31",1989000
37000,-900,200,"sd","13:36:27",1988600
37000,-900,500,"sd","13:36:27",1988400
37000,-900,500,"sd","13:36:27",1987900
37000,-900,1000,"sd","13:36:27",1987400
37000,-900,200,"sd","13:36:27",1986400
37000,-900,500,"sd","13:36:27",1986200
37000,-900,400,"sd","13:36:27",1985700
37000,-900,100,"sd","13:36:27",1985300
37000,-900,500,"sd","13:36:27",1985200
37000,-900,700,"sd","13:36:27",1984700
37000,-900,700,"bu","13:36:06",1984000
37000,-900,600,"bu","13:36:06",1983300
37000,-900,100,"bu","13:36:06",1982700
36950,-950,800,"sd","13:36:05",1982600
36950,-950,1000,"sd","13:36:05",1981800
36950,-950,300,"sd","13:36:05",1980800
36950,-950,500,"sd","13:36:05",1980500
36950,-950,2000,"sd","13:36:05",1980000
36950,-950,100,"sd","13:36:05",1978000
36950,-950,200,"sd","13:36:05",1977900
36950,-950,500,"sd","13:36:05",1977700
36950,-950,1000,"sd","13:36:05",1977200
36950,-950,400,"sd","13:36:05",1976200
36950,-950,1000,"sd","13:36:05",1975800
36950,-950,1000,"sd","13:36:05",1974800
36950,-950,1000,"sd","13:36:05",1973800
36950,-950,200,"sd","13:36:05",1972800
37000,-900,200,"bu","13:36:04",1972600
37000,-900,100,"bu","13:36:00",1972400
37000,-900,300,"bu","13:35:58",1972300
37000,-900,600,"bu","13:35:54",1972000
37000,-900,600,"bu","13:35:48",1971400
37000,-900,100,"sd","13:35:46",1970800
37000,-900,300,"sd","13:35:46",1970700
37000,-900,200,"sd","13:35:46",1970400
37000,-900,100,"sd","13:35:46",1970200
37000,-900,400,"sd","13:35:36",1970100
37000,-900,200,"bu","13:35:31",1969700
37000,-900,700,"bu","13:35:31",1969500
37000,-900,100,"bu","13:35:31",1968800
37000,-900,800,"bu","13:35:27",1968700
37000,-900,7100,"bu","13:35:22",1967900
37000,-900,2000,"bu","13:35:22",1960800
37000,-900,3000,"bu","13:35:22",1958800
37000,-900,2900,"bu","13:35:22",1955800
36950,-950,2800,"sd","13:35:19",1952900
37000,-900,600,"bu","13:35:12",1950100
37000,-900,100,"bu","13:35:06",1949500
37000,-900,5000,"bu","13:35:03",1949400
36950,-950,200,"bu","13:35:02",1944400
36950,-950,100,"bu","13:35:00",1944200
36950,-950,500,"sd","13:34:56",1944100
36950,-950,200,"sd","13:34:56",1943600
36950,-950,1000,"sd","13:34:56",1943400
36950,-950,100,"sd","13:34:56",1942400
36950,-950,1000,"sd","13:34:56",1942300
37000,-900,100,"bu","13:34:56",1941300
37000,-900,1200,"bu","13:34:50",1941200
37000,-900,100,"bu","13:34:35",1940000
36950,-950,4000,"sd","13:34:29",1939900
36950,-950,1000,"bu","13:34:28",1935900
36950,-950,1000,"bu","13:34:28",1934900
36950,-950,4000,"bu","13:34:20",1933900
36900,-1000,300,"bu","13:33:51",1929900
36900,-1000,1000,"bu","13:33:51",1929600
36900,-1000,200,"bu","13:33:51",1928600
36900,-1000,1500,"bu","13:33:48",1928400
36900,-1000,100,"bu","13:33:45",1926900
36900,-1000,200,"bu","13:33:43",1926800
36900,-1000,300,"bu","13:33:40",1926600
36900,-1000,100,"bu","13:33:40",1926300
36900,-1000,300,"bu","13:33:35",1926200
36900,-1000,2300,"bu","13:33:18",1925900
36900,-1000,4900,"bu","13:33:18",1923600
36900,-1000,400,"bu","13:33:18",1918700
36900,-1000,2000,"bu","13:33:18",1918300
36900,-1000,400,"bu","13:33:18",1916300
36900,-1000,100,"bu","13:33:11",1915900
36900,-1000,100,"bu","13:33:11",1915800
36800,-1100,100,"sd","13:33:08",1915700
36800,-1100,2000,"sd","13:33:08",1915600
36800,-1100,100,"sd","13:33:08",1913600
36800,-1100,400,"sd","13:33:08",1913500
36800,-1100,200,"sd","13:33:08",1913100
36800,-1100,100,"sd","13:33:08",1912900
36800,-1100,1000,"sd","13:33:08",1912800
36800,-1100,100,"sd","13:33:08",1911800
36800,-1100,100,"sd","13:33:08",1911700
36850,-1050,900,"sd","13:33:07",1911600
36850,-1050,100,"bu","13:33:05",1910700
36850,-1050,400,"bu","13:33:02",1910600
36850,-1050,100,"bu","13:33:02",1910200
36850,-1050,500,"bu","13:33:00",1910100
36800,-1100,500,"sd","13:32:58",1909600
36850,-1050,200,"bu","13:32:55",1909100
36850,-1050,500,"bu","13:32:43",1908900
36850,-1050,200,"bu","13:32:42",1908400
36800,-1100,400,"sd","13:32:41",1908200
36850,-1050,100,"bu","13:32:41",1907800
36850,-1050,400,"bu","13:32:41",1907700
36850,-1050,600,"bu","13:32:41",1907300
36850,-1050,100,"bu","13:32:36",1906700
36850,-1050,100,"bu","13:32:36",1906600
36800,-1100,4000,"sd","13:32:33",1906500
36800,-1100,200,"sd","13:32:33",1902500
36800,-1100,500,"sd","13:32:33",1902300
36800,-1100,2000,"sd","13:32:33",1901800
36800,-1100,1300,"sd","13:32:33",1899800
36800,-1100,1200,"sd","13:32:32",1898500
36850,-1050,100,"bu","13:32:22",1897300
36800,-1100,2500,"sd","13:32:14",1897200
36800,-1100,100,"sd","13:32:14",1894700
36800,-1100,500,"sd","13:32:14",1894600
36800,-1100,200,"sd","13:32:14",1894100
36850,-1050,100,"unknown","13:32:14",1893900
36900,-1000,100,"bu","13:32:12",1893800
36800,-1100,100,"sd","13:32:11",1893700
36800,-1100,100,"sd","13:32:04",1893600
36800,-1100,100,"sd","13:32:04",1893500
36800,-1100,100,"sd","13:32:04",1893400
36800,-1100,200,"sd","13:32:04",1893300
36800,-1100,200,"sd","13:32:00",1893100
36800,-1100,400,"sd","13:31:59",1892900
36800,-1100,600,"sd","13:31:59",1892500
36800,-1100,100,"sd","13:31:59",1891900
36800,-1100,1000,"sd","13:31:59",1891800
36800,-1100,600,"sd","13:31:59",1890800
36800,-1100,200,"sd","13:31:58",1890200
36800,-1100,1000,"sd","13:31:58",1890000
36800,-1100,100,"sd","13:31:58",1889000
36800,-1100,500,"sd","13:31:58",1888900
36800,-1100,100,"sd","13:31:58",1888400
36800,-1100,100,"sd","13:31:58",1888300
36800,-1100,100,"sd","13:31:58",1888200
36800,-1100,100,"sd","13:31:58",1888100
36850,-1050,200,"sd","13:31:58",1888000
36850,-1050,500,"sd","13:31:58",1887800
36850,-1050,100,"sd","13:31:58",1887300
36850,-1050,2000,"sd","13:31:58",1887200
36850,-1050,900,"sd","13:31:58",1885200
36850,-1050,100,"sd","13:31:55",1884300
36850,-1050,100,"sd","13:31:55",1884200
36850,-1050,100,"sd","13:31:55",1884100
36900,-1000,100,"bu","13:31:54",1884000
36850,-1050,400,"sd","13:31:52",1883900
36900,-1000,100,"bu","13:31:40",1883500
36850,-1050,600,"sd","13:31:37",1883400
36900,-1000,200,"bu","13:31:26",1882800
36900,-1000,400,"bu","13:31:24",1882600
36850,-1050,3900,"sd","13:31:23",1882200
36850,-1050,500,"sd","13:31:23",1878300
36850,-1050,600,"sd","13:31:23",1877800
36900,-1000,200,"bu","13:31:21",1877200
36900,-1000,200,"sd","13:31:16",1877000
36900,-1000,300,"sd","13:31:16",1876800
36900,-1000,200,"sd","13:31:16",1876500
36900,-1000,200,"sd","13:31:16",1876300
36900,-1000,300,"sd","13:31:16",1876100
36900,-1000,200,"sd","13:31:15",1875800
36900,-1000,200,"sd","13:31:11",1875600
36900,-1000,300,"sd","13:30:54",1875400
36900,-1000,100,"sd","13:30:54",1875100
36900,-1000,400,"sd","13:30:54",1875000
36900,-1000,200,"sd","13:30:49",1874600
36900,-1000,1300,"sd","13:30:40",1874400
37000,-900,100,"bu","13:30:35",1873100
36900,-1000,300,"sd","13:30:32",1873000
36900,-1000,800,"sd","13:30:22",1872700
36900,-1000,100,"sd","13:30:22",1871900
37000,-900,100,"bu","13:29:58",1871800
37000,-900,200,"bu","13:29:55",1871700
37000,-900,11600,"sd","13:29:51",1871500
37000,-900,800,"sd","13:29:50",1859900
37000,-900,1000,"sd","13:29:47",1859100
37000,-900,300,"sd","13:29:45",1858100
37000,-900,100,"sd","13:29:42",1857800
37000,-900,100,"sd","13:29:41",1857700
37000,-900,3000,"sd","13:29:40",1857600
37000,-900,1000,"sd","13:29:36",1854600
37000,-900,500,"sd","13:29:35",1853600
37000,-900,200,"bu","13:29:35",1853100
37000,-900,1000,"bu","13:29:35",1852900
37000,-900,1500,"bu","13:29:35",1851900
37000,-900,1000,"bu","13:29:35",1850400
37000,-900,500,"bu","13:29:35",1849400
37000,-900,5000,"bu","13:29:34",1848900
36950,-950,10000,"bu","13:29:34",1843900
36950,-950,1000,"bu","13:29:34",1833900
36900,-1000,300,"bu","13:29:34",1832900
36900,-1000,300,"bu","13:29:34",1832600
36900,-1000,7000,"bu","13:29:34",1832300
36900,-1000,3800,"bu","13:29:34",1825300
36850,-1050,400,"sd","13:29:34",1821500
36850,-1050,100,"sd","13:29:34",1821100
36850,-1050,300,"sd","13:29:34",1821000
36850,-1050,700,"sd","13:29:29",1820700
36850,-1050,200,"sd","13:29:29",1820000
36850,-1050,100,"sd","13:29:29",1819800
36900,-1000,100,"bu","13:29:26",1819700
36900,-1000,1000,"sd","13:29:25",1819600
36900,-1000,500,"sd","13:29:25",1818600
36900,-1000,2800,"sd","13:29:25",1818100
36900,-1000,500,"sd","13:29:25",1815300
36900,-1000,300,"sd","13:29:25",1814800
36900,-1000,100,"sd","13:29:24",1814500
36900,-1000,100,"sd","13:29:24",1814400
36900,-1000,100,"sd","13:29:24",1814300
36900,-1000,500,"sd","13:29:24",1814200
36900,-1000,100,"sd","13:29:24",1813700
36900,-1000,100,"sd","13:29:24",1813600
36900,-1000,500,"sd","13:29:24",1813500
36900,-1000,200,"sd","13:29:24",1813000
36900,-1000,500,"sd","13:29:24",1812800
36900,-1000,5000,"sd","13:29:24",1812300
36900,-1000,1000,"sd","13:29:24",1807300
36900,-1000,1000,"sd","13:29:24",1806300
36900,-1000,600,"sd","13:29:22",1805300
36900,-1000,1000,"sd","13:29:21",1804700
36900,-1000,400,"sd","13:29:20",1803700
36900,-1000,100,"sd","13:29:20",1803300
36900,-1000,100,"sd","13:29:18",1803200
36900,-1000,1000,"sd","13:29:18",1803100
36900,-1000,100,"sd","13:29:18",1802100
36900,-1000,300,"sd","13:29:18",1802000
36900,-1000,500,"sd","13:29:17",1801700
36900,-1000,500,"sd","13:29:14",1801200
36900,-1000,100,"sd","13:29:14",1800700
36900,-1000,100,"sd","13:29:14",1800600
36900,-1000,100,"sd","13:29:14",1800500
36900,-1000,100,"sd","13:29:14",1800400
36900,-1000,100,"sd","13:29:14",1800300
36900,-1000,4500,"sd","13:29:14",1800200
36900,-1000,500,"sd","13:29:14",1795700
36900,-1000,700,"sd","13:29:11",1795200
36900,-1000,100,"sd","13:29:11",1794500
36900,-1000,400,"sd","13:29:11",1794400
36900,-1000,300,"sd","13:29:07",1794000
36900,-1000,200,"sd","13:29:04",1793700
36900,-1000,100,"sd","13:29:03",1793500
36900,-1000,100,"sd","13:29:03",1793400
36950,-950,100,"sd","13:28:59",1793300
36950,-950,100,"sd","13:28:59",1793200
36950,-950,200,"sd","13:28:59",1793100
36950,-950,300,"sd","13:28:59",1792900
36950,-950,200,"sd","13:28:59",1792600
36950,-950,900,"sd","13:28:59",1792400
36950,-950,800,"sd","13:28:59",1791500
36950,-950,500,"sd","13:28:55",1790700
36950,-950,100,"sd","13:28:55",1790200
36950,-950,500,"sd","13:28:54",1790100
36950,-950,100,"sd","13:28:54",1789600
36950,-950,100,"sd","13:28:54",1789500
36950,-950,100,"sd","13:28:54",1789400
36950,-950,3200,"sd","13:28:54",1789300
36950,-950,1800,"sd","13:28:45",1786100
36950,-950,100,"sd","13:28:45",1784300
36950,-950,100,"sd","13:28:45",1784200
37000,-900,2500,"sd","13:28:44",1784100
37000,-900,100,"sd","13:28:44",1781600
37000,-900,100,"sd","13:28:44",1781500
37000,-900,100,"sd","13:28:44",1781400
37000,-900,200,"sd","13:28:44",1781300
37000,-900,100,"sd","13:28:44",1781100
37000,-900,100,"sd","13:28:44",1781000
37000,-900,100,"sd","13:28:44",1780900
37000,-900,100,"sd","13:28:44",1780800
37000,-900,500,"sd","13:28:44",1780700
37000,-900,100,"sd","13:28:44",1780200
37000,-900,100,"sd","13:28:44",1780100
37000,-900,1200,"sd","13:28:44",1780000
37000,-900,100,"sd","13:28:44",1778800
37000,-900,200,"sd","13:28:44",1778700
37000,-900,1000,"sd","13:28:44",1778500
37000,-900,500,"sd","13:28:44",1777500
37000,-900,100,"sd","13:28:44",1777000
37000,-900,100,"sd","13:28:44",1776900
37000,-900,100,"sd","13:28:44",1776800
37000,-900,2600,"sd","13:28:44",1776700
37000,-900,700,"sd","13:28:43",1774100
37000,-900,300,"sd","13:28:42",1773400
37000,-900,500,"sd","13:28:39",1773100
37000,-900,2000,"sd","13:28:39",1772600
37000,-900,10000,"sd","13:28:39",1770600
37000,-900,100,"sd","13:28:39",1760600
37000,-900,200,"sd","13:28:39",1760500
37000,-900,100,"sd","13:28:39",1760300
37000,-900,200,"sd","13:28:39",1760200
37000,-900,200,"sd","13:28:39",1760000
37000,-900,1000,"sd","13:28:39",1759800
37000,-900,100,"sd","13:28:39",1758800
37000,-900,100,"sd","13:28:39",1758700
37000,-900,100,"sd","13:28:39",1758600
37000,-900,5000,"sd","13:28:39",1758500
37000,-900,400,"sd","13:28:39",1753500
37000,-900,1100,"sd","13:28:39",1753100
37000,-900,900,"sd","13:28:37",1752000
37000,-900,100,"sd","13:28:37",1751100
37000,-900,300,"sd","13:28:37",1751000
37000,-900,1100,"sd","13:28:37",1750700
37000,-900,500,"sd","13:28:37",1749600
37000,-900,1000,"sd","13:28:37",1749100
37000,-900,1000,"sd","13:28:37",1748100
37000,-900,1500,"sd","13:28:37",1747100
37000,-900,100,"sd","13:28:37",1745600
37000,-900,1000,"sd","13:28:37",1745500
37000,-900,300,"sd","13:28:37",1744500
37000,-900,100,"sd","13:28:37",1744200
37000,-900,200,"sd","13:28:37",1744100
37000,-900,200,"sd","13:28:37",1743900
37000,-900,300,"sd","13:28:37",1743700
37000,-900,700,"sd","13:28:37",1743400
37000,-900,500,"sd","13:28:37",1742700
37000,-900,100,"sd","13:28:37",1742200
37000,-900,100,"sd","13:28:37",1742100
37000,-900,1000,"sd","13:28:37",1742000
37000,-900,100,"sd","13:28:37",1741000
37000,-900,100,"sd","13:28:37",1740900
37000,-900,200,"sd","13:28:37",1740800
37000,-900,2400,"sd","13:28:37",1740600
37000,-900,100,"sd","13:28:37",1738200
37000,-900,1500,"sd","13:28:37",1738100
37000,-900,500,"sd","13:28:37",1736600
37000,-900,200,"sd","13:28:37",1736100
37000,-900,400,"sd","13:28:37",1735900
37000,-900,300,"sd","13:28:37",1735500
37000,-900,1000,"sd","13:28:37",1735200
37000,-900,8100,"sd","13:28:37",1734200
37000,-900,100,"sd","13:28:37",1726100
37000,-900,400,"sd","13:28:37",1726000
37000,-900,800,"sd","13:28:37",1725600
37000,-900,500,"sd","13:28:37",1724800
37000,-900,2000,"sd","13:28:37",1724300
37000,-900,100,"sd","13:28:37",1722300
37000,-900,3000,"sd","13:28:37",1722200
37000,-900,200,"sd","13:28:37",1719200
37000,-900,100,"sd","13:28:37",1719000
37000,-900,200,"sd","13:28:37",1718900
37000,-900,400,"sd","13:28:37",1718700
37000,-900,200,"sd","13:28:37",1718300
37000,-900,200,"sd","13:28:37",1718100
37000,-900,200,"sd","13:28:37",1717900
37000,-900,200,"sd","13:28:37",1717700
37000,-900,400,"sd","13:28:37",1717500
37000,-900,100,"sd","13:28:37",1717100
37000,-900,200,"sd","13:28:37",1717000
37000,-900,2000,"sd","13:28:37",1716800
37000,-900,2000,"sd","13:28:37",1714800
37000,-900,1000,"sd","13:28:37",1712800
37000,-900,100,"sd","13:28:37",1711800
37000,-900,100,"sd","13:28:37",1711700
37000,-900,500,"sd","13:28:37",1711600
37000,-900,300,"sd","13:28:37",1711100
37000,-900,1000,"sd","13:28:37",1710800
37000,-900,3500,"sd","13:28:37",1709800
37000,-900,1000,"sd","13:28:37",1706300
37000,-900,500,"sd","13:28:37",1705300
37000,-900,100,"sd","13:28:37",1704800
37000,-900,200,"sd","13:28:37",1704700
37000,-900,100,"sd","13:28:37",1704500
37000,-900,100,"sd","13:28:37",1704400
37000,-900,200,"sd","13:28:37",1704300
37000,-900,300,"sd","13:28:37",1704100
37000,-900,100,"sd","13:28:37",1703800
37000,-900,1000,"sd","13:28:37",1703700
37000,-900,500,"sd","13:28:37",1702700
37000,-900,100,"sd","13:28:37",1702200
37000,-900,100,"sd","13:28:37",1702100
37000,-900,100,"sd","13:28:37",1702000
37000,-900,5000,"sd","13:28:37",1701900
37000,-900,500,"sd","13:28:37",1696900
37000,-900,100,"sd","13:28:37",1696400
37000,-900,100,"sd","13:28:37",1696300
37000,-900,100,"sd","13:28:37",1696200
37000,-900,2000,"sd","13:28:37",1696100
37000,-900,100,"sd","13:28:37",1694100
37000,-900,300,"sd","13:28:37",1694000
37000,-900,1000,"sd","13:28:37",1693700
37000,-900,100,"sd","13:28:37",1692700
37000,-900,100,"sd","13:28:37",1692600
37000,-900,500,"sd","13:28:37",1692500
37000,-900,400,"sd","13:28:34",1692000
37000,-900,100,"sd","13:28:29",1691600
37000,-900,1000,"sd","13:28:29",1691500
37000,-900,200,"sd","13:28:29",1690500
37000,-900,500,"sd","13:28:29",1690300
37000,-900,100,"sd","13:28:29",1689800
37000,-900,300,"sd","13:28:29",1689700
37000,-900,100,"sd","13:28:29",1689400
37000,-900,100,"sd","13:28:29",1689300
37000,-900,100,"sd","13:28:29",1689200
37000,-900,300,"sd","13:28:29",1689100
37000,-900,3400,"sd","13:28:29",1688800
37000,-900,1600,"sd","13:28:26",1685400
37000,-900,500,"sd","13:28:26",1683800
37000,-900,500,"sd","13:28:26",1683300
37000,-900,1000,"sd","13:28:26",1682800
37000,-900,500,"sd","13:28:26",1681800
37000,-900,1000,"sd","13:28:26",1681300
37000,-900,1000,"sd","13:28:26",1680300
37000,-900,3900,"sd","13:28:26",1679300
37000,-900,1000,"sd","13:28:17",1675400
37000,-900,100,"sd","13:28:14",1674400
37000,-900,300,"sd","13:28:12",1674300
37050,-850,200,"bu","13:28:12",1674000
37000,-900,2500,"sd","13:27:58",1673800
37000,-900,1200,"sd","13:27:56",1671300
37000,-900,500,"sd","13:27:53",1670100
37000,-900,500,"sd","13:27:44",1669600
37000,-900,1000,"sd","13:27:44",1669100
37000,-900,500,"sd","13:27:44",1668100
37000,-900,100,"sd","13:27:44",1667600
37000,-900,200,"sd","13:27:44",1667500
37000,-900,100,"sd","13:27:44",1667300
37000,-900,500,"sd","13:27:44",1667200
37000,-900,100,"sd","13:27:44",1666700
37000,-900,500,"sd","13:27:44",1666600
37000,-900,200,"sd","13:27:44",1666100
37000,-900,100,"sd","13:27:44",1665900
37000,-900,100,"sd","13:27:44",1665800
37000,-900,1000,"sd","13:27:44",1665700
37000,-900,100,"sd","13:27:44",1664700
37000,-900,500,"sd","13:27:44",1664600
37000,-900,500,"sd","13:27:44",1664100
37000,-900,100,"sd","13:27:44",1663600
37000,-900,1400,"sd","13:27:44",1663500
37000,-900,500,"sd","13:27:44",1662100
37000,-900,300,"sd","13:27:44",1661600
37000,-900,500,"sd","13:27:42",1661300
37050,-850,100,"bu","13:27:41",1660800
37050,-850,500,"bu","13:27:37",1660700
37050,-850,200,"bu","13:27:31",1660200
37000,-900,200,"sd","13:27:29",1660000
37000,-900,100,"sd","13:27:29",1659800
37000,-900,100,"sd","13:27:29",1659700
37050,-850,800,"bu","13:27:27",1659600
37050,-850,200,"bu","13:27:27",1658800
37050,-850,100,"bu","13:27:23",1658600
37050,-850,100,"sd","13:27:15",1658500
37050,-850,100,"sd","13:27:15",1658400
37050,-850,7500,"sd","13:27:15",1658300
37050,-850,500,"sd","13:27:13",1650800
37050,-850,1000,"sd","13:27:03",1650300
37050,-850,200,"sd","13:27:01",1649300
37050,-850,300,"sd","13:27:01",1649100
37050,-850,600,"sd","13:27:01",1648800
37050,-850,100,"sd","13:27:01",1648200
37050,-850,500,"sd","13:27:01",1648100
37050,-850,1000,"sd","13:27:01",1647600
37050,-850,100,"sd","13:27:01",1646600
37050,-850,100,"sd","13:27:01",1646500
37050,-850,100,"sd","13:27:01",1646400
37050,-850,500,"sd","13:26:59",1646300
37050,-850,500,"sd","13:26:59",1645800
37050,-850,200,"sd","13:26:59",1645300
37050,-850,800,"sd","13:26:59",1645100
37050,-850,200,"sd","13:26:57",1644300
37050,-850,500,"sd","13:26:44",1644100
37050,-850,100,"sd","13:26:44",1643600
37050,-850,6500,"sd","13:26:44",1643500
37050,-850,100,"sd","13:26:44",1637000
37050,-850,100,"sd","13:26:44",1636900
37050,-850,100,"sd","13:26:44",1636800
37050,-850,4900,"sd","13:26:42",1636700
37050,-850,100,"sd","13:26:42",1631800
37100,-800,500,"bu","13:26:32",1631700
37100,-800,100,"bu","13:26:19",1631200
37050,-850,100,"sd","13:26:16",1631100
37100,-800,900,"bu","13:26:16",1631000
37100,-800,1000,"sd","13:26:12",1630100
37100,-800,100,"sd","13:26:12",1629100
37100,-800,100,"sd","13:26:12",1629000
37100,-800,100,"sd","13:26:12",1628900
37100,-800,100,"sd","13:26:12",1628800
37100,-800,1000,"sd","13:26:12",1628700
37100,-800,200,"sd","13:26:12",1627700
37100,-800,100,"sd","13:26:12",1627500
37100,-800,500,"sd","13:26:12",1627400
37100,-800,100,"sd","13:26:12",1626900
37100,-800,300,"sd","13:26:12",1626800
37100,-800,400,"sd","13:26:12",1626500
37100,-800,500,"sd","13:26:09",1626100
37100,-800,100,"sd","13:26:09",1625600
37100,-800,100,"sd","13:26:09",1625500
37100,-800,100,"sd","13:26:09",1625400
37100,-800,200,"sd","13:26:09",1625300
37100,-800,100,"sd","13:26:09",1625100
37100,-800,100,"sd","13:26:09",1625000
37100,-800,500,"sd","13:26:09",1624900
37100,-800,100,"sd","13:26:09",1624400
37100,-800,100,"sd","13:26:08",1624300
37100,-800,100,"sd","13:26:08",1624200
37100,-800,3000,"sd","13:26:08",1624100
37100,-800,5000,"sd","13:26:06",1621100
37100,-800,100,"sd","13:26:06",1616100
37100,-800,900,"sd","13:26:06",1616000
37100,-800,100,"sd","13:26:00",1615100
37100,-800,100,"sd","13:26:00",1615000
37100,-800,100,"sd","13:26:00",1614900
37100,-800,200,"sd","13:26:00",1614800
37100,-800,500,"sd","13:26:00",1614600
37100,-800,200,"sd","13:26:00",1614100
37100,-800,500,"sd","13:26:00",1613900
37100,-800,100,"sd","13:26:00",1613400
37100,-800,100,"sd","13:26:00",1613300
37100,-800,1100,"sd","13:26:00",1613200
37100,-800,300,"sd","13:25:59",1612100
37150,-750,100,"bu","13:25:18",1611800
37150,-750,100,"bu","13:24:57",1611700
37150,-750,100,"bu","13:24:53",1611600
37150,-750,200,"bu","13:24:50",1611500
37150,-750,100,"bu","13:24:29",1611300
37100,-800,100,"sd","13:24:25",1611200
37100,-800,300,"sd","13:23:54",1611100
37100,-800,100,"sd","13:23:49",1610800
37100,-800,100,"sd","13:23:49",1610700
37150,-750,500,"sd","13:23:39",1610600
37150,-750,200,"sd","13:23:39",1610100
37150,-750,100,"sd","13:23:39",1609900
37150,-750,100,"sd","13:23:39",1609800
37150,-750,2400,"sd","13:23:39",1609700
37150,-750,1000,"sd","13:23:39",1607300
37150,-750,1700,"sd","13:23:39",1606300
37150,-750,200,"sd","13:23:39",1604600
37150,-750,1000,"sd","13:23:39",1604400
37150,-750,2000,"sd","13:23:39",1603400
37150,-750,1000,"sd","13:23:39",1601400
37150,-750,100,"sd","13:23:39",1600400
37150,-750,100,"sd","13:23:39",1600300
37150,-750,100,"sd","13:23:39",1600200
37150,-750,1000,"sd","13:23:39",1600100
37150,-750,100,"sd","13:23:16",1599100
37200,-700,500,"bu","13:23:13",1599000
37200,-700,100,"bu","13:22:58",1598500
37200,-700,900,"bu","13:22:45",1598400
37200,-700,100,"bu","13:22:45",1597500
37200,-700,100,"bu","13:22:40",1597400
37200,-700,400,"bu","13:22:18",1597300
37200,-700,1000,"bu","13:22:03",1596900
37200,-700,1000,"bu","13:21:53",1595900
37200,-700,100,"bu","13:21:35",1594900
37200,-700,300,"sd","13:21:13",1594800
37200,-700,700,"sd","13:21:12",1594500
37150,-750,700,"sd","13:21:08",1593800
37200,-700,100,"sd","13:21:08",1593100
37200,-700,300,"sd","13:21:08",1593000
37200,-700,1000,"sd","13:21:08",1592700
37200,-700,500,"sd","13:21:08",1591700
37200,-700,400,"sd","13:21:08",1591200
37200,-700,100,"sd","13:21:08",1590800
37200,-700,500,"sd","13:21:08",1590700
37200,-700,600,"sd","13:21:08",1590200
37200,-700,100,"sd","13:21:08",1589600
37200,-700,100,"sd","13:21:08",1589500
37200,-700,500,"sd","13:21:08",1589400
37200,-700,1700,"sd","13:21:08",1588900
37200,-700,300,"sd","13:21:08",1587200
37200,-700,100,"sd","13:21:08",1586900
37200,-700,1000,"sd","13:21:08",1586800
37200,-700,2000,"sd","13:21:06",1585800
37200,-700,500,"sd","13:21:02",1583800
37200,-700,1000,"sd","13:21:00",1583300
37200,-700,1500,"sd","13:20:59",1582300
37200,-700,500,"sd","13:20:48",1580800
37200,-700,600,"sd","13:20:45",1580300
37200,-700,1500,"sd","13:20:42",1579700
37200,-700,100,"sd","13:20:40",1578200
37200,-700,400,"sd","13:20:39",1578100
37200,-700,7600,"sd","13:20:29",1577700
37200,-700,500,"sd","13:20:29",1570100
37200,-700,100,"sd","13:20:29",1569600
37200,-700,500,"sd","13:20:29",1569500
37200,-700,500,"sd","13:20:29",1569000
37200,-700,800,"sd","13:20:29",1568500
37200,-700,200,"sd","13:20:15",1567700
37200,-700,800,"sd","13:20:15",1567500
37200,-700,1400,"sd","13:20:11",1566700
37200,-700,5700,"sd","13:20:03",1565300
37200,-700,100,"sd","13:20:00",1559600
37200,-700,2000,"sd","13:19:44",1559500
37200,-700,3300,"sd","13:19:39",1557500
37200,-700,1500,"sd","13:19:30",1554200
37200,-700,2700,"sd","13:19:29",1552700
37200,-700,200,"sd","13:19:27",1550000
37200,-700,30000,"sd","13:19:22",1549800
37200,-700,500,"sd","13:19:08",1519800
37200,-700,300,"sd","13:19:05",1519300
37200,-700,200,"sd","13:18:56",1519000
37200,-700,1300,"sd","13:18:39",1518800
37200,-700,200,"sd","13:18:39",1517500
37200,-700,100,"sd","13:18:39",1517300
37200,-700,300,"sd","13:18:39",1517200
37200,-700,200,"sd","13:18:39",1516900
37200,-700,300,"sd","13:18:39",1516700
37200,-700,500,"sd","13:18:39",1516400
37200,-700,1900,"sd","13:18:39",1515900
37200,-700,100,"sd","13:18:39",1514000
37200,-700,500,"sd","13:18:39",1513900
37200,-700,1000,"sd","13:18:39",1513400
37200,-700,3600,"sd","13:18:39",1512400
37200,-700,1000,"sd","13:18:28",1508800
37200,-700,300,"sd","13:18:23",1507800
37200,-700,600,"sd","13:18:19",1507500
37250,-650,100,"bu","13:18:04",1506900
37250,-650,200,"bu","13:18:04",1506800
37250,-650,100,"bu","13:18:04",1506600
37250,-650,500,"bu","13:17:57",1506500
37250,-650,100,"bu","13:17:45",1506000
37250,-650,1500,"bu","13:17:41",1505900
37250,-650,100,"bu","13:17:35",1504400
37250,-650,2000,"bu","13:17:10",1504300
37200,-700,100,"sd","13:17:08",1502300
37250,-650,300,"bu","13:16:56",1502200
37250,-650,400,"bu","13:16:46",1501900
37250,-650,500,"bu","13:16:46",1501500
37250,-650,900,"bu","13:16:46",1501000
37250,-650,100,"bu","13:16:40",1500100
37250,-650,1000,"bu","13:16:36",1500000
37250,-650,500,"bu","13:16:36",1499000
37250,-650,1100,"bu","13:16:13",1498500
37250,-650,3000,"bu","13:16:12",1497400
37250,-650,1000,"bu","13:16:00",1494400
37200,-700,2900,"sd","13:15:58",1493400
37250,-650,1000,"bu","13:15:15",1490500
37250,-650,100,"bu","13:15:14",1489500
37250,-650,100,"bu","13:15:09",1489400
37200,-700,1000,"sd","13:15:06",1489300
37200,-700,800,"sd","13:14:55",1488300
37200,-700,100,"sd","13:14:48",1487500
37200,-700,30000,"sd","13:14:23",1487400
37250,-650,100,"bu","13:14:12",1457400
37250,-650,1000,"bu","13:14:05",1457300
37250,-650,100,"bu","13:13:58",1456300
37250,-650,500,"bu","13:13:48",1456200
37250,-650,100,"bu","13:13:47",1455700
37250,-650,100,"bu","13:13:44",1455600
37250,-650,100,"bu","13:13:24",1455500
37250,-650,200,"bu","13:13:11",1455400
37250,-650,100,"bu","13:13:11",1455200
37250,-650,100,"bu","13:13:11",1455100
37250,-650,100,"bu","13:13:11",1455000
37200,-700,200,"sd","13:13:11",1454900
37200,-700,1000,"sd","13:13:09",1454700
37250,-650,1000,"bu","13:12:48",1453700
37250,-650,900,"bu","13:12:42",1452700
37250,-650,1100,"bu","13:12:42",1451800
37250,-650,1000,"bu","13:12:42",1450700
37250,-650,500,"bu","13:12:41",1449700
37250,-650,5000,"bu","13:12:35",1449200
37250,-650,100,"bu","13:12:21",1444200
37250,-650,2300,"bu","13:12:18",1444100
37250,-650,900,"bu","13:12:18",1441800
37250,-650,500,"bu","13:12:18",1440900
37250,-650,2000,"bu","13:12:16",1440400
37250,-650,1000,"bu","13:12:14",1438400
37250,-650,1000,"bu","13:11:52",1437400
37200,-700,4000,"bu","13:11:41",1436400
37200,-700,3900,"bu","13:11:41",1432400
37200,-700,500,"bu","13:11:41",1428500
37200,-700,1000,"bu","13:11:39",1428000
37200,-700,600,"bu","13:11:35",1427000
37200,-700,1800,"bu","13:11:18",1426400
37200,-700,1100,"bu","13:11:16",1424600
37200,-700,100,"sd","13:11:13",1423500
37200,-700,4000,"sd","13:11:13",1423400
37200,-700,100,"sd","13:11:13",1419400
37200,-700,300,"sd","13:11:13",1419300
37200,-700,100,"sd","13:11:13",1419000
37200,-700,100,"sd","13:11:13",1418900
37200,-700,100,"sd","13:11:13",1418800
37200,-700,100,"sd","13:11:13",1418700
37200,-700,100,"sd","13:11:13",1418600
37200,-700,1500,"sd","13:11:06",1418500
37200,-700,100,"sd","13:10:48",1417000
37200,-700,800,"sd","13:10:47",1416900
37200,-700,500,"sd","13:10:46",1416100
37200,-700,3100,"bu","13:10:41",1415600
37150,-750,2000,"sd","13:10:34",1412500
37200,-700,300,"bu","13:10:20",1410500
37200,-700,400,"bu","13:10:20",1410200
37200,-700,200,"bu","13:10:20",1409800
37200,-700,100,"bu","13:10:20",1409600
37200,-700,400,"bu","13:10:14",1409500
37200,-700,100,"bu","13:10:07",1409100
37200,-700,200,"bu","13:09:55",1409000
37200,-700,200,"bu","13:09:52",1408800
37200,-700,500,"bu","13:09:47",1408600
37150,-750,300,"sd","13:09:37",1408100
37200,-700,2000,"bu","13:09:37",1407800
37200,-700,500,"bu","13:09:29",1405800
37200,-700,100,"bu","13:09:13",1405300
37200,-700,1000,"bu","13:08:57",1405200
37200,-700,100,"bu","13:08:52",1404200
37200,-700,100,"bu","13:08:43",1404100
37200,-700,2000,"bu","13:08:41",1404000
37200,-700,100,"bu","13:08:39",1402000
37200,-700,200,"bu","13:08:36",1401900
37200,-700,100,"bu","13:08:35",1401700
37200,-700,1800,"bu","13:08:33",1401600
37200,-700,500,"bu","13:08:21",1399800
37200,-700,1000,"bu","13:08:21",1399300
37200,-700,1100,"bu","13:08:21",1398300
37200,-700,3000,"bu","13:08:21",1397200
37200,-700,1400,"bu","13:08:21",1394200
37200,-700,500,"bu","13:08:10",1392800
37200,-700,100,"bu","13:08:06",1392300
37200,-700,2000,"bu","13:07:43",1392200
37150,-750,300,"sd","13:07:35",1390200
37150,-750,700,"sd","13:07:35",1389900
37150,-750,500,"bu","13:07:09",1389200
37150,-750,100,"bu","13:07:03",1388700
37150,-750,100,"sd","13:06:56",1388600
37150,-750,500,"sd","13:06:56",1388500
37150,-750,500,"sd","13:06:56",1388000
37150,-750,100,"sd","13:06:56",1387500
37150,-750,100,"sd","13:06:56",1387400
37150,-750,100,"sd","13:06:56",1387300
37150,-750,900,"sd","13:06:56",1387200
37150,-750,500,"sd","13:06:56",1386300
37150,-750,500,"sd","13:06:42",1385800
37150,-750,100,"sd","13:06:42",1385300
37150,-750,200,"sd","13:06:42",1385200
37150,-750,100,"bu","13:06:08",1385000
37150,-750,200,"bu","13:06:08",1384900
37150,-750,100,"bu","13:05:59",1384700
37150,-750,100,"sd","13:05:44",1384600
37150,-750,200,"sd","13:05:44",1384500
37150,-750,100,"sd","13:05:38",1384300
37150,-750,500,"bu","13:05:12",1384200
37150,-750,100,"bu","13:05:02",1383700
37150,-750,100,"sd","13:04:55",1383600
37100,-800,300,"bu","13:03:55",1383500
37100,-800,100,"bu","13:03:55",1383200
37100,-800,4600,"bu","13:03:55",1383100
37100,-800,100,"bu","13:03:54",1378500
37100,-800,100,"sd","13:03:52",1378400
37100,-800,100,"sd","13:03:52",1378300
37100,-800,100,"sd","13:03:52",1378200
37100,-800,200,"sd","13:03:42",1378100
37100,-800,100,"sd","13:03:42",1377900
37100,-800,100,"sd","13:03:42",1377800
37100,-800,200,"sd","13:03:42",1377700
37100,-800,600,"sd","13:03:31",1377500
37100,-800,500,"sd","13:03:30",1376900
37200,-700,1000,"bu","13:03:27",1376400
37100,-800,100,"sd","13:03:26",1375400
37100,-800,100,"sd","13:03:26",1375300
37100,-800,100,"sd","13:03:12",1375200
37100,-800,300,"sd","13:03:09",1375100
37100,-800,200,"sd","13:03:09",1374800
37100,-800,800,"sd","13:03:09",1374600
37100,-800,100,"sd","13:03:04",1373800
37100,-800,1000,"sd","13:02:44",1373700
37100,-800,600,"sd","13:02:21",1372700
37100,-800,500,"sd","13:02:21",1372100
37100,-800,500,"sd","13:02:21",1371600
37100,-800,500,"sd","13:02:21",1371100
37100,-800,1000,"sd","13:02:21",1370600
37100,-800,100,"sd","13:02:21",1369600
37100,-800,100,"sd","13:02:21",1369500
37100,-800,100,"sd","13:02:21",1369400
37100,-800,200,"sd","13:02:17",1369300
37100,-800,1000,"sd","13:02:17",1369100
37100,-800,1000,"sd","13:02:17",1368100
37100,-800,100,"sd","13:02:17",1367100
37100,-800,100,"sd","13:02:17",1367000
37100,-800,100,"sd","13:02:17",1366900
37100,-800,1300,"sd","13:02:17",1366800
37100,-800,100,"sd","13:02:17",1365500
37100,-800,800,"sd","13:02:17",1365400
37100,-800,200,"sd","13:02:17",1364600
37100,-800,300,"sd","13:02:17",1364400
37100,-800,200,"sd","13:02:17",1364100
37100,-800,1000,"sd","13:02:17",1363900
37100,-800,500,"sd","13:02:17",1362900
37100,-800,1000,"sd","13:02:17",1362400
37100,-800,100,"sd","13:02:17",1361400
37100,-800,400,"sd","13:01:57",1361300
37100,-800,1000,"sd","13:01:57",1360900
37100,-800,600,"sd","13:01:57",1359900
37100,-800,100,"sd","13:01:47",1359300
37100,-800,300,"sd","13:01:45",1359200
37100,-800,100,"sd","13:01:45",1358900
37100,-800,200,"sd","13:01:45",1358800
37100,-800,200,"sd","13:01:45",1358600
37100,-800,500,"sd","13:01:45",1358400
37100,-800,100,"sd","13:01:45",1357900
37100,-800,100,"sd","13:01:45",1357800
37100,-800,100,"sd","13:01:45",1357700
37100,-800,100,"sd","13:01:45",1357600
37100,-800,100,"sd","13:01:45",1357500
37100,-800,100,"sd","13:01:45",1357400
37100,-800,1100,"sd","13:01:45",1357300
37100,-800,1900,"sd","13:01:41",1356200
37100,-800,500,"sd","13:01:41",1354300
37100,-800,100,"sd","13:01:41",1353800
37100,-800,100,"sd","13:01:41",1353700
37100,-800,2400,"sd","13:01:41",1353600
37200,-700,1000,"bu","13:01:34",1351200
37100,-800,600,"sd","13:01:33",1350200
37100,-800,100,"sd","13:01:33",1349600
37150,-750,100,"unknown","13:01:33",1349500
37150,-750,1000,"unknown","13:01:33",1349400
37150,-750,100,"unknown","13:01:33",1348400
37150,-750,700,"unknown","13:01:33",1348300
37150,-750,400,"sd","13:01:33",1347600
37150,-750,600,"sd","13:01:26",1347200
37150,-750,100,"sd","13:01:26",1346600
37150,-750,500,"sd","13:01:26",1346500
37150,-750,1000,"sd","13:01:26",1346000
37150,-750,100,"sd","13:01:26",1345000
37150,-750,300,"sd","13:01:26",1344900
37150,-750,100,"sd","13:01:26",1344600
37150,-750,100,"sd","13:01:26",1344500
37150,-750,100,"sd","13:01:26",1344400
37150,-750,300,"sd","13:01:26",1344300
37150,-750,200,"sd","13:01:26",1344000
37150,-750,100,"sd","13:01:26",1343800
37150,-750,100,"sd","13:01:26",1343700
37150,-750,300,"sd","13:01:26",1343600
37150,-750,100,"sd","13:01:26",1343300
37150,-750,500,"sd","13:01:26",1343200
37150,-750,500,"sd","13:01:25",1342700
37150,-750,300,"sd","13:01:25",1342200
37150,-750,100,"sd","13:01:25",1341900
37150,-750,500,"sd","13:01:25",1341800
37150,-750,100,"sd","13:01:25",1341300
37200,-700,100,"sd","13:01:25",1341200
37150,-750,100,"sd","13:01:25",1341100
37200,-700,200,"sd","13:01:25",1341000
37150,-750,100,"sd","13:01:25",1340800
37200,-700,200,"sd","13:01:25",1340700
37150,-750,100,"sd","13:01:25",1340500
37200,-700,100,"sd","13:01:25",1340400
37150,-750,100,"sd","13:01:25",1340300
37200,-700,5000,"sd","13:01:25",1340200
37150,-750,200,"sd","13:01:25",1335200
37200,-700,5000,"sd","13:01:25",1335000
37150,-750,1000,"sd","13:01:25",1330000
37200,-700,1000,"sd","13:01:25",1329000
37150,-750,500,"sd","13:01:25",1328000
37200,-700,400,"sd","13:01:25",1327500
37150,-750,100,"sd","13:01:25",1327100
37200,-700,500,"sd","13:01:25",1327000
37150,-750,500,"sd","13:01:25",1326500
37200,-700,500,"sd","13:01:25",1326000
37150,-750,500,"sd","13:01:25",1325500
37200,-700,1500,"sd","13:01:25",1325000
37150,-750,4600,"sd","13:01:25",1323500
37200,-700,100,"sd","13:01:25",1318900
37200,-700,100,"sd","13:01:25",1318800
37200,-700,300,"sd","13:01:25",1318700
37200,-700,1000,"sd","13:01:25",1318400
37200,-700,1000,"sd","13:01:25",1317400
37200,-700,500,"sd","13:01:25",1316400
37200,-700,1000,"sd","13:01:25",1315900
37200,-700,1000,"sd","13:01:25",1314900
37200,-700,100,"sd","13:01:25",1313900
37200,-700,600,"sd","13:01:25",1313800
37200,-700,200,"sd","13:01:25",1313200
37200,-700,500,"sd","13:01:25",1313000
37200,-700,200,"sd","13:01:25",1312500
37200,-700,100,"sd","13:01:25",1312300
37200,-700,3000,"sd","13:01:25",1312200
37200,-700,100,"sd","13:01:25",1309200
37200,-700,100,"sd","13:01:25",1309100
37200,-700,1500,"sd","13:01:25",1309000
37200,-700,100,"sd","13:01:25",1307500
37200,-700,200,"sd","13:01:25",1307400
37200,-700,200,"sd","13:01:25",1307200
37200,-700,1000,"sd","13:01:25",1307000
37200,-700,100,"sd","13:01:25",1306000
37200,-700,1000,"sd","13:01:25",1305900
37200,-700,100,"sd","13:01:25",1304900
37200,-700,200,"sd","13:01:25",1304800
37200,-700,200,"sd","13:01:25",1304600
37200,-700,100,"sd","13:01:25",1304400
37200,-700,5000,"sd","13:01:25",1304300
37200,-700,300,"sd","13:01:25",1299300
37200,-700,100,"sd","13:01:25",1299000
37200,-700,200,"sd","13:01:25",1298900
37200,-700,1000,"sd","13:01:25",1298700
37200,-700,300,"sd","13:01:25",1297700
37200,-700,200,"sd","13:01:25",1297400
37200,-700,300,"sd","13:01:15",1297200
37200,-700,900,"sd","13:01:15",1296900
37200,-700,300,"sd","13:01:13",1296000
37200,-700,2500,"sd","13:01:12",1295700
37200,-700,600,"sd","13:01:09",1293200
37200,-700,200,"sd","13:01:06",1292600
37200,-700,100,"sd","13:01:05",1292400
37250,-650,100,"bu","13:00:40",1292300
37200,-700,400,"sd","13:00:35",1292200
37200,-700,600,"sd","13:00:35",1291800
37200,-700,200,"sd","13:00:35",1291200
37200,-700,100,"sd","13:00:35",1291000
37200,-700,400,"sd","13:00:35",1290900
37200,-700,200,"sd","13:00:35",1290500
37200,-700,100,"sd","13:00:35",1290300
37250,-650,100,"bu","13:00:28",1290200
37200,-700,200,"sd","13:00:21",1290100
37200,-700,100,"sd","13:00:13",1289900
37250,-650,800,"bu","13:00:13",1289800
37250,-650,1200,"bu","13:00:13",1289000
37200,-700,100,"sd","13:00:10",1287800
37200,-700,3000,"sd","13:00:10",1287700
37200,-700,100,"sd","13:00:10",1284700
37200,-700,200,"sd","13:00:10",1284600
37200,-700,400,"sd","13:00:10",1284400
37200,-700,200,"sd","13:00:10",1284000
37250,-650,100,"bu","13:00:10",1283800
37200,-700,1000,"sd","13:00:07",1283700
37200,-700,1000,"sd","13:00:07",1282700
37250,-650,300,"bu","13:00:06",1281700
37200,-700,100,"sd","13:00:05",1281400
37200,-700,500,"sd","13:00:05",1281300
37200,-700,100,"sd","13:00:05",1280800
37200,-700,100,"sd","13:00:05",1280700
37200,-700,100,"sd","13:00:05",1280600
37200,-700,100,"sd","13:00:04",1280500
37200,-700,1000,"sd","13:00:04",1280400
37250,-650,200,"bu","13:00:03",1279400
37200,-700,100,"sd","13:00:03",1279200
37200,-700,300,"sd","13:00:03",1279100
37200,-700,500,"sd","13:00:02",1278800
37200,-700,100,"sd","13:00:02",1278300
37250,-650,100,"bu","13:00:02",1278200
37200,-700,200,"sd","13:00:02",1278100
37200,-700,300,"sd","13:00:02",1277900
37200,-700,500,"sd","13:00:01",1277600
37200,-700,1000,"sd","13:00:01",1277100
37250,-650,1000,"bu","13:00:01",1276100
37200,-700,200,"sd","13:00:01",1275100
37200,-700,200,"sd","13:00:00",1274900
37200,-700,2000,"sd","13:00:00",1274700
37200,-700,3800,"sd","13:00:00",1272700
37200,-700,300,"sd","12:59:59",1268900
37200,-700,500,"sd","12:59:59",1268600
37200,-700,100,"sd","12:59:59",1268100
37200,-700,500,"sd","12:59:59",1268000
37250,-650,100,"bu","11:29:11",1267500
37200,-700,100,"sd","11:28:43",1267400
37200,-700,200,"sd","11:28:43",1267300
37200,-700,600,"sd","11:28:43",1267100
37250,-650,100,"bu","11:28:40",1266500
37250,-650,100,"bu","11:28:32",1266400
37250,-650,500,"bu","11:28:17",1266300
37250,-650,500,"sd","11:27:41",1265800
37250,-650,500,"sd","11:27:41",1265300
37250,-650,200,"bu","11:27:36",1264800
37250,-650,9300,"bu","11:27:36",1264600
37200,-700,100,"sd","11:27:22",1255300
37200,-700,800,"sd","11:27:06",1255200
37200,-700,200,"sd","11:27:06",1254400
37250,-650,200,"bu","11:26:37",1254200
37250,-650,500,"bu","11:26:37",1254000
37200,-700,100,"sd","11:26:12",1253500
37200,-700,100,"sd","11:26:12",1253400
37200,-700,400,"sd","11:24:40",1253300
37200,-700,500,"sd","11:24:40",1252900
37200,-700,500,"sd","11:24:21",1252400
37250,-650,100,"sd","11:24:19",1251900
37250,-650,300,"sd","11:23:43",1251800
37300,-600,4800,"bu","11:22:46",1251500
37250,-650,200,"bu","11:22:46",1246700
37300,-600,500,"bu","11:22:29",1246500
37250,-650,200,"sd","11:22:28",1246000
37250,-650,2000,"sd","11:22:28",1245800
37250,-650,100,"sd","11:22:28",1243800
37250,-650,1000,"sd","11:22:28",1243700
37250,-650,200,"sd","11:22:28",1242700
37250,-650,100,"sd","11:22:28",1242500
37250,-650,1000,"sd","11:22:28",1242400
37250,-650,100,"sd","11:22:28",1241400
37250,-650,100,"sd","11:22:28",1241300
37250,-650,500,"sd","11:22:28",1241200
37250,-650,200,"sd","11:22:28",1240700
37250,-650,800,"sd","11:22:24",1240500
37250,-650,3000,"sd","11:21:59",1239700
37250,-650,2000,"sd","11:21:57",1236700
37250,-650,100,"sd","11:21:57",1234700
37250,-650,5000,"sd","11:21:57",1234600
37250,-650,100,"sd","11:21:57",1229600
37250,-650,100,"sd","11:21:57",1229500
37250,-650,100,"sd","11:21:57",1229400
37250,-650,100,"sd","11:21:57",1229300
37250,-650,500,"sd","11:21:57",1229200
37250,-650,500,"sd","11:21:57",1228700
37250,-650,500,"sd","11:21:57",1228200
37250,-650,500,"sd","11:21:57",1227700
37250,-650,500,"sd","11:21:57",1227200
37250,-650,5000,"sd","11:20:45",1226700
37250,-650,5000,"sd","11:20:36",1221700
37250,-650,1200,"sd","11:20:17",1216700
37300,-600,500,"bu","11:20:13",1215500
37300,-600,1400,"bu","11:19:46",1215000
37300,-600,100,"bu","11:19:46",1213600
37300,-600,300,"bu","11:19:21",1213500
37300,-600,500,"bu","11:18:53",1213200
37300,-600,1000,"bu","11:18:33",1212700
37250,-650,4700,"sd","11:17:49",1211700
37250,-650,200,"sd","11:17:49",1207000
37250,-650,100,"sd","11:17:49",1206800
37300,-600,100,"bu","11:17:33",1206700
37300,-600,500,"sd","11:16:49",1206600
37300,-600,500,"sd","11:16:49",1206100
37300,-600,2000,"sd","11:16:49",1205600
37300,-600,100,"sd","11:16:49",1203600
37300,-600,400,"sd","11:16:49",1203500
37300,-600,100,"sd","11:16:49",1203100
37300,-600,300,"sd","11:16:37",1203000
37300,-600,100,"bu","11:16:28",1202700
37300,-600,100,"bu","11:16:06",1202600
37300,-600,100,"bu","11:15:42",1202500
37300,-600,1000,"bu","11:15:34",1202400
37300,-600,100,"bu","11:15:28",1201400
37300,-600,100,"bu","11:15:25",1201300
37300,-600,1500,"sd","11:14:51",1201200
37300,-600,500,"sd","11:14:43",1199700
37250,-650,1900,"sd","11:14:14",1199200
37250,-650,100,"sd","11:14:14",1197300
37250,-650,100,"sd","11:14:14",1197200
37250,-650,1000,"sd","11:14:14",1197100
37250,-650,100,"sd","11:14:14",1196100
37300,-600,3000,"sd","11:14:14",1196000
37300,-600,500,"sd","11:14:14",1193000
37300,-600,300,"sd","11:14:14",1192500
37300,-600,200,"sd","11:13:59",1192200
37300,-600,100,"sd","11:13:20",1192000
37300,-600,300,"sd","11:13:20",1191900
37300,-600,100,"sd","11:13:20",1191600
37300,-600,200,"sd","11:12:25",1191500
37300,-600,100,"sd","11:12:25",1191300
37300,-600,200,"sd","11:12:25",1191200
37300,-600,800,"sd","11:11:52",1191000
37300,-600,200,"sd","11:11:52",1190200
37300,-600,300,"sd","11:11:43",1190000
37300,-600,200,"sd","11:10:30",1189700
37300,-600,300,"sd","11:10:28",1189500
37300,-600,200,"sd","11:10:28",1189200
37300,-600,300,"sd","11:09:35",1189000
37300,-600,400,"sd","11:09:35",1188700
37300,-600,100,"sd","11:08:38",1188300
37300,-600,500,"bu","11:08:09",1188200
37300,-600,100,"sd","11:07:43",1187700
37300,-600,400,"sd","11:07:43",1187600
37300,-600,500,"sd","11:07:24",1187200
37300,-600,3300,"bu","11:06:51",1186700
37300,-600,800,"bu","11:06:51",1183400
37250,-650,500,"sd","11:06:51",1182600
37300,-600,4200,"bu","11:06:50",1182100
37300,-600,1000,"bu","11:06:50",1177900
37300,-600,2200,"bu","11:06:49",1176900
37300,-600,500,"bu","11:06:49",1174700
37300,-600,2100,"bu","11:06:49",1174200
37250,-650,600,"sd","11:06:45",1172100
37250,-650,100,"sd","11:06:45",1171500
37250,-650,300,"sd","11:06:45",1171400
37250,-650,900,"sd","11:06:11",1171100
37250,-650,3800,"sd","11:06:03",1170200
37250,-650,10000,"sd","11:06:03",1166400
37250,-650,100,"sd","11:06:03",1156400
37250,-650,1000,"sd","11:06:03",1156300
37250,-650,100,"sd","11:06:03",1155300
37250,-650,4900,"sd","11:06:03",1155200
37250,-650,500,"sd","11:05:51",1150300
37300,-600,300,"bu","11:05:44",1149800
37300,-600,200,"bu","11:04:38",1149500
37300,-600,500,"bu","11:03:30",1149300
37250,-650,500,"sd","11:03:21",1148800
37300,-600,1000,"bu","11:03:17",1148300
37300,-600,200,"bu","11:03:14",1147300
37300,-600,10000,"bu","11:03:11",1147100
37300,-600,500,"bu","11:03:10",1137100
37300,-600,100,"bu","11:03:08",1136600
37300,-600,100,"bu","11:03:05",1136500
37300,-600,500,"bu","11:02:59",1136400
37250,-650,300,"sd","11:02:05",1135900
37250,-650,400,"sd","11:01:21",1135600
37300,-600,100,"bu","11:01:19",1135200
37300,-600,1200,"sd","11:01:16",1135100
37300,-600,500,"sd","11:01:16",1133900
37300,-600,100,"sd","11:01:16",1133400
37300,-600,2000,"sd","11:01:16",1133300
37300,-600,2000,"sd","11:01:16",1131300
37300,-600,2200,"sd","11:01:16",1129300
37300,-600,1000,"sd","11:01:12",1127100
37300,-600,200,"sd","11:01:11",1126100
37300,-600,100,"sd","11:01:06",1125900
37300,-600,1000,"sd","11:01:06",1125800
37300,-600,1000,"sd","11:01:06",1124800
37300,-600,900,"sd","11:01:06",1123800
37300,-600,600,"sd","11:01:06",1122900
37300,-600,200,"sd","11:01:06",1122300
37300,-600,100,"sd","11:01:06",1122100
37300,-600,100,"sd","11:01:06",1122000
37300,-600,100,"sd","11:00:51",1121900
37350,-550,2000,"bu","11:00:43",1121800
37350,-550,1600,"bu","11:00:36",1119800
37350,-550,400,"sd","11:00:19",1118200
37350,-550,300,"sd","10:59:51",1117800
37350,-550,2300,"sd","10:59:46",1117500
37350,-550,1000,"sd","10:59:46",1115200
37350,-550,1000,"sd","10:59:46",1114200
37350,-550,100,"sd","10:59:46",1113200
37350,-550,100,"sd","10:59:46",1113100
37350,-550,100,"sd","10:59:46",1113000
37350,-550,200,"sd","10:59:46",1112900
37350,-550,2000,"sd","10:59:46",1112700
37350,-550,600,"sd","10:59:44",1110700
37350,-550,400,"sd","10:59:44",1110100
37400,-500,100,"sd","10:59:21",1109700
37400,-500,900,"sd","10:59:13",1109600
37400,-500,100,"sd","10:59:13",1108700
37400,-500,200,"sd","10:59:13",1108600
37400,-500,1800,"sd","10:59:13",1108400
37400,-500,100,"sd","10:58:51",1106600
37400,-500,200,"sd","10:58:51",1106500
37400,-500,200,"sd","10:58:51",1106300
37400,-500,100,"sd","10:58:41",1106100
37400,-500,200,"sd","10:58:39",1106000
37400,-500,1000,"sd","10:58:39",1105800
37400,-500,800,"sd","10:58:39",1104800
37400,-500,100,"sd","10:57:41",1104000
37450,-450,2000,"bu","10:57:39",1103900
37450,-450,100,"bu","10:56:55",1101900
37450,-450,500,"bu","10:56:33",1101800
37400,-500,200,"sd","10:56:21",1101300
37400,-500,300,"bu","10:55:00",1101100
37400,-500,300,"bu","10:55:00",1100800
37400,-500,200,"bu","10:55:00",1100500
37400,-500,100,"bu","10:55:00",1100300
37400,-500,700,"bu","10:54:49",1100200
37400,-500,200,"bu","10:54:44",1099500
37350,-550,1000,"sd","10:54:31",1099300
37400,-500,200,"bu","10:54:28",1098300
37400,-500,800,"bu","10:54:26",1098100
37400,-500,100,"bu","10:54:26",1097300
37400,-500,1000,"bu","10:54:26",1097200
37400,-500,2000,"bu","10:54:26",1096200
37400,-500,15000,"bu","10:54:26",1094200
37400,-500,1000,"bu","10:54:26",1079200
37400,-500,100,"bu","10:54:26",1078200
37400,-500,100,"bu","10:54:18",1078100
37400,-500,1000,"bu","10:54:16",1078000
37400,-500,100,"bu","10:53:44",1077000
37350,-550,100,"sd","10:52:41",1076900
37350,-550,200,"sd","10:52:39",1076800
37350,-550,300,"sd","10:52:38",1076600
37350,-550,200,"sd","10:52:38",1076300
37350,-550,500,"sd","10:52:38",1076100
37400,-500,700,"bu","10:52:37",1075600
37400,-500,1300,"bu","10:52:37",1074900
37350,-550,300,"sd","10:52:01",1073600
37350,-550,1300,"sd","10:51:58",1073300
37350,-550,200,"sd","10:51:58",1072000
37350,-550,1000,"sd","10:51:58",1071800
37350,-550,200,"sd","10:51:58",1070800
37350,-550,2000,"sd","10:51:58",1070600
37350,-550,2300,"sd","10:51:58",1068600
37350,-550,100,"sd","10:51:41",1066300
37350,-550,2600,"sd","10:51:31",1066200
37350,-550,400,"sd","10:51:31",1063600
37350,-550,500,"sd","10:51:12",1063200
37350,-550,200,"sd","10:51:09",1062700
37350,-550,900,"sd","10:50:56",1062500
37350,-550,100,"sd","10:50:56",1061600
37400,-500,500,"bu","10:50:51",1061500
37350,-550,100,"sd","10:50:31",1061000
37350,-550,500,"bu","10:50:30",1060900
37350,-550,600,"bu","10:50:30",1060400
37350,-550,200,"bu","10:50:30",1059800
37350,-550,500,"bu","10:50:30",1059600
37350,-550,600,"bu","10:50:30",1059100
37350,-550,100,"bu","10:50:26",1058500
37350,-550,1000,"bu","10:50:24",1058400
37350,-550,200,"bu","10:50:22",1057400
37350,-550,1500,"bu","10:50:14",1057200
37350,-550,300,"bu","10:49:42",1055700
37350,-550,200,"bu","10:49:35",1055400
37350,-550,400,"bu","10:49:33",1055200
37350,-550,200,"bu","10:49:10",1054800
37300,-600,100,"sd","10:49:01",1054600
37300,-600,2900,"sd","10:48:58",1054500
37300,-600,100,"sd","10:47:01",1051600
37300,-600,200,"sd","10:46:21",1051500
37300,-600,800,"bu","10:46:13",1051300
37300,-600,500,"bu","10:46:13",1050500
37300,-600,500,"bu","10:46:13",1050000
37300,-600,2000,"bu","10:46:13",1049500
37300,-600,200,"bu","10:46:13",1047500
37300,-600,100,"bu","10:46:13",1047300
37300,-600,500,"bu","10:46:13",1047200
37300,-600,100,"bu","10:46:08",1046700
37300,-600,200,"bu","10:46:05",1046600
37300,-600,100,"bu","10:46:02",1046400
37250,-650,100,"sd","10:46:01",1046300
37300,-600,2000,"bu","10:45:58",1046200
37250,-650,100,"sd","10:45:41",1044200
37250,-650,2800,"sd","10:45:37",1044100
37300,-600,100,"bu","10:45:19",1041300
37300,-600,100,"bu","10:44:23",1041200
37250,-650,100,"sd","10:44:21",1041100
37300,-600,2000,"bu","10:44:15",1041000
37250,-650,300,"sd","10:43:54",1039000
37250,-650,100,"sd","10:43:54",1038700
37250,-650,500,"sd","10:43:31",1038600
37250,-650,500,"sd","10:43:31",1038100
37250,-650,100,"sd","10:43:01",1037600
37250,-650,1000,"bu","10:43:00",1037500
37250,-650,400,"bu","10:43:00",1036500
37250,-650,400,"bu","10:42:58",1036100
37250,-650,500,"bu","10:42:56",1035700
37200,-700,100,"sd","10:42:53",1035200
37250,-650,1000,"bu","10:42:46",1035100
37200,-700,300,"sd","10:42:41",1034100
37250,-650,100,"sd","10:42:40",1033800
37300,-600,500,"bu","10:42:39",1033700
37200,-700,1700,"sd","10:42:34",1033200
37200,-700,200,"sd","10:42:34",1031500
37200,-700,200,"sd","10:42:34",1031300
37200,-700,500,"sd","10:42:34",1031100
37200,-700,500,"sd","10:42:34",1030600
37200,-700,200,"sd","10:42:34",1030100
37200,-700,500,"sd","10:42:34",1029900
37200,-700,900,"sd","10:42:34",1029400
37200,-700,100,"sd","10:42:34",1028500
37200,-700,500,"sd","10:42:34",1028400
37200,-700,100,"sd","10:42:34",1027900
37200,-700,100,"sd","10:42:34",1027800
37250,-650,200,"sd","10:42:34",1027700
37250,-650,500,"sd","10:42:34",1027500
37250,-650,400,"sd","10:42:34",1027000
37250,-650,100,"bu","10:41:56",1026600
37250,-650,500,"bu","10:41:54",1026500
37200,-700,100,"sd","10:41:51",1026000
37250,-650,100,"bu","10:41:44",1025900
37250,-650,1100,"bu","10:41:44",1025800
37250,-650,100,"bu","10:41:42",1024700
37250,-650,500,"bu","10:41:42",1024600
37200,-700,200,"sd","10:41:41",1024100
37250,-650,3300,"bu","10:41:33",1023900
37250,-650,1600,"bu","10:41:33",1020600
37250,-650,200,"bu","10:41:31",1019000
37200,-700,100,"sd","10:41:31",1018800
37250,-650,2000,"bu","10:41:24",1018700
37200,-700,100,"sd","10:41:21",1016700
37250,-650,700,"bu","10:41:19",1016600
37200,-700,600,"sd","10:41:14",1015900
37200,-700,400,"sd","10:41:14",1015300
37200,-700,500,"sd","10:41:11",1014900
37200,-700,100,"sd","10:41:03",1014400
37200,-700,100,"sd","10:41:03",1014300
37200,-700,100,"sd","10:41:01",1014200
37200,-700,300,"sd","10:41:00",1014100
37200,-700,1700,"sd","10:41:00",1013800
37200,-700,200,"sd","10:40:58",1012100
37200,-700,100,"sd","10:40:41",1011900
37250,-650,100,"sd","10:40:31",1011800
37250,-650,100,"sd","10:40:31",1011700
37250,-650,500,"sd","10:40:31",1011600
37250,-650,100,"sd","10:40:31",1011100
37250,-650,300,"sd","10:40:31",1011000
37250,-650,500,"sd","10:40:31",1010700
37250,-650,1000,"sd","10:40:31",1010200
37250,-650,600,"sd","10:40:31",1009200
37250,-650,100,"sd","10:40:21",1008600
37250,-650,1100,"sd","10:40:18",1008500
37300,-600,1000,"bu","10:40:14",1007400
37300,-600,500,"bu","10:39:25",1006400
37250,-650,100,"sd","10:39:15",1005900
37250,-650,500,"sd","10:39:15",1005800
37250,-650,100,"sd","10:39:15",1005300
37250,-650,300,"sd","10:39:15",1005200
37250,-650,100,"sd","10:39:11",1004900
37300,-600,3000,"bu","10:39:02",1004800
37300,-600,300,"bu","10:39:02",1001800
37300,-600,100,"bu","10:38:44",1001500
37250,-650,100,"sd","10:38:21",1001400
37250,-650,1600,"bu","10:38:11",1001300
37250,-650,100,"bu","10:38:11",999700
37250,-650,100,"bu","10:38:11",999600
37250,-650,200,"bu","10:38:11",999500
37250,-650,500,"bu","10:37:38",999300
37200,-700,100,"sd","10:37:32",998800
37200,-700,100,"sd","10:37:32",998700
37200,-700,100,"sd","10:37:31",998600
37250,-650,1000,"bu","10:37:24",998500
37200,-700,500,"sd","10:37:21",997500
37200,-700,100,"sd","10:37:21",997000
37200,-700,100,"sd","10:37:21",996900
37250,-650,4000,"bu","10:37:12",996800
37250,-650,7400,"bu","10:37:12",992800
37250,-650,1000,"bu","10:37:12",985400
37250,-650,1000,"bu","10:37:12",984400
37250,-650,1600,"bu","10:37:12",983400
37200,-700,100,"sd","10:37:01",981800
37200,-700,2600,"sd","10:36:55",981700
37200,-700,200,"sd","10:36:54",979100
37200,-700,200,"sd","10:36:27",978900
37200,-700,400,"sd","10:36:11",978700
37250,-650,500,"sd","10:36:05",978300
37250,-650,500,"sd","10:36:05",977800
37250,-650,500,"sd","10:36:05",977300
37250,-650,200,"sd","10:36:05",976800
37250,-650,100,"sd","10:36:05",976600
37250,-650,1000,"sd","10:36:05",976500
37250,-650,500,"sd","10:36:05",975500
37250,-650,5100,"sd","10:36:05",975000
37250,-650,100,"sd","10:36:01",969900
37250,-650,100,"sd","10:36:00",969800
37250,-650,3000,"sd","10:35:56",969700
37250,-650,200,"sd","10:35:51",966700
37250,-650,700,"sd","10:35:44",966500
37250,-650,3000,"sd","10:35:43",965800
37250,-650,500,"sd","10:35:41",962800
37250,-650,10400,"sd","10:35:32",962300
37250,-650,500,"sd","10:35:22",951900
37250,-650,200,"sd","10:35:21",951400
37250,-650,2000,"sd","10:35:18",951200
37250,-650,3000,"sd","10:35:16",949200
37250,-650,1000,"sd","10:35:07",946200
37250,-650,1200,"sd","10:34:53",945200
37250,-650,200,"sd","10:34:35",944000
37250,-650,400,"sd","10:34:17",943800
37300,-600,1000,"bu","10:34:10",943400
37250,-650,500,"bu","10:34:01",942400
37250,-650,8900,"bu","10:34:01",941900
37250,-650,19000,"bu","10:34:01",933000
37200,-700,900,"sd","10:34:00",914000
37250,-650,400,"sd","10:33:43",913100
37250,-650,200,"sd","10:33:43",912700
37250,-650,200,"sd","10:33:43",912500
37250,-650,30000,"sd","10:33:43",912300
37250,-650,200,"sd","10:33:43",882300
37300,-600,500,"bu","10:33:31",882100
37300,-600,3000,"bu","10:33:08",881600
37300,-600,100,"sd","10:32:51",878600
37300,-600,100,"sd","10:32:39",878500
37300,-600,2400,"sd","10:32:39",878400
37300,-600,200,"sd","10:32:39",876000
37300,-600,11300,"sd","10:32:39",875800
37300,-600,1100,"sd","10:32:36",864500
37300,-600,5000,"sd","10:32:35",863400
37300,-600,2600,"sd","10:32:29",858400
37300,-600,400,"sd","10:32:29",855800
37300,-600,600,"sd","10:32:29",855400
37300,-600,1000,"sd","10:32:29",854800
37300,-600,1000,"sd","10:32:26",853800
37300,-600,1000,"sd","10:32:24",852800
37300,-600,1000,"sd","10:32:16",851800
37300,-600,1500,"sd","10:31:50",850800
37300,-600,200,"sd","10:31:21",849300
37300,-600,100,"sd","10:31:18",849100
37300,-600,100,"sd","10:31:04",849000
37300,-600,2500,"sd","10:30:55",848900
37300,-600,100,"sd","10:30:55",846400
37300,-600,1000,"sd","10:30:55",846300
37300,-600,900,"sd","10:30:55",845300
37300,-600,100,"bu","10:30:55",844400
37300,-600,100,"bu","10:30:15",844300
37300,-600,400,"bu","10:29:54",844200
37300,-600,500,"bu","10:29:54",843800
37300,-600,100,"bu","10:29:54",843300
37250,-650,200,"sd","10:29:44",843200
37250,-650,200,"sd","10:29:44",843000
37300,-600,1400,"bu","10:29:43",842800
37300,-600,2000,"bu","10:29:43",841400
37300,-600,200,"bu","10:29:43",839400
37300,-600,5000,"bu","10:29:43",839200
37300,-600,5000,"bu","10:29:43",834200
37300,-600,500,"bu","10:29:43",829200
37300,-600,900,"bu","10:29:43",828700
37250,-650,100,"sd","10:29:38",827800
37250,-650,200,"sd","10:29:38",827700
37250,-650,300,"sd","10:29:34",827500
37250,-650,200,"sd","10:29:29",827200
37250,-650,500,"sd","10:29:29",827000
37250,-650,300,"sd","10:29:29",826500
37250,-650,200,"sd","10:29:27",826200
37250,-650,200,"sd","10:29:27",826000
37250,-650,300,"sd","10:29:27",825800
37250,-650,500,"sd","10:29:27",825500
37250,-650,100,"sd","10:29:27",825000
37250,-650,100,"sd","10:29:27",824900
37250,-650,200,"sd","10:29:27",824800
37250,-650,500,"sd","10:29:27",824600
37250,-650,200,"sd","10:29:27",824100
37250,-650,100,"sd","10:29:27",823900
37250,-650,7600,"sd","10:29:27",823800
37250,-650,600,"sd","10:29:24",816200
37250,-650,20000,"sd","10:29:14",815600
37250,-650,500,"sd","10:29:02",795600
37250,-650,500,"sd","10:28:46",795100
37300,-600,600,"sd","10:28:25",794600
37300,-600,400,"bu","10:28:24",794000
37250,-650,800,"sd","10:28:14",793600
37250,-650,700,"sd","10:28:14",792800
37300,-600,600,"bu","10:28:05",792100
37300,-600,400,"bu","10:28:05",791500
37300,-600,200,"sd","10:28:04",791100
37300,-600,20000,"sd","10:28:04",790900
37300,-600,500,"sd","10:28:04",770900
37300,-600,600,"sd","10:28:04",770400
37300,-600,300,"sd","10:28:04",769800
37300,-600,100,"sd","10:28:04",769500
37300,-600,1000,"sd","10:28:04",769400
37300,-600,800,"sd","10:28:04",768400
37300,-600,20000,"sd","10:28:04",767600
37300,-600,500,"sd","10:28:04",747600
37300,-600,200,"sd","10:28:04",747100
37300,-600,100,"sd","10:28:04",746900
37300,-600,100,"sd","10:28:04",746800
37300,-600,5200,"sd","10:28:04",746700
37350,-550,100,"bu","10:28:03",741500
37350,-550,300,"bu","10:27:03",741400
37300,-600,1000,"sd","10:26:56",741100
37300,-600,600,"sd","10:26:54",740100
37300,-600,20000,"sd","10:26:49",739500
37300,-600,200,"sd","10:26:30",719500
37300,-600,100,"sd","10:25:54",719300
37350,-550,1000,"bu","10:25:47",719200
37350,-550,1000,"bu","10:25:47",718200
37350,-550,100,"bu","10:25:47",717200
37350,-550,100,"bu","10:25:47",717100
37350,-550,1900,"bu","10:25:47",717000
37350,-550,100,"sd","10:25:47",715100
37350,-550,100,"sd","10:25:44",715000
37350,-550,5000,"sd","10:25:44",714900
37350,-550,900,"sd","10:25:26",709900
37350,-550,300,"sd","10:25:04",709000
37350,-550,10000,"sd","10:24:58",708700
37350,-550,1000,"sd","10:24:36",698700
37350,-550,400,"sd","10:23:52",697700
37400,-500,100,"bu","10:23:31",697300
37400,-500,100,"bu","10:23:12",697200
37400,-500,500,"bu","10:22:45",697100
37350,-550,100,"sd","10:22:44",696600
37350,-550,300,"sd","10:22:43",696500
37400,-500,2000,"bu","10:22:36",696200
37400,-500,100,"bu","10:22:36",694200
