"price","change","match_qtty","side","time","total_vol"
33.45,1.15,24000,"unknown","14:45:02",1534100
33.45,1.15,100,"sd","14:29:57",1510100
33.45,1.15,500,"sd","14:29:45",1510000
33.45,1.15,1000,"sd","14:29:09",1509500
33.5,1.2,1000,"bu","14:29:05",1508500
33.45,1.15,200,"sd","14:29:02",1507500
33.45,1.15,300,"sd","14:29:02",1507300
33.5,1.2,100,"sd","14:28:31",1507000
33.5,1.2,1300,"sd","14:28:31",1506900
33.5,1.2,1400,"sd","14:28:31",1505600
33.5,1.2,1000,"sd","14:28:25",1504200
33.5,1.2,1100,"sd","14:28:16",1503200
33.55,1.25,100,"bu","14:28:00",1502100
33.5,1.2,400,"sd","14:27:50",1502000
33.5,1.2,500,"sd","14:27:26",1501600
33.5,1.2,600,"sd","14:27:21",1501100
33.5,1.2,3400,"sd","14:27:21",1500500
33.5,1.2,400,"sd","14:27:20",1497100
33.55,1.25,400,"bu","14:27:18",1496700
33.5,1.2,4100,"sd","14:26:54",1496300
33.5,1.2,1000,"sd","14:26:52",1492200
33.5,1.2,3000,"sd","14:26:31",1491200
33.5,1.2,1000,"sd","14:26:19",1488200
33.55,1.25,5400,"bu","14:25:46",1487200
33.55,1.25,1000,"bu","14:25:46",1481800
33.55,1.25,500,"bu","14:25:46",1480800
33.55,1.25,2000,"bu","14:25:46",1480300
33.55,1.25,1000,"bu","14:25:46",1478300
33.55,1.25,100,"bu","14:25:46",1477300
33.55,1.25,900,"bu","14:25:12",1477200
33.55,1.25,100,"bu","14:25:12",1476300
33.55,1.25,2500,"bu","14:25:12",1476200
33.55,1.25,100,"bu","14:25:05",1473700
33.55,1.25,300,"bu","14:24:28",1473600
33.55,1.25,100,"bu","14:23:49",1473300
33.55,1.25,5800,"bu","14:23:46",1473200
33.55,1.25,200,"bu","14:23:46",1467400
33.5,1.2,100,"sd","14:23:27",1467200
33.5,1.2,500,"sd","14:23:16",1467100
33.5,1.2,500,"sd","14:21:28",1466600
33.5,1.2,100,"bu","14:21:22",1466100
33.5,1.2,2000,"bu","14:21:22",1466000
33.5,1.2,1000,"bu","14:21:22",1464000
33.5,1.2,300,"bu","14:21:22",1463000
33.5,1.2,500,"bu","14:21:22",1462700
33.5,1.2,500,"bu","14:21:11",1462200
33.5,1.2,100,"bu","14:21:11",1461700
33.5,1.2,4000,"bu","14:21:11",1461600
33.5,1.2,1000,"bu","14:21:11",1457600
33.5,1.2,100,"bu","14:21:11",1456600
33.5,1.2,400,"bu","14:21:11",1456500
33.5,1.2,300,"bu","14:21:11",1456100
33.5,1.2,100,"bu","14:21:11",1455800
33.5,1.2,300,"bu","14:21:11",1455700
33.5,1.2,100,"bu","14:21:11",1455400
33.5,1.2,500,"bu","14:21:11",1455300
33.5,1.2,2600,"bu","14:21:11",1454800
33.45,1.15,500,"sd","14:21:11",1452200
33.5,1.2,1500,"bu","14:20:48",1451700
33.45,1.15,900,"sd","14:18:35",1450200
33.45,1.15,100,"sd","14:18:35",1449300
33.5,1.2,1000,"bu","14:18:34",1449200
33.45,1.15,1000,"bu","14:17:56",1448200
33.45,1.15,100,"bu","14:17:56",1447200
33.45,1.15,1000,"bu","14:17:56",1447100
33.45,1.15,1000,"bu","14:17:56",1446100
33.45,1.15,1000,"bu","14:17:56",1445100
33.4,1.1,2000,"sd","14:17:30",1444100
33.4,1.1,300,"sd","14:17:24",1442100
33.4,1.1,200,"sd","14:17:23",1441800
33.4,1.1,100,"sd","14:16:58",1441600
33.4,1.1,500,"sd","14:16:52",1441500
33.4,1.1,500,"sd","14:16:52",1441000
33.4,1.1,1000,"sd","14:16:37",1440500
33.4,1.1,500,"sd","14:16:37",1439500
33.4,1.1,500,"sd","14:16:20",1439000
33.4,1.1,1000,"sd","14:16:15",1438500
33.4,1.1,400,"bu","14:16:15",1437500
33.4,1.1,100,"bu","14:16:15",1437100
33.4,1.1,200,"bu","14:16:15",1437000
33.4,1.1,5000,"bu","14:16:15",1436800
33.35,1.05,500,"sd","14:16:12",1431800
33.35,1.05,1600,"bu","14:15:56",1431300
33.35,1.05,2000,"sd","14:15:41",1429700
33.35,1.05,2000,"sd","14:15:41",1427700
33.35,1.05,4400,"sd","14:15:41",1425700
33.4,1.1,100,"bu","14:15:34",1421300
33.4,1.1,1000,"bu","14:12:56",1421200
33.4,1.1,400,"bu","14:12:56",1420200
33.4,1.1,1000,"bu","14:12:56",1419800
33.4,1.1,1000,"bu","14:12:56",1418800
33.4,1.1,400,"bu","14:12:56",1417800
33.4,1.1,1200,"bu","14:12:56",1417400
33.35,1.05,600,"sd","14:12:54",1416200
33.35,1.05,100,"sd","14:12:54",1415600
33.35,1.05,300,"sd","14:12:54",1415500
33.4,1.1,100,"bu","14:12:13",1415200
33.35,1.05,500,"bu","14:12:02",1415100
33.35,1.05,1000,"sd","14:10:52",1414600
33.35,1.05,1000,"bu","14:10:02",1413600
33.35,1.05,100,"bu","14:10:02",1412600
33.3,1,400,"sd","14:10:00",1412500
33.3,1,100,"sd","14:10:00",1412100
33.3,1,500,"sd","14:10:00",1412000
33.3,1,600,"sd","14:09:42",1411500
33.3,1,400,"sd","14:09:42",1410900
33.35,1.05,200,"sd","14:09:25",1410500
33.35,1.05,200,"sd","14:09:14",1410300
33.35,1.05,200,"sd","14:09:02",1410100
33.35,1.05,100,"sd","14:08:49",1409900
33.35,1.05,1000,"sd","14:08:24",1409800
33.4,1.1,100,"sd","14:07:06",1408800
33.4,1.1,1600,"sd","14:07:06",1408700
33.4,1.1,400,"sd","14:06:55",1407100
33.4,1.1,300,"sd","14:06:55",1406700
33.4,1.1,600,"sd","14:06:55",1406400
33.4,1.1,700,"sd","14:06:55",1405800
33.45,1.15,300,"bu","14:06:50",1405100
33.45,1.15,1000,"bu","14:06:50",1404800
33.45,1.15,500,"bu","14:06:50",1403800
33.4,1.1,1000,"sd","14:06:43",1403300
33.4,1.1,500,"sd","14:06:43",1402300
33.4,1.1,100,"sd","14:06:29",1401800
33.4,1.1,100,"sd","14:05:54",1401700
33.4,1.1,2000,"sd","14:05:54",1401600
33.4,1.1,2700,"sd","14:05:54",1399600
33.4,1.1,100,"sd","14:05:54",1396900
33.4,1.1,100,"sd","14:05:54",1396800
33.4,1.1,600,"sd","14:05:51",1396700
33.4,1.1,1000,"sd","14:03:28",1396100
33.4,1.1,1000,"sd","14:02:30",1395100
33.45,1.15,100,"bu","14:01:36",1394100
33.45,1.15,300,"bu","14:01:14",1394000
33.4,1.1,400,"sd","13:59:05",1393700
33.4,1.1,100,"sd","13:59:05",1393300
33.45,1.15,600,"bu","13:58:36",1393200
33.45,1.15,400,"bu","13:58:36",1392600
33.45,1.15,600,"sd","13:56:55",1392200
33.45,1.15,500,"sd","13:56:17",1391600
33.45,1.15,900,"sd","13:56:17",1391100
33.45,1.15,200,"bu","13:55:37",1390200
33.45,1.15,800,"bu","13:55:35",1390000
33.45,1.15,100,"bu","13:54:49",1389200
33.45,1.15,500,"bu","13:54:49",1389100
33.45,1.15,400,"bu","13:54:49",1388600
33.4,1.1,1000,"bu","13:53:20",1388200
33.4,1.1,200,"bu","13:53:20",1387200
33.35,1.05,400,"bu","13:52:12",1387000
33.35,1.05,500,"bu","13:51:56",1386600
33.35,1.05,100,"bu","13:51:46",1386100
33.35,1.05,200,"bu","13:51:46",1386000
33.35,1.05,100,"bu","13:51:36",1385800
33.35,1.05,700,"bu","13:51:25",1385700
33.35,1.05,200,"bu","13:50:42",1385000
33.35,1.05,200,"bu","13:50:39",1384800
33.35,1.05,200,"bu","13:49:04",1384600
33.3,1,100,"sd","13:48:47",1384400
33.35,1.05,1700,"sd","13:48:17",1384300
33.35,1.05,500,"sd","13:48:17",1382600
33.35,1.05,100,"sd","13:47:52",1382100
33.35,1.05,200,"sd","13:46:53",1382000
33.35,1.05,800,"sd","13:45:03",1381800
33.35,1.05,400,"sd","13:45:03",1381000
33.4,1.1,800,"sd","13:45:03",1380600
33.45,1.15,100,"bu","13:44:26",1379800
33.45,1.15,1000,"bu","13:44:26",1379700
33.45,1.15,1300,"bu","13:44:26",1378700
33.4,1.1,200,"sd","13:43:52",1377400
33.45,1.15,500,"bu","13:43:40",1377200
33.4,1.1,200,"bu","13:43:14",1376700
33.4,1.1,800,"bu","13:42:45",1376500
33.4,1.1,1200,"bu","13:42:45",1375700
33.4,1.1,800,"sd","13:41:02",1374500
33.4,1.1,200,"bu","13:40:40",1373700
33.4,1.1,1200,"unknown","13:40:02",1373500
33.4,1.1,800,"unknown","13:40:02",1372300
33.4,1.1,1000,"sd","13:39:44",1371500
33.4,1.1,100,"sd","13:36:36",1370500
33.4,1.1,100,"sd","13:35:54",1370400
33.4,1.1,300,"sd","13:35:48",1370300
33.4,1.1,200,"bu","13:35:41",1370000
33.4,1.1,400,"bu","13:35:29",1369800
33.4,1.1,2000,"bu","13:35:29",1369400
33.4,1.1,2100,"bu","13:35:29",1367400
33.4,1.1,2000,"bu","13:34:29",1365300
33.4,1.1,2500,"bu","13:32:31",1363300
33.4,1.1,400,"sd","13:32:30",1360800
33.4,1.1,1000,"bu","13:32:04",1360400
33.4,1.1,1600,"bu","13:32:04",1359400
33.4,1.1,100,"bu","13:31:42",1357800
33.35,1.05,100,"sd","13:31:28",1357700
33.35,1.05,100,"sd","13:31:28",1357600
33.35,1.05,100,"sd","13:30:55",1357500
33.4,1.1,300,"bu","13:30:29",1357400
33.4,1.1,100,"bu","13:30:29",1357100
33.4,1.1,500,"bu","13:30:29",1357000
33.4,1.1,100,"bu","13:30:29",1356500
33.4,1.1,2000,"bu","13:30:29",1356400
33.4,1.1,2000,"bu","13:30:29",1354400
33.35,1.05,300,"bu","13:30:08",1352400
33.35,1.05,200,"bu","13:29:58",1352100
33.35,1.05,300,"bu","13:29:58",1351900
33.3,1,900,"bu","13:28:32",1351600
33.3,1,800,"bu","13:28:32",1350700
33.25,0.95,500,"sd","13:28:12",1349900
33.3,1,200,"bu","13:28:12",1349400
33.3,1,100,"bu","13:28:12",1349200
33.25,0.95,200,"sd","13:27:57",1349100
33.25,0.95,5000,"sd","13:26:48",1348900
33.25,0.95,100,"bu","13:26:35",1343900
33.25,0.95,400,"bu","13:26:24",1343800
33.25,0.95,600,"bu","13:26:24",1343400
33.25,0.95,1400,"sd","13:25:38",1342800
33.25,0.95,100,"sd","13:24:36",1341400
33.25,0.95,900,"sd","13:24:36",1341300
33.25,0.95,200,"sd","13:24:36",1340400
33.25,0.95,1700,"sd","13:24:31",1340200
33.25,0.95,100,"sd","13:24:15",1338500
33.25,0.95,2000,"sd","13:23:11",1338400
33.25,0.95,5000,"sd","13:22:57",1336400
33.25,0.95,1000,"sd","13:22:50",1331400
33.25,0.95,100,"sd","13:21:10",1330400
33.25,0.95,1500,"sd","13:20:42",1330300
33.25,0.95,2200,"sd","13:19:55",1328800
33.25,0.95,200,"sd","13:19:55",1326600
33.25,0.95,500,"sd","13:19:55",1326400
33.25,0.95,5000,"sd","13:19:55",1325900
33.25,0.95,100,"sd","13:19:55",1320900
33.3,1,1000,"unknown","13:19:55",1320800
33.3,1,100,"sd","13:19:55",1319800
33.3,1,500,"sd","13:19:55",1319700
33.3,1,100,"sd","13:19:55",1319200
33.3,1,300,"sd","13:19:55",1319100
33.3,1,700,"sd","13:16:50",1318800
33.3,1,100,"sd","13:16:50",1318100
33.3,1,100,"sd","13:16:50",1318000
33.3,1,200,"sd","13:16:50",1317900
33.3,1,300,"sd","13:16:50",1317700
33.3,1,100,"sd","13:16:50",1317400
33.3,1,200,"sd","13:16:50",1317300
33.3,1,200,"sd","13:16:50",1317100
33.3,1,100,"sd","13:16:50",1316900
33.3,1,100,"sd","13:16:14",1316800
33.3,1,100,"sd","13:16:14",1316700
33.3,1,2000,"sd","13:16:14",1316600
33.3,1,400,"sd","13:16:14",1314600
33.3,1,2000,"sd","13:16:14",1314200
33.3,1,400,"sd","13:16:14",1312200
33.3,1,100,"sd","13:16:14",1311800
33.3,1,4000,"sd","13:16:14",1311700
33.3,1,600,"sd","13:16:14",1307700
33.35,1.05,100,"sd","13:16:14",1307100
33.35,1.05,1000,"sd","13:16:14",1307000
33.35,1.05,100,"sd","13:16:14",1306000
33.35,1.05,100,"sd","13:16:14",1305900
33.35,1.05,200,"sd","13:14:25",1305800
33.4,1.1,1000,"bu","13:14:10",1305600
33.4,1.1,100,"bu","13:13:52",1304600
33.4,1.1,900,"bu","13:12:13",1304500
33.4,1.1,300,"bu","13:12:13",1303600
33.4,1.1,3000,"bu","13:11:46",1303300
33.4,1.1,500,"bu","13:11:46",1300300
33.4,1.1,1500,"bu","13:11:46",1299800
33.35,1.05,500,"bu","13:10:25",1298300
33.35,1.05,500,"bu","13:10:10",1297800
33.35,1.05,200,"sd","13:07:44",1297300
33.35,1.05,1800,"sd","13:07:37",1297100
33.35,1.05,100,"sd","13:07:37",1295300
33.35,1.05,500,"sd","13:07:37",1295200
33.35,1.05,200,"sd","13:07:37",1294700
33.35,1.05,400,"sd","13:07:37",1294500
33.35,1.05,1000,"sd","13:07:12",1294100
33.35,1.05,100,"sd","13:06:34",1293100
33.35,1.05,200,"sd","13:04:35",1293000
33.35,1.05,300,"sd","13:04:35",1292800
33.35,1.05,100,"sd","13:04:35",1292500
33.35,1.05,200,"sd","13:04:35",1292400
33.35,1.05,100,"sd","13:03:59",1292200
33.35,1.05,300,"sd","13:03:28",1292100
33.35,1.05,400,"sd","13:02:58",1291800
33.35,1.05,500,"sd","13:02:58",1291400
33.4,1.1,400,"bu","13:02:05",1290900
33.4,1.1,300,"bu","13:02:05",1290500
33.4,1.1,300,"bu","13:02:05",1290200
33.35,1.05,3500,"sd","13:02:00",1289900
33.35,1.05,500,"sd","13:02:00",1286400
33.35,1.05,300,"sd","13:02:00",1285900
33.35,1.05,700,"sd","13:02:00",1285600
33.35,1.05,600,"sd","13:01:48",1284900
33.35,1.05,100,"sd","13:01:35",1284300
33.4,1.1,100,"sd","13:00:21",1284200
33.4,1.1,100,"sd","13:00:21",1284100
33.4,1.1,200,"sd","13:00:18",1284000
33.4,1.1,100,"sd","13:00:16",1283800
33.4,1.1,200,"sd","13:00:16",1283700
33.4,1.1,200,"sd","13:00:16",1283500
33.4,1.1,200,"sd","13:00:16",1283300
33.4,1.1,300,"sd","13:00:16",1283100
33.4,1.1,700,"sd","13:00:16",1282800
33.4,1.1,100,"sd","13:00:16",1282100
33.4,1.1,200,"sd","13:00:16",1282000
33.4,1.1,100,"sd","13:00:10",1281800
33.4,1.1,800,"sd","13:00:09",1281700
33.4,1.1,300,"sd","13:00:09",1280900
33.4,1.1,100,"sd","13:00:08",1280600
33.4,1.1,100,"sd","13:00:02",1280500
33.45,1.15,200,"bu","13:00:01",1280400
33.4,1.1,1000,"sd","11:29:39",1280200
33.4,1.1,100,"sd","11:29:20",1279200
33.45,1.15,1000,"sd","11:27:45",1279100
33.45,1.15,6000,"bu","11:26:47",1278100
33.5,1.2,4900,"sd","11:24:54",1272100
33.5,1.2,1000,"bu","11:23:44",1267200
33.5,1.2,200,"bu","11:23:44",1266200
33.5,1.2,100,"bu","11:23:44",1266000
33.5,1.2,300,"bu","11:23:44",1265900
33.5,1.2,500,"bu","11:23:44",1265600
33.5,1.2,1000,"bu","11:23:44",1265100
33.5,1.2,500,"bu","11:23:44",1264100
33.5,1.2,500,"bu","11:23:44",1263600
33.5,1.2,1000,"bu","11:23:44",1263100
33.4,1.1,100,"bu","11:22:39",1262100
33.4,1.1,2200,"bu","11:22:39",1262000
33.4,1.1,800,"bu","11:22:20",1259800
33.4,1.1,200,"bu","11:22:20",1259000
33.4,1.1,100,"bu","11:21:11",1258800
33.4,1.1,1000,"bu","11:21:11",1258700
33.4,1.1,900,"bu","11:21:11",1257700
33.35,1.05,100,"sd","11:16:48",1256800
33.35,1.05,200,"sd","11:15:25",1256700
33.35,1.05,800,"sd","11:15:25",1256500
33.35,1.05,300,"bu","11:14:54",1255700
33.35,1.05,2200,"bu","11:14:54",1255400
33.35,1.05,1000,"bu","11:14:54",1253200
33.35,1.05,700,"bu","11:14:54",1252200
33.35,1.05,200,"bu","11:14:23",1251500
33.3,1,300,"sd","11:14:19",1251300
33.3,1,3000,"sd","11:14:06",1251000
33.3,1,100,"sd","11:13:46",1248000
33.3,1,500,"sd","11:13:46",1247900
33.3,1,4400,"sd","11:13:46",1247400
33.3,1,400,"sd","11:13:38",1243000
33.3,1,200,"sd","11:12:33",1242600
33.3,1,300,"sd","11:12:33",1242400
33.3,1,300,"sd","11:12:20",1242100
33.3,1,1000,"sd","11:12:19",1241800
33.3,1,3000,"sd","11:11:57",1240800
33.3,1,400,"sd","11:10:44",1237800
33.35,1.05,100,"bu","11:10:37",1237400
33.35,1.05,500,"bu","11:09:26",1237300
33.35,1.05,1000,"sd","11:09:25",1236800
33.35,1.05,1000,"sd","11:09:22",1235800
33.35,1.05,700,"sd","11:09:22",1234800
33.35,1.05,2000,"sd","11:09:08",1234100
33.35,1.05,2000,"sd","11:08:51",1232100
33.35,1.05,300,"sd","11:08:34",1230100
33.35,1.05,500,"sd","11:08:34",1229800
33.35,1.05,1700,"sd","11:08:34",1229300
33.35,1.05,300,"sd","11:08:12",1227600
33.35,1.05,200,"sd","11:08:12",1227300
33.35,1.05,1000,"sd","11:07:26",1227100
33.35,1.05,800,"sd","11:07:17",1226100
33.35,1.05,100,"sd","11:07:17",1225300
33.35,1.05,100,"sd","11:07:17",1225200
33.35,1.05,200,"sd","11:07:17",1225100
33.35,1.05,100,"sd","11:07:17",1224900
33.35,1.05,1000,"sd","11:06:51",1224800
33.4,1.1,100,"bu","11:06:45",1223800
33.4,1.1,600,"bu","11:06:45",1223700
33.4,1.1,100,"bu","11:06:03",1223100
33.4,1.1,500,"sd","11:05:04",1223000
33.4,1.1,300,"sd","11:05:04",1222500
33.4,1.1,1000,"sd","11:05:04",1222200
33.4,1.1,1000,"sd","11:05:04",1221200
33.4,1.1,300,"sd","11:05:01",1220200
33.4,1.1,700,"sd","11:04:40",1219900
33.4,1.1,300,"sd","11:04:40",1219200
33.4,1.1,200,"sd","11:04:33",1218900
33.4,1.1,2000,"sd","11:04:33",1218700
33.4,1.1,100,"sd","11:04:33",1216700
33.4,1.1,100,"sd","11:04:33",1216600
33.4,1.1,200,"sd","11:04:33",1216500
33.4,1.1,6400,"sd","11:04:33",1216300
33.4,1.1,1000,"sd","11:04:33",1209900
33.45,1.15,1000,"bu","11:01:29",1208900
33.4,1.1,200,"sd","11:00:15",1207900
33.45,1.15,100,"unknown","10:58:43",1207700
33.45,1.15,400,"unknown","10:58:43",1207600
33.45,1.15,400,"sd","10:57:39",1207200
33.45,1.15,1000,"sd","10:57:28",1206800
33.45,1.15,200,"bu","10:57:23",1205800
33.45,1.15,400,"bu","10:56:45",1205600
33.45,1.15,2000,"bu","10:56:19",1205200
33.45,1.15,1000,"sd","10:56:15",1203200
33.45,1.15,500,"sd","10:56:15",1202200
33.45,1.15,200,"sd","10:56:15",1201700
33.45,1.15,500,"sd","10:56:15",1201500
33.45,1.15,200,"sd","10:56:15",1201000
33.45,1.15,100,"sd","10:56:10",1200800
33.45,1.15,2000,"sd","10:56:10",1200700
33.45,1.15,100,"sd","10:56:10",1198700
33.45,1.15,200,"sd","10:56:10",1198600
33.45,1.15,100,"sd","10:56:10",1198400
33.5,1.2,300,"bu","10:55:55",1198300
33.5,1.2,300,"bu","10:55:55",1198000
33.5,1.2,500,"bu","10:55:55",1197700
33.5,1.2,300,"bu","10:55:55",1197200
33.5,1.2,1600,"bu","10:55:55",1196900
33.5,1.2,1000,"bu","10:54:37",1195300
33.5,1.2,200,"bu","10:53:53",1194300
33.5,1.2,100,"bu","10:51:23",1194100
33.45,1.15,300,"sd","10:49:50",1194000
33.45,1.15,1500,"sd","10:49:50",1193700
33.45,1.15,600,"sd","10:49:39",1192200
33.5,1.2,100,"bu","10:48:41",1191600
33.5,1.2,2000,"bu","10:48:19",1191500
33.5,1.2,200,"sd","10:47:07",1189500
33.5,1.2,1300,"sd","10:47:04",1189300
33.5,1.2,2200,"sd","10:47:04",1188000
33.55,1.25,2000,"bu","10:46:24",1185800
33.5,1.2,1000,"sd","10:44:13",1183800
33.5,1.2,1800,"sd","10:43:29",1182800
33.5,1.2,200,"sd","10:43:29",1181000
33.55,1.25,100,"bu","10:43:17",1180800
33.55,1.25,1700,"bu","10:42:36",1180700
33.55,1.25,1000,"bu","10:42:36",1179000
33.55,1.25,3000,"bu","10:42:36",1178000
33.55,1.25,2300,"bu","10:42:36",1175000
33.55,1.25,500,"bu","10:42:33",1172700
33.5,1.2,300,"sd","10:41:57",1172200
33.5,1.2,200,"sd","10:41:57",1171900
33.5,1.2,100,"sd","10:41:57",1171700
33.5,1.2,1400,"sd","10:41:57",1171600
33.5,1.2,600,"sd","10:41:57",1170200
33.5,1.2,100,"sd","10:41:57",1169600
33.5,1.2,1300,"sd","10:41:57",1169500
33.5,1.2,700,"bu","10:40:50",1168200
33.5,1.2,300,"bu","10:40:46",1167500
33.5,1.2,2000,"bu","10:40:46",1167200
33.5,1.2,200,"bu","10:40:46",1165200
33.5,1.2,1000,"bu","10:40:46",1165000
33.5,1.2,500,"bu","10:40:46",1164000
33.5,1.2,1000,"bu","10:40:46",1163500
33.5,1.2,300,"bu","10:40:39",1162500
33.45,1.15,500,"sd","10:40:39",1162200
33.5,1.2,500,"bu","10:40:22",1161700
33.5,1.2,800,"bu","10:40:12",1161200
33.5,1.2,200,"bu","10:40:08",1160400
33.5,1.2,200,"bu","10:39:59",1160200
33.5,1.2,1000,"bu","10:39:36",1160000
33.5,1.2,3000,"bu","10:38:06",1159000
33.5,1.2,800,"bu","10:37:31",1156000
33.5,1.2,1000,"bu","10:37:30",1155200
33.45,1.15,500,"sd","10:37:16",1154200
33.5,1.2,200,"bu","10:37:00",1153700
33.5,1.2,200,"bu","10:35:45",1153500
33.45,1.15,300,"sd","10:35:35",1153300
33.45,1.15,1600,"bu","10:34:52",1153000
33.45,1.15,200,"sd","10:34:06",1151400
33.45,1.15,2000,"sd","10:34:06",1151200
33.45,1.15,200,"sd","10:34:06",1149200
33.45,1.15,100,"sd","10:34:06",1149000
33.45,1.15,900,"sd","10:34:06",1148900
33.5,1.2,100,"bu","10:34:05",1148000
33.5,1.2,1000,"bu","10:33:47",1147900
33.5,1.2,100,"bu","10:33:47",1146900
33.5,1.2,500,"sd","10:32:27",1146800
33.5,1.2,2700,"sd","10:32:27",1146300
33.55,1.25,500,"bu","10:30:25",1143600
33.5,1.2,400,"sd","10:29:59",1143100
33.5,1.2,500,"sd","10:28:51",1142700
33.5,1.2,1000,"sd","10:28:42",1142200
33.55,1.25,100,"bu","10:27:12",1141200
33.55,1.25,100,"bu","10:26:02",1141100
33.55,1.25,500,"bu","10:25:25",1141000
33.55,1.25,100,"bu","10:25:25",1140500
33.5,1.2,300,"sd","10:25:19",1140400
33.5,1.2,1300,"sd","10:25:07",1140100
33.5,1.2,2000,"bu","10:24:42",1138800
33.5,1.2,800,"bu","10:24:42",1136800
33.5,1.2,1000,"bu","10:24:42",1136000
33.5,1.2,200,"bu","10:23:31",1135000
33.5,1.2,400,"bu","10:22:47",1134800
33.5,1.2,100,"bu","10:22:03",1134400
33.45,1.15,100,"sd","10:21:39",1134300
33.5,1.2,300,"sd","10:21:29",1134200
33.5,1.2,1000,"sd","10:21:29",1133900
33.5,1.2,1500,"sd","10:21:29",1132900
33.5,1.2,100,"sd","10:21:29",1131400
33.5,1.2,1400,"sd","10:21:29",1131300
33.55,1.25,300,"bu","10:20:58",1129900
33.55,1.25,100,"bu","10:19:24",1129600
33.5,1.2,600,"sd","10:19:13",1129500
33.5,1.2,500,"sd","10:19:13",1128900
33.5,1.2,900,"sd","10:19:13",1128400
33.5,1.2,100,"sd","10:18:49",1127500
33.5,1.2,200,"sd","10:18:49",1127400
33.5,1.2,3000,"bu","10:18:13",1127200
33.5,1.2,3600,"bu","10:18:13",1124200
33.5,1.2,1400,"bu","10:18:09",1120600
33.5,1.2,3000,"bu","10:18:09",1119200
33.5,1.2,5600,"bu","10:18:09",1116200
33.5,1.2,4300,"bu","10:17:54",1110600
33.5,1.2,4800,"bu","10:17:54",1106300
33.45,1.15,400,"bu","10:17:54",1101500
33.45,1.15,500,"bu","10:17:54",1101100
33.45,1.15,500,"bu","10:17:53",1100600
33.45,1.15,2000,"bu","10:17:31",1100100
33.4,1.1,3400,"bu","10:17:05",1098100
33.4,1.1,2000,"bu","10:16:49",1094700
33.4,1.1,100,"bu","10:16:14",1092700
33.4,1.1,500,"sd","10:15:56",1092600
33.4,1.1,500,"sd","10:15:56",1092100
33.4,1.1,500,"sd","10:15:56",1091600
33.4,1.1,100,"sd","10:15:56",1091100
33.4,1.1,1000,"sd","10:15:56",1091000
33.4,1.1,1000,"sd","10:15:56",1090000
33.4,1.1,900,"sd","10:15:56",1089000
33.4,1.1,10000,"sd","10:15:52",1088100
33.55,1.25,2000,"bu","10:15:24",1078100
33.45,1.15,100,"bu","10:15:06",1076100
33.45,1.15,400,"sd","10:14:52",1076000
33.45,1.15,1000,"sd","10:14:52",1075600
33.45,1.15,300,"sd","10:14:52",1074600
33.45,1.15,400,"sd","10:14:52",1074300
33.45,1.15,1000,"sd","10:14:52",1073900
33.45,1.15,600,"sd","10:14:52",1072900
33.45,1.15,2200,"sd","10:14:52",1072300
33.45,1.15,400,"sd","10:14:50",1070100
33.45,1.15,200,"sd","10:14:43",1069700
33.45,1.15,200,"sd","10:14:34",1069500
33.45,1.15,1000,"sd","10:13:34",1069300
33.45,1.15,1000,"sd","10:12:45",1068300
33.45,1.15,1000,"sd","10:12:45",1067300
33.5,1.2,1000,"sd","10:12:45",1066300
33.5,1.2,1000,"bu","10:12:03",1065300
33.5,1.2,1000,"bu","10:11:57",1064300
33.5,1.2,200,"bu","10:11:57",1063300
33.5,1.2,100,"bu","10:11:57",1063100
33.5,1.2,100,"bu","10:11:57",1063000
33.5,1.2,4600,"bu","10:11:57",1062900
33.5,1.2,200,"bu","10:11:47",1058300
33.5,1.2,200,"bu","10:10:47",1058100
33.5,1.2,100,"bu","10:10:47",1057900
33.5,1.2,1700,"bu","10:10:47",1057800
33.5,1.2,1000,"bu","10:10:38",1056100
33.5,1.2,100,"bu","10:10:27",1055100
33.5,1.2,200,"bu","10:10:23",1055000
33.5,1.2,1000,"bu","10:10:13",1054800
33.4,1.1,1000,"sd","10:09:47",1053800
33.4,1.1,6100,"sd","10:09:31",1052800
33.4,1.1,1000,"sd","10:09:31",1046700
33.4,1.1,5000,"sd","10:09:31",1045700
33.4,1.1,5000,"sd","10:09:31",1040700
33.4,1.1,1000,"sd","10:09:31",1035700
33.4,1.1,100,"sd","10:09:31",1034700
33.4,1.1,100,"sd","10:09:31",1034600
33.4,1.1,1000,"sd","10:09:31",1034500
33.4,1.1,100,"sd","10:09:31",1033500
33.4,1.1,600,"sd","10:09:31",1033400
33.4,1.1,100,"sd","10:09:24",1032800
33.4,1.1,3000,"sd","10:09:21",1032700
33.4,1.1,300,"sd","10:09:20",1029700
33.4,1.1,1000,"sd","10:09:12",1029400
33.45,1.15,100,"bu","10:09:08",1028400
33.45,1.15,500,"sd","10:08:56",1028300
33.45,1.15,200,"sd","10:08:56",1027800
33.45,1.15,2300,"sd","10:08:56",1027600
33.45,1.15,7400,"sd","10:08:49",1025300
33.45,1.15,300,"sd","10:07:59",1017900
33.45,1.15,200,"sd","10:07:59",1017600
33.45,1.15,500,"sd","10:07:59",1017400
33.45,1.15,500,"sd","10:07:54",1016900
33.45,1.15,1000,"sd","10:07:54",1016400
33.45,1.15,500,"sd","10:07:54",1015400
33.5,1.2,100,"bu","10:07:39",1014900
33.5,1.2,100,"bu","10:07:39",1014800
33.45,1.15,2000,"sd","10:07:25",1014700
33.5,1.2,1000,"bu","10:07:22",1012700
33.5,1.2,4000,"sd","10:07:16",1011700
33.55,1.25,200,"bu","10:07:13",1007700
33.5,1.2,1000,"sd","10:06:55",1007500
33.55,1.25,500,"bu","10:06:52",1006500
33.5,1.2,200,"sd","10:06:49",1006000
33.5,1.2,800,"bu","10:06:37",1005800
33.45,1.15,700,"sd","10:06:29",1005000
33.5,1.2,200,"bu","10:06:28",1004300
33.45,1.15,200,"sd","10:06:18",1004100
33.45,1.15,2600,"sd","10:05:54",1003900
33.45,1.15,1000,"sd","10:05:54",1001300
33.45,1.15,1300,"sd","10:05:54",1000300
33.5,1.2,100,"sd","10:05:54",999000
33.5,1.2,400,"bu","10:05:51",998900
33.5,1.2,200,"sd","10:05:35",998500
33.5,1.2,2000,"sd","10:05:35",998300
33.5,1.2,100,"sd","10:05:35",996300
33.5,1.2,3000,"sd","10:05:35",996200
33.5,1.2,3000,"sd","10:05:35",993200
33.5,1.2,300,"sd","10:05:35",990200
33.5,1.2,500,"sd","10:05:35",989900
33.5,1.2,500,"sd","10:05:35",989400
33.5,1.2,100,"sd","10:05:35",988900
33.5,1.2,200,"sd","10:05:35",988800
33.5,1.2,200,"sd","10:05:35",988600
33.5,1.2,2000,"sd","10:05:35",988400
33.5,1.2,7900,"sd","10:05:35",986400
33.55,1.25,200,"sd","10:05:35",978500
33.55,1.25,500,"sd","10:05:35",978300
33.55,1.25,1400,"sd","10:05:35",977800
33.55,1.25,1000,"sd","10:05:35",976400
33.55,1.25,1000,"sd","10:05:35",975400
33.55,1.25,500,"sd","10:05:35",974400
33.6,1.3,10000,"sd","10:04:21",973900
33.6,1.3,100,"sd","10:04:21",963900
33.6,1.3,1000,"sd","10:04:21",963800
33.6,1.3,500,"sd","10:04:21",962800
33.6,1.3,100,"sd","10:04:21",962300
33.75,1.45,1800,"bu","10:04:17",962200
33.75,1.45,1000,"bu","10:04:17",960400
33.75,1.45,1500,"bu","10:04:17",959400
33.75,1.45,100,"bu","10:04:17",957900
33.7,1.4,1000,"bu","10:04:17",957800
33.7,1.4,2000,"bu","10:04:17",956800
33.7,1.4,2000,"bu","10:04:17",954800
33.7,1.4,500,"bu","10:04:17",952800
33.65,1.35,100,"bu","10:04:17",952300
33.65,1.35,200,"sd","10:04:05",952200
33.65,1.35,300,"sd","10:04:05",952000
33.65,1.35,300,"sd","10:04:05",951700
33.65,1.35,100,"sd","10:04:04",951400
33.65,1.35,100,"sd","10:03:42",951300
33.65,1.35,1000,"sd","10:03:40",951200
33.65,1.35,1000,"sd","10:03:39",950200
33.65,1.35,3000,"sd","10:02:56",949200
33.65,1.35,800,"sd","10:01:06",946200
33.65,1.35,100,"sd","10:01:06",945400
33.65,1.35,100,"sd","10:01:03",945300
33.65,1.35,300,"sd","10:00:04",945200
33.6,1.3,600,"sd","09:58:50",944900
33.6,1.3,300,"sd","09:58:10",944300
33.6,1.3,100,"sd","09:58:10",944000
33.6,1.3,200,"sd","09:57:29",943900
33.75,1.45,100,"bu","09:57:16",943700
33.75,1.45,1000,"bu","09:56:40",943600
33.75,1.45,300,"bu","09:55:45",942600
33.75,1.45,100,"bu","09:55:40",942300
33.65,1.35,200,"bu","09:55:09",942200
33.75,1.45,500,"bu","09:55:09",942000
33.75,1.45,200,"bu","09:55:09",941500
33.75,1.45,100,"bu","09:55:09",941300
33.7,1.4,300,"bu","09:55:09",941200
33.7,1.4,1300,"bu","09:55:09",940900
33.65,1.35,500,"bu","09:55:09",939600
33.6,1.3,200,"sd","09:54:58",939100
33.65,1.35,100,"bu","09:54:43",938900
33.6,1.3,1000,"bu","09:54:17",938800
33.55,1.25,5800,"sd","09:54:17",937800
33.6,1.3,3000,"sd","09:54:17",932000
33.6,1.3,500,"sd","09:54:17",929000
33.6,1.3,1000,"sd","09:54:16",928500
33.6,1.3,500,"sd","09:54:16",927500
33.6,1.3,200,"sd","09:54:16",927000
33.6,1.3,300,"sd","09:54:16",926800
33.6,1.3,1400,"sd","09:54:16",926500
33.6,1.3,1000,"sd","09:53:58",925100
33.65,1.35,1000,"sd","09:53:43",924100
33.7,1.4,500,"bu","09:53:32",923100
33.7,1.4,100,"sd","09:53:14",922600
33.7,1.4,3100,"sd","09:53:14",922500
33.7,1.4,100,"sd","09:53:07",919400
33.7,1.4,100,"bu","09:52:54",919300
33.7,1.4,3700,"bu","09:52:54",919200
33.7,1.4,100,"bu","09:51:54",915500
33.7,1.4,1200,"bu","09:51:38",915400
33.7,1.4,4400,"bu","09:51:38",914200
33.65,1.35,4900,"bu","09:51:38",909800
33.6,1.3,2600,"bu","09:51:28",904900
33.6,1.3,500,"sd","09:51:19",902300
33.6,1.3,200,"sd","09:51:19",901800
33.6,1.3,2000,"sd","09:51:19",901600
33.6,1.3,4700,"sd","09:51:19",899600
33.65,1.35,100,"bu","09:50:55",894900
33.65,1.35,300,"bu","09:50:43",894800
33.6,1.3,300,"sd","09:50:43",894500
33.65,1.35,100,"bu","09:50:41",894200
33.6,1.3,5000,"sd","09:50:09",894100
33.65,1.35,200,"sd","09:49:57",889100
33.65,1.35,300,"sd","09:49:57",888900
33.65,1.35,100,"sd","09:49:57",888600
33.65,1.35,1000,"sd","09:49:57",888500
33.65,1.35,1000,"sd","09:49:55",887500
33.7,1.4,500,"bu","09:49:54",886500
33.7,1.4,300,"bu","09:49:54",886000
33.7,1.4,2200,"bu","09:49:54",885700
33.7,1.4,200,"bu","09:49:49",883500
33.7,1.4,100,"bu","09:49:10",883300
33.7,1.4,200,"bu","09:49:10",883200
33.65,1.35,1000,"sd","09:48:58",883000
33.65,1.35,2000,"sd","09:48:55",882000
33.7,1.4,100,"bu","09:48:47",880000
33.7,1.4,500,"sd","09:48:34",879900
33.7,1.4,500,"sd","09:48:34",879400
33.7,1.4,3700,"sd","09:48:34",878900
33.75,1.45,400,"bu","09:47:44",875200
33.75,1.45,200,"bu","09:47:36",874800
33.75,1.45,200,"bu","09:47:01",874600
33.75,1.45,400,"bu","09:47:01",874400
33.75,1.45,2000,"bu","09:47:01",874000
33.7,1.4,5000,"bu","09:46:58",872000
33.7,1.4,1300,"bu","09:46:58",867000
33.7,1.4,800,"sd","09:46:50",865700
33.7,1.4,3900,"sd","09:46:50",864900
33.75,1.45,5000,"bu","09:46:42",861000
33.75,1.45,1000,"bu","09:46:00",856000
33.75,1.45,2000,"bu","09:45:53",855000
33.7,1.4,600,"sd","09:45:46",853000
33.7,1.4,500,"bu","09:45:41",852400
33.7,1.4,400,"bu","09:45:28",851900
33.7,1.4,100,"bu","09:45:01",851500
33.7,1.4,200,"bu","09:45:00",851400
33.7,1.4,500,"bu","09:45:00",851200
33.7,1.4,1200,"sd","09:45:00",850700
33.75,1.45,3600,"sd","09:45:00",849500
33.75,1.45,100,"bu","09:44:32",845900
33.75,1.45,1300,"bu","09:44:32",845800
33.75,1.45,5000,"bu","09:44:11",844500
33.75,1.45,900,"bu","09:44:10",839500
33.7,1.4,1000,"sd","09:43:37",838600
33.7,1.4,5000,"bu","09:43:31",837600
33.7,1.4,10000,"sd","09:43:21",832600
33.75,1.45,1800,"sd","09:43:21",822600
33.8,1.5,100,"sd","09:42:41",820800
33.8,1.5,4900,"bu","09:42:01",820700
33.8,1.5,100,"bu","09:41:55",815800
33.8,1.5,100,"bu","09:41:55",815700
33.6,1.3,2800,"bu","09:41:18",815600
33.6,1.3,500,"bu","09:41:09",812800
33.6,1.3,400,"bu","09:41:06",812300
33.6,1.3,1000,"bu","09:41:02",811900
33.6,1.3,500,"sd","09:40:55",810900
33.6,1.3,2200,"sd","09:40:55",810400
33.6,1.3,8400,"sd","09:40:55",808200
33.8,1.5,4200,"sd","09:40:55",799800
33.8,1.5,500,"bu","09:40:48",795600
33.8,1.5,200,"bu","09:40:48",795100
33.8,1.5,2000,"bu","09:40:48",794900
33.8,1.5,3000,"bu","09:40:48",792900
33.8,1.5,200,"bu","09:40:48",789900
33.8,1.5,2000,"bu","09:40:48",789700
33.8,1.5,2500,"bu","09:40:48",787700
33.8,1.5,2500,"bu","09:40:48",785200
33.8,1.5,1000,"bu","09:40:48",782700
33.8,1.5,100,"bu","09:40:48",781700
33.8,1.5,1400,"bu","09:40:48",781600
33.8,1.5,400,"bu","09:40:48",780200
33.6,1.3,100,"sd","09:40:48",779800
33.6,1.3,500,"sd","09:40:17",779700
33.6,1.3,1000,"bu","09:40:16",779200
33.6,1.3,100,"bu","09:40:15",778200
33.6,1.3,200,"bu","09:39:58",778100
33.5,1.2,2100,"bu","09:38:50",777900
33.5,1.2,500,"sd","09:38:37",775800
33.5,1.2,100,"sd","09:38:37",775300
33.5,1.2,100,"sd","09:38:37",775200
33.5,1.2,100,"sd","09:38:37",775100
33.5,1.2,1000,"sd","09:38:37",775000
33.5,1.2,10000,"sd","09:38:37",774000
33.5,1.2,6100,"sd","09:38:37",764000
33.6,1.3,1900,"bu","09:38:37",757900
33.55,1.25,100,"bu","09:38:37",756000
33.55,1.25,100,"bu","09:38:21",755900
33.55,1.25,500,"bu","09:38:19",755800
33.55,1.25,500,"sd","09:38:09",755300
33.55,1.25,2000,"sd","09:38:09",754800
33.55,1.25,3000,"sd","09:38:09",752800
33.55,1.25,500,"sd","09:38:09",749800
33.55,1.25,1000,"sd","09:38:09",749300
33.55,1.25,1000,"sd","09:38:09",748300
33.55,1.25,1300,"sd","09:38:09",747300
33.6,1.3,100,"bu","09:38:01",746000
33.6,1.3,1000,"sd","09:37:58",745900
33.6,1.3,6000,"sd","09:37:58",744900
33.7,1.4,300,"sd","09:37:58",738900
33.7,1.4,500,"sd","09:37:58",738600
33.8,1.5,300,"bu","09:37:57",738100
33.8,1.5,500,"bu","09:37:56",737800
33.8,1.5,200,"bu","09:37:56",737300
33.8,1.5,300,"bu","09:37:00",737100
33.7,1.4,100,"bu","09:36:41",736800
33.7,1.4,100,"bu","09:36:41",736700
33.7,1.4,1000,"bu","09:36:41",736600
33.8,1.5,1100,"bu","09:36:04",735600
33.7,1.4,500,"bu","09:36:04",734500
33.8,1.5,500,"bu","09:36:02",734000
33.8,1.5,500,"bu","09:36:02",733500
33.8,1.5,7000,"bu","09:36:02",733000
33.65,1.35,500,"sd","09:35:59",726000
33.7,1.4,100,"sd","09:35:59",725500
33.7,1.4,900,"sd","09:35:59",725400
33.55,1.25,6100,"sd","09:35:59",724500
33.6,1.3,10000,"sd","09:35:59",718400
33.6,1.3,200,"sd","09:35:59",708400
33.6,1.3,200,"sd","09:35:59",708200
33.65,1.35,2000,"sd","09:35:59",708000
33.7,1.4,100,"sd","09:35:28",706000
33.7,1.4,100,"sd","09:35:28",705900
33.8,1.5,1000,"sd","09:35:28",705800
33.8,1.5,100,"sd","09:35:28",704800
33.8,1.5,1000,"sd","09:35:28",704700
33.8,1.5,1700,"sd","09:35:28",703700
33.85,1.55,500,"sd","09:34:55",702000
33.85,1.55,700,"bu","09:34:48",701500
33.85,1.55,500,"sd","09:34:46",700800
33.85,1.55,1800,"sd","09:34:46",700300
33.9,1.6,700,"bu","09:34:39",698500
33.85,1.55,500,"sd","09:34:32",697800
33.9,1.6,100,"bu","09:34:24",697300
33.85,1.55,3000,"sd","09:34:23",697200
33.85,1.55,100,"sd","09:34:18",694200
33.85,1.55,300,"sd","09:34:17",694100
33.85,1.55,3000,"sd","09:34:15",693800
33.85,1.55,300,"bu","09:34:14",690800
33.85,1.55,1000,"bu","09:34:14",690500
33.85,1.55,500,"bu","09:34:14",689500
33.85,1.55,300,"bu","09:34:09",689000
33.85,1.55,100,"bu","09:34:05",688700
33.85,1.55,200,"bu","09:33:51",688600
33.85,1.55,100,"bu","09:33:47",688400
33.85,1.55,400,"sd","09:33:44",688300
33.9,1.6,2400,"sd","09:33:44",687900
33.9,1.6,3000,"sd","09:33:38",685500
34,1.7,100,"bu","09:33:36",682500
33.9,1.6,500,"bu","09:33:34",682400
33.9,1.6,200,"bu","09:33:34",681900
33.9,1.6,1500,"bu","09:33:34",681700
33.9,1.6,300,"bu","09:33:34",680200
33.9,1.6,100,"bu","09:33:34",679900
33.9,1.6,100,"bu","09:33:26",679800
33.85,1.55,100,"bu","09:33:22",679700
33.8,1.5,200,"bu","09:33:15",679600
33.8,1.5,100,"bu","09:33:15",679400
33.8,1.5,300,"bu","09:33:14",679300
33.7,1.4,100,"sd","09:32:48",679000
33.7,1.4,100,"sd","09:32:48",678900
33.8,1.5,300,"bu","09:32:46",678800
33.8,1.5,1000,"bu","09:32:30",678500
33.8,1.5,100,"bu","09:32:23",677500
33.8,1.5,300,"bu","09:32:23",677400
33.8,1.5,1000,"bu","09:32:23",677100
33.8,1.5,100,"bu","09:32:23",676100
33.8,1.5,500,"bu","09:32:23",676000
33.8,1.5,100,"bu","09:32:23",675500
33.8,1.5,100,"bu","09:32:19",675400
33.8,1.5,100,"bu","09:32:19",675300
33.8,1.5,1800,"bu","09:32:19",675200
33.75,1.45,100,"bu","09:31:58",673400
33.7,1.4,1000,"sd","09:31:56",673300
33.7,1.4,100,"sd","09:31:54",672300
33.7,1.4,100,"sd","09:31:53",672200
33.7,1.4,100,"sd","09:31:52",672100
33.7,1.4,300,"sd","09:31:48",672000
33.7,1.4,500,"bu","09:31:44",671700
33.7,1.4,500,"bu","09:31:44",671200
33.7,1.4,500,"bu","09:31:44",670700
33.7,1.4,100,"bu","09:31:44",670200
33.7,1.4,100,"bu","09:31:44",670100
33.7,1.4,6600,"bu","09:31:44",670000
33.7,1.4,3400,"bu","09:31:43",663400
33.7,1.4,1600,"bu","09:31:43",660000
33.55,1.25,2600,"sd","09:31:42",658400
33.55,1.25,1000,"sd","09:31:42",655800
33.6,1.3,100,"sd","09:31:27",654800
33.65,1.35,100,"unknown","09:31:16",654700
33.65,1.35,5800,"unknown","09:31:16",654600
33.7,1.4,4100,"bu","09:31:16",648800
33.6,1.3,100,"sd","09:31:04",644700
33.65,1.35,800,"bu","09:31:02",644600
33.65,1.35,1100,"bu","09:30:48",643800
33.65,1.35,100,"bu","09:30:43",642700
33.65,1.35,1000,"bu","09:30:37",642600
33.65,1.35,1200,"sd","09:30:36",641600
33.65,1.35,300,"sd","09:30:36",640400
33.65,1.35,200,"sd","09:30:30",640100
33.65,1.35,1300,"bu","09:30:30",639900
33.65,1.35,700,"bu","09:30:24",638600
33.65,1.35,300,"bu","09:30:24",637900
33.65,1.35,1400,"bu","09:30:20",637600
33.65,1.35,600,"bu","09:30:20",636200
33.65,1.35,600,"bu","09:30:15",635600
33.65,1.35,1300,"sd","09:30:04",635000
33.65,1.35,5000,"sd","09:29:55",633700
33.65,1.35,500,"sd","09:29:54",628700
33.65,1.35,200,"sd","09:29:50",628200
33.65,1.35,1800,"bu","09:29:49",628000
33.65,1.35,100,"bu","09:29:49",626200
33.65,1.35,20400,"bu","09:29:49",626100
33.55,1.25,700,"bu","09:29:49",605700
33.55,1.25,300,"bu","09:29:48",605000
33.5,1.2,10000,"sd","09:29:44",604700
33.55,1.25,10000,"bu","09:29:40",594700
33.6,1.3,4000,"bu","09:29:38",584700
33.6,1.3,3000,"sd","09:29:32",580700
33.6,1.3,3000,"bu","09:29:24",577700
33.5,1.2,100,"sd","09:29:22",574700
33.5,1.2,1000,"sd","09:29:06",574600
33.5,1.2,100,"bu","09:29:06",573600
33.5,1.2,7700,"bu","09:29:06",573500
33.5,1.2,500,"bu","09:28:58",565800
33.5,1.2,500,"bu","09:28:48",565300
33.5,1.2,1300,"sd","09:28:41",564800
33.65,1.35,4700,"bu","09:28:33",563500
33.6,1.3,5000,"bu","09:28:33",558800
33.6,1.3,300,"bu","09:28:33",553800
33.6,1.3,100,"bu","09:28:29",553500
33.5,1.2,100,"sd","09:28:28",553400
33.5,1.2,1200,"sd","09:28:28",553300
33.5,1.2,1000,"sd","09:28:27",552100
33.5,1.2,100,"sd","09:28:26",551100
33.5,1.2,1000,"sd","09:28:12",551000
33.5,1.2,600,"bu","09:28:01",550000
33.45,1.15,700,"sd","09:27:47",549400
33.45,1.15,400,"sd","09:27:47",548700
33.45,1.15,900,"sd","09:27:47",548300
33.5,1.2,1000,"bu","09:27:45",547400
33.5,1.2,200,"bu","09:27:43",546400
33.5,1.2,100,"sd","09:27:39",546200
33.5,1.2,500,"sd","09:27:39",546100
33.5,1.2,100,"sd","09:27:39",545600
33.5,1.2,100,"sd","09:27:39",545500
33.5,1.2,500,"sd","09:27:39",545400
33.5,1.2,1600,"sd","09:27:39",544900
33.55,1.25,100,"sd","09:27:39",543300
33.55,1.25,5000,"sd","09:27:39",543200
33.55,1.25,200,"sd","09:27:39",538200
33.55,1.25,100,"sd","09:27:30",538000
33.55,1.25,500,"sd","09:27:30",537900
33.55,1.25,2400,"bu","09:27:19",537400
33.55,1.25,100,"bu","09:27:17",535000
33.55,1.25,400,"bu","09:27:16",534900
33.55,1.25,3000,"bu","09:27:06",534500
33.55,1.25,500,"bu","09:27:01",531500
33.55,1.25,200,"sd","09:26:54",531000
33.55,1.25,300,"sd","09:26:47",530800
33.65,1.35,3900,"bu","09:26:46",530500
33.6,1.3,1100,"bu","09:26:46",526600
33.55,1.25,3800,"sd","09:26:46",525500
33.6,1.3,900,"sd","09:26:35",521700
33.55,1.25,200,"sd","09:26:25",520800
33.65,1.35,1000,"bu","09:26:25",520600
33.55,1.25,500,"sd","09:26:17",519600
33.55,1.25,200,"sd","09:26:17",519100
33.6,1.3,100,"sd","09:26:17",518900
33.6,1.3,200,"sd","09:26:17",518800
33.6,1.3,300,"sd","09:26:07",518600
33.6,1.3,200,"sd","09:26:07",518300
33.6,1.3,1800,"sd","09:26:03",518100
33.6,1.3,300,"sd","09:26:03",516300
33.6,1.3,1000,"sd","09:26:03",516000
33.6,1.3,500,"sd","09:26:03",515000
33.6,1.3,1000,"sd","09:26:03",514500
33.6,1.3,5400,"sd","09:26:03",513500
33.7,1.4,700,"bu","09:26:02",508100
33.6,1.3,100,"sd","09:25:48",507400
33.65,1.35,500,"bu","09:25:48",507300
33.6,1.3,100,"sd","09:25:41",506800
33.6,1.3,2000,"bu","09:25:33",506700
33.6,1.3,200,"bu","09:25:33",504700
33.6,1.3,10000,"bu","09:25:33",504500
33.6,1.3,400,"bu","09:25:33",494500
33.6,1.3,6000,"bu","09:25:33",494100
33.6,1.3,5800,"bu","09:25:33",488100
33.5,1.2,1400,"bu","09:25:17",482300
33.5,1.2,3000,"bu","09:25:16",480900
33.5,1.2,600,"bu","09:25:16",477900
33.5,1.2,100,"bu","09:25:16",477300
33.5,1.2,300,"bu","09:25:16",477200
33.5,1.2,100,"bu","09:25:14",476900
33.5,1.2,6000,"bu","09:25:11",476800
33.5,1.2,3600,"bu","09:25:10",470800
33.5,1.2,1400,"bu","09:25:10",467200
33.45,1.15,2000,"sd","09:25:06",465800
33.45,1.15,100,"sd","09:24:57",463800
33.45,1.15,200,"sd","09:24:52",463700
33.45,1.15,100,"sd","09:24:48",463500
33.45,1.15,1700,"bu","09:24:35",463400
33.4,1.1,500,"bu","09:24:25",461700
33.4,1.1,500,"bu","09:24:24",461200
33.35,1.05,5000,"bu","09:24:09",460700
33.35,1.05,200,"sd","09:24:08",455700
33.4,1.1,7300,"sd","09:24:08",455500
33.4,1.1,200,"bu","09:24:02",448200
33.4,1.1,2000,"bu","09:24:02",448000
33.4,1.1,100,"bu","09:24:02",446000
33.4,1.1,100,"bu","09:24:01",445900
33.4,1.1,300,"bu","09:24:01",445800
33.4,1.1,200,"bu","09:23:44",445500
33.4,1.1,500,"bu","09:23:39",445300
33.4,1.1,2000,"sd","09:23:29",444800
33.2,0.9,5000,"sd","09:23:15",442100
33.25,0.95,2000,"sd","09:23:15",437100
33.2,0.9,700,"sd","09:23:15",442800
33.3,1,500,"sd","09:23:15",435100
33.3,1,1500,"sd","09:23:15",434600
33.4,1.1,300,"sd","09:23:15",433100
33.4,1.1,200,"sd","09:23:14",432800
33.45,1.15,300,"bu","09:23:13",432600
33.3,1,100,"sd","09:23:06",432300
33.3,1,400,"sd","09:22:54",432200
33.5,1.2,1000,"bu","09:22:45",431800
33.5,1.2,100,"sd","09:22:44",430800
33.5,1.2,200,"sd","09:22:44",430700
33.5,1.2,1500,"sd","09:22:44",430500
33.5,1.2,100,"sd","09:22:44",429000
33.5,1.2,500,"sd","09:22:44",428900
33.5,1.2,5000,"sd","09:22:44",428400
33.5,1.2,200,"sd","09:22:44",423400
33.55,1.25,600,"sd","09:22:34",423200
33.6,1.3,1000,"bu","09:22:33",422600
33.6,1.3,1000,"bu","09:22:08",421600
33.6,1.3,2000,"bu","09:22:08",420600
33.6,1.3,200,"bu","09:22:08",418600
33.6,1.3,3000,"sd","09:22:07",418400
33.6,1.3,400,"sd","09:22:05",415400
33.6,1.3,1400,"sd","09:22:03",415000
33.6,1.3,1000,"sd","09:22:03",413600
33.6,1.3,1000,"sd","09:22:03",412600
33.6,1.3,100,"sd","09:22:03",411600
33.6,1.3,100,"sd","09:22:03",411500
33.6,1.3,100,"sd","09:22:03",411400
33.6,1.3,6300,"sd","09:22:03",411300
33.6,1.3,10000,"sd","09:21:57",405000
33.7,1.4,100,"bu","09:21:48",395000
33.7,1.4,100,"bu","09:21:48",394900
33.6,1.3,1700,"sd","09:21:45",394800
33.6,1.3,4700,"sd","09:21:32",393100
33.7,1.4,300,"sd","09:21:32",388400
33.6,1.3,5000,"sd","09:21:23",388100
33.75,1.45,3300,"bu","09:21:20",383100
33.7,1.4,300,"bu","09:21:20",379800
33.7,1.4,400,"bu","09:21:20",379500
33.7,1.4,1000,"sd","09:21:07",379100
33.7,1.4,300,"sd","09:21:07",378100
33.7,1.4,400,"sd","09:21:06",377800
33.7,1.4,2700,"sd","09:21:05",377400
33.75,1.45,400,"bu","09:21:01",374700
33.7,1.4,6600,"sd","09:21:01",374300
33.7,1.4,3400,"sd","09:21:01",367700
33.7,1.4,1600,"sd","09:21:00",364300
33.7,1.4,200,"sd","09:21:00",362700
33.7,1.4,700,"sd","09:21:00",362500
33.7,1.4,200,"sd","09:20:48",361800
33.75,1.45,100,"bu","09:20:47",361600
33.75,1.45,400,"bu","09:20:47",361500
33.75,1.45,100,"bu","09:20:33",361100
33.75,1.45,1100,"sd","09:20:31",361000
33.75,1.45,2000,"sd","09:20:23",359900
33.75,1.45,1900,"bu","09:20:20",357900
33.75,1.45,200,"bu","09:20:18",356000
33.75,1.45,100,"bu","09:20:16",355800
33.75,1.45,500,"bu","09:20:13",355700
33.75,1.45,100,"bu","09:20:11",355200
33.75,1.45,100,"bu","09:20:05",355100
33.7,1.4,500,"sd","09:20:03",355000
33.75,1.45,100,"bu","09:20:01",354500
33.75,1.45,500,"bu","09:20:00",354400
33.75,1.45,1000,"sd","09:19:52",353900
33.75,1.45,1200,"sd","09:19:52",352900
33.75,1.45,200,"sd","09:19:49",351700
33.75,1.45,600,"sd","09:19:37",351500
33.8,1.5,5000,"bu","09:19:29",350900
33.8,1.5,3200,"sd","09:19:20",345900
33.8,1.5,5000,"sd","09:19:08",342700
33.8,1.5,500,"sd","09:19:01",337700
33.8,1.5,600,"bu","09:19:00",337200
33.8,1.5,500,"bu","09:18:57",336600
33.8,1.5,300,"bu","09:18:56",336100
33.8,1.5,5000,"bu","09:18:50",335800
33.8,1.5,500,"bu","09:18:49",330800
33.8,1.5,1000,"bu","09:18:46",330300
33.8,1.5,300,"bu","09:18:40",329300
33.8,1.5,200,"bu","09:18:35",329000
33.8,1.5,800,"bu","09:18:21",328800
33.8,1.5,100,"bu","09:18:21",328000
33.8,1.5,100,"bu","09:18:21",327900
33.8,1.5,200,"bu","09:18:21",327800
33.8,1.5,100,"bu","09:18:21",327600
33.8,1.5,100,"bu","09:18:21",327500
33.8,1.5,200,"sd","09:18:21",327400
33.9,1.6,200,"bu","09:18:13",327200
33.9,1.6,500,"bu","09:18:09",327000
33.8,1.5,9900,"sd","09:18:05",326500
33.8,1.5,100,"sd","09:18:05",316600
33.9,1.6,300,"bu","09:18:03",316500
34,1.7,1600,"bu","09:18:00",316200
34,1.7,500,"bu","09:18:00",314600
33.9,1.6,400,"bu","09:18:00",314100
33.9,1.6,200,"bu","09:17:59",313700
33.9,1.6,3800,"bu","09:17:59",313500
33.9,1.6,1200,"bu","09:17:58",309700
33.9,1.6,1200,"bu","09:17:58",308500
33.9,1.6,200,"bu","09:17:58",307300
33.9,1.6,100,"bu","09:17:54",307100
33.9,1.6,3500,"bu","09:17:52",307000
33.9,1.6,1300,"bu","09:17:52",303500
33.9,1.6,1000,"bu","09:17:51",302200
33.9,1.6,1000,"bu","09:17:49",301200
33.9,1.6,300,"bu","09:17:49",300200
33.9,1.6,1200,"bu","09:17:47",299900
33.9,1.6,500,"bu","09:17:47",298700
33.9,1.6,300,"bu","09:17:47",298200
33.9,1.6,100,"bu","09:17:46",297900
33.9,1.6,1500,"bu","09:17:44",297800
33.9,1.6,500,"bu","09:17:44",296300
33.9,1.6,500,"bu","09:17:40",295800
33.9,1.6,500,"bu","09:17:40",295300
33.9,1.6,100,"bu","09:17:29",294800
33.9,1.6,100,"bu","09:17:29",294700
33.8,1.5,100,"sd","09:17:28",294600
33.8,1.5,900,"sd","09:17:28",294500
33.8,1.5,500,"sd","09:17:23",293600
33.8,1.5,600,"bu","09:17:22",293100
33.8,1.5,400,"bu","09:17:21",292500
33.8,1.5,300,"bu","09:17:21",292100
33.7,1.4,100,"sd","09:17:20",291800
33.8,1.5,700,"bu","09:17:19",291700
33.8,1.5,300,"bu","09:17:19",291000
33.8,1.5,700,"bu","09:17:14",290700
33.8,1.5,3000,"bu","09:17:14",290000
33.8,1.5,1300,"bu","09:17:14",287000
33.8,1.5,300,"bu","09:17:12",285700
33.7,1.4,2000,"sd","09:17:00",285400
33.7,1.4,500,"sd","09:16:58",283400
33.7,1.4,1000,"bu","09:16:58",282900
33.7,1.4,1000,"unknown","09:16:57",281900
33.8,1.5,1500,"bu","09:16:56",280900
33.7,1.4,500,"bu","09:16:56",279400
33.7,1.4,400,"sd","09:16:51",278900
33.7,1.4,100,"sd","09:16:51",278500
33.7,1.4,1400,"sd","09:16:51",278400
33.8,1.5,1900,"bu","09:16:50",277000
33.8,1.5,600,"bu","09:16:50",275100
33.8,1.5,500,"bu","09:16:50",274500
33.7,1.4,2000,"unknown","09:16:46",274000
33.7,1.4,1000,"unknown","09:16:46",272000
33.8,1.5,2000,"bu","09:16:46",271000
33.8,1.5,100,"bu","09:16:44",269000
33.6,1.3,22300,"sd","09:16:42",268900
33.6,1.3,7000,"sd","09:16:42",246600
33.65,1.35,100,"sd","09:16:42",239600
33.65,1.35,500,"sd","09:16:42",239500
33.65,1.35,5000,"sd","09:16:42",239000
33.65,1.35,1000,"sd","09:16:42",234000
33.65,1.35,500,"sd","09:16:42",233000
33.7,1.4,2000,"sd","09:16:42",232500
33.7,1.4,500,"sd","09:16:42",230500
33.7,1.4,200,"sd","09:16:42",230000
33.7,1.4,10000,"sd","09:16:42",229800
33.7,1.4,900,"sd","09:16:42",219800
33.7,1.4,1000,"sd","09:16:41",218900
33.8,1.5,2400,"bu","09:16:40",217900
33.8,1.5,600,"bu","09:16:40",215500
33.7,1.4,100,"sd","09:16:34",214900
33.7,1.4,100,"sd","09:16:32",214800
33.7,1.4,200,"sd","09:16:32",214700
33.8,1.5,1400,"bu","09:16:28",214500
33.8,1.5,600,"bu","09:16:28",213100
33.7,1.4,1700,"sd","09:16:26",212500
33.7,1.4,4100,"sd","09:16:20",210800
33.7,1.4,100,"sd","09:16:20",206700
33.7,1.4,900,"sd","09:16:20",206600
33.7,1.4,100,"sd","09:16:10",205700
33.7,1.4,5000,"bu","09:16:08",205600
33.7,1.4,100,"bu","09:16:08",200600
33.7,1.4,200,"bu","09:16:08",200500
33.6,1.3,3000,"sd","09:16:00",200300
33.65,1.35,1000,"sd","09:16:00",197300
33.7,1.4,2800,"bu","09:15:52",196300
33.7,1.4,200,"bu","09:15:52",193500
33.7,1.4,5000,"bu","09:15:52",193300
33.7,1.4,2000,"bu","09:15:52",188300
33.7,1.4,3000,"bu","09:15:39",186300
33.7,1.4,200,"sd","09:15:34",183300
33.7,1.4,2000,"sd","09:15:31",183100
33.7,1.4,400,"sd","09:15:30",181100
33.7,1.4,300,"sd","09:15:30",180700
33.7,1.4,2000,"sd","09:15:28",180400
33.7,1.4,100,"sd","09:15:26",178400
33.8,1.5,1400,"sd","09:15:14",178300
33.8,1.5,500,"sd","09:15:14",176900
33.8,1.5,100,"sd","09:15:14",176400
33.8,1.5,7000,"sd","09:15:13",176300
33.9,1.6,500,"bu","09:15:11",169300
33.9,1.6,168800,"unknown","09:15:01",168800
