"price","change","match_qtty","side","time","total_vol"
104.3,0.1,7400,"unknown","14:45:02",151300
104.3,0.1,500,"sd","14:28:37",143900
104.4,0.2,200,"sd","14:28:37",143400
104.3,0.1,100,"sd","14:27:02",143200
104.5,0.3,300,"bu","14:27:00",143100
104.3,0.1,500,"bu","14:26:10",142800
104.3,0.1,100,"sd","14:25:38",142300
104.3,0.1,100,"sd","14:25:38",142200
104.3,0.1,300,"sd","14:25:38",142100
104.3,0.1,300,"sd","14:24:37",141800
104.3,0.1,1000,"sd","14:24:37",141500
104.3,0.1,100,"sd","14:24:37",140500
104.3,0.1,200,"sd","14:24:37",140400
104.3,0.1,100,"sd","14:24:37",140200
104.4,0.2,200,"sd","14:24:37",140100
104.4,0.2,100,"sd","14:24:37",139900
104.5,0.3,100,"sd","14:23:14",139800
104.5,0.3,100,"sd","14:23:14",139700
104.5,0.3,100,"sd","14:23:14",139600
104.5,0.3,1200,"sd","14:23:14",139500
104.5,0.3,500,"sd","14:21:01",138300
104.5,0.3,1000,"sd","14:20:42",137800
104.6,0.4,100,"bu","14:20:41",136800
104.5,0.3,100,"sd","14:20:26",136700
104.5,0.3,100,"sd","14:19:51",136600
104.5,0.3,100,"sd","14:19:50",136500
104.5,0.3,900,"sd","14:19:34",136400
104.6,0.4,300,"bu","14:19:19",135500
104.6,0.4,200,"unknown","14:18:56",135200
104.3,0.1,300,"sd","14:18:48",135000
104.3,0.1,100,"sd","14:18:48",134700
104.3,0.1,100,"sd","14:18:48",134600
104.4,0.2,1500,"sd","14:18:48",134500
104.5,0.3,3000,"sd","14:18:48",133000
104.7,0.5,300,"bu","14:18:41",130000
104.7,0.5,700,"bu","14:18:41",129700
104.7,0.5,300,"bu","14:18:22",129000
104.7,0.5,600,"bu","14:18:22",128700
104.3,0.1,400,"sd","14:17:43",128100
104.3,0.1,100,"sd","14:17:43",127700
104.3,0.1,500,"sd","14:17:43",127600
104.3,0.1,100,"sd","14:17:43",127100
104.3,0.1,100,"sd","14:17:43",127000
104.3,0.1,800,"sd","14:17:43",126900
104.3,0.1,100,"sd","14:17:35",126100
104.3,0.1,100,"sd","14:17:35",125900
104.3,0.1,100,"sd","14:17:35",126000
104.4,0.2,100,"sd","14:17:35",125800
104.4,0.2,100,"sd","14:17:35",125700
104.4,0.2,2500,"sd","14:17:35",125600
104.7,0.5,300,"bu","14:17:18",123100
104.7,0.5,200,"bu","14:17:16",122800
104.7,0.5,200,"bu","14:16:55",122600
104.7,0.5,300,"bu","14:16:39",122400
104.7,0.5,100,"bu","14:16:14",122100
104.7,0.5,200,"bu","14:16:14",122000
104.5,0.3,100,"sd","14:16:06",121800
104.5,0.3,100,"sd","14:16:05",121700
104.5,0.3,200,"sd","14:16:05",121600
104.5,0.3,300,"sd","14:16:05",121400
104.5,0.3,700,"sd","14:16:05",121100
104.7,0.5,300,"bu","14:15:35",120400
104.7,0.5,200,"bu","14:14:59",120100
104.6,0.4,300,"sd","14:14:58",119900
104.5,0.3,100,"sd","14:14:19",119600
104.5,0.3,1000,"sd","14:14:19",119500
104.5,0.3,100,"sd","14:14:19",118500
104.7,0.5,100,"bu","14:13:26",118400
104.7,0.5,200,"bu","14:12:53",118300
104.7,0.5,100,"bu","14:12:53",118100
104.7,0.5,300,"bu","14:12:38",118000
104.7,0.5,200,"bu","14:12:17",117700
104.7,0.5,300,"bu","14:12:05",117500
104.7,0.5,100,"bu","14:11:50",117200
104.7,0.5,200,"bu","14:11:50",117100
104.7,0.5,200,"bu","14:11:31",116900
104.5,0.3,100,"sd","14:10:15",116700
104.5,0.3,100,"sd","14:10:15",116600
104.5,0.3,100,"sd","14:10:15",116500
104.5,0.3,300,"sd","14:10:15",116400
104.7,0.5,100,"bu","14:10:08",116100
104.7,0.5,100,"bu","14:10:04",116000
104.7,0.5,100,"bu","14:09:28",115900
104.7,0.5,200,"bu","14:09:17",115800
104.5,0.3,100,"sd","14:09:14",115600
104.5,0.3,500,"sd","14:09:14",115500
104.6,0.4,400,"sd","14:08:58",115000
104.6,0.4,600,"sd","14:08:43",114600
104.7,0.5,100,"bu","14:08:22",114000
104.7,0.5,100,"bu","14:08:22",113900
104.5,0.3,1100,"sd","14:07:55",113800
104.6,0.4,1400,"bu","14:07:48",112700
104.6,0.4,100,"sd","14:06:27",111300
104.6,0.4,500,"sd","14:05:49",111200
104.6,0.4,400,"bu","14:05:36",110700
104.6,0.4,100,"bu","14:05:36",110300
104.5,0.3,400,"sd","14:04:42",110200
104.5,0.3,1000,"sd","14:04:42",109800
104.7,0.5,100,"bu","14:04:16",108800
104.8,0.6,100,"bu","14:03:08",108700
104.7,0.5,100,"sd","14:03:06",108600
104.8,0.6,300,"bu","14:02:37",108500
104.9,0.7,100,"sd","13:57:33",108200
104.9,0.7,300,"sd","13:57:19",108100
104.9,0.7,700,"bu","13:56:48",107800
104.9,0.7,300,"bu","13:56:43",107100
104.8,0.6,900,"bu","13:56:35",106800
104.7,0.5,100,"bu","13:56:14",105900
104.7,0.5,100,"bu","13:56:12",105800
104.7,0.5,300,"sd","13:55:44",105700
104.7,0.5,200,"bu","13:55:38",105400
104.7,0.5,100,"bu","13:55:36",105200
104.7,0.5,100,"bu","13:54:45",105100
104.6,0.4,100,"sd","13:54:41",105000
104.6,0.4,300,"sd","13:54:41",104900
104.7,0.5,100,"sd","13:54:10",104600
104.7,0.5,100,"sd","13:54:07",104500
104.7,0.5,100,"sd","13:54:07",104400
104.8,0.6,100,"sd","13:53:57",104300
104.8,0.6,900,"sd","13:52:12",104200
104.8,0.6,100,"sd","13:52:12",103300
105,0.8,100,"bu","13:51:21",103200
105,0.8,200,"bu","13:51:08",103100
105,0.8,100,"bu","13:51:08",102900
105,0.8,200,"bu","13:50:50",102800
105,0.8,200,"bu","13:50:46",102600
105,0.8,500,"bu","13:50:46",102400
105,0.8,500,"bu","13:50:46",101900
105,0.8,3000,"bu","13:50:46",101400
105,0.8,300,"bu","13:50:46",98400
105,0.8,500,"bu","13:50:46",98100
105,0.8,100,"bu","13:50:39",97600
105,0.8,200,"bu","13:50:39",97500
105,0.8,200,"bu","13:50:19",97300
105,0.8,100,"bu","13:50:19",97100
105,0.8,300,"bu","13:50:07",97000
105,0.8,200,"bu","13:49:42",96700
105,0.8,300,"bu","13:49:14",96500
105,0.8,200,"bu","13:48:55",96200
105,0.8,300,"bu","13:48:43",96000
104.8,0.6,200,"bu","13:48:39",95700
104.8,0.6,700,"bu","13:48:39",95500
104.8,0.6,300,"bu","13:48:24",94800
104.8,0.6,300,"bu","13:48:11",94500
104.8,0.6,300,"bu","13:47:59",94200
104.8,0.6,300,"bu","13:47:46",93900
104.8,0.6,200,"bu","13:47:41",93600
104.8,0.6,900,"bu","13:47:27",93400
104.8,0.6,300,"bu","13:47:25",92500
104.7,0.5,500,"bu","13:46:38",92200
104.7,0.5,100,"bu","13:46:38",91700
104.7,0.5,100,"bu","13:45:58",91600
104.7,0.5,300,"bu","13:45:22",91500
104.6,0.4,100,"bu","13:44:14",91200
104.6,0.4,200,"bu","13:43:50",91100
104.6,0.4,100,"sd","13:42:55",90900
104.6,0.4,300,"sd","13:42:55",90800
104.6,0.4,100,"sd","13:42:55",90500
104.7,0.5,200,"sd","13:42:17",90400
104.7,0.5,100,"sd","13:42:17",90200
104.7,0.5,300,"sd","13:42:15",90100
104.7,0.5,100,"sd","13:41:50",89800
104.8,0.6,100,"bu","13:41:10",89700
104.8,0.6,100,"bu","13:41:05",89600
104.8,0.6,100,"bu","13:39:27",89500
104.8,0.6,1000,"bu","13:38:28",89400
105,0.8,200,"bu","13:37:17",88400
105,0.8,200,"bu","13:37:02",88200
105,0.8,100,"bu","13:37:02",88000
105,0.8,200,"bu","13:36:16",87900
105,0.8,300,"bu","13:36:16",87700
105,0.8,300,"bu","13:34:31",87400
105,0.8,200,"bu","13:34:31",87100
105,0.8,200,"bu","13:33:55",86900
105,0.8,100,"bu","13:33:55",86700
105,0.8,300,"bu","13:33:41",86600
105,0.8,200,"bu","13:33:33",86300
105,0.8,200,"bu","13:28:47",86100
105,0.8,300,"bu","13:28:28",85900
105,0.8,300,"bu","13:27:56",85600
105,0.8,100,"bu","13:27:31",85300
105,0.8,200,"bu","13:27:31",85200
105,0.8,200,"bu","13:27:13",85000
105,0.8,300,"bu","13:26:57",84800
105,0.8,100,"bu","13:26:48",84500
104.8,0.6,200,"bu","13:26:48",84400
104.8,0.6,200,"bu","13:26:42",84200
104.8,0.6,100,"bu","13:26:28",84000
104.8,0.6,300,"bu","13:26:25",83900
104.8,0.6,300,"bu","13:26:12",83600
104.8,0.6,200,"bu","13:25:41",83300
104.8,0.6,100,"bu","13:24:24",83100
104.7,0.5,200,"bu","13:19:48",83000
104.7,0.5,2800,"bu","13:19:48",82800
104.7,0.5,100,"bu","13:19:29",80000
104.7,0.5,500,"sd","13:17:51",79900
104.7,0.5,500,"bu","13:17:13",79400
104.7,0.5,1000,"bu","13:15:49",78900
104.6,0.4,300,"sd","13:13:03",77900
104.6,0.4,200,"sd","13:13:03",77600
104.6,0.4,2000,"sd","13:13:03",77400
104.8,0.6,200,"bu","13:11:49",75400
104.6,0.4,300,"sd","13:11:19",74500
104.6,0.4,700,"sd","13:11:19",75200
104.8,0.6,300,"bu","13:10:45",74200
104.8,0.6,100,"sd","13:10:36",73900
104.8,0.6,200,"sd","13:09:42",73800
104.8,0.6,200,"sd","13:09:42",73600
104.8,0.6,500,"sd","13:09:42",73400
104.8,0.6,100,"sd","13:09:42",72900
104.8,0.6,100,"sd","13:08:16",72800
104.8,0.6,100,"sd","13:07:36",72700
105,0.8,400,"bu","13:04:19",72600
104.9,0.7,100,"bu","13:03:16",72200
105,0.8,200,"bu","13:02:24",72100
105,0.8,200,"bu","13:01:40",71900
105,0.8,200,"bu","13:01:40",71700
105,0.8,400,"bu","13:01:40",71500
105,0.8,200,"bu","13:01:24",71100
105,0.8,100,"bu","13:01:24",70900
105,0.8,200,"bu","13:01:06",70800
104.9,0.7,100,"bu","13:01:06",70600
104.9,0.7,400,"sd","13:01:03",70500
104.9,0.7,400,"sd","13:01:03",70100
104.9,0.7,600,"sd","13:01:03",69700
105,0.8,500,"bu","13:01:00",69100
105,0.8,400,"bu","13:01:00",68600
105,0.8,300,"bu","13:01:00",68200
105,0.8,300,"bu","13:00:54",67900
105,0.8,100,"bu","13:00:37",67600
105,0.8,200,"bu","13:00:37",67500
105,0.8,200,"bu","13:00:34",67300
104.9,0.7,900,"sd","13:00:06",67100
104.9,0.7,100,"sd","13:00:03",66200
104.9,0.7,900,"sd","13:00:03",66100
104.9,0.7,100,"sd","13:00:03",65200
104.9,0.7,200,"sd","13:00:02",65100
104.9,0.7,100,"sd","13:00:02",64900
104.9,0.7,100,"bu","11:28:09",64800
104.9,0.7,100,"sd","11:25:50",64700
104.9,0.7,200,"sd","11:23:53",64600
105,0.8,200,"bu","11:23:37",64400
105,0.8,200,"bu","11:23:08",64200
105,0.8,300,"bu","11:20:42",64000
105,0.8,100,"bu","11:20:26",63700
105,0.8,100,"bu","11:20:26",63600
105,0.8,100,"bu","11:20:26",63500
105,0.8,300,"bu","11:20:04",63400
105,0.8,400,"bu","11:18:23",63100
105,0.8,200,"bu","11:18:13",62700
105,0.8,200,"bu","11:16:21",62500
105,0.8,200,"bu","11:13:35",62300
105,0.8,100,"bu","11:13:35",62100
105,0.8,100,"bu","11:12:31",62000
105,0.8,200,"bu","11:12:31",61900
105,0.8,200,"bu","11:08:42",61700
105,0.8,200,"bu","11:08:30",61500
105,0.8,200,"bu","11:08:17",61300
105,0.8,200,"bu","11:08:05",61100
105,0.8,100,"sd","11:05:37",60900
105,0.8,300,"sd","11:05:37",60800
105,0.8,500,"sd","11:05:35",60500
105,0.8,200,"sd","11:05:26",60000
105.2,1,200,"bu","11:05:11",59800
105.2,1,200,"bu","11:02:35",59600
105.2,1,100,"bu","11:02:35",59400
105.2,1,200,"bu","11:02:35",59300
105.2,1,200,"bu","11:01:36",59100
105.2,1,100,"bu","11:01:36",58900
105.2,1,400,"bu","11:01:11",58800
105.2,1,100,"bu","11:01:11",58400
105.2,1,200,"bu","10:59:24",58300
105.2,1,100,"bu","10:57:57",58100
105.2,1,100,"bu","10:57:57",58000
105.2,1,100,"bu","10:56:04",57900
105.2,1,100,"bu","10:56:04",57800
105.4,1.2,300,"bu","10:52:35",57700
105.5,1.3,300,"bu","10:52:19",57400
105.4,1.2,300,"bu","10:52:07",57100
105.4,1.2,100,"bu","10:51:47",56800
105.4,1.2,200,"bu","10:51:47",56700
105.4,1.2,200,"bu","10:51:36",56500
105.4,1.2,300,"bu","10:51:17",56300
105.4,1.2,200,"bu","10:51:05",56000
105.2,1,100,"bu","10:51:05",55800
105.4,1.2,300,"bu","10:50:48",55700
105.4,1.2,100,"bu","10:50:33",55400
105.2,1,100,"bu","10:50:33",55300
105.4,1.2,200,"bu","10:50:06",55200
105.2,1,100,"bu","10:50:06",55000
105.5,1.3,200,"bu","10:48:03",54900
105.2,1,100,"bu","10:48:03",54700
105.5,1.3,300,"bu","10:46:41",54600
105.5,1.3,100,"bu","10:46:17",54300
105.2,1,100,"bu","10:46:17",54200
105.5,1.3,100,"bu","10:43:21",54100
105.5,1.3,100,"bu","10:43:21",54000
105.2,1,100,"bu","10:43:21",53900
105.5,1.3,200,"bu","10:42:57",53800
105.2,1,100,"bu","10:42:57",53600
105.2,1,200,"sd","10:41:41",53500
105.2,1,100,"bu","10:41:36",53300
105.5,1.3,100,"bu","10:40:44",53200
105.5,1.3,200,"bu","10:40:44",53100
105.5,1.3,100,"bu","10:40:29",52900
105.4,1.2,100,"bu","10:40:29",52800
105.4,1.2,300,"bu","10:40:20",52700
105.4,1.2,300,"bu","10:40:14",52400
105.4,1.2,200,"bu","10:39:56",52100
105.3,1.1,100,"bu","10:39:56",51900
105.3,1.1,400,"bu","10:39:53",51800
105.3,1.1,600,"bu","10:39:53",51400
105.3,1.1,300,"bu","10:39:43",50800
105.3,1.1,200,"bu","10:39:29",50500
105.2,1,100,"bu","10:39:29",50300
105.3,1.1,200,"bu","10:39:14",50200
105.3,1.1,400,"bu","10:38:52",50000
105.3,1.1,300,"bu","10:38:03",49600
105.2,1,400,"bu","10:37:51",49300
105.2,1,100,"bu","10:37:49",48900
105.2,1,100,"bu","10:37:49",48800
105.2,1,100,"bu","10:37:29",48700
105.2,1,200,"bu","10:37:29",48600
105.2,1,200,"bu","10:37:16",48400
105.2,1,100,"bu","10:37:16",48200
105.2,1,100,"bu","10:36:59",48100
105.2,1,100,"bu","10:36:59",48000
105.2,1,100,"bu","10:36:59",47900
105.2,1,300,"bu","10:36:56",47800
105.2,1,100,"bu","10:36:56",47500
105.2,1,300,"bu","10:36:50",47400
105.2,1,300,"bu","10:36:45",47100
105.2,1,100,"bu","10:36:44",46800
105.2,1,200,"bu","10:36:44",46700
105.2,1,200,"bu","10:36:38",46500
105.2,1,100,"bu","10:36:38",46300
105.2,1,500,"bu","10:36:38",46200
105.2,1,400,"bu","10:36:38",45700
105.2,1,300,"bu","10:36:38",45300
105.2,1,400,"bu","10:36:38",45000
105.2,1,200,"bu","10:36:38",44600
105.2,1,100,"bu","10:36:28",44400
105.1,0.9,100,"unknown","10:36:28",44300
105.2,1,100,"bu","10:35:06",44200
105.2,1,100,"bu","10:35:06",44100
105.2,1,100,"bu","10:35:06",44000
105.2,1,300,"bu","10:34:50",43900
105.2,1,300,"bu","10:34:30",43600
105.2,1,100,"bu","10:34:07",43300
105.2,1,100,"bu","10:34:07",43200
105.2,1,100,"bu","10:33:14",43100
105.2,1,300,"bu","10:33:10",43000
105.2,1,200,"bu","10:33:08",42700
105.2,1,200,"bu","10:26:00",42500
105.2,1,100,"bu","10:25:55",42300
105.2,1,200,"bu","10:25:55",42200
105.2,1,200,"bu","10:23:48",42000
105.2,1,200,"bu","10:22:18",41800
105.2,1,200,"bu","10:20:48",41600
105.2,1,100,"bu","10:20:48",41400
105.2,1,300,"bu","10:19:15",41300
105.2,1,300,"bu","10:19:07",41000
105.2,1,300,"bu","10:17:59",40700
105.2,1,200,"bu","10:17:45",40400
105.2,1,300,"bu","10:17:29",40200
105.2,1,400,"bu","10:17:17",39900
105.2,1,100,"bu","10:17:14",39500
105.2,1,200,"bu","10:17:14",39400
105.2,1,200,"bu","10:17:08",39200
105.2,1,100,"bu","10:16:57",39000
105,0.8,100,"bu","10:16:57",38900
105,0.8,200,"bu","10:16:57",38800
105,0.8,100,"bu","10:16:54",38600
105,0.8,200,"bu","10:16:54",38500
105,0.8,200,"bu","10:16:41",38300
105,0.8,100,"bu","10:16:41",38100
105,0.8,200,"bu","10:16:22",38000
105,0.8,100,"bu","10:16:22",37800
105,0.8,100,"bu","10:16:17",37700
105,0.8,200,"bu","10:15:45",37600
105,0.8,100,"bu","10:15:45",37400
105,0.8,100,"bu","10:13:14",37300
105,0.8,300,"bu","10:12:40",37200
105,0.8,400,"bu","10:11:47",36900
105,0.8,400,"bu","10:11:19",36500
105,0.8,400,"bu","10:11:17",36100
105,0.8,200,"bu","10:11:09",35700
105,0.8,400,"bu","10:11:09",35500
105,0.8,200,"bu","10:11:09",35100
105,0.8,400,"bu","10:11:09",34900
105,0.8,200,"bu","10:08:57",34500
105,0.8,100,"bu","10:06:58",34300
105,0.8,300,"bu","10:06:53",34200
105,0.8,100,"bu","10:06:53",33900
105,0.8,400,"bu","10:05:53",33800
104.9,0.7,100,"bu","10:05:31",33400
104.9,0.7,500,"bu","10:05:03",33300
104.9,0.7,200,"sd","10:03:30",32800
104.9,0.7,200,"sd","10:03:30",32600
104.9,0.7,200,"sd","10:03:30",32400
104.9,0.7,200,"sd","10:03:30",32200
104.9,0.7,200,"sd","10:03:30",32000
104.9,0.7,100,"sd","10:03:30",31800
105,0.8,200,"sd","10:03:30",31700
105,0.8,100,"sd","10:03:13",31500
105,0.8,200,"sd","10:03:13",31400
105,0.8,1300,"sd","10:03:13",31200
105.1,0.9,200,"sd","10:03:13",29900
105.1,0.9,400,"sd","10:02:47",29700
105.1,0.9,1000,"sd","10:02:32",29300
105.1,0.9,500,"sd","10:02:17",28300
105.1,0.9,1100,"sd","10:01:43",27800
105.2,1,100,"sd","10:00:12",26700
105.5,1.3,200,"bu","09:57:03",26600
105.4,1.2,100,"bu","09:57:03",26400
105.5,1.3,100,"bu","09:56:02",26300
105.5,1.3,200,"bu","09:55:56",26200
105.5,1.3,200,"bu","09:55:09",26000
105.4,1.2,200,"bu","09:55:09",25800
105.5,1.3,1500,"bu","09:54:17",25600
105.5,1.3,500,"bu","09:54:17",24100
105.5,1.3,100,"bu","09:54:17",23600
105.5,1.3,100,"bu","09:54:17",23500
105.5,1.3,400,"bu","09:54:17",23400
105.5,1.3,300,"bu","09:54:17",23000
105.4,1.2,100,"bu","09:54:17",22700
105.5,1.3,400,"bu","09:51:55",22600
105.5,1.3,100,"bu","09:51:46",22200
105.4,1.2,100,"bu","09:51:46",22100
105.4,1.2,100,"bu","09:51:44",22000
105.4,1.2,200,"sd","09:51:00",21900
105.4,1.2,100,"sd","09:51:00",21700
105.4,1.2,100,"sd","09:50:55",21600
105.4,1.2,200,"sd","09:50:43",21500
105.4,1.2,100,"sd","09:50:30",21300
105.5,1.3,200,"sd","09:49:06",21200
105.7,1.5,100,"bu","09:46:04",21000
105.7,1.5,200,"bu","09:46:04",20900
105.7,1.5,400,"bu","09:46:04",20700
105.7,1.5,100,"bu","09:45:56",20300
105.7,1.5,100,"bu","09:45:56",20200
105.7,1.5,300,"bu","09:45:48",20100
105.7,1.5,100,"bu","09:45:48",19800
105.7,1.5,300,"bu","09:45:12",19700
105.7,1.5,300,"bu","09:44:59",19400
105.7,1.5,100,"bu","09:44:29",19100
105.7,1.5,100,"bu","09:44:29",19000
105.6,1.4,100,"unknown","09:44:29",18900
105.7,1.5,300,"bu","09:43:03",18800
105.7,1.5,100,"bu","09:43:03",18500
105.7,1.5,200,"bu","09:42:40",18400
105.7,1.5,100,"bu","09:42:40",18200
105.5,1.3,500,"sd","09:42:33",18100
105.5,1.3,400,"sd","09:42:03",17600
105.5,1.3,600,"sd","09:41:17",17200
105.7,1.5,100,"bu","09:41:16",16600
105.6,1.4,100,"bu","09:41:16",16500
105.6,1.4,400,"bu","09:41:12",16400
105.6,1.4,100,"bu","09:41:12",16000
105.5,1.3,500,"sd","09:41:09",15900
105.5,1.3,400,"bu","09:40:41",15400
105.5,1.3,500,"bu","09:40:41",15000
105.5,1.3,100,"bu","09:40:41",14500
105.5,1.3,200,"bu","09:40:35",14400
105.4,1.2,400,"bu","09:40:20",14200
105.4,1.2,100,"bu","09:40:16",13800
105.4,1.2,100,"bu","09:40:16",13700
105.4,1.2,400,"sd","09:39:45",13600
105.4,1.2,600,"sd","09:39:34",13200
105.4,1.2,200,"sd","09:39:34",12600
105.4,1.2,200,"sd","09:39:34",12400
105.5,1.3,100,"bu","09:38:15",12200
105.4,1.2,500,"bu","09:37:20",12100
105.4,1.2,300,"bu","09:37:20",11600
105.4,1.2,200,"sd","09:36:31",11300
105.4,1.2,800,"sd","09:35:41",11100
105.5,1.3,100,"bu","09:35:31",10300
105.5,1.3,200,"bu","09:35:31",10200
105.5,1.3,100,"bu","09:35:25",10000
105.5,1.3,100,"bu","09:35:25",9900
105.4,1.2,500,"sd","09:35:17",9800
105.4,1.2,100,"sd","09:34:58",9300
105.4,1.2,100,"bu","09:34:50",9200
105.4,1.2,100,"bu","09:34:50",9100
105.4,1.2,100,"bu","09:34:50",9000
105.4,1.2,100,"bu","09:34:50",8900
105.4,1.2,100,"bu","09:34:25",8800
105.4,1.2,100,"bu","09:33:53",8700
105,0.8,700,"sd","09:32:40",8600
105.3,1.1,100,"bu","09:32:37",7900
105.3,1.1,100,"bu","09:32:37",7800
105.2,1,200,"bu","09:32:31",7700
105,0.8,100,"sd","09:32:25",7500
105,0.8,200,"bu","09:32:22",7400
105,0.8,500,"bu","09:32:22",7200
105,0.8,200,"bu","09:32:22",6700
105,0.8,200,"bu","09:31:20",6500
105,0.8,100,"bu","09:30:50",6300
105,0.8,400,"sd","09:29:16",6200
105.1,0.9,100,"sd","09:29:16",5800
105.1,0.9,100,"bu","09:29:16",5700
105,0.8,100,"sd","09:28:19",5600
105,0.8,100,"sd","09:27:17",5500
105,0.8,100,"bu","09:26:40",5400
105,0.8,1300,"bu","09:26:40",5300
105,0.8,100,"bu","09:26:08",4000
105,0.8,200,"bu","09:26:00",3900
105,0.8,1000,"bu","09:25:56",3700
105,0.8,400,"sd","09:25:42",2700
105,0.8,100,"bu","09:25:20",2300
105,0.8,500,"bu","09:25:20",2200
105,0.8,200,"bu","09:25:18",1700
104.9,0.7,100,"bu","09:24:59",1500
104.9,0.7,200,"bu","09:24:33",1400
104.2,0,500,"sd","09:16:33",1200
104.2,0,300,"sd","09:16:33",700
104.2,0,100,"sd","09:16:33",400
104.9,0.7,300,"unknown","09:15:02",300
