"price","change","match_qtty","side","time","total_vol"
45000,1550,69800,"unknown","14:45:00",1180100
44950,1500,200,"bu","14:29:54",1110300
44950,1500,400,"bu","14:29:54",1110100
44950,1500,200,"bu","14:29:14",1109700
44950,1500,1000,"bu","14:29:14",1109500
44950,1500,400,"unknown","14:29:14",1108500
45000,1550,2400,"bu","14:29:10",1108100
45000,1550,100,"bu","14:29:10",1105700
45000,1550,200,"bu","14:29:10",1105600
45000,1550,100,"bu","14:29:10",1105400
45000,1550,300,"bu","14:29:10",1105300
45000,1550,4900,"bu","14:29:10",1105000
44950,1500,100,"sd","14:28:40",1100100
44950,1500,800,"sd","14:28:28",1100000
44950,1500,200,"sd","14:28:24",1099200
44950,1500,200,"sd","14:28:23",1099000
45000,1550,200,"sd","14:27:53",1098800
45000,1550,100,"sd","14:27:53",1098600
45000,1550,100,"sd","14:27:53",1098500
45000,1550,700,"sd","14:27:53",1098400
45000,1550,1000,"sd","14:27:51",1097700
45000,1550,100,"sd","14:27:26",1096700
45100,1650,300,"bu","14:27:26",1096600
45100,1650,500,"bu","14:27:13",1096300
45100,1650,1000,"bu","14:27:13",1095800
45100,1650,1000,"bu","14:27:13",1094800
45050,1600,2400,"bu","14:27:13",1093800
45050,1600,100,"bu","14:27:13",1091400
45050,1600,200,"bu","14:27:13",1091300
45050,1600,800,"bu","14:27:13",1091100
45000,1550,200,"sd","14:26:35",1090300
45000,1550,500,"sd","14:26:35",1090100
45000,1550,300,"sd","14:26:35",1089600
45000,1550,200,"sd","14:26:07",1089300
45000,1550,100,"sd","14:26:04",1089100
45000,1550,200,"sd","14:25:46",1089000
45050,1600,200,"bu","14:25:43",1088800
45050,1600,1100,"bu","14:24:25",1088600
45050,1600,3400,"bu","14:24:22",1087500
45050,1600,500,"sd","14:24:15",1084100
45200,1750,700,"bu","14:24:14",1083600
45200,1750,100,"bu","14:24:14",1082900
45200,1750,1000,"bu","14:24:14",1082800
45200,1750,100,"bu","14:24:14",1081800
45200,1750,200,"bu","14:24:14",1081700
45200,1750,500,"bu","14:24:14",1081500
45100,1650,1000,"bu","14:24:14",1081000
45100,1650,100,"bu","14:24:14",1080000
45100,1650,300,"bu","14:24:14",1079900
45050,1600,100,"sd","14:24:02",1079600
45100,1650,100,"bu","14:23:16",1079500
45100,1650,100,"bu","14:23:16",1079400
45050,1600,100,"bu","14:23:16",1079300
45050,1600,500,"bu","14:23:16",1079200
45050,1600,500,"bu","14:23:16",1078700
45050,1600,100,"bu","14:23:16",1078200
45050,1600,100,"bu","14:23:16",1078100
45000,1550,200,"sd","14:23:15",1078000
45000,1550,1000,"sd","14:23:08",1077800
45000,1550,500,"sd","14:23:08",1076800
45000,1550,100,"sd","14:22:07",1076300
45000,1550,100,"sd","14:21:41",1076200
45000,1550,100,"sd","14:21:38",1076100
45000,1550,1000,"sd","14:21:37",1076000
45000,1550,100,"bu","14:21:29",1075000
45000,1550,1000,"bu","14:21:29",1074900
45000,1550,500,"bu","14:21:29",1073900
45000,1550,1000,"bu","14:21:29",1073400
45000,1550,100,"bu","14:21:29",1072400
45000,1550,100,"bu","14:21:29",1072300
45000,1550,400,"bu","14:21:29",1072200
45000,1550,100,"bu","14:21:29",1071800
45000,1550,500,"bu","14:21:29",1071700
45000,1550,100,"bu","14:21:29",1071200
45000,1550,100,"bu","14:21:29",1071100
45000,1550,2900,"bu","14:21:28",1071000
45000,1550,100,"bu","14:21:28",1068100
45000,1550,100,"bu","14:21:28",1068000
45000,1550,100,"bu","14:21:28",1067900
45000,1550,100,"bu","14:21:28",1067800
45000,1550,1000,"bu","14:21:28",1067700
45000,1550,200,"bu","14:21:28",1066700
45000,1550,100,"bu","14:21:28",1066500
45000,1550,100,"bu","14:21:28",1066400
45000,1550,100,"bu","14:21:28",1066300
45000,1550,500,"bu","14:21:27",1066200
45000,1550,5000,"bu","14:21:27",1065700
45000,1550,500,"bu","14:21:27",1060700
45000,1550,200,"bu","14:21:27",1060200
45000,1550,1000,"bu","14:21:27",1060000
45000,1550,100,"bu","14:21:27",1059000
45000,1550,100,"bu","14:21:27",1058900
45000,1550,100,"bu","14:21:27",1058800
45000,1550,100,"bu","14:21:27",1058700
45000,1550,100,"bu","14:21:27",1058600
45000,1550,300,"bu","14:21:27",1058500
45000,1550,100,"bu","14:21:27",1058200
45000,1550,600,"bu","14:21:27",1058100
45000,1550,500,"bu","14:21:27",1057500
45000,1550,400,"bu","14:21:27",1057000
45000,1550,200,"bu","14:21:27",1056600
44950,1500,200,"bu","14:21:27",1056400
44950,1500,100,"bu","14:21:27",1056200
44950,1500,100,"bu","14:21:27",1056100
44850,1400,500,"sd","14:21:05",1056000
44900,1450,500,"sd","14:21:05",1055500
44950,1500,100,"bu","14:20:53",1055000
44950,1500,500,"sd","14:20:43",1054900
44950,1500,100,"bu","14:19:58",1054400
45000,1550,800,"bu","14:19:51",1054300
45000,1550,100,"bu","14:19:51",1053500
45000,1550,400,"bu","14:19:51",1053400
45000,1550,1000,"bu","14:19:51",1053000
45000,1550,100,"bu","14:19:51",1052000
45000,1550,100,"bu","14:19:51",1051900
45000,1550,300,"bu","14:19:51",1051800
45000,1550,100,"bu","14:19:51",1051500
45000,1550,300,"bu","14:19:51",1051400
45000,1550,500,"bu","14:19:39",1051100
45000,1550,200,"bu","14:19:39",1050600
45000,1550,2000,"bu","14:19:39",1050400
45000,1550,1200,"bu","14:19:37",1048400
45000,1550,300,"bu","14:19:11",1047200
45000,1550,500,"bu","14:18:58",1046900
45000,1550,700,"bu","14:18:58",1046400
45000,1550,10000,"bu","14:18:58",1045700
44950,1500,100,"bu","14:18:58",1035700
44950,1500,2700,"bu","14:18:58",1035600
44950,1500,1000,"bu","14:18:58",1032900
44950,1500,3000,"bu","14:18:58",1031900
44950,1500,500,"bu","14:18:58",1028900
44950,1500,500,"bu","14:18:58",1028400
44950,1500,100,"bu","14:18:58",1027900
44950,1500,900,"bu","14:18:58",1027800
44950,1500,4000,"bu","14:18:39",1026900
44900,1450,1000,"bu","14:18:39",1022900
44900,1450,100,"bu","14:18:39",1021900
44900,1450,100,"bu","14:18:39",1021800
44900,1450,100,"bu","14:18:31",1021700
44900,1450,4000,"sd","14:18:03",1021600
44900,1450,100,"sd","14:17:23",1017600
44900,1450,100,"sd","14:17:18",1017500
44900,1450,100,"sd","14:17:07",1017400
44900,1450,200,"sd","14:17:05",1017300
44900,1450,500,"sd","14:17:05",1017100
44900,1450,100,"sd","14:17:05",1016600
44950,1500,1000,"bu","14:17:04",1016500
44950,1500,1100,"bu","14:17:03",1015500
44950,1500,1900,"bu","14:17:03",1014400
44950,1500,4100,"bu","14:16:46",1012500
44950,1500,100,"bu","14:16:46",1008400
44950,1500,100,"bu","14:16:45",1008300
44950,1500,500,"bu","14:16:45",1008000
44950,1500,200,"bu","14:16:45",1008200
44900,1450,900,"bu","14:16:43",1007500
44900,1450,100,"bu","14:16:42",1006600
44900,1450,100,"sd","14:16:40",1006500
44900,1450,900,"sd","14:16:40",1006400
44900,1450,200,"bu","14:16:25",1005500
44900,1450,300,"bu","14:16:25",1005300
44900,1450,2000,"bu","14:16:25",1005000
44900,1450,100,"bu","14:16:25",1003000
44900,1450,400,"bu","14:16:25",1002900
44900,1450,100,"bu","14:16:25",1001500
44900,1450,1000,"bu","14:16:25",1002500
44850,1400,100,"sd","14:16:25",1001400
44850,1400,500,"sd","14:16:04",1001300
44850,1400,1000,"bu","14:16:02",1000800
44800,1350,100,"sd","14:15:59",999800
44800,1350,100,"bu","14:15:49",999700
44800,1350,100,"bu","14:15:49",999600
44800,1350,100,"bu","14:15:49",999500
44800,1350,200,"bu","14:15:49",999400
44800,1350,100,"bu","14:15:49",999200
44800,1350,800,"bu","14:15:49",999100
44800,1350,100,"bu","14:15:49",998300
44800,1350,400,"bu","14:15:49",998200
44800,1350,100,"bu","14:15:49",997800
44800,1350,100,"bu","14:15:49",997700
44750,1300,100,"bu","14:15:49",997600
44750,1300,200,"bu","14:15:49",997500
44700,1250,200,"sd","14:15:43",997300
44700,1250,100,"sd","14:15:34",997100
44700,1250,500,"bu","14:15:30",997000
44700,1250,200,"bu","14:15:30",996500
44700,1250,100,"bu","14:15:30",996300
44700,1250,100,"bu","14:15:30",996200
44700,1250,100,"bu","14:15:30",996100
44700,1250,500,"bu","14:15:30",996000
44700,1250,3500,"bu","14:15:08",995500
44700,1250,100,"bu","14:15:04",992000
44700,1250,100,"bu","14:14:52",991900
44700,1250,200,"bu","14:14:37",991800
44700,1250,300,"bu","14:14:32",991600
44700,1250,100,"bu","14:14:32",991300
44700,1250,200,"bu","14:14:28",991200
44700,1250,100,"bu","14:14:18",991000
44700,1250,100,"bu","14:14:18",990900
44600,1150,900,"sd","14:14:14",990800
44600,1150,100,"sd","14:14:05",989900
44600,1150,300,"sd","14:13:48",989800
44600,1150,200,"sd","14:13:48",989500
44600,1150,2000,"sd","14:13:48",989300
44600,1150,100,"bu","14:13:48",987300
44600,1150,600,"bu","14:13:48",987200
44600,1150,100,"bu","14:13:48",986600
44600,1150,300,"bu","14:13:48",986500
44600,1150,100,"bu","14:13:48",986200
44550,1100,100,"bu","14:13:48",986100
44550,1100,100,"bu","14:13:47",986000
44600,1150,200,"bu","14:12:51",985900
44600,1150,500,"bu","14:12:51",985700
44600,1150,100,"bu","14:12:51",985200
44600,1150,300,"bu","14:12:51",985100
44600,1150,100,"bu","14:12:51",984800
44600,1150,1000,"bu","14:12:51",984700
44600,1150,300,"bu","14:12:51",983700
44600,1150,100,"bu","14:12:51",983400
44550,1100,100,"bu","14:12:51",983300
44550,1100,800,"bu","14:12:51",983200
44550,1100,300,"bu","14:12:51",982400
44550,1100,100,"bu","14:12:51",982100
44500,1050,100,"bu","14:12:51",982000
44500,1050,500,"bu","14:12:51",981900
44500,1050,100,"bu","14:12:51",981400
44500,1050,200,"bu","14:12:51",981300
44500,1050,100,"bu","14:12:51",981100
44500,1050,100,"bu","14:12:51",981000
44500,1050,100,"bu","14:12:04",980900
44500,1050,100,"bu","14:12:03",980800
44500,1050,100,"bu","14:11:53",980700
44500,1050,1000,"bu","14:11:31",980600
44500,1050,10000,"bu","14:11:25",979600
44500,1050,200,"bu","14:10:53",969600
44500,1050,100,"bu","14:10:53",969400
44500,1050,100,"bu","14:10:53",969300
44500,1050,700,"bu","14:10:53",969200
44500,1050,300,"bu","14:10:36",968500
44500,1050,500,"bu","14:10:36",968200
44500,1050,100,"bu","14:10:36",967700
44500,1050,500,"bu","14:10:36",967600
44500,1050,1000,"bu","14:10:36",967100
44500,1050,200,"bu","14:10:36",966100
44500,1050,500,"bu","14:10:36",965900
44500,1050,100,"bu","14:10:36",965400
44500,1050,500,"bu","14:10:36",965300
44500,1050,100,"bu","14:10:36",964800
44500,1050,200,"bu","14:10:36",964700
44450,1000,1000,"bu","14:10:36",964500
44500,1050,200,"bu","14:09:52",963500
44500,1050,200,"bu","14:09:52",963300
44500,1050,3200,"bu","14:09:52",963100
44500,1050,100,"bu","14:09:52",959900
44450,1000,100,"bu","14:09:52",959800
44450,1000,100,"bu","14:09:52",959700
44450,1000,100,"bu","14:09:52",959600
44250,800,100,"sd","14:09:29",959500
44250,800,100,"bu","14:09:21",959400
44250,800,500,"bu","14:09:13",959300
44250,800,100,"bu","14:08:52",958800
44250,800,100,"sd","14:08:46",958700
44250,800,300,"sd","14:08:46",958600
44250,800,100,"sd","14:08:25",958300
44500,1050,200,"bu","14:08:15",958200
44500,1050,500,"bu","14:08:15",958000
44500,1050,2400,"bu","14:08:15",957500
44500,1050,3800,"bu","14:08:15",955100
44500,1050,1100,"bu","14:08:15",951300
44500,1050,10800,"bu","14:08:15",950200
44500,1050,300,"bu","14:08:15",939400
44500,1050,500,"bu","14:08:15",939100
44500,1050,500,"bu","14:08:15",938600
44500,1050,500,"bu","14:08:15",938100
44500,1050,500,"bu","14:08:15",937600
44500,1050,1200,"bu","14:08:15",937100
44500,1050,300,"bu","14:08:15",935900
44500,1050,500,"bu","14:08:15",935600
44500,1050,200,"bu","14:08:15",935100
44500,1050,1000,"bu","14:08:15",934900
44500,1050,100,"bu","14:08:15",933900
44500,1050,300,"bu","14:08:15",933800
44500,1050,500,"bu","14:08:15",933500
44500,1050,500,"bu","14:08:15",933000
44500,1050,100,"bu","14:08:15",932500
44500,1050,200,"bu","14:08:15",932400
44500,1050,500,"bu","14:08:15",932200
44500,1050,200,"bu","14:08:15",931700
44500,1050,1200,"bu","14:08:15",931500
44500,1050,900,"bu","14:08:15",930300
44500,1050,500,"bu","14:08:15",929400
44500,1050,1000,"bu","14:08:15",928900
44500,1050,100,"bu","14:08:15",927900
44500,1050,100,"bu","14:08:15",927800
44500,1050,500,"bu","14:08:15",927700
44500,1050,100,"bu","14:08:15",927200
44500,1050,2700,"bu","14:08:15",927100
44500,1050,100,"bu","14:08:15",924400
44500,1050,500,"bu","14:08:15",924300
44500,1050,200,"bu","14:08:15",923800
44500,1050,300,"bu","14:08:15",923600
44500,1050,2000,"bu","14:08:15",923300
44500,1050,300,"bu","14:08:15",921300
44500,1050,300,"bu","14:08:15",921000
44500,1050,500,"bu","14:08:15",920700
44500,1050,200,"bu","14:08:15",920200
44500,1050,400,"bu","14:08:15",920000
44500,1050,300,"bu","14:08:15",919600
44500,1050,100,"bu","14:08:15",919300
44500,1050,400,"bu","14:08:15",919200
44500,1050,1100,"bu","14:08:15",918800
44500,1050,1000,"bu","14:08:15",917700
44500,1050,100,"bu","14:08:15",916700
44500,1050,200,"bu","14:08:15",916600
44500,1050,1100,"bu","14:08:15",916400
44500,1050,1000,"bu","14:08:15",915300
44500,1050,100,"bu","14:08:15",914300
44500,1050,10000,"bu","14:08:15",914200
44500,1050,1000,"bu","14:08:15",904200
44500,1050,100,"bu","14:08:15",903200
44500,1050,200,"bu","14:08:15",903100
44500,1050,400,"bu","14:08:15",902900
44500,1050,100,"bu","14:08:15",902500
44500,1050,100,"bu","14:08:15",902400
44500,1050,100,"bu","14:08:15",902300
44500,1050,2000,"bu","14:08:15",902200
44500,1050,100,"bu","14:08:15",900200
44500,1050,100,"bu","14:08:15",900100
44450,1000,500,"bu","14:08:15",900000
44450,1000,100,"bu","14:08:15",899500
44450,1000,1000,"bu","14:08:15",899400
44450,1000,100,"bu","14:08:15",898400
44450,1000,100,"bu","14:08:15",898300
44450,1000,100,"bu","14:07:55",898200
44450,1000,100,"bu","14:07:27",898100
44450,1000,100,"bu","14:07:22",898000
44450,1000,200,"bu","14:07:15",897900
44450,1000,100,"sd","14:07:06",897700
44450,1000,500,"bu","14:06:30",897600
44450,1000,500,"bu","14:06:30",897100
44450,1000,100,"bu","14:06:30",896600
44450,1000,500,"bu","14:06:30",896500
44450,1000,100,"bu","14:06:30",896000
44450,1000,1000,"bu","14:06:30",895900
44450,1000,200,"bu","14:06:30",894900
44400,950,9900,"bu","14:06:30",894700
44450,1000,1000,"bu","14:06:30",884800
44450,1000,100,"bu","14:06:30",883800
44450,1000,1000,"bu","14:06:30",883700
44400,950,200,"bu","14:06:27",882700
44400,950,100,"bu","14:06:27",882500
44400,950,3000,"bu","14:05:52",882400
44400,950,300,"bu","14:05:52",879400
44400,950,500,"bu","14:05:52",879100
44400,950,1000,"bu","14:05:52",878600
44400,950,400,"bu","14:05:52",877600
44400,950,500,"bu","14:05:52",877200
44400,950,100,"bu","14:05:52",876700
44400,950,500,"bu","14:05:52",876600
44400,950,100,"bu","14:05:52",876100
44400,950,100,"bu","14:05:52",876000
44400,950,100,"bu","14:05:52",875900
44400,950,2000,"bu","14:05:52",875800
44400,950,100,"bu","14:05:52",873800
44400,950,100,"bu","14:05:52",873700
44400,950,400,"bu","14:05:52",873600
44400,950,400,"bu","14:05:52",873200
44400,950,500,"bu","14:05:52",872800
44400,950,100,"bu","14:05:52",872300
44400,950,1000,"bu","14:05:52",872200
44400,950,100,"bu","14:05:52",871200
44400,950,1000,"bu","14:05:52",871100
44350,900,1000,"bu","14:05:52",870100
44400,950,1300,"bu","14:05:52",869100
44300,850,100,"bu","14:05:52",867800
44300,850,300,"bu","14:05:52",867700
44300,850,300,"bu","14:05:23",867400
44300,850,100,"bu","14:05:14",867100
44300,850,300,"bu","14:03:48",867000
44150,700,100,"sd","14:02:53",866700
44400,950,700,"bu","14:02:44",866600
44400,950,100,"bu","14:02:44",865900
44400,950,200,"bu","14:02:44",865800
44400,950,300,"bu","14:02:44",865600
44400,950,100,"bu","14:02:44",865300
44350,900,100,"bu","14:02:44",865200
44350,900,1300,"bu","14:02:44",865100
44350,900,2500,"bu","14:02:44",863800
44350,900,100,"bu","14:02:44",861300
44300,850,100,"bu","14:02:44",861200
44200,750,500,"bu","14:02:44",861100
44200,750,100,"sd","14:02:19",860600
44200,750,200,"sd","14:02:19",860500
44200,750,200,"sd","14:02:09",860300
44200,750,200,"sd","14:02:09",860100
44200,750,100,"sd","14:02:09",859900
44350,900,600,"bu","14:01:34",859800
44350,900,1300,"bu","14:00:53",859200
44350,900,200,"bu","14:00:53",857900
44350,900,3000,"bu","14:00:53",857700
44350,900,100,"bu","14:00:53",854700
44300,850,100,"bu","14:00:53",854600
44300,850,1200,"bu","14:00:53",854500
44300,850,1200,"bu","14:00:53",853300
44300,850,100,"bu","14:00:53",852100
44300,850,11000,"bu","14:00:53",852000
44300,850,500,"bu","14:00:53",841000
44300,850,800,"bu","14:00:53",840500
44300,850,500,"bu","14:00:53",839700
44200,750,100,"sd","14:00:11",839200
44200,750,800,"sd","14:00:11",839100
44200,750,100,"sd","13:59:32",838300
44200,750,100,"sd","13:59:19",838200
44200,750,500,"sd","13:58:50",838100
44200,750,200,"sd","13:58:01",837600
44200,750,200,"sd","13:58:01",837400
44200,750,200,"sd","13:58:01",837200
44200,750,100,"sd","13:58:01",837000
44200,750,500,"sd","13:57:39",836900
44200,750,400,"sd","13:57:21",836400
44200,750,600,"sd","13:57:21",836000
44200,750,1400,"sd","13:55:23",835400
44250,800,1100,"sd","13:55:23",834000
44250,800,400,"sd","13:55:20",832900
44300,850,500,"sd","13:54:45",832500
44300,850,100,"bu","13:54:37",832000
44300,850,100,"bu","13:54:37",831900
44300,850,1200,"bu","13:54:37",831800
44300,850,200,"bu","13:54:37",830600
44300,850,200,"bu","13:54:37",830400
44300,850,500,"bu","13:54:37",830200
44300,850,800,"bu","13:54:37",829700
44300,850,100,"bu","13:54:28",828900
44250,800,700,"sd","13:54:18",828800
44250,800,1000,"sd","13:53:59",828100
44250,800,500,"sd","13:53:58",827100
44250,800,200,"sd","13:52:35",826600
44250,800,500,"sd","13:52:27",826400
44250,800,3100,"sd","13:51:46",825900
44300,850,800,"bu","13:50:28",822800
44300,850,1800,"bu","13:50:13",822000
44300,850,100,"bu","13:50:13",820200
44300,850,200,"bu","13:50:13",820100
44250,800,200,"sd","13:49:52",819900
44300,850,200,"bu","13:49:37",819700
44250,800,300,"sd","13:49:25",819500
44250,800,200,"sd","13:49:11",819200
44300,850,100,"bu","13:49:08",819000
44300,850,100,"bu","13:48:36",818900
44300,850,100,"sd","13:48:36",818800
44300,850,200,"sd","13:48:33",818700
44350,900,700,"bu","13:48:32",818500
44300,850,100,"sd","13:48:18",817800
44350,900,300,"bu","13:48:14",817700
44300,850,200,"sd","13:48:14",817400
44300,850,300,"sd","13:48:11",817200
44300,850,100,"sd","13:48:10",816900
44300,850,200,"sd","13:48:09",816800
44300,850,100,"bu","13:48:02",816600
44300,850,100,"bu","13:48:02",816500
44300,850,700,"bu","13:48:02",816400
44300,850,100,"bu","13:48:02",815700
44300,850,2400,"bu","13:48:02",815600
44300,850,2600,"bu","13:47:43",813200
44300,850,7400,"bu","13:47:43",810600
44250,800,1000,"bu","13:47:25",803200
44250,800,100,"bu","13:47:25",802200
44250,800,500,"bu","13:47:25",802100
44250,800,100,"bu","13:47:25",801600
44250,800,100,"bu","13:47:25",801500
44200,750,100,"sd","13:47:17",801400
44200,750,100,"sd","13:46:39",801300
44200,750,2000,"bu","13:45:41",801200
44150,700,200,"bu","13:45:41",799200
44150,700,500,"bu","13:45:41",799000
44200,750,600,"bu","13:44:41",798500
44200,750,1000,"sd","13:44:41",797900
44200,750,2000,"sd","13:44:41",796900
44250,800,500,"sd","13:44:22",794900
44250,800,100,"sd","13:44:20",794400
44250,800,200,"sd","13:44:13",794300
44300,850,2600,"sd","13:44:00",794100
44300,850,1500,"bu","13:43:46",791500
44300,850,100,"bu","13:43:46",790000
44300,850,1500,"bu","13:43:46",789900
44300,850,500,"bu","13:43:46",788400
44300,850,1000,"bu","13:43:46",787900
44300,850,1000,"bu","13:43:46",786900
44300,850,1800,"bu","13:43:46",785900
44300,850,200,"bu","13:43:26",784100
44250,800,100,"sd","13:43:10",783900
44250,800,9100,"sd","13:42:52",783800
44250,800,900,"sd","13:42:52",774700
44300,850,1100,"bu","13:42:24",773800
44300,850,200,"unknown","13:42:24",772700
44300,850,300,"sd","13:42:20",772500
44300,850,500,"bu","13:41:34",772200
44400,950,1300,"bu","13:41:25",771700
44400,950,100,"bu","13:41:25",770400
44400,950,3000,"bu","13:41:25",770300
44400,950,900,"bu","13:41:25",767300
44350,900,200,"bu","13:41:25",766400
44350,900,500,"bu","13:41:25",766200
44350,900,100,"bu","13:41:25",765700
44350,900,7300,"bu","13:41:25",765600
44300,850,100,"bu","13:41:25",758300
44300,850,1500,"bu","13:41:25",758200
44300,850,500,"sd","13:41:05",756700
44300,850,200,"bu","13:41:05",756200
44300,850,100,"bu","13:41:05",756000
44300,850,100,"bu","13:40:55",755900
44300,850,1000,"bu","13:40:23",755800
44250,800,100,"unknown","13:40:13",754800
44200,750,200,"sd","13:39:59",754700
44350,900,8600,"bu","13:39:56",754500
44300,850,200,"bu","13:39:56",745900
44300,850,200,"bu","13:39:56",745700
44250,800,1000,"bu","13:39:56",745500
44300,850,500,"bu","13:39:52",744500
44300,850,200,"bu","13:39:52",744000
44300,850,100,"bu","13:39:52",743800
44300,850,200,"bu","13:39:52",743700
44300,850,100,"bu","13:39:52",743500
44300,850,100,"bu","13:39:52",743400
44300,850,100,"bu","13:39:52",743300
44300,850,300,"bu","13:39:52",743200
44300,850,500,"bu","13:39:52",742900
44300,850,300,"bu","13:39:52",742400
44300,850,100,"bu","13:39:52",742100
44300,850,700,"bu","13:39:52",742000
44300,850,200,"bu","13:39:52",741300
44300,850,100,"bu","13:39:52",741100
44300,850,100,"bu","13:39:52",741000
44250,800,2000,"bu","13:39:52",740900
44300,850,200,"bu","13:39:52",738900
44300,850,2000,"bu","13:39:52",738700
44300,850,200,"bu","13:39:52",736700
44200,750,4500,"sd","13:39:33",736500
44200,750,3300,"bu","13:39:32",732000
44200,750,1700,"sd","13:39:22",728700
44300,850,100,"bu","13:39:18",727000
44250,800,1000,"bu","13:39:18",726900
44250,800,500,"bu","13:39:18",725900
44250,800,200,"bu","13:39:18",725400
44250,800,100,"bu","13:39:18",725200
44250,800,100,"bu","13:39:18",725100
44200,750,200,"bu","13:39:07",725000
44200,750,100,"bu","13:39:07",724800
44200,750,400,"sd","13:39:00",724700
44200,750,100,"sd","13:38:59",724300
44200,750,1300,"sd","13:38:59",724200
44200,750,700,"bu","13:38:59",722900
44200,750,800,"bu","13:38:47",722200
44200,750,500,"sd","13:37:39",721400
44200,750,1000,"bu","13:37:14",720900
44200,750,600,"bu","13:37:14",719900
44200,750,500,"bu","13:37:14",719300
44200,750,100,"bu","13:37:14",718800
44200,750,100,"bu","13:37:14",718700
44150,700,500,"bu","13:37:14",718600
44200,750,200,"bu","13:37:14",718100
44150,700,100,"bu","13:37:14",717900
44200,750,800,"bu","13:37:14",717800
44150,700,200,"bu","13:37:14",717000
44200,750,1000,"bu","13:37:14",716800
44150,700,200,"bu","13:37:14",715800
44200,750,200,"bu","13:37:14",715600
44150,700,300,"sd","13:36:28",715400
44150,700,200,"sd","13:36:26",715100
44150,700,800,"sd","13:35:46",714900
44200,750,100,"bu","13:35:32",714100
44200,750,300,"bu","13:35:25",714000
44200,750,100,"bu","13:35:25",713700
44200,750,100,"bu","13:35:25",713600
44200,750,100,"bu","13:33:46",713500
44200,750,100,"bu","13:33:46",713400
44200,750,100,"bu","13:33:46",713300
44200,750,200,"bu","13:33:46",713200
44200,750,100,"bu","13:32:57",713000
44200,750,400,"bu","13:32:50",712900
44150,700,200,"sd","13:32:44",712500
44150,700,2000,"sd","13:32:29",712300
44150,700,900,"bu","13:32:27",710300
44150,700,500,"bu","13:32:27",709400
44150,700,100,"bu","13:32:27",708900
44000,550,3300,"sd","13:32:27",708800
44000,550,10700,"bu","13:31:42",705500
44000,550,100,"bu","13:31:21",694800
44000,550,1000,"sd","13:31:14",694700
44000,550,1000,"sd","13:31:14",693700
44000,550,2200,"sd","13:31:14",692700
44150,700,300,"bu","13:31:04",690500
44250,800,400,"bu","13:30:58",690200
44250,800,100,"bu","13:30:58",689800
44250,800,100,"bu","13:30:58",689700
44200,750,100,"bu","13:30:58",689600
44200,750,200,"bu","13:30:58",689500
44200,750,2400,"bu","13:30:58",689300
44200,750,200,"bu","13:30:58",686900
44200,750,200,"bu","13:30:58",686700
44200,750,300,"bu","13:30:58",686500
44200,750,200,"bu","13:30:58",686200
44200,750,3000,"bu","13:30:58",686000
44200,750,500,"bu","13:30:58",683000
44200,750,200,"bu","13:30:58",682500
44200,750,1000,"bu","13:30:58",682300
44200,750,1000,"bu","13:30:58",681300
44200,750,100,"bu","13:30:58",680300
44150,700,300,"bu","13:30:42",680200
44150,700,300,"bu","13:30:33",679900
44150,700,300,"bu","13:30:22",679600
44150,700,700,"bu","13:30:22",679300
44150,700,300,"bu","13:30:06",678600
44150,700,400,"bu","13:30:06",678300
44100,650,100,"bu","13:30:06",677900
44050,600,1000,"bu","13:30:06",677800
44100,650,1000,"bu","13:30:06",676800
44100,650,2000,"bu","13:30:06",675800
44100,650,100,"bu","13:30:06",673800
44100,650,100,"bu","13:30:06",673700
44100,650,400,"bu","13:29:39",673600
44100,650,500,"bu","13:29:39",673200
44050,600,100,"bu","13:29:39",672700
44000,550,500,"sd","13:29:06",672600
44000,550,4000,"sd","13:28:46",672100
44000,550,100,"bu","13:28:24",668100
44000,550,800,"bu","13:28:08",668000
44000,550,200,"bu","13:27:58",667200
44000,550,100,"bu","13:27:58",667000
43950,500,2000,"sd","13:27:57",666900
43950,500,100,"sd","13:27:32",664900
43950,500,200,"sd","13:26:59",664800
43950,500,100,"bu","13:26:49",664600
43950,500,1000,"bu","13:26:45",664500
43900,450,1000,"sd","13:26:16",663500
43900,450,700,"bu","13:26:13",662500
43900,450,1000,"bu","13:26:13",661800
43900,450,500,"bu","13:26:13",660800
43800,350,1700,"sd","13:25:18",660300
43800,350,200,"sd","13:25:18",658600
43800,350,100,"sd","13:25:18",658400
43800,350,100,"sd","13:25:18",658300
43800,350,100,"sd","13:24:53",658200
43800,350,400,"sd","13:24:48",658100
43800,350,300,"sd","13:24:48",657700
43900,450,700,"sd","13:24:04",657400
43900,450,200,"sd","13:24:04",656700
43900,450,800,"sd","13:23:58",656500
43900,450,100,"sd","13:23:52",655700
43900,450,1700,"sd","13:23:47",655600
44000,550,300,"bu","13:23:36",653900
43900,450,100,"sd","13:23:36",653600
43900,450,100,"sd","13:23:04",653500
44100,650,1700,"sd","13:22:53",653400
44100,650,200,"bu","13:22:47",651700
44100,650,500,"bu","13:22:47",651500
44100,650,2600,"bu","13:22:47",651000
44000,550,900,"sd","13:22:46",648400
44000,550,100,"sd","13:22:43",647500
44000,550,500,"sd","13:22:23",647400
44000,550,100,"bu","13:22:20",646900
44000,550,500,"bu","13:22:20",646800
44000,550,5000,"bu","13:22:20",646300
44000,550,300,"bu","13:22:20",641300
44000,550,500,"bu","13:22:20",641000
43900,450,2100,"bu","13:22:19",640500
43900,450,300,"bu","13:21:11",638400
43900,450,100,"bu","13:20:18",638100
43900,450,100,"sd","13:20:06",638000
43900,450,300,"sd","13:20:06",637900
43900,450,400,"sd","13:20:06",637300
43900,450,300,"sd","13:20:06",637600
43950,500,500,"unknown","13:19:31",636900
43950,500,200,"unknown","13:19:31",636400
43950,500,300,"sd","13:19:27",636200
43950,500,500,"sd","13:18:53",635900
44000,550,500,"bu","13:18:44",635400
44000,550,200,"bu","13:18:43",634900
44000,550,800,"bu","13:18:43",634700
44000,550,200,"bu","13:18:32",633900
44000,550,2000,"sd","13:18:24",633700
44000,550,1000,"bu","13:18:14",631700
44000,550,7000,"bu","13:18:14",630700
44000,550,100,"sd","13:17:39",623700
44000,550,500,"sd","13:17:39",623600
44000,550,1000,"sd","13:17:39",623100
44000,550,500,"sd","13:17:39",622100
44000,550,100,"sd","13:17:39",621600
44000,550,300,"sd","13:17:39",621500
44000,550,1000,"sd","13:17:39",621200
44000,550,5000,"sd","13:17:39",620200
44050,600,100,"sd","13:17:39",615200
44050,600,200,"sd","13:17:39",615100
44050,600,500,"sd","13:17:39",614900
44050,600,100,"sd","13:17:39",614400
44050,600,2000,"sd","13:17:39",614300
44050,600,1000,"sd","13:17:39",612300
44050,600,600,"sd","13:17:39",611300
44100,650,100,"bu","13:17:16",610700
44100,650,300,"sd","13:17:14",610600
44100,650,1000,"sd","13:17:14",610300
44150,700,100,"bu","13:16:37",609300
44150,700,100,"bu","13:16:37",609200
44200,750,100,"bu","13:16:17",609100
44200,750,300,"bu","13:15:44",609000
44200,750,2000,"bu","13:14:24",608700
44200,750,100,"bu","13:14:24",606700
44200,750,100,"bu","13:14:24",606600
44200,750,2900,"bu","13:14:24",606500
44200,750,200,"bu","13:14:24",603600
44200,750,1000,"bu","13:14:24",603400
44200,750,3100,"bu","13:14:24",602400
44200,750,100,"bu","13:14:24",599300
44100,650,100,"bu","13:14:24",599200
44100,650,400,"bu","13:14:24",599100
44100,650,800,"bu","13:14:20",598700
44100,650,1000,"unknown","13:14:12",597900
44100,650,100,"unknown","13:14:12",596900
44100,650,4300,"unknown","13:14:12",596800
44100,650,500,"sd","13:14:12",592500
44100,650,500,"sd","13:14:09",592000
44100,650,100,"sd","13:13:57",591500
44100,650,400,"sd","13:13:35",591400
44100,650,200,"sd","13:13:09",591000
44150,700,300,"sd","13:13:08",590800
44150,700,400,"sd","13:13:08",590500
44150,700,800,"sd","13:12:53",590100
44150,700,1300,"sd","13:12:53",589300
44150,700,500,"sd","13:12:42",588000
44150,700,1000,"sd","13:12:35",587500
44150,700,200,"sd","13:12:28",586500
44150,700,600,"sd","13:12:28",586300
44150,700,100,"bu","13:11:18",585700
44150,700,100,"sd","13:11:17",585600
44150,700,100,"sd","13:11:09",585500
44150,700,500,"bu","13:10:59",585400
44100,650,2000,"sd","13:10:56",584900
44100,650,100,"sd","13:10:34",582900
44100,650,100,"bu","13:10:02",582800
44100,650,400,"bu","13:09:56",582700
44100,650,100,"bu","13:09:29",582300
44100,650,100,"bu","13:09:29",582200
44100,650,500,"sd","13:08:45",582100
44100,650,100,"sd","13:08:45",581600
44100,650,100,"bu","13:08:29",581500
44050,600,100,"sd","13:08:14",581000
44050,600,400,"sd","13:08:14",581400
44100,650,300,"bu","13:08:09",580900
44100,650,2000,"bu","13:08:03",580600
44100,650,500,"sd","13:08:00",578600
44100,650,100,"sd","13:08:00",578100
44100,650,1000,"sd","13:08:00",578000
44100,650,100,"sd","13:08:00",577000
44100,650,1900,"sd","13:08:00",576900
44100,650,500,"sd","13:07:35",575000
44100,650,900,"sd","13:07:24",574500
44150,700,500,"sd","13:07:08",573600
44150,700,100,"sd","13:07:08",573100
44150,700,900,"sd","13:07:06",573000
44150,700,200,"sd","13:07:06",572100
44150,700,100,"sd","13:07:05",571900
44150,700,500,"sd","13:07:05",571800
44150,700,800,"sd","13:07:05",571300
44150,700,600,"sd","13:07:05",570500
44150,700,1300,"sd","13:06:07",569900
44150,700,100,"sd","13:05:25",568600
44150,700,500,"bu","13:05:01",568500
44150,700,500,"bu","13:05:01",568000
44150,700,2400,"sd","13:04:51",567500
44150,700,1200,"sd","13:04:51",565100
44200,750,2600,"bu","13:04:24",563900
44150,700,100,"sd","13:04:10",561300
44150,700,1000,"sd","13:03:47",561200
44150,700,100,"sd","13:03:47",560200
44150,700,500,"sd","13:03:47",560100
44150,700,400,"sd","13:03:47",559600
44150,700,300,"sd","13:03:47",559200
44200,750,300,"bu","13:03:42",558900
44200,750,200,"bu","13:03:42",558600
44150,700,100,"sd","13:03:41",558400
44150,700,600,"sd","13:03:40",558300
44150,700,400,"sd","13:03:40",557700
44150,700,500,"sd","13:03:32",557300
44150,700,100,"sd","13:02:43",556800
44150,700,200,"sd","13:01:55",556700
44150,700,400,"sd","13:01:25",556500
44200,750,200,"bu","13:01:23",556100
44200,750,300,"bu","13:01:15",555900
44200,750,300,"bu","13:01:15",555600
44200,750,200,"bu","13:01:15",555300
44200,750,1200,"bu","13:01:15",555100
44150,700,300,"sd","13:00:30",553900
44150,700,500,"sd","13:00:26",553600
44150,700,300,"sd","13:00:18",553100
44150,700,200,"sd","13:00:16",552800
44150,700,100,"sd","13:00:16",552600
44150,700,100,"sd","13:00:16",552500
44150,700,100,"sd","13:00:16",552400
44150,700,500,"sd","13:00:14",552300
44150,700,500,"bu","13:00:04",551800
44150,700,200,"bu","13:00:04",551300
44100,650,100,"sd","13:00:02",551100
44100,650,1000,"sd","13:00:01",551000
44100,650,15000,"sd","13:00:00",550000
44100,650,3000,"sd","13:00:00",535000
44150,700,600,"bu","11:29:15",532000
44150,700,900,"bu","11:29:15",531400
44150,700,100,"bu","11:28:20",530500
44100,650,500,"sd","11:28:09",530400
44100,650,100,"sd","11:27:59",529900
44100,650,400,"bu","11:27:22",529800
44100,650,200,"bu","11:27:22",529400
44100,650,100,"bu","11:27:20",529200
44100,650,100,"bu","11:27:14",529100
44100,650,200,"bu","11:26:15",529000
44100,650,400,"bu","11:26:15",528800
44100,650,200,"bu","11:25:04",528400
44100,650,300,"bu","11:24:31",528200
44100,650,1000,"bu","11:23:48",527900
44100,650,500,"bu","11:23:18",526900
44100,650,100,"sd","11:23:05",526400
44100,650,100,"sd","11:23:05",526300
44100,650,2400,"sd","11:23:04",526200
44100,650,1500,"sd","11:22:51",523800
44100,650,300,"sd","11:22:38",522300
44100,650,800,"sd","11:21:42",522000
44100,650,1200,"sd","11:21:42",521200
44100,650,500,"sd","11:21:34",520000
44100,650,500,"sd","11:21:27",519500
44100,650,400,"sd","11:20:27",519000
44100,650,500,"sd","11:20:21",518600
44100,650,500,"sd","11:20:12",518100
44100,650,200,"sd","11:19:53",517600
44100,650,400,"sd","11:18:53",517400
44100,650,500,"sd","11:18:18",517000
44100,650,500,"sd","11:17:59",516500
44100,650,500,"sd","11:17:51",516000
44100,650,500,"sd","11:17:20",515500
44100,650,1000,"sd","11:17:12",515000
44100,650,2800,"bu","11:17:11",514000
44050,600,500,"sd","11:16:09",511200
44050,600,400,"sd","11:15:24",510700
44050,600,100,"sd","11:15:23",510300
44050,600,500,"sd","11:15:08",510200
44050,600,500,"sd","11:14:59",509700
44050,600,500,"sd","11:14:49",509200
44050,600,400,"sd","11:14:42",508700
44050,600,100,"sd","11:14:42",508300
44050,600,500,"sd","11:14:16",508200
44100,650,100,"bu","11:14:14",507700
44050,600,300,"sd","11:14:06",507600
44050,600,200,"sd","11:14:06",507300
44100,650,100,"bu","11:14:03",507100
44050,600,900,"sd","11:14:01",507000
44050,600,100,"sd","11:14:01",506100
44050,600,500,"sd","11:13:58",506000
44050,600,1600,"sd","11:13:51",505500
44050,600,100,"sd","11:13:02",503900
44050,600,200,"bu","11:12:35",503800
44050,600,3300,"sd","11:12:14",503600
44050,600,100,"sd","11:12:14",500300
44050,600,700,"sd","11:10:27",500200
44100,650,200,"bu","11:09:30",499500
44050,600,200,"bu","11:08:51",499300
44050,600,800,"bu","11:08:33",499100
44050,600,100,"bu","11:08:25",498300
44000,550,1000,"sd","11:07:43",498200
44050,600,1000,"bu","11:07:16",497200
44000,550,300,"sd","11:07:11",496200
44050,600,2000,"bu","11:06:59",495900
44000,550,100,"sd","11:06:34",493900
44050,600,1000,"sd","11:05:43",493800
44050,600,5000,"sd","11:05:43",492800
44100,650,1000,"sd","11:05:43",487800
44100,650,3000,"sd","11:05:43",486800
44100,650,500,"sd","11:05:43",483800
44100,650,500,"sd","11:05:43",483300
44150,700,200,"bu","11:05:35",482800
44150,700,400,"bu","11:05:26",482600
44150,700,600,"bu","11:05:26",482200
44150,700,100,"sd","11:03:46",481600
44150,700,100,"bu","11:01:18",481500
44100,650,100,"sd","11:00:04",481400
44100,650,500,"sd","10:59:49",481300
44100,650,400,"sd","10:59:10",480800
44100,650,300,"sd","10:59:10",480400
44100,650,300,"sd","10:59:10",480100
44100,650,700,"sd","10:58:36",479800
44100,650,8300,"sd","10:58:36",479100
44100,650,1300,"sd","10:58:01",470800
44150,700,1000,"sd","10:58:01",469500
44100,650,400,"bu","10:57:43",468500
44100,650,1000,"bu","10:57:39",468100
44100,650,200,"sd","10:56:52",467100
44100,650,1000,"sd","10:56:52",466900
44100,650,400,"sd","10:56:52",465900
44150,700,500,"sd","10:56:38",465500
44150,700,300,"sd","10:56:38",465000
44150,700,100,"sd","10:56:33",464700
44150,700,100,"sd","10:56:09",464600
44150,700,200,"sd","10:56:09",464500
44250,800,300,"bu","10:53:57",464300
44250,800,100,"bu","10:53:57",464000
44250,800,100,"bu","10:53:57",463900
44250,800,200,"sd","10:53:38",463800
44250,800,1000,"sd","10:53:38",463600
44250,800,3500,"sd","10:53:14",462600
44250,800,500,"sd","10:53:04",459100
44250,800,500,"sd","10:52:53",458600
44250,800,200,"sd","10:51:37",458100
44300,850,200,"sd","10:51:05",457900
44300,850,4000,"sd","10:50:58",457700
44300,850,800,"sd","10:50:50",453700
44300,850,1000,"sd","10:50:50",452900
44300,850,200,"sd","10:50:41",451900
44300,850,300,"sd","10:50:33",451700
44300,850,100,"sd","10:50:23",451400
44300,850,300,"sd","10:50:14",451300
44300,850,2100,"sd","10:50:12",451000
44300,850,100,"sd","10:49:59",448900
44300,850,300,"bu","10:49:33",448800
44300,850,1500,"bu","10:49:33",448500
44300,850,500,"bu","10:49:33",447000
44300,850,200,"bu","10:49:33",446500
44300,850,200,"bu","10:49:33",446300
44300,850,100,"bu","10:49:33",446100
44300,850,3100,"bu","10:49:33",446000
44250,800,100,"sd","10:48:53",442900
44250,800,500,"sd","10:48:27",442800
44250,800,500,"bu","10:48:10",442300
44200,750,2000,"bu","10:48:10",441800
44200,750,1000,"bu","10:48:10",439800
44150,700,100,"sd","10:48:03",438800
44200,750,300,"sd","10:47:47",438700
44250,800,100,"bu","10:47:38",438400
44200,750,100,"sd","10:47:36",438300
44250,800,100,"bu","10:47:28",438200
44300,850,2800,"bu","10:47:16",438100
44300,850,100,"sd","10:46:52",435300
44300,850,100,"sd","10:46:42",435200
44400,950,1000,"bu","10:46:12",435100
44400,950,5800,"sd","10:46:11",434100
44400,950,200,"sd","10:46:10",428300
44400,950,2000,"sd","10:46:05",428100
44400,950,400,"sd","10:46:00",426100
44400,950,200,"sd","10:45:49",425700
44400,950,500,"sd","10:45:25",425500
44400,950,500,"sd","10:45:18",425000
44450,1000,100,"sd","10:45:03",424500
44450,1000,2000,"bu","10:44:57",424400
44450,1000,100,"bu","10:44:57",422400
44400,950,100,"sd","10:44:54",422300
44400,950,100,"sd","10:44:52",422200
44400,950,100,"sd","10:44:49",422100
44400,950,100,"bu","10:44:48",422000
44400,950,100,"bu","10:44:34",421900
44400,950,100,"bu","10:44:34",421800
44400,950,800,"bu","10:44:34",421700
44400,950,700,"sd","10:44:14",420900
44400,950,100,"bu","10:44:13",420200
44400,950,100,"bu","10:44:13",420100
44400,950,100,"bu","10:44:12",420000
44400,950,200,"sd","10:43:45",419900
44400,950,100,"sd","10:43:38",419700
44400,950,100,"sd","10:43:29",419600
44400,950,500,"sd","10:43:29",419500
44400,950,12000,"sd","10:43:23",419000
44400,950,100,"sd","10:43:14",407000
44400,950,1000,"sd","10:43:13",406900
44450,1000,100,"bu","10:43:05",405900
44450,1000,100,"bu","10:43:00",405800
44450,1000,1000,"bu","10:43:00",405700
44450,1000,100,"bu","10:43:00",404700
44450,1000,100,"bu","10:43:00",404600
44450,1000,700,"bu","10:43:00",404500
44450,1000,100,"bu","10:43:00",403800
44400,950,500,"sd","10:42:52",403700
44400,950,1500,"bu","10:42:44",403200
44400,950,1000,"bu","10:42:44",401700
44400,950,300,"bu","10:42:44",400700
44400,950,1000,"bu","10:42:44",400400
44400,950,500,"bu","10:42:44",399400
44400,950,100,"bu","10:42:44",398900
44400,950,100,"bu","10:42:44",398800
44400,950,1000,"bu","10:42:44",398700
44300,850,500,"bu","10:42:29",397700
44300,850,100,"bu","10:42:29",397200
44300,850,2700,"bu","10:42:29",397100
44300,850,100,"bu","10:42:29",394400
44300,850,5000,"bu","10:42:29",394300
44300,850,300,"bu","10:42:29",389300
44300,850,2000,"bu","10:42:29",389000
44300,850,300,"bu","10:42:29",387000
44300,850,700,"bu","10:42:29",386700
44300,850,3000,"bu","10:42:29",386000
44300,850,100,"bu","10:42:29",383000
44300,850,1000,"bu","10:42:29",382900
44300,850,100,"bu","10:42:29",381900
44300,850,1300,"bu","10:42:29",381800
44250,800,200,"sd","10:42:28",380500
44250,800,500,"sd","10:42:27",380300
44250,800,100,"sd","10:42:19",379800
44250,800,400,"sd","10:42:19",379700
44250,800,100,"sd","10:42:17",379300
44250,800,12000,"sd","10:42:12",379200
44250,800,300,"sd","10:41:57",367200
44250,800,200,"sd","10:41:57",366900
44250,800,100,"sd","10:41:57",366700
44250,800,400,"sd","10:41:57",366600
44250,800,1000,"sd","10:41:53",366200
44250,800,100,"sd","10:41:47",365200
44250,800,200,"sd","10:41:46",365100
44250,800,1500,"sd","10:41:24",364900
44250,800,200,"sd","10:41:20",363400
44250,800,300,"sd","10:41:02",363200
44250,800,500,"sd","10:40:59",362900
44250,800,400,"sd","10:40:56",362400
44250,800,600,"sd","10:40:56",362000
44250,800,1500,"sd","10:40:56",361400
44250,800,1000,"sd","10:40:54",359900
44250,800,500,"bu","10:40:29",358900
44300,850,700,"bu","10:40:16",358400
44300,850,300,"bu","10:40:16",357700
44300,850,500,"bu","10:40:16",357400
44300,850,100,"bu","10:40:16",356900
44300,850,500,"bu","10:40:16",356800
44300,850,600,"bu","10:40:16",356300
44250,800,300,"bu","10:40:16",355700
44250,800,100,"bu","10:40:02",355400
44250,800,100,"bu","10:40:02",355300
44250,800,100,"bu","10:40:02",355200
44200,750,100,"sd","10:39:47",355100
44200,750,700,"bu","10:39:44",355000
44200,750,300,"bu","10:39:44",354300
44200,750,700,"bu","10:39:38",354000
44200,750,2000,"bu","10:39:38",353300
44200,750,200,"bu","10:39:38",351300
44200,750,100,"bu","10:39:38",351100
44200,750,200,"bu","10:39:38",351000
44200,750,100,"bu","10:39:38",350800
44200,750,300,"bu","10:39:38",350700
44200,750,1300,"bu","10:39:38",350400
44200,750,100,"bu","10:39:38",349100
44200,750,500,"bu","10:39:34",349000
44200,750,500,"bu","10:39:31",348500
44200,750,400,"bu","10:39:31",348000
44200,750,3800,"bu","10:39:31",347600
44200,750,200,"bu","10:39:31",343800
44200,750,100,"bu","10:39:31",343600
44200,750,200,"bu","10:39:23",343500
44200,750,200,"bu","10:39:18",343300
44150,700,300,"sd","10:39:15",343100
44200,750,100,"bu","10:39:01",342800
44200,750,100,"bu","10:39:01",342700
44200,750,200,"bu","10:39:01",342600
44100,650,200,"sd","10:38:29",342400
44100,650,1000,"sd","10:38:21",342200
44100,650,1500,"sd","10:38:21",341200
44100,650,100,"bu","10:37:49",339700
44050,600,100,"sd","10:37:40",339600
44100,650,100,"bu","10:37:31",339500
44100,650,1200,"bu","10:37:31",339400
44100,650,800,"bu","10:37:30",338200
44100,650,800,"bu","10:37:26",337400
44100,650,1000,"bu","10:37:24",336600
44100,650,1200,"bu","10:37:10",335600
44100,650,500,"bu","10:37:10",334400
44100,650,1000,"bu","10:37:08",333900
44100,650,500,"bu","10:37:07",332900
44100,650,100,"bu","10:37:07",332400
44100,650,100,"bu","10:37:07",332300
44050,600,100,"bu","10:36:54",332200
44050,600,100,"bu","10:36:54",332100
44000,550,400,"sd","10:36:34",332000
44000,550,400,"bu","10:36:16",331600
44000,550,200,"bu","10:36:16",331200
44000,550,200,"bu","10:35:57",331000
44000,550,100,"bu","10:35:16",330800
44000,550,500,"bu","10:35:16",330700
44000,550,100,"bu","10:35:16",330200
44000,550,5000,"bu","10:35:16",330100
44000,550,500,"bu","10:35:16",325100
44000,550,400,"bu","10:35:16",324600
44000,550,3000,"bu","10:35:16",324200
44000,550,700,"bu","10:35:16",321200
44000,550,200,"bu","10:35:16",320500
44000,550,200,"bu","10:35:16",320300
44000,550,200,"bu","10:35:16",320100
44000,550,1900,"bu","10:35:16",319900
43800,350,800,"sd","10:34:55",318000
43950,500,600,"sd","10:34:55",317200
43900,450,3000,"sd","10:33:25",316600
43950,500,400,"bu","10:33:23",313600
43950,500,1000,"bu","10:33:23",313200
43950,500,1000,"bu","10:33:23",312200
43950,500,100,"bu","10:33:00",311200
43950,500,200,"bu","10:32:26",311100
43950,500,200,"bu","10:32:26",310900
43950,500,100,"bu","10:32:26",310700
43950,500,1200,"bu","10:31:18",310600
43950,500,400,"bu","10:31:08",309400
43950,500,1000,"bu","10:31:04",309000
43950,500,400,"sd","10:31:02",308000
44000,550,1000,"bu","10:30:48",307600
43950,500,100,"sd","10:30:12",306600
44000,550,1000,"bu","10:30:04",306500
44000,550,1100,"bu","10:29:29",305500
44000,550,900,"bu","10:29:29",304400
44000,550,100,"bu","10:29:27",303500
44000,550,1000,"bu","10:29:03",303400
44000,550,1000,"bu","10:28:43",302400
44000,550,1000,"bu","10:28:38",301400
44000,550,5900,"bu","10:28:31",300400
44000,550,200,"bu","10:28:31",294500
44000,550,1000,"bu","10:28:31",294300
44000,550,200,"bu","10:28:31",293300
44000,550,400,"bu","10:28:31",293100
44000,550,2300,"bu","10:28:31",292700
44000,550,700,"bu","10:28:21",290400
44000,550,100,"bu","10:28:21",289700
44000,550,500,"bu","10:28:21",289600
44000,550,200,"bu","10:28:21",289100
44000,550,300,"bu","10:28:21",288900
44000,550,500,"bu","10:28:21",288600
44000,550,1000,"bu","10:28:21",288100
44000,550,100,"bu","10:28:21",287100
44000,550,100,"bu","10:28:21",287000
44000,550,200,"bu","10:28:21",286900
44000,550,1000,"bu","10:28:21",286700
44000,550,300,"bu","10:28:21",285700
44000,550,700,"bu","10:28:20",285400
44000,550,100,"bu","10:28:20",284700
43950,500,100,"sd","10:28:03",284600
43950,500,100,"sd","10:27:54",284500
43950,500,3000,"bu","10:27:53",284400
43700,250,300,"bu","10:25:37",281400
43700,250,100,"bu","10:25:28",281100
43700,250,1900,"bu","10:25:28",281000
43700,250,100,"bu","10:25:20",279100
43700,250,200,"sd","10:25:13",279000
43700,250,200,"sd","10:25:13",278800
43750,300,100,"sd","10:25:13",278600
43750,300,200,"sd","10:25:13",278500
43800,350,200,"sd","10:25:13",278300
43850,400,600,"sd","10:25:13",278100
43900,450,1800,"sd","10:25:13",277500
43950,500,500,"sd","10:25:13",275700
43900,450,200,"bu","10:25:06",275200
43900,450,2700,"bu","10:25:03",275000
43900,450,500,"bu","10:25:03",272300
43900,450,100,"bu","10:25:03",271800
43850,400,100,"bu","10:24:41",271700
43850,400,100,"bu","10:24:41",271600
43850,400,200,"bu","10:24:41",271500
43850,400,200,"bu","10:24:34",271300
43850,400,600,"bu","10:24:17",271100
43850,400,500,"bu","10:24:17",270500
43800,350,100,"bu","10:23:44",270000
43800,350,700,"bu","10:23:44",269900
43800,350,500,"bu","10:23:44",269200
43800,350,3500,"bu","10:23:44",268700
43800,350,400,"bu","10:23:44",265200
43800,350,1400,"bu","10:23:44",264800
43750,300,100,"sd","10:23:01",263400
43800,350,900,"bu","10:21:32",263300
43800,350,2700,"bu","10:20:44",262400
43800,350,300,"bu","10:20:44",259700
43800,350,2000,"bu","10:20:44",259400
43650,200,500,"sd","10:19:11",257400
43650,200,100,"sd","10:18:54",256900
43650,200,500,"sd","10:18:29",256800
43650,200,900,"sd","10:17:54",256300
43650,200,1000,"sd","10:16:51",255400
43650,200,500,"sd","10:16:51",254400
43650,200,200,"sd","10:16:51",253900
43650,200,500,"sd","10:16:51",253700
43650,200,300,"sd","10:16:50",253200
43700,250,1000,"sd","10:16:50",252900
43700,250,100,"sd","10:16:50",251900
43700,250,100,"sd","10:16:50",251800
43700,250,100,"sd","10:16:50",251700
43700,250,300,"sd","10:16:50",251600
43700,250,300,"sd","10:16:50",251300
43800,350,600,"sd","10:16:50",251000
43800,350,400,"bu","10:16:47",250400
43800,350,1500,"sd","10:16:29",250000
43800,350,1600,"sd","10:16:29",248500
43800,350,300,"bu","10:15:07",246900
43800,350,100,"bu","10:15:07",246600
43800,350,300,"bu","10:14:55",246500
43800,350,100,"sd","10:14:45",246200
43800,350,100,"sd","10:14:11",246100
43800,350,200,"sd","10:14:11",246000
43800,350,100,"sd","10:14:01",245800
43800,350,1000,"sd","10:13:55",245700
43800,350,100,"sd","10:13:55",244700
43800,350,700,"bu","10:11:51",244600
43800,350,300,"bu","10:11:51",243900
43800,350,100,"bu","10:11:37",243600
43800,350,1000,"bu","10:10:48",243500
43800,350,1000,"bu","10:10:31",242500
43800,350,5000,"bu","10:08:01",241500
43800,350,3200,"sd","10:07:27",236500
43700,250,200,"sd","10:07:11",233300
43750,300,300,"sd","10:07:11",233100
43800,350,500,"unknown","10:07:05",232800
43800,350,1000,"unknown","10:07:05",232300
43800,350,500,"unknown","10:07:05",231300
43800,350,800,"unknown","10:07:05",230800
43800,350,100,"sd","10:06:57",230000
43800,350,100,"sd","10:05:49",229900
43800,350,4700,"sd","10:05:49",229800
43800,350,200,"sd","10:05:49",225100
43800,350,300,"sd","10:05:24",224900
43800,350,100,"sd","10:04:42",224600
43800,350,100,"sd","10:04:31",224500
43800,350,300,"bu","10:04:25",224400
43750,300,300,"sd","10:04:03",224100
43750,300,200,"sd","10:03:53",223800
43800,350,100,"bu","10:03:53",223600
43800,350,500,"bu","10:03:09",223500
43800,350,300,"sd","10:02:51",223000
43800,350,300,"sd","10:02:37",222700
43800,350,100,"sd","10:02:06",222400
43800,350,300,"sd","10:02:05",222300
43800,350,100,"sd","10:02:05",222000
43800,350,200,"bu","10:01:03",221900
43750,300,100,"bu","10:00:52",221700
43700,250,100,"bu","10:00:41",221600
43650,200,100,"sd","09:59:59",221500
43650,200,200,"sd","09:59:40",221400
43650,200,300,"sd","09:59:40",221200
43700,250,300,"bu","09:59:29",220900
43700,250,100,"bu","09:59:19",220600
43700,250,100,"bu","09:59:06",220500
43700,250,100,"bu","09:59:06",220400
43700,250,400,"bu","09:59:06",220300
43700,250,1200,"sd","09:58:58",219900
43700,250,500,"sd","09:58:58",218700
43750,300,200,"bu","09:58:51",218200
43750,300,300,"sd","09:58:30",218000
43800,350,100,"sd","09:57:58",217700
43800,350,300,"sd","09:57:58",217600
43800,350,200,"sd","09:57:26",217300
43800,350,100,"sd","09:57:26",217100
43900,450,900,"bu","09:57:26",217000
43900,450,200,"sd","09:56:05",216100
43900,450,300,"sd","09:56:04",215900
43900,450,1000,"sd","09:56:04",215600
43900,450,100,"sd","09:56:04",214600
43900,450,1300,"sd","09:55:57",214500
43900,450,100,"sd","09:55:52",213200
43900,450,600,"sd","09:55:45",213100
44000,550,100,"sd","09:54:58",212500
44000,550,1000,"sd","09:54:58",212400
44000,550,900,"sd","09:54:58",211400
44050,600,200,"sd","09:54:58",210500
44050,600,200,"sd","09:54:58",210300
44100,650,300,"bu","09:54:57",210100
44100,650,200,"sd","09:54:42",209800
44100,650,400,"sd","09:54:42",209600
44100,650,200,"sd","09:54:35",209200
44100,650,100,"sd","09:54:32",209000
44100,650,500,"sd","09:53:58",208900
44100,650,2000,"sd","09:53:58",208400
44100,650,500,"sd","09:53:58",206400
44100,650,100,"sd","09:53:58",205900
44100,650,200,"sd","09:53:58",205800
44100,650,1000,"bu","09:53:58",205600
44100,650,100,"bu","09:53:53",204600
44100,650,900,"bu","09:53:42",204500
44100,650,100,"bu","09:53:42",203600
44050,600,100,"sd","09:53:21",203500
44050,600,100,"bu","09:53:13",203400
44050,600,100,"bu","09:52:41",203300
44050,600,200,"bu","09:52:41",203200
44000,550,200,"sd","09:52:16",203000
44000,550,200,"bu","09:51:43",202800
44000,550,700,"bu","09:51:43",202600
44000,550,400,"sd","09:51:09",201900
44000,550,900,"sd","09:51:09",201500
44000,550,100,"sd","09:50:53",200600
44000,550,100,"bu","09:50:44",200500
44000,550,900,"bu","09:50:44",200400
44000,550,100,"sd","09:50:29",199500
44000,550,100,"bu","09:50:18",199400
44000,550,200,"bu","09:50:18",199300
44000,550,100,"bu","09:50:18",199100
44000,550,100,"bu","09:50:18",199000
43900,450,300,"sd","09:49:05",198900
43950,500,200,"sd","09:49:05",198600
44000,550,100,"bu","09:48:58",198400
44000,550,900,"bu","09:48:58",198300
44000,550,2000,"bu","09:48:41",197400
44000,550,2000,"sd","09:48:11",195400
44000,550,100,"sd","09:48:11",193400
44050,600,800,"sd","09:48:05",193300
44050,600,200,"bu","09:48:05",192500
44050,600,2100,"bu","09:47:46",192300
44050,600,100,"bu","09:47:46",190200
44050,600,200,"bu","09:47:46",190100
44050,600,100,"bu","09:47:46",189900
44050,600,600,"bu","09:47:01",189800
44050,600,500,"bu","09:47:01",189200
44000,550,100,"sd","09:46:48",188700
44000,550,200,"bu","09:46:34",188600
44000,550,300,"bu","09:46:29",188400
44000,550,100,"bu","09:46:29",188100
44000,550,100,"bu","09:46:29",188000
44000,550,200,"bu","09:46:29",187900
44000,550,500,"bu","09:46:29",187700
44000,550,500,"bu","09:46:29",187200
44000,550,300,"bu","09:46:29",186700
44000,550,100,"bu","09:46:29",186400
44000,550,100,"bu","09:46:22",186300
44000,550,1000,"bu","09:46:22",186200
44000,550,400,"bu","09:46:22",185200
44000,550,100,"bu","09:46:20",184800
44000,550,400,"bu","09:46:20",184700
44000,550,100,"bu","09:46:20",184300
44000,550,800,"bu","09:46:20",184200
44000,550,700,"bu","09:46:20",183400
44000,550,100,"bu","09:46:20",182700
44000,550,100,"bu","09:46:20",182600
44000,550,400,"bu","09:46:20",182500
43950,500,800,"bu","09:45:51",182100
43950,500,500,"bu","09:45:51",181300
43950,500,2000,"bu","09:45:44",180800
43950,500,100,"bu","09:45:33",178800
43950,500,1000,"bu","09:45:22",178700
43950,500,1000,"bu","09:45:20",177700
43950,500,1800,"bu","09:45:03",176700
43900,450,500,"bu","09:45:03",174900
43900,450,500,"bu","09:44:49",174400
43900,450,200,"bu","09:44:49",173900
43900,450,600,"bu","09:44:49",173700
43900,450,500,"bu","09:44:49",173100
43850,400,100,"bu","09:44:49",172600
43850,400,300,"bu","09:44:49",172500
43850,400,100,"bu","09:44:47",172200
43700,250,1000,"sd","09:44:05",172100
43700,250,300,"sd","09:43:35",171100
43700,250,200,"sd","09:43:20",170800
43750,300,200,"sd","09:43:15",170600
43800,350,400,"bu","09:43:10",170400
43800,350,800,"sd","09:43:08",170000
43800,350,1400,"sd","09:43:08",169200
43850,400,100,"bu","09:43:04",167800
43850,400,100,"bu","09:42:56",167700
43800,350,700,"sd","09:42:53",167600
43800,350,500,"sd","09:42:52",166900
43800,350,400,"bu","09:42:51",166400
43800,350,100,"bu","09:42:51",166000
43800,350,800,"bu","09:42:51",165900
43800,350,400,"bu","09:42:51",165100
43800,350,500,"bu","09:42:51",164700
43800,350,300,"bu","09:42:51",164200
43800,350,200,"bu","09:42:51",163900
43800,350,100,"bu","09:42:51",163700
43800,350,1000,"bu","09:42:51",163600
43800,350,800,"bu","09:42:51",162600
43800,350,200,"bu","09:42:04",161800
43800,350,100,"bu","09:42:04",161600
43800,350,300,"bu","09:42:04",161500
43700,250,100,"bu","09:42:04",161200
43700,250,300,"bu","09:42:04",161100
43700,250,600,"bu","09:41:58",160800
43650,200,100,"sd","09:41:17",160200
43700,250,100,"bu","09:41:14",160100
43700,250,1000,"bu","09:41:13",160000
43700,250,400,"bu","09:40:56",159000
43700,250,1300,"bu","09:40:56",158600
43700,250,200,"bu","09:40:56",157300
43700,250,100,"bu","09:40:56",157100
43700,250,100,"bu","09:40:42",157000
43700,250,500,"bu","09:40:26",156900
43700,250,100,"bu","09:40:22",156400
43700,250,500,"bu","09:40:07",156300
43700,250,500,"bu","09:40:07",155800
43700,250,600,"bu","09:39:53",155300
43650,200,400,"bu","09:39:53",154700
43600,150,2600,"sd","09:39:40",154300
43650,200,1100,"bu","09:39:28",151700
43700,250,900,"bu","09:39:06",150600
43700,250,300,"bu","09:39:06",149700
43700,250,800,"bu","09:39:06",149400
43700,250,200,"bu","09:38:18",148600
43700,250,100,"bu","09:38:18",148400
43700,250,200,"bu","09:38:18",148300
43600,150,100,"sd","09:38:14",148100
43700,250,200,"bu","09:37:43",148000
43700,250,100,"sd","09:37:32",147800
43700,250,100,"sd","09:36:55",147700
43700,250,200,"bu","09:36:51",147600
43600,150,1900,"sd","09:36:48",147400
43600,150,900,"sd","09:36:48",145500
43600,150,1000,"sd","09:36:48",144600
43600,150,400,"sd","09:36:48",143600
43700,250,100,"sd","09:36:45",143200
43700,250,800,"sd","09:36:36",143100
43700,250,1000,"sd","09:36:36",142300
43700,250,300,"sd","09:36:36",141300
43750,300,400,"sd","09:36:36",141000
43750,300,100,"bu","09:36:34",140600
43700,250,100,"sd","09:36:12",140500
43700,250,100,"sd","09:36:11",140400
43700,250,100,"sd","09:35:54",140300
43800,350,400,"bu","09:35:47",140200
43700,250,600,"sd","09:35:36",139800
43700,250,400,"sd","09:35:36",139200
43800,350,1100,"bu","09:34:26",138800
43750,300,500,"bu","09:34:17",137700
43750,300,1000,"bu","09:34:16",137200
43800,350,200,"bu","09:33:26",136200
43800,350,800,"bu","09:33:26",136000
43800,350,1500,"bu","09:32:45",135200
43800,350,1000,"bu","09:32:16",133700
43700,250,100,"sd","09:32:14",132700
43600,150,1300,"sd","09:31:46",132600
43650,200,500,"sd","09:31:46",131300
43650,200,200,"sd","09:31:46",130800
43650,200,300,"bu","09:31:03",130600
43650,200,200,"bu","09:30:39",130300
43650,200,1000,"sd","09:30:33",130100
43600,150,300,"sd","09:30:06",129100
43800,350,600,"bu","09:29:57",128800
43800,350,100,"bu","09:29:32",128200
43800,350,100,"bu","09:29:16",128100
43750,300,400,"bu","09:29:16",128000
43750,300,100,"sd","09:29:09",127600
43750,300,200,"sd","09:29:09",127500
43750,300,600,"sd","09:29:09",127300
43800,350,3000,"bu","09:28:58",126700
43750,300,400,"sd","09:28:47",123700
43800,350,1000,"sd","09:28:14",123300
43800,350,100,"sd","09:28:14",122300
43800,350,100,"sd","09:28:14",122200
43800,350,1000,"sd","09:28:14",122100
43800,350,400,"sd","09:28:14",121100
43800,350,100,"sd","09:28:14",120700
43800,350,200,"sd","09:28:14",120600
43800,350,300,"sd","09:27:26",120400
43800,350,200,"sd","09:27:26",120100
43800,350,100,"sd","09:27:18",119900
43800,350,100,"sd","09:27:01",119800
43900,450,100,"sd","09:26:38",119700
43900,450,1000,"sd","09:26:38",119600
43900,450,300,"sd","09:26:38",118600
43900,450,700,"sd","09:26:38",118300
43900,450,1600,"sd","09:26:38",117600
43950,500,900,"sd","09:26:38",116000
44000,550,9600,"bu","09:26:33",115100
44000,550,400,"bu","09:26:33",105500
44000,550,600,"bu","09:26:27",105100
43950,500,100,"sd","09:26:25",104500
44000,550,100,"bu","09:26:18",104400
44000,550,200,"sd","09:26:07",104300
44000,550,800,"sd","09:26:05",104100
44000,550,100,"sd","09:25:57",103300
44000,550,1000,"sd","09:25:50",103200
44000,550,500,"sd","09:25:50",102200
44000,550,200,"sd","09:25:50",101700
44000,550,100,"sd","09:25:29",101500
44000,550,100,"sd","09:25:29",101400
44000,550,200,"sd","09:25:10",101300
44050,600,100,"bu","09:25:08",101100
44050,600,1000,"sd","09:24:55",101000
44200,750,100,"bu","09:24:53",100000
44200,750,100,"bu","09:24:53",99900
44150,700,100,"bu","09:24:53",99800
44150,700,200,"bu","09:24:53",99700
44150,700,700,"bu","09:24:52",99500
44050,600,500,"sd","09:24:52",98800
44050,600,100,"bu","09:24:44",98300
44050,600,3200,"bu","09:24:44",98200
44050,600,500,"bu","09:24:36",95000
44000,550,100,"sd","09:24:32",94500
44000,550,100,"sd","09:24:32",94400
44050,600,400,"bu","09:24:20",94300
44000,550,100,"sd","09:24:19",93900
44000,550,900,"sd","09:24:15",93800
44000,550,100,"sd","09:24:14",92900
44000,550,900,"bu","09:24:06",92800
44000,550,600,"bu","09:24:06",91900
44000,550,300,"bu","09:24:06",91300
44000,550,100,"bu","09:24:06",91000
44000,550,800,"bu","09:24:03",90900
43900,450,200,"sd","09:24:02",90100
44000,550,6300,"bu","09:23:53",89900
44000,550,100,"bu","09:23:53",83600
44000,550,3600,"bu","09:23:53",83500
44000,550,100,"bu","09:23:39",79900
44000,550,100,"bu","09:23:30",79800
44000,550,500,"bu","09:23:22",79700
44000,550,200,"sd","09:23:20",79200
44050,600,800,"bu","09:23:17",79000
44050,600,100,"bu","09:23:02",78200
43800,350,100,"sd","09:22:59",78100
43800,350,300,"sd","09:22:59",78000
43800,350,500,"sd","09:22:59",77700
43800,350,100,"sd","09:22:59",77200
43800,350,100,"sd","09:22:53",77100
43800,350,600,"sd","09:22:42",77000
43800,350,3400,"sd","09:22:36",76400
43850,400,1600,"sd","09:22:36",73000
44150,700,1000,"bu","09:22:34",71400
43900,450,100,"sd","09:22:26",70400
43900,450,300,"sd","09:22:26",70300
43900,450,1000,"sd","09:22:26",70000
44000,550,400,"sd","09:22:26",69000
44000,550,600,"sd","09:22:26",68600
44050,600,200,"sd","09:22:26",68000
44100,650,1000,"sd","09:22:26",67800
43850,400,400,"sd","09:22:26",66800
43850,400,600,"sd","09:22:26",66400
44200,750,200,"sd","09:22:25",65800
44300,850,500,"sd","09:22:25",65600
44300,850,100,"sd","09:22:23",65100
44200,750,400,"sd","09:22:19",65000
44200,750,200,"sd","09:22:19",64600
44200,750,900,"sd","09:22:19",64400
44300,850,1500,"sd","09:22:19",63500
44300,850,100,"bu","09:22:17",62000
44300,850,100,"bu","09:22:17",61900
44300,850,100,"bu","09:22:17",61800
44300,850,100,"bu","09:22:07",61700
44200,750,100,"sd","09:21:53",61600
44300,850,100,"bu","09:21:49",61500
44300,850,600,"bu","09:21:49",61400
44300,850,2000,"bu","09:21:34",60800
44300,850,300,"bu","09:21:27",58800
44300,850,200,"bu","09:21:26",58500
44300,850,1900,"bu","09:21:10",58300
44300,850,200,"bu","09:21:10",56400
44300,850,200,"bu","09:21:10",56200
44300,850,100,"bu","09:21:10",56000
44300,850,300,"bu","09:21:10",55900
44050,600,500,"sd","09:20:29",55600
44050,600,200,"sd","09:20:29",55100
44150,700,300,"sd","09:20:29",54900
44150,700,500,"bu","09:20:24",54600
44100,650,200,"bu","09:20:24",54100
44000,550,400,"sd","09:19:34",53900
44000,550,500,"bu","09:19:29",53500
44000,550,1000,"bu","09:19:29",53000
44000,550,100,"bu","09:19:29",52000
44000,550,300,"sd","09:19:14",51900
44000,550,200,"bu","09:19:11",51600
44000,550,200,"bu","09:19:11",51400
44000,550,300,"bu","09:19:11",51200
43800,350,500,"sd","09:19:05",50900
43950,500,100,"bu","09:18:57",50400
43800,350,500,"sd","09:18:45",50300
44500,1050,700,"bu","09:18:45",49800
44500,1050,2000,"bu","09:18:45",49100
44500,1050,700,"bu","09:18:45",47100
44500,1050,100,"bu","09:18:45",46400
44450,1000,100,"unknown","09:18:45",46300
44400,950,100,"unknown","09:18:45",46200
44400,950,100,"unknown","09:18:45",46100
44300,850,100,"unknown","09:18:45",46000
44300,850,100,"bu","09:18:45",45900
44300,850,6000,"bu","09:18:45",45800
44300,850,500,"bu","09:18:45",39800
44300,850,100,"bu","09:18:45",39300
44250,800,100,"bu","09:18:45",39200
44200,750,100,"bu","09:18:45",39100
44200,750,700,"bu","09:18:45",39000
44200,750,1000,"bu","09:18:45",38300
44200,750,100,"bu","09:18:45",37300
44150,700,100,"bu","09:18:45",37200
44150,700,100,"bu","09:18:45",37100
44100,650,100,"bu","09:18:45",37000
44000,550,100,"bu","09:18:45",36900
44500,1050,5400,"bu","09:18:45",36800
44000,550,600,"bu","09:18:45",31400
44000,550,500,"bu","09:18:45",30800
44000,550,500,"bu","09:18:45",30300
44000,550,1000,"bu","09:18:45",29800
44000,550,100,"bu","09:18:45",28800
44000,550,2000,"bu","09:18:45",28700
44000,550,1500,"bu","09:18:45",26700
44000,550,100,"bu","09:18:45",25200
44000,550,100,"bu","09:18:45",25100
44000,550,1000,"bu","09:18:45",25000
44000,550,500,"bu","09:18:45",24000
44000,550,1000,"bu","09:18:45",23500
44000,550,700,"bu","09:18:45",22500
44000,550,400,"bu","09:18:45",21800
44000,550,500,"bu","09:18:45",21400
44000,550,100,"bu","09:18:45",20900
43950,500,500,"bu","09:18:45",20800
43950,500,100,"bu","09:18:45",20300
43900,450,100,"bu","09:18:45",20200
43900,450,300,"bu","09:18:45",20100
43900,450,600,"bu","09:18:06",19800
43900,450,200,"bu","09:18:06",19200
43900,450,100,"bu","09:18:06",18900
43900,450,100,"bu","09:18:06",19000
43800,350,100,"sd","09:17:54",18800
43800,350,2000,"sd","09:17:52",18700
43800,350,200,"sd","09:17:40",16700
43800,350,2000,"sd","09:17:31",16500
43800,350,100,"sd","09:17:27",14500
43800,350,500,"bu","09:17:23",14400
43800,350,300,"bu","09:17:20",13900
43800,350,100,"sd","09:17:03",13600
43800,350,500,"sd","09:17:03",13500
43800,350,100,"sd","09:17:03",13000
43800,350,500,"sd","09:17:03",12900
43800,350,100,"bu","09:16:07",12400
43800,350,200,"bu","09:16:07",12300
43800,350,100,"bu","09:16:07",12100
43750,300,100,"bu","09:16:07",12000
43700,250,100,"bu","09:16:07",11900
43700,250,100,"bu","09:16:07",11800
43600,150,100,"bu","09:15:32",11700
43600,150,100,"bu","09:15:29",11600
43500,50,11500,"sd","09:15:00",11500
