"price","change","match_qtty","side","time","total_vol"
7320,310,1700,"unknown","14:44:59",321200
7260,250,800,"sd","14:27:36",319500
7260,250,2000,"sd","14:27:36",318700
7260,250,200,"sd","14:27:36",316700
7260,250,1000,"sd","14:26:42",316500
7300,290,100,"bu","14:25:32",315500
7300,290,500,"sd","14:23:26",315400
7300,290,400,"sd","14:20:32",314900
7320,310,100,"sd","14:17:25",314500
7350,340,1100,"unknown","14:14:01",314400
7350,340,900,"bu","14:12:29",313300
7360,350,1000,"bu","14:11:01",312400
7320,310,1000,"sd","14:05:35",311400
7380,370,600,"bu","14:03:53",310400
7380,370,1300,"bu","14:03:53",309800
7360,350,300,"bu","14:03:52",308500
7360,350,2200,"bu","14:03:52",308200
7350,340,1600,"bu","14:03:52",306000
7350,340,500,"bu","14:03:30",304400
7350,340,100,"bu","14:01:03",303900
7360,350,2800,"bu","13:59:49",303800
7350,340,1200,"bu","13:59:49",301000
7360,350,900,"bu","13:59:15",299800
7300,290,100,"bu","13:59:15",298900
7300,290,1300,"sd","13:58:22",298800
7300,290,700,"bu","13:57:59",297500
7300,290,100,"sd","13:57:19",296800
7300,290,300,"sd","13:57:19",296700
7300,290,1000,"sd","13:57:19",296400
7300,290,900,"sd","13:57:19",295400
7310,300,100,"sd","13:56:35",294500
7310,300,200,"sd","13:56:34",294400
7310,300,300,"sd","13:56:34",294200
7310,300,2000,"sd","13:56:34",293900
7380,370,100,"bu","13:54:27",291900
7380,370,1700,"bu","13:53:34",291800
7380,370,300,"bu","13:53:34",290100
7380,370,100,"sd","13:53:05",289800
7380,370,100,"sd","13:53:05",289700
7400,390,100,"bu","13:52:22",289600
7400,390,200,"bu","13:52:22",289500
7400,390,200,"bu","13:52:07",289300
7400,390,100,"bu","13:52:07",289100
7400,390,500,"bu","13:52:07",289000
7400,390,300,"bu","13:52:07",288500
7400,390,900,"bu","13:52:07",288200
7400,390,2900,"bu","13:48:46",287300
7400,390,1200,"bu","13:48:21",284400
7380,370,900,"sd","13:48:06",283200
7380,370,100,"sd","13:48:06",282300
7400,390,800,"bu","13:47:38",282200
7400,390,200,"bu","13:47:38",281400
7400,390,200,"bu","13:45:16",281200
7400,390,100,"bu","13:44:48",281000
7400,390,200,"sd","13:43:20",280900
7400,390,300,"sd","13:43:20",280700
7400,390,100,"bu","13:42:56",280400
7400,390,1900,"sd","13:42:35",280300
7400,390,100,"sd","13:42:34",278400
7400,390,900,"sd","13:42:34",278300
7400,390,1600,"sd","13:42:16",277400
7400,390,1200,"bu","13:41:50",275800
7400,390,100,"bu","13:41:50",274600
7400,390,100,"bu","13:41:50",274500
7400,390,100,"bu","13:41:50",274400
7400,390,900,"bu","13:40:56",274300
7400,390,100,"bu","13:40:56",273400
7400,390,900,"bu","13:40:46",273300
7400,390,11700,"bu","13:40:46",272400
7400,390,5000,"bu","13:40:46",260700
7400,390,2400,"bu","13:40:46",255700
7400,390,400,"bu","13:40:01",253300
7400,390,1200,"bu","13:39:42",252900
7380,370,1000,"sd","13:38:19",251700
7380,370,1000,"bu","13:37:20",250700
7400,390,1000,"bu","13:37:01",249700
7400,390,100,"bu","13:37:01",248700
7380,370,400,"bu","13:36:07",248600
7380,370,5500,"bu","13:35:45",248200
7380,370,500,"bu","13:35:45",242700
7380,370,500,"bu","13:34:51",242200
7370,360,500,"bu","13:34:51",241700
7350,340,400,"bu","13:34:15",241200
7350,340,1500,"bu","13:33:01",240800
7350,340,100,"bu","13:31:48",239300
7350,340,8200,"bu","13:31:48",239200
7350,340,1000,"bu","13:31:48",231000
7330,320,100,"bu","13:31:48",230000
7310,300,500,"bu","13:31:48",229900
7310,300,2600,"bu","13:31:34",229400
7310,300,1200,"bu","13:31:09",226800
7300,290,100,"bu","13:30:54",225600
7300,290,1400,"bu","13:30:54",225500
7300,290,100,"bu","13:30:54",224100
7300,290,500,"bu","13:30:54",224000
7300,290,800,"bu","13:30:25",223500
7300,290,1100,"bu","13:29:49",222700
7290,280,1000,"bu","13:29:09",220700
7300,290,900,"bu","13:29:09",221600
7260,250,3100,"bu","13:29:09",219700
7260,250,5000,"sd","13:29:00",216600
7260,250,2000,"sd","13:28:59",211600
7300,290,3000,"bu","13:28:09",209600
7300,290,200,"bu","13:28:09",206600
7300,290,800,"bu","13:27:45",206400
7300,290,500,"bu","13:27:45",205600
7250,240,700,"sd","13:27:16",205100
7270,260,300,"sd","13:27:16",204400
7270,260,500,"sd","13:27:13",204100
7270,260,1200,"sd","13:27:12",203600
7270,260,500,"bu","13:26:42",202400
7250,240,1000,"sd","13:26:37",201900
7270,260,1000,"bu","13:26:13",200900
7270,260,1000,"bu","13:24:05",199900
7270,260,2700,"bu","13:23:16",198900
7270,260,300,"bu","13:23:16",196200
7250,240,300,"bu","13:22:39",195900
7250,240,900,"bu","13:22:23",195600
7250,240,1000,"bu","13:22:23",194700
7250,240,7900,"bu","13:22:23",193700
7250,240,1000,"bu","13:22:23",185800
7220,210,100,"bu","13:21:45",184800
7220,210,400,"bu","13:21:10",184700
7200,190,500,"bu","13:21:10",184300
7200,190,1100,"bu","13:21:10",183800
7200,190,900,"bu","13:20:49",182700
7200,190,200,"bu","13:20:49",181800
7200,190,2000,"bu","13:20:49",181600
7200,190,1900,"bu","13:20:49",179600
7200,190,2000,"bu","13:20:29",177700
7200,190,1100,"bu","13:20:25",175700
7190,180,100,"sd","13:20:23",174600
7190,180,100,"sd","13:20:08",174500
7190,180,1000,"bu","13:20:05",174400
7190,180,1100,"bu","13:19:55",173400
7190,180,500,"bu","13:19:45",172300
7190,180,500,"bu","13:19:25",171800
7190,180,500,"bu","13:19:21",171300
7190,180,1000,"bu","13:19:07",170800
7180,170,300,"sd","13:18:43",169800
7180,170,100,"sd","13:18:43",169500
7190,180,1300,"bu","13:17:47",169400
7180,170,100,"sd","13:16:42",168100
7180,170,2800,"bu","13:16:42",168000
7180,170,1200,"bu","13:15:25",165200
7170,160,100,"bu","13:13:55",164000
7170,160,900,"bu","13:13:55",163900
7170,160,1100,"bu","13:09:02",163000
7170,160,100,"bu","13:09:02",161900
7170,160,100,"bu","13:09:02",161800
7170,160,200,"bu","13:09:02",161700
7170,160,2500,"bu","13:09:02",161500
7160,150,800,"sd","13:08:25",159000
7160,150,100,"bu","13:07:20",158200
7160,150,100,"bu","13:07:20",158100
7160,150,1000,"bu","13:07:20",158000
7160,150,1000,"bu","13:06:16",157000
7140,130,900,"sd","13:06:06",156000
7140,130,9600,"sd","13:06:06",155100
7160,150,700,"bu","13:05:37",145500
7150,140,1000,"sd","13:05:17",144800
7150,140,4000,"bu","13:03:00",143800
7140,130,400,"sd","13:01:23",139800
7140,130,600,"sd","13:01:21",139400
7140,130,400,"sd","13:00:27",138800
7140,130,600,"sd","13:00:21",138400
7140,130,1000,"sd","13:00:20",137800
7140,130,200,"sd","11:29:35",136800
7150,140,100,"sd","11:23:18",136600
7160,150,300,"bu","11:21:10",136500
7150,140,200,"sd","11:18:36",136200
7150,140,300,"sd","11:18:36",136000
7150,140,3000,"sd","11:18:36",135700
7160,150,100,"bu","11:16:33",132700
7160,150,1100,"bu","11:04:18",132600
7150,140,2000,"sd","11:04:01",131500
7150,140,5000,"sd","11:02:58",129500
7160,150,1800,"sd","11:02:39",124500
7160,150,500,"sd","11:01:52",122700
7160,150,100,"sd","11:01:24",122200
7170,160,500,"bu","10:52:39",122100
7160,150,100,"sd","10:50:47",121600
7160,150,500,"bu","10:50:04",121500
7160,150,3500,"sd","10:49:32",121000
7170,160,1300,"bu","10:49:18",117500
7170,160,100,"bu","10:49:08",116200
7170,160,500,"bu","10:48:42",116100
7160,150,100,"sd","10:47:24",115600
7160,150,1400,"sd","10:45:51",115500
7160,150,5000,"sd","10:45:33",114100
7160,150,1500,"bu","10:42:18",109100
7160,150,100,"bu","10:42:18",107600
7170,160,100,"bu","10:42:17",107500
7170,160,300,"bu","10:42:17",107400
7150,140,2100,"bu","10:41:17",107100
7150,140,1800,"bu","10:41:04",105000
7150,140,100,"bu","10:41:04",103200
7150,140,100,"bu","10:41:04",103100
7150,140,8000,"bu","10:41:04",103000
7150,140,100,"bu","10:37:36",95000
7150,140,900,"bu","10:37:01",94900
7150,140,500,"bu","10:29:57",94000
7150,140,500,"bu","10:27:51",93500
7150,140,1000,"bu","10:27:51",93000
7150,140,100,"bu","10:27:51",92000
7150,140,100,"bu","10:27:51",91900
7150,140,1300,"bu","10:27:51",91800
7150,140,1300,"bu","10:26:57",90500
7140,130,100,"bu","10:26:45",89200
7140,130,100,"bu","10:26:45",89100
7140,130,100,"bu","10:26:45",89000
7140,130,500,"bu","10:26:45",88900
7140,130,1400,"bu","10:26:45",88400
7130,120,100,"bu","10:26:31",87000
7130,120,800,"bu","10:26:31",86900
7130,120,1200,"bu","10:25:01",86100
7130,120,100,"bu","10:25:01",84900
7130,120,1100,"bu","10:24:08",84800
7130,120,100,"bu","10:23:28",83700
7130,120,700,"bu","10:20:50",83600
7130,120,800,"bu","10:17:31",82900
7130,120,3000,"sd","10:15:28",82100
7130,120,1200,"sd","10:15:28",79100
7140,130,200,"bu","10:15:13",77900
7140,130,900,"bu","10:02:40",77700
7140,130,100,"bu","10:02:40",76800
7130,120,100,"sd","10:00:37",76700
7130,120,100,"sd","10:00:27",76600
7130,120,100,"bu","09:58:09",76500
7130,120,100,"sd","09:56:30",76400
7130,120,100,"sd","09:53:10",76300
7130,120,1000,"sd","09:50:50",76200
7130,120,2000,"sd","09:50:50",75200
7130,120,1500,"bu","09:50:50",73200
7130,120,1000,"bu","09:48:44",71700
7110,100,500,"sd","09:48:25",70700
7110,100,100,"bu","09:46:43",70200
7110,100,1000,"bu","09:46:27",70100
7110,100,3900,"sd","09:44:03",69100
7130,120,1000,"bu","09:42:57",65200
7110,100,200,"sd","09:42:46",64200
7110,100,900,"sd","09:42:24",64000
7110,100,5000,"sd","09:41:58",63100
7130,120,1500,"sd","09:40:53",58100
7110,100,3500,"bu","09:40:14",56600
7110,100,1500,"bu","09:39:57",53100
7100,90,1700,"bu","09:39:57",51600
7100,90,1300,"sd","09:39:50",49900
7140,130,200,"bu","09:39:12",48600
7140,130,5600,"bu","09:39:12",48400
7130,120,4200,"bu","09:39:12",42800
7130,120,1100,"bu","09:38:46",38600
7100,90,100,"bu","09:38:10",37500
7100,90,100,"bu","09:38:10",37400
7100,90,900,"sd","09:36:41",37300
7140,130,3000,"bu","09:35:19",36400
7140,130,1400,"sd","09:34:57",33400
7150,140,1000,"bu","09:34:34",32000
7140,130,100,"sd","09:34:07",31000
7140,130,500,"bu","09:34:07",30900
7110,100,5000,"sd","09:33:45",30400
7150,140,1500,"bu","09:32:10",25400
7100,90,1100,"bu","09:31:02",23900
7100,90,800,"bu","09:30:03",22800
7100,90,2000,"sd","09:29:03",22000
7100,90,1100,"sd","09:29:03",20000
7150,140,1000,"bu","09:27:36",18900
7100,90,500,"bu","09:27:04",17900
7100,90,100,"bu","09:27:04",17400
7100,90,100,"bu","09:27:04",17300
7100,90,900,"bu","09:27:04",17200
7090,80,300,"bu","09:27:04",16300
7100,90,4100,"bu","09:26:13",16000
7100,90,100,"bu","09:26:13",11900
7100,90,200,"bu","09:26:13",11800
7100,90,1000,"bu","09:26:13",11600
7100,90,100,"bu","09:26:13",10600
7100,90,100,"bu","09:26:13",10500
7100,90,2400,"bu","09:26:13",10400
7100,90,1300,"bu","09:25:42",8000
7100,90,600,"bu","09:23:21",6700
7100,90,500,"bu","09:23:21",6100
7050,40,100,"bu","09:18:06",5600
7050,40,2900,"bu","09:18:06",5500
7050,40,100,"bu","09:18:03",2600
7050,40,1500,"bu","09:17:18",2500
7050,40,1000,"unknown","09:15:00",1000
