"price","change","match_qtty","side","time","total_vol"
8500,200,315700,"unknown","14:44:59",6136700
8490,190,500,"bu","14:29:57",5821000
8490,190,1000,"bu","14:29:57",5820500
8490,190,100,"bu","14:29:57",5819500
8490,190,30000,"bu","14:29:57",5819400
8490,190,1000,"bu","14:29:57",5789400
8490,190,2000,"bu","14:29:57",5788400
8490,190,500,"bu","14:29:57",5786400
8490,190,100,"bu","14:29:57",5785900
8490,190,100,"bu","14:29:57",5785800
8490,190,100,"bu","14:29:57",5785700
8490,190,5300,"bu","14:29:57",5785600
8480,180,3600,"bu","14:29:57",5780300
8480,180,500,"bu","14:29:57",5776700
8480,180,1500,"bu","14:29:57",5776200
8490,190,18000,"bu","14:29:57",5774700
8490,190,500,"bu","14:29:57",5756700
8490,190,2000,"bu","14:29:57",5756200
8490,190,4000,"bu","14:29:57",5754200
8490,190,200,"bu","14:29:57",5750200
8480,180,100,"bu","14:29:53",5750000
8470,170,100,"bu","14:29:47",5749900
8460,160,100,"sd","14:29:39",5749800
8460,160,400,"sd","14:29:39",5749700
8460,160,2000,"sd","14:29:38",5749300
8460,160,300,"sd","14:29:38",5747300
8460,160,1000,"sd","14:29:38",5747000
8460,160,1000,"sd","14:29:38",5746000
8460,160,1000,"sd","14:29:38",5745000
8460,160,6200,"sd","14:29:38",5744000
8460,160,300,"sd","14:29:29",5737800
8460,160,600,"sd","14:29:29",5737500
8460,160,100,"sd","14:29:29",5736900
8460,160,3800,"sd","14:29:29",5736800
8460,160,200,"sd","14:29:29",5733000
8470,170,500,"bu","14:29:24",5732800
8470,170,1000,"bu","14:29:17",5732300
8470,170,100,"sd","14:29:13",5731300
8470,170,1200,"sd","14:29:13",5731200
8470,170,100,"sd","14:29:12",5730000
8470,170,200,"sd","14:29:12",5729900
8470,170,2000,"sd","14:29:12",5729700
8470,170,100,"sd","14:29:12",5727700
8470,170,500,"sd","14:29:12",5727600
8470,170,200,"sd","14:29:12",5727100
8470,170,500,"sd","14:29:12",5726900
8470,170,10000,"sd","14:29:12",5726400
8470,170,5000,"sd","14:29:12",5716400
8470,170,5000,"sd","14:29:12",5711400
8470,170,29600,"sd","14:29:12",5706400
8480,180,6000,"bu","14:29:11",5676800
8480,180,1000,"bu","14:29:08",5670800
8470,170,1000,"sd","14:29:03",5669800
8480,180,3000,"bu","14:28:59",5668800
8470,170,1000,"sd","14:28:53",5665800
8480,180,12500,"bu","14:28:45",5664800
8480,180,100,"bu","14:28:45",5652300
8480,180,2000,"bu","14:28:45",5652200
8480,180,2000,"bu","14:28:45",5650200
8480,180,3400,"bu","14:28:45",5648200
8470,170,100,"sd","14:28:41",5644800
8480,180,11600,"bu","14:28:38",5644700
8480,180,1900,"bu","14:28:38",5633100
8480,180,500,"bu","14:28:38",5631200
8480,180,16000,"bu","14:28:38",5630700
8480,180,6000,"bu","14:28:34",5614700
8480,180,200,"bu","14:28:33",5608700
8480,180,100,"bu","14:28:32",5608500
8480,180,600,"bu","14:28:29",5608400
8480,180,2000,"bu","14:28:28",5607800
8470,170,400,"sd","14:28:27",5605800
8470,170,2100,"sd","14:28:23",5605400
8470,170,300,"sd","14:28:23",5603300
8470,170,1000,"sd","14:28:23",5603000
8470,170,200,"sd","14:28:23",5602000
8470,170,100,"sd","14:28:23",5601800
8480,180,2000,"bu","14:28:19",5601700
8480,180,10000,"bu","14:28:15",5599700
8480,180,300,"bu","14:28:15",5589700
8480,180,11000,"bu","14:28:07",5589400
8480,180,200,"bu","14:28:07",5578400
8480,180,100,"bu","14:28:03",5578200
8480,180,400,"bu","14:28:02",5578100
8480,180,1100,"bu","14:28:00",5577700
8480,180,1000,"bu","14:28:00",5576600
8480,180,2900,"bu","14:28:00",5575600
8480,180,100,"bu","14:27:54",5572700
8480,180,200,"bu","14:27:44",5572600
8470,170,200,"sd","14:27:41",5572400
8470,170,100,"sd","14:27:41",5572200
8470,170,100,"sd","14:27:41",5572100
8480,180,2500,"bu","14:27:40",5572000
8480,180,100,"bu","14:27:35",5569500
8480,180,100,"bu","14:27:31",5569400
8480,180,2100,"bu","14:27:26",5569300
8480,180,2900,"bu","14:27:26",5567200
8480,180,200,"bu","14:27:16",5564300
8480,180,100,"bu","14:27:14",5564100
8480,180,10000,"bu","14:27:14",5564000
8480,180,100,"sd","14:27:13",5554000
8480,180,1000,"sd","14:27:13",5553900
8480,180,400,"sd","14:27:13",5552900
8480,180,300,"sd","14:27:13",5552500
8480,180,3700,"sd","14:27:05",5552200
8480,180,5000,"sd","14:27:05",5548500
8480,180,1700,"sd","14:27:05",5543500
8480,180,4700,"sd","14:27:05",5541800
8480,180,100,"sd","14:27:05",5537100
8480,180,19800,"sd","14:27:05",5537000
8490,190,500,"bu","14:26:58",5517200
8490,190,2000,"bu","14:26:53",5516700
8490,190,2200,"bu","14:26:48",5514700
8490,190,200,"bu","14:26:48",5512500
8490,190,1000,"bu","14:26:48",5512300
8490,190,300,"bu","14:26:48",5511300
8490,190,1000,"bu","14:26:48",5511000
8490,190,300,"bu","14:26:48",5510000
8480,180,100,"sd","14:26:45",5509700
8490,190,300,"bu","14:26:44",5509600
8490,190,300,"bu","14:26:44",5509300
8490,190,100,"bu","14:26:44",5509000
8490,190,100,"bu","14:26:44",5508900
8490,190,200,"bu","14:26:44",5508800
8490,190,400,"bu","14:26:44",5508600
8480,180,100,"sd","14:26:41",5508200
8490,190,100,"bu","14:26:32",5508100
8490,190,100,"bu","14:26:28",5508000
8490,190,400,"bu","14:26:22",5507900
8490,190,100,"bu","14:26:22",5507500
8490,190,500,"bu","14:26:22",5507400
8490,190,11000,"bu","14:26:22",5506900
8490,190,29000,"bu","14:26:00",5495900
8490,190,200,"bu","14:26:00",5466900
8490,190,10000,"bu","14:26:00",5466700
8490,190,200,"bu","14:26:00",5456700
8490,190,100,"bu","14:26:00",5456500
8490,190,1000,"bu","14:26:00",5456400
8490,190,1000,"bu","14:26:00",5455400
8490,190,100,"bu","14:26:00",5454400
8490,190,2000,"bu","14:26:00",5454300
8490,190,300,"bu","14:26:00",5452300
8490,190,16700,"bu","14:26:00",5452000
8480,180,30000,"bu","14:26:00",5435300
8480,180,1000,"bu","14:26:00",5405300
8480,180,8400,"bu","14:26:00",5404300
8470,170,400,"sd","14:25:59",5395900
8470,170,100,"sd","14:25:59",5395500
8480,180,100,"bu","14:25:56",5395400
8480,180,1000,"bu","14:25:53",5395300
8480,180,500,"bu","14:25:51",5394300
8470,170,4900,"sd","14:25:47",5393800
8470,170,500,"sd","14:25:47",5388900
8470,170,2000,"sd","14:25:47",5388400
8470,170,500,"sd","14:25:47",5386400
8470,170,500,"sd","14:25:47",5385900
8470,170,500,"sd","14:25:47",5385400
8470,170,1000,"sd","14:25:47",5384900
8470,170,5000,"sd","14:25:47",5383900
8470,170,3000,"sd","14:25:47",5378900
8470,170,2000,"sd","14:25:47",5375900
8470,170,600,"sd","14:25:47",5373900
8470,170,3000,"sd","14:25:47",5373300
8470,170,20000,"sd","14:25:47",5370300
8480,180,2500,"sd","14:25:47",5350300
8470,170,100,"sd","14:25:47",5347800
8470,170,2000,"sd","14:25:47",5347700
8470,170,1000,"sd","14:25:47",5345700
8470,170,100,"sd","14:25:47",5344700
8470,170,300,"sd","14:25:47",5344600
8470,170,500,"sd","14:25:47",5344300
8490,190,300,"bu","14:25:47",5343800
8480,180,1200,"sd","14:25:46",5343500
8480,180,1000,"bu","14:25:45",5342300
8480,180,2800,"bu","14:25:45",5341300
8480,180,5000,"bu","14:25:45",5338500
8480,180,100,"bu","14:25:45",5333500
8480,180,600,"bu","14:25:45",5333400
8480,180,1000,"bu","14:25:45",5332800
8480,180,1000,"bu","14:25:45",5331800
8480,180,300,"bu","14:25:45",5330800
8480,180,5000,"bu","14:25:45",5330500
8480,180,2000,"bu","14:25:45",5325500
8480,180,2200,"bu","14:25:45",5323500
8480,180,20000,"bu","14:25:31",5321300
8470,170,2000,"sd","14:25:28",5301300
8470,170,2800,"sd","14:25:28",5299300
8480,180,200,"bu","14:25:23",5296500
8470,170,2200,"sd","14:25:11",5296300
8470,170,2800,"sd","14:25:11",5294100
8470,170,500,"sd","14:25:06",5291300
8480,180,1000,"sd","14:24:40",5290800
8480,180,100,"sd","14:24:40",5289800
8480,180,6300,"sd","14:24:40",5289700
8490,190,3000,"bu","14:24:39",5283400
8480,180,3000,"sd","14:24:38",5280400
8480,180,5000,"sd","14:24:38",5277400
8480,180,10000,"sd","14:24:38",5272400
8480,180,400,"sd","14:24:38",5262400
8480,180,700,"sd","14:24:38",5262000
8480,180,3700,"sd","14:24:38",5261300
8480,180,3000,"sd","14:24:38",5257600
8480,180,500,"sd","14:24:38",5254600
8480,180,2700,"sd","14:24:38",5254100
8480,180,1000,"sd","14:24:38",5251400
8480,180,3000,"sd","14:24:33",5250400
8480,180,5000,"sd","14:24:24",5247400
8480,180,800,"sd","14:24:23",5242400
8480,180,8500,"sd","14:24:15",5241600
8480,180,5000,"sd","14:24:15",5233100
8480,180,200,"sd","14:24:15",5228100
8480,180,3000,"sd","14:24:15",5227900
8480,180,300,"sd","14:24:15",5224900
8480,180,500,"sd","14:24:15",5224600
8480,180,2500,"sd","14:24:15",5224100
8480,180,400,"sd","14:24:08",5221600
8480,180,100,"sd","14:23:57",5221200
8480,180,300,"sd","14:23:54",5221100
8480,180,100,"sd","14:23:52",5220800
8480,180,200,"sd","14:23:51",5220700
8480,180,6400,"sd","14:23:38",5220500
8480,180,10000,"sd","14:23:38",5214100
8480,180,100,"sd","14:23:38",5204100
8480,180,2000,"sd","14:23:38",5204000
8480,180,200,"sd","14:23:38",5202000
8480,180,1300,"sd","14:23:38",5201800
8480,180,100,"sd","14:23:36",5200500
8480,180,100,"sd","14:23:35",5200400
8480,180,18500,"bu","14:23:27",5200300
8480,180,100,"bu","14:23:22",5181800
8480,180,5000,"bu","14:23:20",5181700
8480,180,3000,"bu","14:23:19",5176700
8480,180,3400,"sd","14:23:10",5173700
8480,180,100,"bu","14:23:09",5170300
8480,180,3000,"bu","14:23:09",5170200
8480,180,1500,"bu","14:23:09",5167200
8480,180,500,"bu","14:23:09",5165700
8480,180,100,"bu","14:23:09",5165200
8480,180,1000,"bu","14:23:09",5165100
8480,180,200,"bu","14:23:09",5164100
8480,180,3500,"bu","14:23:09",5163900
8480,180,300,"bu","14:23:09",5160400
8480,180,100,"bu","14:23:09",5160100
8480,180,100,"bu","14:23:09",5160000
8480,180,300,"bu","14:23:09",5159900
8480,180,900,"bu","14:23:09",5159600
8480,180,3000,"bu","14:23:09",5158700
8480,180,300,"bu","14:23:07",5155700
8480,180,5100,"bu","14:23:07",5155400
8480,180,500,"bu","14:23:07",5150300
8480,180,100,"bu","14:23:07",5149800
8480,180,2000,"bu","14:23:07",5149700
8480,180,1000,"bu","14:23:07",5147700
8480,180,100,"bu","14:23:07",5146700
8480,180,100,"bu","14:23:07",5146600
8480,180,800,"bu","14:23:07",5146500
8480,180,400,"bu","14:22:58",5145700
8480,180,1600,"bu","14:22:57",5145300
8480,180,100,"bu","14:22:56",5143700
8480,180,900,"bu","14:22:52",5143600
8480,180,100,"bu","14:22:52",5142700
8480,180,900,"bu","14:22:52",5142600
8480,180,2000,"bu","14:22:47",5141700
8480,180,100,"bu","14:22:45",5139700
8480,180,2000,"bu","14:22:45",5139600
8480,180,100,"bu","14:22:45",5137600
8480,180,200,"bu","14:22:45",5137500
8480,180,200,"bu","14:22:45",5137300
8480,180,200,"bu","14:22:45",5137100
8480,180,100,"bu","14:22:45",5136900
8480,180,100,"bu","14:22:45",5136800
8480,180,100,"bu","14:22:45",5136700
8480,180,100,"bu","14:22:45",5136600
8480,180,100,"bu","14:22:45",5136500
8480,180,400,"bu","14:22:45",5136400
8480,180,100,"bu","14:22:45",5136000
8480,180,600,"bu","14:22:45",5135900
8480,180,700,"bu","14:22:45",5135300
8480,180,300,"bu","14:22:43",5134600
8480,180,4700,"bu","14:22:43",5134300
8480,180,100,"bu","14:22:30",5129600
8480,180,500,"bu","14:22:24",5129500
8480,180,10000,"bu","14:22:24",5129000
8470,170,2500,"sd","14:22:22",5119000
8480,180,2000,"bu","14:22:19",5116500
8470,170,200,"sd","14:22:19",5114500
8480,180,2000,"bu","14:22:17",5114300
8480,180,500,"bu","14:22:17",5112300
8480,180,200,"bu","14:22:16",5111800
8480,180,10000,"bu","14:22:09",5111600
8470,170,2000,"sd","14:22:08",5101600
8470,170,2000,"sd","14:22:06",5099600
8470,170,4500,"sd","14:22:06",5097600
8480,180,100,"bu","14:22:05",5093100
8480,180,400,"bu","14:22:05",5093000
8470,170,3000,"sd","14:22:03",5092600
8480,180,100,"bu","14:22:02",5089600
8470,170,100,"sd","14:22:01",5089500
8470,170,2300,"sd","14:21:32",5089400
8470,170,300,"bu","14:21:31",5087100
8470,170,800,"bu","14:21:31",5086800
8470,170,800,"bu","14:21:31",5086000
8470,170,2000,"bu","14:21:31",5085200
8470,170,10000,"bu","14:21:31",5083200
8470,170,2800,"bu","14:21:31",5073200
8470,170,100,"bu","14:21:31",5070400
8470,170,200,"bu","14:21:31",5070300
8470,170,1000,"bu","14:21:31",5070100
8470,170,2000,"bu","14:21:31",5069100
8470,170,500,"bu","14:21:31",5067100
8470,170,100,"bu","14:21:31",5066600
8470,170,100,"bu","14:21:31",5066500
8470,170,1000,"bu","14:21:31",5066400
8470,170,100,"bu","14:21:31",5065400
8470,170,200,"bu","14:21:31",5065300
8470,170,500,"bu","14:21:31",5065100
8470,170,2000,"bu","14:21:31",5064600
8470,170,100,"bu","14:21:31",5062600
8470,170,500,"bu","14:21:31",5062500
8470,170,500,"bu","14:21:31",5062000
8470,170,300,"bu","14:21:31",5061500
8470,170,200,"bu","14:21:31",5061200
8470,170,24000,"bu","14:21:31",5061000
8470,170,300,"bu","14:21:29",5037000
8470,170,100,"bu","14:21:21",5036700
8470,170,500,"bu","14:21:20",5036600
8470,170,1000,"bu","14:21:17",5036100
8470,170,100,"bu","14:21:06",5035100
8460,160,200,"bu","14:21:01",5035000
8460,160,800,"bu","14:21:00",5034800
8460,160,4200,"bu","14:21:00",5034000
8460,160,25800,"bu","14:20:58",5029800
8460,160,2000,"bu","14:20:58",5004000
8460,160,700,"bu","14:20:58",5002000
8460,160,1500,"bu","14:20:58",5001300
8460,160,600,"bu","14:20:46",4999800
8460,160,200,"bu","14:20:34",4999200
8450,150,200,"sd","14:20:32",4999000
8460,160,5000,"bu","14:20:28",4998800
8460,160,2000,"bu","14:20:26",4993800
8450,150,2100,"sd","14:19:37",4991800
8460,160,1100,"bu","14:19:33",4989700
8460,160,300,"bu","14:19:24",4988600
8460,160,4000,"bu","14:19:15",4988300
8460,160,300,"bu","14:19:05",4984300
8460,160,200,"bu","14:19:05",4984000
8460,160,200,"bu","14:19:05",4983800
8460,160,6300,"bu","14:19:05",4983600
8460,160,500,"bu","14:19:04",4977300
8450,150,7400,"sd","14:19:02",4976800
8450,150,500,"sd","14:19:02",4969400
8450,150,2000,"sd","14:19:02",4968900
8450,150,5000,"sd","14:19:02",4966900
8450,150,2100,"sd","14:19:02",4961900
8450,150,1000,"sd","14:19:02",4959800
8450,150,5000,"sd","14:19:02",4958800
8450,150,7000,"sd","14:19:02",4953800
8460,160,100,"bu","14:19:02",4946800
8460,160,100,"bu","14:18:42",4946700
8460,160,100,"bu","14:18:42",4946600
8460,160,100,"bu","14:18:42",4946500
8460,160,400,"bu","14:18:41",4946400
8460,160,2000,"bu","14:18:41",4946000
8460,160,400,"bu","14:18:41",4944000
8460,160,1000,"bu","14:18:41",4943600
8460,160,2100,"bu","14:18:41",4942600
8460,160,500,"bu","14:18:31",4940500
8460,160,200,"bu","14:18:29",4940000
8460,160,200,"bu","14:18:25",4939800
8460,160,100,"bu","14:18:19",4939600
8460,160,100,"bu","14:18:19",4939500
8450,150,4400,"bu","14:18:12",4939400
8450,150,600,"bu","14:18:12",4935000
8450,150,200,"bu","14:18:12",4934400
8450,150,200,"bu","14:18:12",4934200
8450,150,200,"bu","14:18:12",4934000
8450,150,300,"bu","14:18:12",4933800
8450,150,200,"bu","14:18:12",4933500
8450,150,1000,"bu","14:18:12",4933300
8450,150,100,"bu","14:18:12",4932300
8450,150,35800,"bu","14:18:12",4932200
8450,150,1000,"bu","14:18:07",4896400
8450,150,10000,"bu","14:18:03",4895400
8450,150,10500,"bu","14:17:59",4885400
8450,150,100,"bu","14:17:55",4874900
8450,150,30000,"bu","14:17:49",4874800
8450,150,700,"bu","14:17:19",4844800
8440,140,100,"sd","14:17:08",4844100
8450,150,1500,"bu","14:17:03",4844000
8450,150,10000,"bu","14:17:02",4842500
8440,140,200,"sd","14:16:57",4832500
8450,150,400,"bu","14:16:54",4832300
8450,150,400,"bu","14:16:54",4831900
8450,150,1100,"bu","14:16:30",4831500
8440,140,200,"bu","14:16:03",4830400
8440,140,3800,"bu","14:16:03",4830200
8440,140,1000,"bu","14:15:54",4826400
8440,140,100,"bu","14:15:51",4825400
8440,140,5000,"bu","14:15:49",4825300
8440,140,100,"bu","14:15:49",4820300
8440,140,500,"bu","14:15:49",4820200
8440,140,200,"bu","14:15:49",4819700
8440,140,100,"bu","14:15:40",4819500
8440,140,200,"bu","14:15:34",4819400
8440,140,100,"bu","14:15:31",4819200
8440,140,100,"bu","14:15:26",4819100
8440,140,400,"bu","14:15:24",4819000
8440,140,900,"bu","14:15:21",4818600
8440,140,2000,"bu","14:15:18",4817700
8440,140,500,"bu","14:15:16",4815700
8440,140,500,"bu","14:15:00",4815200
8430,130,3000,"sd","14:14:39",4814700
8430,130,200,"sd","14:14:39",4811700
8430,130,1500,"sd","14:14:39",4811500
8430,130,300,"sd","14:14:39",4810000
8430,130,1000,"sd","14:14:39",4809700
8430,130,7000,"sd","14:14:39",4808700
8430,130,1000,"sd","14:14:39",4801700
8430,130,1000,"sd","14:14:39",4800700
8430,130,200,"sd","14:14:39",4799700
8430,130,100,"sd","14:14:39",4799500
8430,130,700,"sd","14:14:39",4799400
8430,130,1000,"sd","14:14:39",4798700
8430,130,100,"sd","14:14:39",4797700
8430,130,600,"sd","14:14:39",4797600
8430,130,600,"sd","14:14:39",4797000
8440,140,100,"sd","14:14:39",4796400
8440,140,400,"sd","14:14:39",4796300
8440,140,2700,"sd","14:14:39",4795900
8440,140,1000,"sd","14:14:39",4793200
8440,140,2000,"sd","14:14:39",4792200
8440,140,3500,"sd","14:14:39",4790200
8440,140,1500,"bu","14:14:26",4786700
8440,140,200,"sd","14:14:03",4785200
8440,140,800,"sd","14:14:03",4785000
8440,140,200,"sd","14:13:54",4784200
8440,140,100,"sd","14:13:54",4784000
8440,140,200,"sd","14:13:54",4783900
8440,140,500,"sd","14:13:54",4783700
8440,140,100,"sd","14:13:54",4783200
8440,140,300,"sd","14:13:54",4783100
8440,140,200,"sd","14:13:53",4782800
8440,140,200,"sd","14:13:53",4782600
8440,140,300,"sd","14:13:50",4782400
8440,140,100,"sd","14:13:50",4782100
8440,140,600,"sd","14:13:50",4782000
8440,140,1000,"sd","14:13:50",4781400
8440,140,300,"sd","14:13:23",4780400
8440,140,200,"bu","14:13:17",4780100
8440,140,1000,"bu","14:13:14",4779900
8440,140,5200,"bu","14:13:06",4778900
8440,140,100,"sd","14:13:03",4773700
8440,140,100,"sd","14:13:03",4773600
8440,140,3400,"sd","14:13:03",4773500
8440,140,3000,"sd","14:12:56",4770100
8440,140,1000,"bu","14:12:36",4767100
8440,140,600,"bu","14:12:36",4766100
8440,140,400,"sd","14:12:31",4765500
8440,140,100,"sd","14:12:23",4765100
8440,140,500,"sd","14:12:23",4765000
8440,140,100,"sd","14:12:23",4764500
8440,140,100,"sd","14:12:23",4764400
8440,140,700,"sd","14:12:23",4764300
8440,140,500,"sd","14:12:23",4763600
8440,140,1000,"sd","14:12:23",4763100
8440,140,1000,"sd","14:12:23",4762100
8440,140,100,"sd","14:12:23",4761100
8440,140,900,"sd","14:12:23",4761000
8440,140,100,"bu","14:11:47",4760100
8440,140,100,"bu","14:11:34",4760000
8440,140,100,"bu","14:11:31",4759900
8440,140,5000,"bu","14:11:17",4759800
8440,140,500,"bu","14:11:15",4754800
8440,140,900,"bu","14:11:00",4754300
8440,140,3400,"bu","14:11:00",4753400
8440,140,100,"bu","14:11:00",4750000
8440,140,1200,"bu","14:10:55",4749900
8440,140,300,"bu","14:10:55",4748700
8430,130,1300,"sd","14:10:52",4748400
8430,130,300,"sd","14:10:52",4747100
8430,130,1000,"sd","14:10:52",4746800
8430,130,200,"sd","14:10:52",4745800
8430,130,200,"sd","14:10:52",4745600
8440,140,300,"bu","14:10:42",4745400
8440,140,100,"bu","14:10:39",4745100
8440,140,1000,"sd","14:10:37",4745000
8440,140,3600,"sd","14:10:37",4744000
8440,140,500,"bu","14:10:32",4740400
8440,140,3900,"bu","14:10:32",4739900
8440,140,5100,"bu","14:10:22",4736000
8440,140,100,"bu","14:10:22",4730900
8440,140,4800,"bu","14:10:22",4730800
8440,140,1000,"bu","14:10:16",4726000
8440,140,200,"bu","14:10:02",4725000
8440,140,200,"bu","14:09:47",4724800
8440,140,300,"bu","14:09:40",4724600
8440,140,100,"bu","14:09:24",4724300
8440,140,100,"bu","14:09:23",4724200
8440,140,100,"bu","14:09:18",4724100
8440,140,100,"bu","14:09:15",4724000
8440,140,100,"bu","14:09:15",4723900
8440,140,1000,"bu","14:09:05",4723800
8440,140,500,"bu","14:09:05",4722800
8440,140,2800,"bu","14:09:05",4722300
8440,140,100,"sd","14:08:58",4719500
8440,140,100,"sd","14:08:50",4719400
8440,140,100,"sd","14:08:50",4719300
8440,140,500,"sd","14:08:50",4719200
8440,140,400,"sd","14:08:50",4718700
8440,140,100,"sd","14:08:50",4718300
8440,140,2800,"sd","14:08:50",4718200
8450,150,100,"bu","14:08:47",4715400
8440,140,3700,"sd","14:08:29",4715300
8440,140,300,"sd","14:08:29",4711600
8440,140,100,"sd","14:08:24",4711300
8440,140,300,"sd","14:08:24",4711200
8440,140,3500,"sd","14:08:24",4710900
8440,140,600,"sd","14:08:24",4707400
8440,140,500,"sd","14:08:24",4706800
8440,140,100,"sd","14:08:10",4706300
8440,140,100,"sd","14:08:03",4706200
8440,140,4300,"sd","14:08:03",4706100
8440,140,100,"sd","14:08:03",4701800
8440,140,100,"sd","14:08:03",4701700
8440,140,600,"sd","14:08:03",4701600
8440,140,100,"sd","14:08:03",4701000
8440,140,100,"sd","14:08:03",4700900
8440,140,5000,"sd","14:08:03",4700800
8440,140,500,"sd","14:08:03",4695800
8440,140,4200,"sd","14:08:03",4695300
8440,140,5000,"sd","14:07:55",4691100
8440,140,100,"sd","14:07:47",4686100
8450,150,500,"bu","14:07:44",4686000
8450,150,200,"bu","14:07:42",4685500
8450,150,1300,"bu","14:07:41",4685300
8450,150,200,"bu","14:07:41",4684000
8440,140,700,"sd","14:07:31",4683800
8440,140,100,"sd","14:07:31",4683100
8440,140,200,"sd","14:07:31",4683000
8450,150,500,"bu","14:07:30",4682800
8450,150,100,"bu","14:07:19",4682300
8440,140,300,"sd","14:07:16",4682200
8440,140,800,"sd","14:07:16",4681900
8450,150,100,"bu","14:07:07",4681100
8450,150,100,"bu","14:07:06",4681000
8450,150,100,"bu","14:07:06",4680900
8440,140,200,"sd","14:06:56",4680800
8440,140,200,"sd","14:06:56",4680600
8440,140,100,"sd","14:06:56",4680400
8450,150,200,"bu","14:06:53",4680300
8450,150,400,"bu","14:06:44",4680100
8450,150,4300,"bu","14:06:44",4679700
8450,150,300,"bu","14:06:44",4675400
8450,150,300,"bu","14:06:44",4675100
8450,150,1000,"bu","14:06:34",4674800
8450,150,300,"bu","14:06:27",4673800
8450,150,400,"bu","14:06:20",4673500
8450,150,400,"bu","14:06:11",4673100
8450,150,500,"bu","14:05:50",4672700
8450,150,2100,"bu","14:05:49",4672200
8450,150,200,"bu","14:05:49",4670100
8450,150,2700,"bu","14:05:49",4669900
8450,150,300,"bu","14:05:29",4667200
8450,150,600,"bu","14:05:27",4666900
8450,150,1800,"bu","14:05:12",4666300
8450,150,400,"sd","14:05:10",4664500
8450,150,200,"sd","14:05:10",4664100
8450,150,4000,"sd","14:05:10",4663900
8450,150,100,"sd","14:05:02",4659900
8450,150,100,"sd","14:04:45",4659800
8450,150,800,"sd","14:04:39",4659700
8460,160,1000,"bu","14:04:35",4658900
8450,150,300,"unknown","14:04:15",4657900
8450,150,200,"unknown","14:04:15",4657600
8450,150,200,"unknown","14:04:15",4657400
8450,150,500,"unknown","14:04:15",4657200
8450,150,2200,"unknown","14:04:15",4656700
8450,150,200,"unknown","14:04:15",4654500
8450,150,400,"unknown","14:04:15",4654300
8450,150,1000,"unknown","14:04:15",4653900
8450,150,200,"sd","14:04:14",4652900
8450,150,300,"sd","14:04:14",4652700
8450,150,4300,"sd","14:04:09",4652400
8450,150,700,"sd","14:04:09",4648100
8450,150,1300,"sd","14:04:08",4647400
8450,150,3200,"sd","14:04:08",4646100
8450,150,1800,"sd","14:03:53",4642900
8450,150,1000,"sd","14:03:39",4641100
8450,150,2000,"sd","14:03:32",4640100
8460,160,100,"bu","14:03:23",4638100
8450,150,200,"sd","14:03:21",4638000
8450,150,1000,"sd","14:03:07",4637800
8460,160,2000,"bu","14:03:06",4636800
8460,160,1000,"bu","14:02:51",4634800
8460,160,6000,"bu","14:02:50",4633800
8450,150,800,"sd","14:02:49",4627800
8450,150,200,"sd","14:02:49",4627000
8460,160,9800,"bu","14:02:41",4626800
8460,160,200,"bu","14:02:41",4617000
8450,150,800,"sd","14:02:33",4616800
8460,160,100,"bu","14:02:32",4616000
8450,150,800,"sd","14:02:24",4615900
8450,150,1000,"sd","14:02:24",4615100
8450,150,1600,"sd","14:02:14",4614100
8450,150,100,"sd","14:02:14",4612500
8450,150,300,"sd","14:02:14",4612400
8450,150,4000,"sd","14:01:57",4612100
8450,150,700,"sd","14:01:50",4608100
8450,150,300,"sd","14:01:50",4607400
8450,150,200,"sd","14:01:49",4607100
8450,150,500,"sd","14:01:45",4606900
8450,150,100,"sd","14:01:39",4606400
8450,150,100,"sd","14:01:29",4606300
8450,150,100,"sd","14:01:26",4606200
8450,150,5000,"sd","14:01:12",4606100
8450,150,100,"sd","14:00:50",4601100
8450,150,300,"sd","14:00:50",4601000
8450,150,4500,"sd","14:00:38",4600700
8450,150,10000,"bu","14:00:37",4596200
8450,150,2900,"bu","14:00:37",4586200
8440,140,1100,"bu","14:00:37",4583300
8450,150,5300,"bu","14:00:37",4582200
8440,140,500,"sd","14:00:34",4576900
8440,140,1900,"sd","14:00:34",4576400
8440,140,500,"sd","14:00:34",4574500
8450,150,100,"bu","14:00:31",4574000
8450,150,700,"bu","14:00:31",4573900
8440,140,500,"sd","14:00:30",4573200
8440,140,1000,"sd","14:00:30",4572700
8440,140,2000,"sd","14:00:30",4571700
8440,140,200,"sd","14:00:30",4569700
8440,140,200,"sd","14:00:30",4569500
8440,140,1000,"sd","14:00:30",4569300
8440,140,200,"sd","14:00:30",4568300
8440,140,900,"sd","14:00:30",4568100
8440,140,3000,"sd","14:00:30",4567200
8450,150,100,"bu","14:00:26",4564200
8450,150,200,"bu","14:00:24",4564100
8440,140,500,"sd","14:00:18",4563900
8440,140,1800,"sd","13:59:49",4563400
8440,140,4000,"sd","13:59:49",4561600
8440,140,400,"sd","13:59:49",4557600
8440,140,800,"sd","13:59:49",4557200
8450,150,100,"bu","13:59:49",4556400
8450,150,500,"bu","13:59:45",4556300
8450,150,100,"bu","13:59:42",4555800
8440,140,200,"sd","13:59:37",4555700
8440,140,1000,"sd","13:59:37",4555500
8440,140,100,"sd","13:59:37",4554500
8440,140,200,"sd","13:59:37",4554400
8440,140,1500,"sd","13:59:37",4554200
8450,150,2000,"sd","13:59:35",4552700
8450,150,1000,"sd","13:59:35",4550700
8450,150,200,"sd","13:59:35",4549700
8450,150,100,"sd","13:59:35",4549500
8450,150,100,"sd","13:59:35",4549400
8450,150,100,"sd","13:59:35",4549300
8450,150,100,"sd","13:59:35",4549200
8450,150,500,"sd","13:59:35",4549100
8450,150,1000,"sd","13:59:35",4548600
8450,150,3000,"sd","13:59:35",4547600
8450,150,100,"sd","13:59:35",4544600
8450,150,5000,"sd","13:59:35",4544500
8450,150,10200,"sd","13:59:35",4539500
8450,150,100,"sd","13:59:35",4529300
8450,150,2000,"sd","13:59:35",4529200
8450,150,100,"sd","13:59:35",4527200
8450,150,200,"sd","13:59:35",4527100
8450,150,1000,"sd","13:59:35",4526900
8450,150,1000,"sd","13:59:35",4525900
8450,150,500,"sd","13:59:35",4524900
8450,150,500,"sd","13:59:34",4524400
8450,150,800,"sd","13:59:34",4523900
8450,150,100,"sd","13:59:32",4523100
8450,150,500,"sd","13:59:31",4523000
8450,150,400,"sd","13:59:24",4522500
8450,150,200,"sd","13:59:19",4522100
8450,150,300,"sd","13:59:19",4521900
8450,150,1700,"sd","13:59:18",4521600
8450,150,100,"sd","13:59:18",4519900
8450,150,200,"sd","13:59:18",4519800
8450,150,1000,"sd","13:59:17",4519600
8450,150,100,"sd","13:59:15",4518600
8450,150,100,"sd","13:59:09",4518500
8450,150,500,"sd","13:59:09",4518400
8450,150,100,"sd","13:59:09",4517900
8450,150,4200,"sd","13:59:09",4517800
8450,150,700,"sd","13:59:09",4513600
8450,150,1000,"sd","13:59:09",4512900
8450,150,26900,"sd","13:59:09",4511900
8450,150,1000,"sd","13:59:09",4485000
8450,150,100,"sd","13:59:09",4484000
8450,150,700,"sd","13:59:09",4483900
8450,150,500,"sd","13:59:09",4483200
8450,150,10000,"sd","13:59:09",4482700
8450,150,1300,"sd","13:59:09",4472700
8450,150,100,"sd","13:58:46",4471400
8460,160,1700,"bu","13:58:33",4471300
8460,160,300,"bu","13:58:33",4469600
8450,150,300,"sd","13:58:31",4469300
8450,150,2000,"sd","13:58:27",4469000
8450,150,100,"sd","13:58:27",4467000
8450,150,500,"sd","13:58:27",4466900
8450,150,100,"sd","13:58:27",4466400
8450,150,300,"sd","13:58:27",4466300
8450,150,7000,"sd","13:58:27",4466000
8450,150,300,"sd","13:58:24",4459000
8460,160,100,"bu","13:58:23",4458700
8460,160,200,"bu","13:58:14",4458600
8460,160,1000,"bu","13:58:08",4458400
8450,150,10000,"sd","13:58:02",4457400
8460,160,300,"bu","13:57:52",4447400
8460,160,200,"bu","13:57:41",4447100
8460,160,700,"bu","13:57:40",4446900
8460,160,100,"bu","13:57:24",4446200
8460,160,100,"bu","13:57:22",4446100
8460,160,1000,"bu","13:57:12",4446000
8460,160,1000,"bu","13:57:08",4445000
8460,160,100,"bu","13:57:08",4444000
8460,160,100,"bu","13:57:08",4443900
8460,160,2000,"bu","13:57:08",4443800
8460,160,1500,"bu","13:57:08",4441800
8460,160,300,"bu","13:57:08",4440300
8460,160,100,"bu","13:57:07",4440000
8460,160,100,"bu","13:57:07",4439900
8460,160,300,"bu","13:57:07",4439800
8460,160,1300,"bu","13:57:07",4439500
8460,160,500,"bu","13:57:04",4438200
8460,160,200,"bu","13:57:02",4437700
8460,160,100,"bu","13:57:02",4437500
8460,160,500,"bu","13:56:57",4437400
8460,160,1800,"bu","13:56:46",4436900
8460,160,200,"bu","13:56:46",4435100
8450,150,1000,"sd","13:56:40",4434900
8460,160,100,"bu","13:56:38",4433900
8460,160,1000,"bu","13:56:38",4433800
8460,160,100,"bu","13:56:34",4432800
8460,160,2900,"bu","13:56:32",4432700
8460,160,1000,"bu","13:56:32",4429800
8460,160,100,"bu","13:56:29",4428800
8460,160,5000,"bu","13:56:24",4428700
8460,160,1000,"bu","13:56:22",4423700
8460,160,100,"bu","13:56:00",4422700
8460,160,1000,"bu","13:55:53",4422600
8460,160,200,"bu","13:55:50",4421600
8460,160,500,"bu","13:55:48",4421400
8460,160,5000,"bu","13:55:43",4420900
8450,150,3700,"sd","13:55:40",4415900
8460,160,1900,"bu","13:55:40",4412200
8460,160,1300,"bu","13:55:40",4410300
8460,160,200,"bu","13:55:35",4409000
8460,160,1700,"bu","13:55:35",4408800
8460,160,1000,"bu","13:55:35",4407100
8460,160,500,"bu","13:55:35",4406100
8460,160,32600,"bu","13:55:35",4405600
8460,160,200,"bu","13:55:26",4373000
8460,160,300,"bu","13:55:23",4372800
8450,150,3000,"sd","13:55:22",4372500
8460,160,2000,"bu","13:55:21",4369500
8460,160,100,"bu","13:55:21",4367500
8460,160,100,"bu","13:55:21",4367400
8460,160,500,"bu","13:55:12",4367300
8460,160,3000,"bu","13:55:04",4366800
8460,160,100,"bu","13:55:02",4363800
8460,160,2500,"bu","13:55:01",4363700
8460,160,5800,"bu","13:54:40",4361200
8460,160,6000,"bu","13:54:18",4355400
8460,160,2000,"bu","13:54:14",4349400
8460,160,1000,"bu","13:53:59",4347400
8450,150,100,"sd","13:53:56",4346400
8460,160,100,"bu","13:53:54",4346300
8450,150,100,"sd","13:53:43",4346200
8450,150,3800,"sd","13:53:41",4346100
8450,150,300,"sd","13:53:41",4342300
8450,150,900,"sd","13:53:41",4342000
8460,160,100,"bu","13:53:28",4341100
8460,160,5000,"bu","13:53:28",4341000
8460,160,400,"bu","13:53:10",4336000
8460,160,500,"bu","13:53:07",4335600
8460,160,5000,"bu","13:52:29",4335100
8460,160,5000,"bu","13:52:22",4330100
8460,160,5000,"bu","13:52:21",4325100
8460,160,1000,"bu","13:52:19",4320100
8460,160,500,"bu","13:52:15",4319100
8460,160,10200,"bu","13:52:12",4318600
8460,160,1000,"bu","13:51:59",4308400
8460,160,7000,"bu","13:51:55",4307400
8460,160,5000,"bu","13:51:50",4300400
8460,160,500,"bu","13:51:48",4295400
8460,160,25000,"bu","13:51:46",4294900
8460,160,300,"bu","13:51:41",4269900
8460,160,21800,"bu","13:51:17",4269600
8460,160,700,"bu","13:51:17",4247800
8460,160,500,"bu","13:51:17",4247100
8460,160,1000,"bu","13:51:17",4246600
8460,160,200,"bu","13:51:17",4245600
8460,160,800,"bu","13:51:17",4245400
8450,150,100,"sd","13:51:01",4244600
8450,150,1600,"sd","13:51:01",4244500
8460,160,800,"bu","13:50:52",4242900
8450,150,400,"sd","13:50:50",4242100
8450,150,100,"sd","13:50:50",4241700
8460,160,800,"bu","13:50:48",4241600
8460,160,300,"bu","13:50:36",4240800
8460,160,2000,"bu","13:50:22",4240500
8460,160,5000,"bu","13:50:00",4238500
8460,160,300,"bu","13:49:54",4233500
8460,160,3000,"bu","13:49:54",4233200
8460,160,100,"bu","13:49:54",4230200
8460,160,10000,"bu","13:49:54",4230100
8460,160,2000,"bu","13:49:54",4220100
8460,160,1000,"bu","13:49:54",4218100
8460,160,3600,"bu","13:49:54",4217100
8460,160,1000,"bu","13:49:47",4213500
8460,160,3400,"bu","13:49:45",4212500
8460,160,100,"bu","13:49:43",4209100
8460,160,300,"bu","13:49:19",4209000
8450,150,100,"sd","13:49:12",4208700
8450,150,1000,"sd","13:49:09",4208600
8450,150,4500,"sd","13:48:38",4207600
8460,160,100,"bu","13:48:31",4203100
8460,160,500,"bu","13:48:22",4203000
8460,160,5000,"bu","13:48:13",4202500
8460,160,100,"bu","13:48:13",4197500
8460,160,100,"bu","13:48:06",4197400
8460,160,100,"bu","13:48:04",4197300
8460,160,100,"bu","13:47:58",4197200
8460,160,1600,"bu","13:47:48",4197100
8460,160,2000,"bu","13:47:48",4195500
8460,160,1000,"bu","13:47:48",4193500
8460,160,3000,"bu","13:47:48",4192500
8460,160,1400,"bu","13:47:48",4189500
8460,160,600,"bu","13:47:38",4188100
8460,160,200,"bu","13:47:37",4187500
8460,160,100,"bu","13:47:35",4187300
8460,160,900,"bu","13:47:18",4187200
8460,160,1000,"bu","13:47:04",4186300
8460,160,500,"bu","13:47:03",4185300
8460,160,200,"bu","13:46:57",4184800
8460,160,100,"bu","13:46:53",4184600
8460,160,3000,"bu","13:46:48",4184500
8460,160,1000,"bu","13:46:48",4181500
8460,160,1000,"sd","13:46:47",4180500
8460,160,1000,"sd","13:46:47",4179500
8460,160,500,"sd","13:46:27",4178500
8460,160,400,"sd","13:46:27",4178000
8460,160,600,"sd","13:46:27",4177600
8460,160,3000,"sd","13:46:22",4177000
8470,170,2000,"bu","13:46:07",4174000
8460,160,100,"sd","13:45:51",4172000
8460,160,3000,"bu","13:45:50",4171900
8460,160,300,"bu","13:45:50",4168900
8460,160,500,"bu","13:45:50",4168600
8460,160,1000,"bu","13:45:50",4168100
8460,160,100,"bu","13:45:50",4167100
8460,160,400,"bu","13:45:50",4167000
8460,160,100,"bu","13:45:34",4166600
8460,160,1000,"bu","13:45:34",4166500
8460,160,200,"bu","13:45:34",4165500
8460,160,100,"bu","13:45:34",4165300
8460,160,700,"bu","13:45:34",4165200
8460,160,1000,"bu","13:45:34",4164500
8460,160,100,"bu","13:45:34",4163500
8460,160,100,"bu","13:45:34",4163400
8460,160,300,"bu","13:45:34",4163300
8460,160,100,"bu","13:45:34",4163000
8460,160,2000,"bu","13:45:34",4162900
8460,160,100,"bu","13:45:34",4160900
8460,160,500,"bu","13:45:34",4160800
8460,160,8700,"bu","13:45:34",4160300
8460,160,1300,"bu","13:45:24",4151600
8460,160,700,"bu","13:45:24",4150300
8460,160,500,"bu","13:45:21",4149600
8460,160,8800,"bu","13:45:08",4149100
8460,160,1200,"bu","13:45:08",4140300
8460,160,500,"bu","13:45:08",4139100
8460,160,300,"bu","13:45:05",4138600
8460,160,500,"bu","13:45:04",4138300
8460,160,300,"bu","13:44:49",4137800
8460,160,4700,"bu","13:44:37",4137500
8460,160,200,"bu","13:44:33",4132800
8460,160,100,"bu","13:44:32",4132600
8460,160,16000,"bu","13:44:32",4132500
8460,160,1000,"bu","13:44:28",4116500
8460,160,2000,"bu","13:44:27",4115500
8460,160,1000,"bu","13:44:23",4113500
8460,160,1000,"bu","13:44:21",4112500
8450,150,300,"sd","13:44:20",4111500
8450,150,200,"sd","13:44:20",4111200
8450,150,1000,"sd","13:44:20",4111000
8450,150,500,"sd","13:44:20",4110000
8460,160,200,"bu","13:44:08",4109500
8460,160,5000,"bu","13:44:01",4109300
8460,160,500,"bu","13:43:33",4104300
8460,160,300,"bu","13:43:23",4103800
8450,150,100,"sd","13:43:09",4103500
8460,160,100,"bu","13:43:05",4103400
8450,150,900,"sd","13:42:43",4103300
8450,150,300,"sd","13:42:43",4102400
8450,150,300,"sd","13:42:43",4102100
8450,150,500,"sd","13:42:43",4101800
8450,150,100,"sd","13:42:43",4101300
8450,150,1000,"sd","13:42:43",4101200
8450,150,2700,"sd","13:42:43",4100200
8450,150,300,"sd","13:42:43",4097500
8450,150,500,"sd","13:42:43",4097200
8450,150,5000,"sd","13:42:43",4096700
8450,150,100,"sd","13:42:43",4091700
8450,150,3000,"sd","13:42:43",4091600
8460,160,2300,"bu","13:42:26",4088600
8460,160,5000,"bu","13:42:22",4086300
8460,160,500,"bu","13:42:20",4081300
8460,160,3000,"bu","13:42:16",4080800
8460,160,100,"bu","13:42:12",4077800
8450,150,1000,"sd","13:42:10",4077700
8450,150,2000,"sd","13:42:02",4076700
8450,150,200,"sd","13:42:02",4074700
8450,150,100,"sd","13:42:02",4074500
8450,150,300,"sd","13:42:02",4074400
8450,150,3300,"sd","13:42:02",4074100
8450,150,200,"sd","13:42:00",4070800
8450,150,1000,"sd","13:41:54",4070600
8450,150,100,"sd","13:41:26",4069600
8450,150,200,"sd","13:40:52",4069500
8450,150,200,"sd","13:40:34",4069300
8450,150,100,"sd","13:40:12",4069100
8450,150,2000,"sd","13:39:58",4069000
8450,150,1000,"sd","13:39:35",4067000
8460,160,1500,"bu","13:39:33",4066000
8450,150,2000,"sd","13:39:16",4064500
8450,150,2000,"sd","13:38:52",4062500
8450,150,100,"bu","13:38:51",4060500
8450,150,100,"bu","13:38:51",4060400
8450,150,700,"bu","13:38:51",4060300
8440,140,2000,"bu","13:38:51",4059600
8440,140,1000,"bu","13:38:36",4057600
8440,140,1000,"bu","13:38:35",4056600
8430,130,200,"sd","13:38:32",4055600
8450,150,300,"bu","13:38:10",4055400
8450,150,5000,"bu","13:38:10",4055100
8450,150,1300,"bu","13:38:10",4050100
8430,130,1600,"sd","13:38:09",4048800
8430,130,500,"sd","13:38:09",4047200
8430,130,200,"sd","13:38:09",4046700
8430,130,500,"sd","13:38:09",4046500
8430,130,100,"sd","13:38:09",4046000
8430,130,100,"sd","13:38:09",4045900
8430,130,4000,"sd","13:38:09",4045800
8440,140,500,"sd","13:38:09",4041800
8440,140,500,"sd","13:38:09",4041300
8440,140,400,"sd","13:38:09",4040800
8440,140,100,"sd","13:38:09",4040400
8440,140,6500,"sd","13:38:09",4040300
8450,150,200,"bu","13:38:06",4033800
8450,150,2300,"bu","13:38:04",4033600
8450,150,1300,"bu","13:38:04",4031300
8450,150,1600,"bu","13:38:04",4030000
8450,150,3000,"bu","13:38:04",4028400
8450,150,500,"bu","13:38:04",4025400
8450,150,10000,"bu","13:38:04",4024900
8450,150,500,"bu","13:38:04",4014900
8450,150,2000,"bu","13:38:04",4014400
8450,150,2800,"bu","13:38:04",4012400
8450,150,300,"bu","13:38:01",4009600
8450,150,100,"bu","13:37:58",4009300
8450,150,6800,"bu","13:37:57",4009200
8450,150,300,"bu","13:37:57",4002400
8450,150,2000,"bu","13:37:57",4002100
8450,150,100,"bu","13:37:41",4000100
8450,150,100,"bu","13:37:41",4000000
8440,140,2500,"bu","13:37:09",3999900
8440,140,6100,"bu","13:37:08",3997400
8440,140,2000,"bu","13:37:08",3991300
8440,140,1000,"bu","13:37:08",3989300
8440,140,100,"bu","13:37:08",3988300
8440,140,200,"bu","13:37:08",3988200
8440,140,600,"bu","13:37:08",3988000
8440,140,100,"bu","13:37:07",3987400
8430,130,1000,"sd","13:36:57",3987300
8430,130,200,"sd","13:36:57",3986300
8430,130,100,"sd","13:36:57",3986100
8430,130,500,"sd","13:36:57",3986000
8430,130,400,"sd","13:36:57",3985500
8430,130,1700,"sd","13:36:57",3985100
8430,130,100,"sd","13:35:48",3983400
8440,140,500,"bu","13:35:36",3983300
8440,140,800,"bu","13:35:16",3982800
8440,140,200,"bu","13:35:16",3982000
8440,140,800,"bu","13:35:05",3981800
8440,140,200,"bu","13:35:05",3981000
8440,140,100,"bu","13:35:03",3980800
8440,140,100,"bu","13:34:59",3980700
8440,140,500,"bu","13:34:42",3980600
8430,130,400,"sd","13:34:42",3980100
8430,130,300,"sd","13:34:19",3979700
8430,130,500,"sd","13:33:58",3979400
8430,130,1500,"sd","13:33:24",3978900
8440,140,200,"bu","13:33:21",3977400
8440,140,100,"sd","13:33:20",3977200
8440,140,200,"sd","13:33:20",3977100
8440,140,500,"sd","13:33:20",3976900
8440,140,100,"sd","13:33:20",3976400
8440,140,100,"sd","13:32:56",3976300
8440,140,2900,"sd","13:32:56",3976200
8440,140,700,"sd","13:32:53",3973300
8440,140,3100,"bu","13:31:58",3972600
8440,140,8300,"bu","13:31:58",3969500
8440,140,4700,"bu","13:31:57",3961200
8440,140,1000,"bu","13:31:57",3956500
8440,140,4300,"bu","13:31:57",3955500
8440,140,200,"bu","13:31:55",3951200
8440,140,100,"bu","13:31:53",3951000
8440,140,400,"sd","13:31:25",3950900
8440,140,100,"bu","13:31:20",3950500
8440,140,900,"bu","13:31:19",3950400
8440,140,100,"bu","13:31:19",3949500
8440,140,900,"bu","13:31:09",3949400
8440,140,100,"bu","13:31:09",3948500
8430,130,100,"sd","13:31:09",3948400
8440,140,1000,"bu","13:30:46",3948300
8430,130,100,"sd","13:30:46",3947300
8440,140,900,"bu","13:30:40",3947200
8430,130,100,"sd","13:30:15",3946300
8430,130,200,"sd","13:29:56",3946200
8450,150,400,"bu","13:29:49",3946000
8450,150,100,"bu","13:29:49",3945600
8450,150,300,"bu","13:29:49",3945500
8440,140,200,"bu","13:29:49",3945200
8450,150,500,"bu","13:29:41",3945000
8450,150,200,"bu","13:29:07",3944500
8450,150,500,"bu","13:28:49",3944300
8450,150,300,"bu","13:28:49",3943800
8450,150,1000,"bu","13:28:49",3943500
8450,150,1200,"bu","13:28:49",3942500
8450,150,1000,"bu","13:28:19",3941300
8450,150,10000,"bu","13:28:19",3940300
8450,150,700,"bu","13:28:19",3930300
8450,150,2100,"bu","13:28:19",3929600
8450,150,500,"bu","13:28:19",3927500
8450,150,200,"bu","13:28:19",3927000
8450,150,2000,"bu","13:28:19",3926800
8450,150,5500,"bu","13:28:19",3924800
8440,140,100,"bu","13:28:19",3919300
8440,140,100,"bu","13:28:19",3919200
8440,140,2000,"bu","13:28:19",3919100
8430,130,100,"bu","13:28:19",3917100
8430,130,1000,"bu","13:28:19",3917000
8430,130,4700,"bu","13:28:19",3916000
8420,120,300,"sd","13:27:45",3911300
8420,120,1000,"sd","13:27:27",3911000
8430,130,500,"bu","13:27:21",3910000
8430,130,500,"sd","13:26:46",3909500
8430,130,500,"sd","13:26:46",3909000
8430,130,100,"sd","13:26:46",3908500
8430,130,500,"sd","13:26:46",3908400
8430,130,5000,"sd","13:26:46",3907900
8430,130,500,"sd","13:26:46",3902900
8430,130,500,"sd","13:26:46",3902400
8430,130,900,"sd","13:26:46",3901900
8430,130,1300,"sd","13:26:46",3901000
8440,140,100,"bu","13:26:20",3899700
8440,140,100,"bu","13:26:13",3899600
8440,140,100,"sd","13:26:09",3899500
8440,140,2000,"sd","13:25:57",3899400
8440,140,3000,"bu","13:25:39",3897400
8430,130,500,"sd","13:25:30",3894400
8430,130,200,"sd","13:25:18",3893900
8430,130,200,"sd","13:25:18",3893700
8430,130,2600,"sd","13:25:18",3893500
8430,130,100,"sd","13:25:17",3890900
8430,130,2400,"sd","13:25:15",3890800
8430,130,1500,"sd","13:25:15",3888400
8430,130,200,"sd","13:25:15",3886900
8430,130,200,"sd","13:25:15",3886700
8430,130,1000,"sd","13:25:15",3886500
8430,130,100,"sd","13:25:15",3885500
8430,130,10000,"sd","13:25:15",3885400
8430,130,500,"sd","13:25:15",3875400
8430,130,200,"sd","13:25:15",3874900
8430,130,5000,"sd","13:25:15",3874700
8430,130,2000,"sd","13:25:15",3869700
8430,130,300,"sd","13:25:15",3867700
8430,130,100,"sd","13:25:15",3867400
8430,130,1000,"sd","13:25:15",3867300
8430,130,100,"sd","13:25:15",3866300
8430,130,600,"sd","13:25:15",3866200
8430,130,1000,"sd","13:25:15",3865600
8430,130,2000,"sd","13:25:15",3864600
8440,140,500,"sd","13:25:15",3862600
8440,140,17000,"sd","13:25:15",3862100
8440,140,100,"sd","13:25:15",3845100
8440,140,200,"sd","13:25:15",3845000
8440,140,4000,"sd","13:25:15",3844800
8440,140,1000,"sd","13:25:02",3840800
8440,140,1000,"sd","13:25:02",3839800
8440,140,2000,"sd","13:25:02",3838800
8440,140,500,"sd","13:25:02",3836800
8440,140,100,"sd","13:25:02",3836300
8440,140,900,"sd","13:25:02",3836200
8450,150,200,"bu","13:24:59",3835300
8450,150,1000,"bu","13:24:58",3835100
8440,140,100,"sd","13:24:55",3834100
8440,140,200,"sd","13:24:55",3834000
8440,140,700,"sd","13:24:55",3833800
8450,150,3000,"bu","13:24:48",3833100
8450,150,500,"bu","13:24:15",3830100
8450,150,1500,"bu","13:24:15",3829600
8450,150,300,"bu","13:23:39",3828100
8450,150,2000,"bu","13:23:39",3827800
8450,150,100,"bu","13:23:39",3825800
8450,150,2600,"bu","13:23:39",3825700
8450,150,200,"bu","13:23:21",3823100
8450,150,100,"bu","13:22:57",3822900
8450,150,100,"bu","13:22:54",3822800
8450,150,200,"bu","13:22:54",3822700
8450,150,100,"bu","13:22:54",3822500
8450,150,300,"bu","13:22:38",3822400
8450,150,300,"bu","13:22:26",3822100
8450,150,500,"bu","13:22:18",3821800
8450,150,600,"sd","13:22:07",3821300
8450,150,600,"sd","13:22:07",3820700
8450,150,300,"sd","13:22:03",3820100
8440,140,300,"sd","13:21:42",3819800
8450,150,200,"sd","13:21:42",3819500
8450,150,200,"bu","13:21:40",3819300
8450,150,100,"bu","13:21:40",3819100
8450,150,100,"bu","13:21:33",3819000
8450,150,1200,"bu","13:21:02",3818900
8450,150,300,"bu","13:21:00",3817700
8450,150,500,"bu","13:20:55",3817400
8450,150,100,"bu","13:20:43",3816900
8450,150,1000,"bu","13:20:20",3816800
8460,160,2700,"bu","13:20:18",3815800
8460,160,5000,"bu","13:20:18",3813100
8460,160,4300,"bu","13:20:18",3808100
8440,140,300,"sd","13:20:17",3803800
8450,150,1000,"bu","13:20:10",3803500
8450,150,5000,"bu","13:20:00",3802500
8450,150,300,"bu","13:19:54",3797500
8450,150,6000,"bu","13:19:39",3797200
8440,140,6000,"sd","13:19:36",3791200
8440,140,1000,"sd","13:19:36",3785200
8440,140,2000,"sd","13:19:36",3784200
8440,140,4000,"sd","13:19:36",3782200
8440,140,1000,"sd","13:19:36",3778200
8440,140,400,"sd","13:19:36",3777200
8440,140,600,"sd","13:19:36",3776800
8460,160,700,"bu","13:19:11",3776200
8460,160,100,"bu","13:19:11",3775500
8460,160,500,"bu","13:19:11",3775400
8460,160,1000,"bu","13:19:11",3774900
8460,160,200,"bu","13:19:11",3773900
8450,150,500,"bu","13:19:11",3773700
8450,150,1300,"sd","13:19:10",3773200
8450,150,1000,"sd","13:19:10",3771900
8450,150,200,"sd","13:19:10",3770900
8450,150,800,"bu","13:18:57",3770700
8450,150,500,"bu","13:18:45",3769900
8440,140,100,"sd","13:18:42",3769400
8450,150,3000,"sd","13:18:39",3769300
8450,150,700,"sd","13:18:39",3766300
8460,160,100,"bu","13:18:32",3765600
8450,150,300,"sd","13:18:14",3765500
8450,150,200,"sd","13:18:14",3765200
8450,150,100,"bu","13:17:57",3765000
8450,150,200,"bu","13:17:57",3764900
8450,150,100,"bu","13:17:52",3764700
8450,150,200,"bu","13:17:43",3764600
8450,150,100,"bu","13:17:43",3764400
8450,150,300,"bu","13:17:39",3764300
8450,150,1000,"bu","13:17:30",3764000
8450,150,300,"bu","13:17:25",3763000
8450,150,700,"bu","13:17:24",3762700
8450,150,100,"bu","13:17:15",3762000
8450,150,100,"bu","13:17:08",3761900
8450,150,200,"sd","13:16:59",3761800
8450,150,100,"sd","13:16:59",3761600
8450,150,3000,"sd","13:16:59",3761500
8450,150,300,"sd","13:16:59",3758500
8450,150,300,"sd","13:16:59",3758200
8450,150,3000,"sd","13:16:59",3757900
8450,150,100,"sd","13:16:59",3754900
8450,150,3000,"sd","13:16:59",3754800
8450,150,100,"sd","13:16:59",3751800
8450,150,4000,"sd","13:16:59",3751700
8450,150,1000,"sd","13:16:59",3747700
8450,150,6000,"sd","13:16:59",3746700
8450,150,500,"sd","13:16:59",3740700
8450,150,15000,"sd","13:16:59",3740200
8450,150,100,"sd","13:16:59",3725200
8450,150,700,"sd","13:16:59",3725100
8450,150,2000,"sd","13:16:59",3724400
8450,150,300,"sd","13:16:59",3722400
8450,150,300,"sd","13:16:59",3722100
8450,150,1000,"sd","13:16:59",3721800
8450,150,200,"sd","13:16:59",3720800
8450,150,500,"sd","13:16:59",3720600
8450,150,300,"sd","13:16:59",3720100
8450,150,5400,"sd","13:16:59",3719800
8460,160,500,"bu","13:16:43",3714400
8460,160,100,"bu","13:16:36",3713900
8460,160,600,"bu","13:16:21",3713800
8460,160,100,"bu","13:16:14",3713200
8460,160,200,"sd","13:16:10",3713100
8460,160,300,"bu","13:15:49",3712900
8460,160,100,"bu","13:15:49",3712600
8460,160,100,"bu","13:15:36",3712500
8460,160,400,"bu","13:15:36",3712400
8460,160,100,"bu","13:15:34",3712000
8460,160,100,"bu","13:15:32",3711900
8460,160,2700,"bu","13:15:30",3711800
8460,160,500,"bu","13:15:26",3709100
8460,160,300,"bu","13:15:25",3708600
8460,160,400,"sd","13:15:13",3708300
8460,160,500,"sd","13:15:13",3707900
8460,160,500,"sd","13:15:02",3707400
8460,160,200,"bu","13:14:48",3706900
8460,160,500,"bu","13:14:48",3706700
8460,160,100,"bu","13:14:48",3706200
8460,160,500,"bu","13:14:48",3706100
8460,160,100,"bu","13:14:48",3705600
8460,160,7600,"bu","13:14:48",3705500
8460,160,2000,"bu","13:14:42",3697900
8460,160,400,"bu","13:14:40",3695900
8460,160,2600,"bu","13:14:40",3695500
8450,150,1000,"sd","13:14:30",3692900
8460,160,100,"bu","13:14:26",3691900
8450,150,300,"sd","13:14:10",3691800
8460,160,5000,"bu","13:14:10",3691500
8450,150,10000,"sd","13:14:06",3686500
8450,150,3300,"sd","13:14:00",3676500
8450,150,100,"sd","13:14:00",3673200
8450,150,1600,"sd","13:14:00",3673100
8460,160,4500,"bu","13:13:59",3671500
8450,150,3400,"sd","13:13:55",3667000
8460,160,1700,"bu","13:13:51",3663600
8460,160,200,"bu","13:13:30",3661900
8450,150,500,"sd","13:13:16",3661700
8460,160,100,"bu","13:12:59",3661200
8460,160,100,"bu","13:12:42",3661100
8460,160,300,"bu","13:12:41",3661000
8460,160,100,"sd","13:12:31",3660700
8460,160,2000,"sd","13:12:31",3660600
8460,160,3300,"sd","13:12:31",3658600
8460,160,2400,"sd","13:12:14",3655300
8460,160,500,"sd","13:12:14",3652900
8460,160,6800,"bu","13:12:14",3652400
8460,160,100,"bu","13:12:14",3645600
8460,160,800,"bu","13:12:11",3645500
8460,160,2000,"bu","13:12:02",3644700
8460,160,100,"bu","13:12:01",3642700
8460,160,700,"bu","13:11:53",3642600
8460,160,100,"bu","13:11:53",3641900
8460,160,1000,"bu","13:11:53",3641800
8460,160,100,"bu","13:11:53",3640800
8460,160,2000,"bu","13:11:53",3640700
8460,160,300,"bu","13:11:53",3638700
8460,160,200,"bu","13:11:53",3638400
8460,160,3400,"bu","13:11:53",3638200
8460,160,8200,"bu","13:11:53",3634800
8460,160,2000,"bu","13:11:53",3626600
8460,160,200,"bu","13:11:37",3624600
8450,150,16300,"bu","13:11:21",3624400
8450,150,2100,"bu","13:11:13",3608100
8450,150,300,"bu","13:11:11",3606000
8450,150,500,"bu","13:11:10",3605700
8450,150,800,"bu","13:11:09",3605200
8450,150,1200,"bu","13:11:09",3604400
8450,150,300,"bu","13:11:08",3603200
8450,150,3000,"bu","13:10:59",3602900
8450,150,100,"bu","13:10:49",3599900
8450,150,900,"bu","13:10:49",3599800
8450,150,1000,"bu","13:10:41",3598900
8450,150,100,"bu","13:10:31",3597900
8450,150,4300,"bu","13:10:27",3597800
8450,150,500,"bu","13:10:27",3593500
8450,150,2100,"bu","13:10:27",3593000
8450,150,200,"bu","13:10:07",3590900
8450,150,1200,"bu","13:10:03",3590700
8450,150,200,"bu","13:10:03",3589500
8450,150,400,"bu","13:10:03",3589300
8450,150,1000,"bu","13:10:03",3588900
8450,150,1000,"bu","13:10:03",3587900
8450,150,2300,"bu","13:10:03",3586900
8450,150,100,"bu","13:10:03",3584600
8450,150,1600,"bu","13:10:03",3584500
8450,150,1000,"bu","13:10:03",3582900
8450,150,1200,"bu","13:10:03",3581900
8450,150,3000,"bu","13:10:01",3580700
8450,150,10000,"bu","13:09:55",3577700
8450,150,200,"bu","13:09:55",3567700
8450,150,5000,"bu","13:09:49",3567500
8450,150,200,"bu","13:09:49",3562500
8450,150,200,"bu","13:09:37",3562300
8450,150,6000,"bu","13:09:29",3562100
8450,150,100,"bu","13:09:23",3556100
8450,150,1000,"bu","13:09:23",3556000
8450,150,100,"bu","13:09:08",3555000
8450,150,3000,"bu","13:09:04",3554900
8450,150,100,"bu","13:08:46",3551900
8450,150,100,"bu","13:08:30",3551800
8450,150,200,"bu","13:08:23",3551700
8440,140,1000,"sd","13:08:21",3551500
8450,150,100,"bu","13:08:19",3550500
8440,140,17000,"sd","13:08:10",3550400
8440,140,100,"sd","13:08:10",3533400
8440,140,1500,"sd","13:08:10",3533300
8440,140,100,"sd","13:08:10",3531800
8440,140,1300,"sd","13:08:10",3531700
8440,140,500,"bu","13:07:49",3530400
8440,140,200,"bu","13:07:49",3529900
8440,140,300,"bu","13:07:45",3529700
8430,130,2900,"sd","13:07:35",3529400
8430,130,2100,"sd","13:07:35",3526500
8440,140,2000,"bu","13:07:28",3524400
8430,130,2000,"sd","13:07:19",3522400
8430,130,3500,"sd","13:07:15",3520400
8440,140,100,"bu","13:07:14",3516900
8430,130,2000,"sd","13:07:03",3516800
8430,130,300,"sd","13:06:49",3514800
8440,140,200,"bu","13:06:36",3514500
8440,140,100,"bu","13:06:28",3514300
8440,140,3000,"bu","13:06:17",3514200
8440,140,500,"bu","13:06:09",3511200
8440,140,500,"bu","13:06:09",3510700
8440,140,5000,"bu","13:06:08",3510200
8440,140,100,"bu","13:05:52",3505200
8440,140,1000,"bu","13:05:46",3505100
8440,140,100,"bu","13:05:46",3504100
8440,140,100,"sd","13:05:38",3504000
8440,140,600,"sd","13:05:38",3503900
8440,140,100,"sd","13:05:38",3503300
8440,140,200,"sd","13:05:28",3503200
8440,140,300,"sd","13:05:28",3503000
8450,150,500,"bu","13:05:16",3502700
8450,150,500,"bu","13:05:16",3502200
8450,150,1000,"bu","13:05:16",3501700
8450,150,500,"bu","13:05:16",3500700
8450,150,500,"bu","13:05:16",3500200
8450,150,100,"bu","13:05:16",3499700
8450,150,100,"bu","13:05:16",3499600
8450,150,200,"bu","13:05:16",3499500
8450,150,500,"bu","13:05:16",3499300
8450,150,1100,"bu","13:05:16",3498800
8440,140,200,"sd","13:05:15",3497700
8440,140,9800,"sd","13:05:15",3497500
8440,140,200,"sd","13:05:07",3487700
8440,140,500,"sd","13:05:07",3487500
8440,140,100,"sd","13:04:45",3487000
8440,140,3500,"sd","13:04:45",3486900
8440,140,500,"sd","13:04:43",3483400
8440,140,300,"sd","13:04:26",3482900
8440,140,200,"bu","13:04:09",3482600
8440,140,200,"bu","13:04:09",3482400
8440,140,200,"bu","13:04:09",3482200
8440,140,1000,"bu","13:04:09",3482000
8440,140,100,"bu","13:04:09",3481000
8440,140,500,"bu","13:04:09",3480900
8440,140,3800,"bu","13:04:09",3480400
8440,140,100,"bu","13:04:09",3476600
8440,140,500,"bu","13:04:09",3476500
8440,140,1100,"bu","13:04:09",3476000
8440,140,200,"bu","13:04:03",3474900
8440,140,4400,"bu","13:03:53",3474700
8440,140,1300,"bu","13:02:50",3470300
8430,130,100,"sd","13:02:43",3469000
8440,140,2300,"bu","13:02:36",3468900
8440,140,200,"bu","13:02:18",3466600
8440,140,100,"bu","13:02:18",3466400
8440,140,400,"bu","13:02:16",3466300
8440,140,200,"bu","13:02:16",3465900
8440,140,3000,"bu","13:02:16",3465700
8440,140,700,"bu","13:02:16",3462700
8440,140,1300,"bu","13:02:14",3462000
8440,140,3000,"bu","13:02:14",3460700
8440,140,200,"bu","13:02:14",3457700
8440,140,2500,"bu","13:02:14",3457500
8440,140,400,"bu","13:01:50",3455000
8440,140,1000,"bu","13:01:48",3454600
8440,140,900,"bu","13:01:22",3453600
8440,140,500,"bu","13:01:15",3452700
8440,140,200,"bu","13:01:09",3452200
8440,140,100,"bu","13:01:07",3452000
8430,130,1100,"bu","13:00:57",3451900
8440,140,3400,"bu","13:00:57",3450800
8430,130,500,"bu","13:00:57",3447400
8430,130,900,"sd","13:00:38",3446900
8430,130,300,"bu","13:00:32",3446000
8430,130,800,"bu","13:00:32",3445700
8430,130,1000,"bu","13:00:30",3444900
8430,130,200,"bu","13:00:23",3443900
8430,130,4000,"bu","13:00:22",3443700
8430,130,200,"bu","13:00:21",3439700
8430,130,1100,"sd","13:00:20",3439500
8430,130,100,"sd","13:00:20",3438400
8430,130,100,"sd","13:00:20",3438300
8430,130,300,"sd","13:00:20",3438200
8430,130,100,"sd","13:00:20",3437900
8430,130,1100,"sd","13:00:20",3437800
8430,130,1000,"sd","13:00:20",3436700
8440,140,1000,"bu","13:00:20",3435700
8430,130,400,"sd","13:00:19",3434700
8440,140,1900,"bu","13:00:19",3434300
8430,130,100,"sd","13:00:18",3432400
8430,130,100,"sd","13:00:18",3432300
8430,130,200,"sd","13:00:18",3432200
8430,130,500,"sd","13:00:18",3432000
8430,130,400,"sd","13:00:18",3431500
8430,130,1000,"sd","13:00:18",3431100
8430,130,1700,"sd","13:00:18",3430100
8440,140,1100,"bu","13:00:15",3428400
8440,140,6000,"bu","13:00:15",3427300
8440,140,2900,"bu","13:00:15",3421300
8430,130,500,"sd","13:00:12",3418400
8430,130,2300,"sd","13:00:12",3417900
8430,130,4100,"sd","13:00:11",3415600
8440,140,200,"bu","13:00:10",3411500
8440,140,300,"bu","13:00:10",3411300
8440,140,400,"bu","13:00:04",3411000
8430,130,300,"sd","13:00:04",3410600
8430,130,100,"bu","13:00:03",3410300
8430,130,200,"bu","13:00:03",3410200
8430,130,3000,"bu","13:00:03",3410000
8430,130,100,"bu","13:00:02",3407000
8430,130,2000,"bu","13:00:01",3406900
8430,130,100,"bu","13:00:01",3404900
8440,140,100,"bu","13:00:01",3404800
8430,130,2000,"bu","13:00:01",3404700
8430,130,1000,"bu","13:00:01",3402700
8430,130,100,"bu","13:00:01",3401700
8430,130,1800,"bu","13:00:01",3401600
8430,130,1800,"bu","13:00:01",3399800
8430,130,100,"sd","13:00:00",3398000
8430,130,100,"sd","13:00:00",3397900
8430,130,3200,"sd","11:29:42",3397800
8430,130,1800,"sd","11:29:42",3394600
8430,130,2000,"sd","11:28:57",3392800
8430,130,2000,"sd","11:28:37",3390800
8430,130,100,"bu","11:28:28",3388800
8430,130,1000,"bu","11:28:28",3388700
8430,130,1100,"bu","11:28:28",3387700
8430,130,900,"bu","11:28:14",3386600
8430,130,100,"bu","11:28:14",3385700
8430,130,2900,"bu","11:28:11",3385600
8430,130,1000,"bu","11:28:11",3382700
8430,130,100,"bu","11:28:11",3381700
8420,120,100,"sd","11:28:01",3381600
8420,120,200,"sd","11:27:47",3381500
8430,130,100,"bu","11:27:44",3381300
8420,120,200,"sd","11:27:30",3381200
8420,120,1500,"sd","11:27:18",3381000
8430,130,300,"bu","11:27:08",3379500
8430,130,1000,"bu","11:26:59",3379200
8430,130,100,"bu","11:26:16",3378200
8420,120,100,"sd","11:25:31",3378100
8420,120,2000,"sd","11:25:31",3378000
8420,120,300,"sd","11:25:31",3376000
8420,120,1000,"sd","11:25:31",3375700
8420,120,2100,"sd","11:25:31",3374700
8420,120,2900,"sd","11:24:32",3372600
8420,120,1200,"sd","11:24:32",3369700
8430,130,1000,"bu","11:24:07",3368500
8430,130,400,"bu","11:22:40",3367500
8430,130,200,"bu","11:22:40",3367100
8420,120,500,"sd","11:22:16",3366900
8430,130,500,"bu","11:21:59",3366400
8430,130,300,"bu","11:21:59",3365900
8430,130,200,"bu","11:21:59",3365600
8430,130,300,"bu","11:21:59",3365400
8420,120,100,"sd","11:21:51",3365100
8430,130,2600,"bu","11:20:22",3365000
8430,130,400,"sd","11:20:20",3362400
8430,130,100,"sd","11:20:20",3362000
8430,130,1600,"sd","11:20:20",3361900
8430,130,100,"sd","11:19:53",3360300
8430,130,100,"sd","11:19:01",3360200
8430,130,7000,"bu","11:18:34",3360100
8430,130,800,"sd","11:18:24",3353100
8430,130,2200,"sd","11:18:24",3352300
8430,130,1100,"sd","11:18:19",3350100
8420,120,3200,"sd","11:18:15",3349000
8420,120,500,"sd","11:18:15",3345800
8420,120,200,"sd","11:18:15",3345300
8420,120,20200,"sd","11:18:15",3345100
8430,130,400,"sd","11:18:15",3324900
8430,130,100,"bu","11:17:59",3324500
8430,130,200,"bu","11:17:59",3324400
8430,130,5000,"bu","11:16:53",3324200
8430,130,500,"bu","11:16:39",3319200
8420,120,9800,"sd","11:16:02",3318700
8420,120,200,"sd","11:16:02",3308900
8430,130,5000,"sd","11:15:51",3308700
8430,130,100,"sd","11:15:51",3303700
8430,130,500,"sd","11:15:51",3303600
8430,130,1500,"sd","11:15:51",3303100
8430,130,1000,"sd","11:15:51",3301600
8430,130,200,"sd","11:15:51",3300600
8430,130,2000,"sd","11:15:51",3300400
8430,130,100,"sd","11:15:51",3298400
8430,130,200,"sd","11:15:51",3298300
8430,130,100,"sd","11:15:51",3298100
8430,130,200,"sd","11:15:51",3298000
8430,130,200,"sd","11:15:51",3297800
8430,130,5000,"sd","11:15:51",3297600
8430,130,600,"sd","11:15:51",3292600
8430,130,100,"sd","11:15:51",3292000
8430,130,1000,"sd","11:15:51",3291900
8430,130,300,"sd","11:15:51",3290900
8430,130,1000,"sd","11:15:51",3290600
8430,130,200,"sd","11:15:51",3289600
8430,130,200,"sd","11:15:51",3289400
8430,130,100,"sd","11:15:51",3289200
8430,130,2500,"sd","11:15:51",3289100
8440,140,300,"bu","11:15:49",3286600
8430,130,1100,"sd","11:15:46",3286300
8430,130,100,"sd","11:15:24",3285200
8440,140,100,"bu","11:15:23",3285100
8440,140,100,"bu","11:14:26",3285000
8440,140,600,"bu","11:14:18",3284900
8440,140,1400,"bu","11:14:18",3284300
8440,140,400,"bu","11:14:14",3282900
8440,140,2000,"bu","11:14:06",3282500
8440,140,100,"sd","11:13:42",3280500
8440,140,100,"sd","11:13:42",3280400
8440,140,500,"sd","11:13:36",3280300
8440,140,100,"sd","11:13:34",3279800
8440,140,200,"sd","11:13:34",3279700
8440,140,600,"sd","11:13:14",3279500
8440,140,100,"sd","11:13:14",3278900
8440,140,100,"sd","11:13:14",3278800
8440,140,5200,"sd","11:13:14",3278700
8450,150,900,"bu","11:13:13",3273500
8450,150,3000,"bu","11:13:13",3272600
8450,150,500,"bu","11:13:13",3269600
8450,150,3300,"bu","11:13:13",3269100
8450,150,2300,"bu","11:13:13",3265800
8440,140,700,"sd","11:13:02",3263500
8440,140,200,"sd","11:12:39",3262800
8440,140,3900,"sd","11:12:33",3262600
8440,140,1100,"sd","11:12:33",3258700
8450,150,500,"bu","11:11:52",3257600
8440,140,500,"sd","11:11:48",3257100
8440,140,1300,"sd","11:11:32",3256600
8450,150,1000,"bu","11:11:25",3255300
8450,150,200,"bu","11:10:58",3254300
8450,150,1000,"bu","11:10:52",3254100
8450,150,300,"bu","11:10:20",3253100
8440,140,2000,"sd","11:10:14",3252800
8450,150,5000,"bu","11:09:14",3250800
8450,150,5000,"bu","11:08:21",3245800
8450,150,500,"bu","11:08:03",3240800
8440,140,100,"sd","11:07:55",3240300
8450,150,100,"bu","11:07:43",3240200
8430,130,500,"sd","11:07:43",3240100
8450,150,100,"bu","11:07:10",3239600
8450,150,300,"bu","11:06:44",3239500
8450,150,83700,"bu","11:06:14",3239200
8450,150,500,"bu","11:06:14",3155500
8450,150,1000,"bu","11:06:14",3155000
8450,150,5000,"bu","11:06:14",3154000
8450,150,500,"bu","11:06:14",3149000
8450,150,100,"bu","11:06:14",3148500
8450,150,500,"bu","11:06:14",3148400
8450,150,1000,"bu","11:06:14",3147900
8450,150,100,"bu","11:06:14",3146900
8450,150,1000,"bu","11:06:14",3146800
8450,150,3600,"bu","11:06:14",3145800
8440,140,2000,"bu","11:06:14",3142200
8440,140,1000,"bu","11:06:14",3140200
8430,130,800,"sd","11:05:17",3139200
8450,150,2300,"bu","11:05:16",3138400
8440,140,700,"bu","11:05:16",3136100
8440,140,300,"bu","11:05:12",3135400
8440,140,300,"bu","11:05:12",3135100
8440,140,400,"bu","11:05:12",3134800
8440,140,500,"sd","11:04:51",3134400
8440,140,2000,"sd","11:04:51",3133900
8440,140,1000,"sd","11:04:51",3131900
8440,140,2000,"sd","11:04:51",3130900
8440,140,1000,"sd","11:04:51",3128900
8440,140,2000,"sd","11:04:51",3127900
8440,140,1100,"sd","11:04:51",3125900
8450,150,200,"bu","11:04:22",3124800
8440,140,100,"sd","11:03:51",3124600
8440,140,200,"sd","11:03:28",3124500
8440,140,200,"sd","11:03:07",3124300
8440,140,100,"sd","11:03:07",3124100
8440,140,3600,"sd","11:03:07",3124000
8440,140,300,"sd","11:03:07",3120400
8440,140,300,"sd","11:03:07",3120100
8440,140,500,"sd","11:03:07",3119800
8450,150,5000,"bu","11:02:42",3119300
8450,150,100,"bu","11:02:40",3114300
8450,150,200,"bu","11:02:36",3114200
8450,150,100,"bu","11:02:34",3114000
8450,150,2000,"bu","11:02:20",3113900
8450,150,200,"bu","11:02:14",3111900
8440,140,100,"sd","11:02:12",3111700
8450,150,100,"bu","11:01:41",3111600
8450,150,1000,"bu","11:01:41",3111500
8440,140,100,"sd","11:01:35",3110500
8440,140,100,"sd","11:01:35",3110400
8450,150,600,"bu","11:00:08",3110300
8450,150,1000,"bu","10:59:48",3109700
8450,150,5500,"sd","10:59:33",3108700
8450,150,100,"sd","10:59:32",3103200
8450,150,4900,"sd","10:59:32",3103100
8450,150,500,"sd","10:59:32",3098200
8450,150,300,"sd","10:59:32",3097700
8450,150,9200,"sd","10:59:32",3097400
8450,150,500,"sd","10:59:32",3088200
8450,150,50000,"sd","10:59:32",3087700
8450,150,200,"sd","10:59:32",3037700
8450,150,500,"sd","10:59:32",3037500
8450,150,10000,"sd","10:59:32",3037000
8450,150,100,"sd","10:59:32",3027000
8450,150,100,"sd","10:59:32",3026900
8450,150,1700,"sd","10:59:32",3026800
8460,160,1000,"bu","10:59:19",3025100
8460,160,100,"bu","10:59:04",3024100
8450,150,3300,"sd","10:58:56",3024000
8450,150,300,"sd","10:58:56",3020700
8450,150,700,"sd","10:58:56",3020400
8450,150,200,"sd","10:58:44",3019700
8450,150,2100,"sd","10:58:27",3019500
8450,150,900,"sd","10:58:27",3017400
8450,150,2500,"sd","10:58:19",3016500
8460,160,500,"bu","10:58:11",3014000
8460,160,500,"bu","10:58:06",3013500
8460,160,100,"bu","10:57:56",3013000
8460,160,100,"bu","10:57:37",3012900
8460,160,200,"bu","10:57:32",3012800
8460,160,100,"sd","10:57:19",3012600
8460,160,100,"sd","10:57:19",3012500
8460,160,400,"sd","10:57:19",3012400
8460,160,600,"sd","10:57:19",3012000
8460,160,2700,"sd","10:57:19",3011400
8460,160,200,"sd","10:57:15",3008700
8460,160,600,"sd","10:57:01",3008500
8460,160,400,"sd","10:57:01",3007900
8460,160,5000,"sd","10:56:56",3007500
8460,160,200,"sd","10:56:56",3002500
8460,160,200,"sd","10:56:49",3002300
8460,160,2600,"sd","10:56:45",3002100
8460,160,200,"sd","10:56:16",2999500
8470,170,100,"bu","10:56:05",2999300
8460,160,100,"sd","10:56:00",2999200
8460,160,100,"sd","10:55:30",2999100
8460,160,1200,"sd","10:55:29",2999000
8460,160,1300,"sd","10:55:29",2997800
8460,160,500,"sd","10:55:29",2996500
8460,160,1600,"sd","10:55:29",2996000
8460,160,100,"sd","10:55:29",2994400
8460,160,100,"sd","10:55:29",2994300
8460,160,100,"sd","10:55:29",2994200
8460,160,100,"sd","10:55:29",2994100
8460,160,200,"sd","10:54:29",2994000
8460,160,1000,"sd","10:54:22",2993800
8470,170,2000,"bu","10:54:00",2992800
8460,160,800,"sd","10:53:41",2990800
8460,160,200,"sd","10:53:28",2990000
8460,160,800,"sd","10:53:28",2989800
8470,170,2000,"bu","10:53:27",2989000
8460,160,2000,"sd","10:53:07",2987000
8460,160,400,"sd","10:53:06",2985000
8460,160,3500,"sd","10:52:28",2984600
8460,160,1500,"sd","10:52:25",2981100
8460,160,300,"bu","10:52:16",2979600
8460,160,100,"bu","10:52:16",2979300
8460,160,400,"bu","10:52:16",2979200
8460,160,1000,"bu","10:52:16",2978800
8460,160,90000,"bu","10:52:16",2977800
8450,150,600,"sd","10:52:10",2887800
8450,150,2400,"sd","10:52:10",2887200
8450,150,8000,"sd","10:52:08",2884800
8450,150,600,"sd","10:52:01",2876800
8450,150,900,"sd","10:52:01",2876200
8450,150,100,"sd","10:51:37",2875300
8450,150,200,"sd","10:51:35",2875200
8450,150,800,"sd","10:51:33",2875000
8450,150,500,"sd","10:51:33",2874200
8450,150,6700,"sd","10:51:33",2873700
8450,150,500,"sd","10:51:28",2867000
8450,150,2000,"sd","10:51:23",2866500
8450,150,3000,"sd","10:51:13",2864500
8450,150,3000,"sd","10:51:05",2861500
8450,150,20000,"sd","10:51:04",2858500
8450,150,200,"sd","10:51:02",2838500
8450,150,2700,"sd","10:50:59",2838300
8450,150,400,"sd","10:50:58",2835600
8450,150,100,"bu","10:50:13",2835200
8450,150,100,"bu","10:50:13",2835100
8450,150,6000,"bu","10:50:13",2835000
8450,150,500,"bu","10:50:13",2829000
8450,150,3000,"bu","10:50:13",2828500
8450,150,800,"bu","10:50:13",2825500
8450,150,100,"bu","10:50:13",2824700
8450,150,900,"bu","10:50:13",2824600
8440,140,100,"bu","10:49:19",2823700
8440,140,4500,"bu","10:49:19",2823600
8440,140,3600,"bu","10:49:19",2819100
8440,140,200,"bu","10:49:07",2815500
8440,140,500,"bu","10:48:57",2815300
8440,140,500,"bu","10:48:30",2814800
8440,140,100,"bu","10:48:30",2814300
8440,140,100,"bu","10:48:21",2814200
8440,140,300,"bu","10:48:06",2814100
8440,140,200,"bu","10:47:49",2813800
8440,140,500,"sd","10:47:42",2813600
8440,140,2500,"sd","10:47:33",2813100
8440,140,200,"sd","10:47:33",2810600
8440,140,500,"sd","10:47:20",2810400
8440,140,300,"sd","10:47:14",2809900
8440,140,100,"sd","10:47:14",2809600
8440,140,300,"sd","10:47:14",2809500
8440,140,200,"sd","10:47:14",2809200
8440,140,300,"sd","10:47:14",2809000
8440,140,100,"bu","10:46:57",2808700
8440,140,5000,"bu","10:46:57",2808600
8440,140,500,"bu","10:46:57",2803600
8440,140,4100,"bu","10:46:57",2803100
8440,140,100,"bu","10:46:41",2799000
8440,140,200,"bu","10:46:41",2798900
8440,140,1000,"bu","10:46:20",2798700
8440,140,100,"bu","10:46:14",2797700
8440,140,500,"bu","10:46:11",2797600
8440,140,100,"sd","10:46:05",2797100
8440,140,300,"sd","10:46:05",2797000
8440,140,500,"sd","10:46:05",2796700
8440,140,900,"sd","10:46:05",2796200
8440,140,100,"sd","10:46:05",2795300
8450,150,1100,"bu","10:46:02",2795200
8450,150,1000,"bu","10:46:02",2794100
8450,150,1000,"bu","10:46:02",2793100
8450,150,3900,"bu","10:46:02",2792100
8450,150,1000,"bu","10:45:56",2788200
8440,140,100,"sd","10:45:54",2787200
8440,140,100,"sd","10:45:54",2787100
8440,140,100,"sd","10:45:20",2787000
8450,150,200,"bu","10:45:09",2786900
8450,150,200,"bu","10:44:55",2786700
8450,150,500,"bu","10:44:49",2786500
8450,150,100,"bu","10:44:43",2786000
8450,150,5000,"bu","10:44:40",2785900
8440,140,900,"sd","10:44:40",2780900
8440,140,100,"sd","10:44:40",2780000
8440,140,300,"sd","10:44:39",2779900
8440,140,200,"sd","10:44:39",2779600
8450,150,200,"bu","10:44:30",2779400
8440,140,500,"sd","10:44:19",2779200
8450,150,100,"bu","10:44:16",2778700
8440,140,500,"sd","10:44:09",2778600
8440,140,1000,"sd","10:44:09",2778100
8450,150,1000,"sd","10:44:02",2777100
8450,150,100,"sd","10:44:02",2776100
8450,150,2700,"sd","10:44:02",2776000
8450,150,2000,"sd","10:44:02",2773300
8450,150,500,"sd","10:44:01",2771300
8450,150,200,"sd","10:44:01",2770800
8450,150,5000,"sd","10:44:01",2770600
8450,150,100,"sd","10:44:01",2765600
8450,150,1000,"sd","10:44:01",2765500
8450,150,5000,"sd","10:44:01",2764500
8450,150,2000,"sd","10:44:01",2759500
8450,150,300,"sd","10:44:01",2757500
8460,160,500,"bu","10:43:49",2757200
8460,160,200,"bu","10:43:47",2756700
8460,160,500,"bu","10:43:38",2756500
8460,160,2000,"sd","10:43:37",2756000
8460,160,100,"sd","10:43:37",2754000
8460,160,2000,"sd","10:43:37",2753900
8460,160,200,"sd","10:43:37",2751900
8460,160,400,"sd","10:43:37",2751700
8460,160,100,"sd","10:43:37",2751300
8460,160,2000,"sd","10:43:37",2751200
8460,160,600,"sd","10:43:37",2749200
8460,160,1400,"sd","10:43:37",2748600
8460,160,200,"sd","10:43:35",2747200
8460,160,500,"sd","10:43:33",2747000
8460,160,200,"sd","10:43:32",2746500
8460,160,5000,"sd","10:43:32",2746300
8460,160,14000,"sd","10:43:26",2741300
8460,160,200,"sd","10:43:24",2727300
8470,170,7900,"bu","10:43:21",2727100
8460,160,1800,"sd","10:43:19",2719200
8460,160,100,"sd","10:43:19",2717400
8460,160,200,"sd","10:43:19",2717300
8460,160,900,"sd","10:43:19",2717100
8460,160,2000,"sd","10:43:19",2716200
8460,160,300,"sd","10:43:10",2714200
8460,160,500,"sd","10:43:08",2713900
8460,160,1200,"sd","10:43:03",2713400
8460,160,600,"sd","10:43:03",2712200
8460,160,3200,"sd","10:43:03",2711600
8460,160,200,"sd","10:42:58",2708400
8470,170,100,"bu","10:42:49",2708200
8470,170,100,"bu","10:42:37",2708100
8470,170,200,"bu","10:42:37",2708000
8470,170,200,"bu","10:42:37",2707800
8470,170,300,"bu","10:42:37",2707600
8470,170,400,"bu","10:42:37",2707300
8470,170,200,"bu","10:42:37",2706900
8470,170,1000,"bu","10:42:37",2706700
8470,170,800,"bu","10:42:37",2705700
8470,170,1200,"bu","10:41:59",2704900
8470,170,800,"bu","10:41:59",2703700
8460,160,100,"sd","10:41:57",2702900
8470,170,400,"bu","10:41:53",2702800
8470,170,2000,"bu","10:41:50",2702400
8470,170,200,"bu","10:41:50",2700400
8470,170,100,"bu","10:41:46",2700200
8470,170,200,"bu","10:41:46",2700100
8470,170,100,"bu","10:41:09",2699900
8460,160,300,"sd","10:40:52",2699800
8470,170,1200,"bu","10:40:17",2699500
8470,170,800,"bu","10:40:17",2698300
8460,160,100,"sd","10:40:09",2697500
8460,160,100,"sd","10:39:50",2697400
8470,170,1200,"bu","10:39:46",2697300
8470,170,1000,"bu","10:39:46",2696100
8470,170,2800,"bu","10:39:46",2695100
8470,170,2200,"bu","10:39:35",2692300
8470,170,1000,"bu","10:39:35",2690100
8470,170,100,"bu","10:39:35",2689100
8470,170,100,"bu","10:39:35",2689000
8460,160,1000,"sd","10:39:29",2688900
8450,150,200,"sd","10:38:45",2687900
8480,180,18900,"bu","10:38:39",2687700
8470,170,600,"bu","10:38:39",2668800
8470,170,200,"bu","10:38:39",2668200
8470,170,100,"bu","10:38:39",2668000
8470,170,100,"bu","10:38:39",2667900
8470,170,1000,"bu","10:38:39",2667800
8470,170,5000,"bu","10:38:39",2666800
8470,170,300,"bu","10:38:39",2661800
8470,170,100,"bu","10:38:39",2661500
8470,170,100,"bu","10:38:39",2661400
8470,170,2000,"bu","10:38:39",2661300
8470,170,1000,"bu","10:38:39",2659300
8470,170,200,"bu","10:38:39",2658300
8470,170,500,"bu","10:38:39",2658100
8470,170,400,"bu","10:38:39",2657600
8460,160,30000,"bu","10:38:39",2657200
8460,160,5000,"bu","10:38:39",2627200
8460,160,300,"bu","10:38:39",2622200
8460,160,200,"bu","10:38:37",2621900
8460,160,800,"bu","10:38:37",2621700
8460,160,200,"bu","10:38:09",2620900
8460,160,100,"bu","10:38:09",2620700
8460,160,800,"bu","10:38:09",2620600
8460,160,100,"bu","10:38:09",2619800
8460,160,300,"bu","10:38:09",2619700
8460,160,500,"bu","10:38:09",2619400
8460,160,200,"bu","10:38:08",2618900
8460,160,100,"bu","10:37:59",2618700
8460,160,200,"bu","10:37:48",2618600
8460,160,1000,"sd","10:37:20",2618400
8450,150,200,"sd","10:37:16",2617400
8460,160,500,"sd","10:37:16",2617200
8460,160,100,"bu","10:37:13",2616700
8460,160,600,"bu","10:37:13",2616600
8450,150,3500,"bu","10:37:13",2616000
8450,150,300,"sd","10:37:09",2612500
8450,150,1000,"sd","10:37:09",2612200
8450,150,200,"sd","10:37:09",2611200
8460,160,400,"bu","10:37:06",2611000
8460,160,100,"bu","10:37:06",2610600
8460,160,500,"bu","10:37:06",2610500
8460,160,100,"bu","10:37:06",2610000
8460,160,200,"bu","10:37:06",2609900
8460,160,300,"bu","10:36:58",2609700
8460,160,500,"bu","10:36:58",2609400
8460,160,1000,"bu","10:36:58",2608900
8460,160,100,"bu","10:36:55",2607900
8460,160,900,"bu","10:36:45",2607800
8460,160,100,"bu","10:36:45",2606900
8450,150,600,"sd","10:36:44",2606800
8450,150,1000,"sd","10:36:44",2606200
8450,150,10000,"bu","10:36:31",2605200
8450,150,2000,"bu","10:36:31",2595200
8450,150,5000,"bu","10:36:31",2593200
8450,150,100,"bu","10:36:31",2588200
8450,150,200,"bu","10:36:31",2588100
8450,150,100,"bu","10:36:31",2587900
8450,150,300,"bu","10:36:28",2587800
8450,150,500,"bu","10:36:26",2587500
8450,150,200,"bu","10:36:21",2587000
8450,150,100,"bu","10:36:12",2586800
8450,150,500,"bu","10:36:12",2586700
8450,150,400,"bu","10:36:12",2586200
8450,150,100,"bu","10:36:11",2585800
8450,150,1100,"bu","10:36:11",2585700
8450,150,300,"bu","10:36:09",2584600
8450,150,3600,"bu","10:36:03",2584300
8450,150,100,"bu","10:36:03",2580700
8450,150,100,"bu","10:36:03",2580600
8450,150,400,"bu","10:36:03",2580500
8450,150,100,"bu","10:36:03",2580100
8450,150,100,"bu","10:36:03",2580000
8450,150,200,"bu","10:36:03",2579900
8450,150,300,"bu","10:36:03",2579700
8450,150,100,"bu","10:36:03",2579400
8450,150,100,"bu","10:36:00",2579300
8450,150,200,"bu","10:35:58",2579200
8450,150,500,"bu","10:35:58",2579000
8450,150,200,"bu","10:35:55",2578500
8450,150,1800,"bu","10:35:55",2578300
8450,150,200,"bu","10:35:53",2576500
8450,150,1800,"bu","10:35:53",2576300
8450,150,200,"bu","10:35:52",2574500
8450,150,100,"bu","10:35:51",2574300
8450,150,2000,"bu","10:35:51",2574200
8450,150,900,"bu","10:35:45",2572200
8450,150,300,"bu","10:35:45",2571300
8450,150,2000,"bu","10:35:45",2571000
8450,150,100,"bu","10:35:45",2569000
8450,150,100,"bu","10:35:45",2568900
8450,150,500,"bu","10:35:45",2568800
8450,150,100,"bu","10:35:45",2568300
8450,150,1000,"bu","10:35:45",2568200
8450,150,700,"bu","10:35:45",2567200
8450,150,1000,"bu","10:35:45",2566500
8450,150,3300,"bu","10:35:45",2565500
8450,150,1700,"bu","10:35:42",2562200
8450,150,4200,"bu","10:35:42",2560500
8450,150,2000,"bu","10:35:41",2556300
8440,140,200,"sd","10:35:40",2554300
8450,150,100,"bu","10:35:39",2554100
8450,150,200,"bu","10:35:36",2554000
8450,150,300,"bu","10:35:25",2553800
8450,150,200,"bu","10:35:23",2553500
8450,150,100,"bu","10:35:23",2553300
8450,150,1700,"bu","10:35:23",2553200
8450,150,900,"bu","10:35:20",2551500
8450,150,100,"bu","10:35:20",2550600
8450,150,4400,"bu","10:35:20",2550500
8450,150,200,"bu","10:35:20",2546100
8450,150,2000,"bu","10:35:20",2545900
8450,150,100,"bu","10:35:20",2543900
8450,150,2000,"bu","10:35:20",2543800
8450,150,300,"bu","10:35:20",2541800
8450,150,10300,"bu","10:35:20",2541500
8450,150,4700,"bu","10:35:18",2531200
8450,150,300,"bu","10:35:18",2526500
8450,150,100,"bu","10:35:09",2526200
8440,140,100,"sd","10:35:07",2526100
8440,140,200,"bu","10:34:30",2526000
8440,140,100,"bu","10:34:30",2525800
8440,140,100,"bu","10:34:30",2525700
8440,140,100,"bu","10:34:29",2525600
8440,140,100,"bu","10:34:29",2525500
8440,140,100,"bu","10:34:29",2525400
8440,140,500,"bu","10:34:29",2525300
8440,140,3000,"bu","10:34:29",2524800
8440,140,500,"bu","10:34:29",2521800
8440,140,300,"bu","10:34:29",2521300
8440,140,300,"bu","10:34:29",2521000
8440,140,300,"bu","10:34:29",2520700
8440,140,100,"bu","10:34:29",2520400
8440,140,2100,"bu","10:34:29",2520300
8440,140,200,"bu","10:34:29",2518200
8440,140,6700,"bu","10:34:29",2518000
8440,140,100,"bu","10:34:28",2511300
8440,140,3000,"bu","10:34:25",2511200
8440,140,200,"bu","10:34:24",2508200
8440,140,300,"bu","10:34:24",2508000
8440,140,3500,"bu","10:34:24",2507700
8440,140,6400,"bu","10:34:23",2504200
8440,140,10100,"bu","10:34:20",2497800
8440,140,100,"bu","10:34:20",2487700
8440,140,3000,"bu","10:34:20",2487600
8440,140,100,"bu","10:34:20",2484600
8440,140,2000,"bu","10:34:20",2484500
8440,140,2500,"bu","10:34:20",2482500
8440,140,100,"bu","10:34:20",2480000
8440,140,100,"bu","10:34:20",2479900
8440,140,2000,"bu","10:34:20",2479800
8440,140,100,"bu","10:34:19",2477800
8440,140,400,"bu","10:34:15",2477700
8440,140,100,"bu","10:34:15",2477300
8440,140,9900,"bu","10:34:04",2477200
8440,140,100,"bu","10:34:04",2467300
8440,140,200,"bu","10:34:04",2467200
8440,140,1800,"bu","10:34:04",2467000
8440,140,100,"bu","10:33:49",2465200
8440,140,100,"bu","10:33:47",2465100
8440,140,1600,"bu","10:33:34",2465000
8430,130,800,"sd","10:33:10",2463400
8430,130,4900,"sd","10:33:10",2462600
8430,130,1500,"sd","10:33:10",2457700
8430,130,400,"sd","10:33:10",2456200
8430,130,200,"sd","10:33:10",2455800
8430,130,100,"sd","10:33:10",2455600
8430,130,5100,"sd","10:33:10",2455500
8430,130,200,"sd","10:32:47",2450400
8430,130,100,"sd","10:31:29",2450200
8430,130,100,"bu","10:31:18",2450100
8430,130,100,"bu","10:31:18",2450000
8430,130,100,"bu","10:31:18",2449900
8430,130,200,"bu","10:31:18",2449800
8430,130,1000,"bu","10:31:18",2449600
8430,130,100,"bu","10:31:18",2448600
8430,130,100,"bu","10:31:18",2448500
8430,130,100,"bu","10:31:18",2448400
8430,130,1000,"bu","10:31:18",2448300
8430,130,2000,"bu","10:31:18",2447300
8430,130,100,"bu","10:31:18",2445300
8430,130,5000,"bu","10:31:18",2445200
8430,130,500,"bu","10:31:18",2440200
8430,130,1000,"bu","10:31:18",2439700
8430,130,300,"bu","10:31:18",2438700
8430,130,2000,"bu","10:31:18",2438400
8430,130,900,"bu","10:31:18",2436400
8430,130,200,"bu","10:31:18",2435500
8430,130,100,"bu","10:31:16",2435300
8430,130,400,"bu","10:31:16",2435200
8430,130,100,"bu","10:31:14",2434800
8430,130,1300,"bu","10:31:02",2434700
8430,130,700,"bu","10:31:02",2433400
8420,120,500,"sd","10:31:02",2432700
8430,130,100,"bu","10:31:02",2432200
8430,130,200,"bu","10:30:58",2432100
8430,130,100,"bu","10:30:58",2431900
8430,130,500,"bu","10:30:58",2431800
8430,130,400,"bu","10:30:58",2431300
8430,130,100,"bu","10:30:58",2430900
8430,130,2600,"bu","10:30:58",2430800
8420,120,2400,"sd","10:30:45",2428200
8430,130,500,"bu","10:30:40",2425800
8420,120,500,"sd","10:30:34",2425300
8430,130,200,"bu","10:30:34",2424800
8430,130,200,"bu","10:30:22",2424600
8430,130,500,"bu","10:30:13",2424400
8420,120,100,"sd","10:30:10",2423900
8430,130,200,"bu","10:29:51",2423800
8430,130,2000,"bu","10:29:19",2423600
8430,130,100,"bu","10:29:15",2421600
8430,130,23700,"bu","10:29:11",2421500
8430,130,20000,"bu","10:29:11",2397800
8430,130,600,"bu","10:29:11",2377800
8430,130,3500,"bu","10:28:58",2377200
8430,130,1000,"bu","10:28:45",2373700
8420,120,1500,"bu","10:28:40",2372700
8420,120,800,"bu","10:28:34",2371200
8420,120,1500,"bu","10:28:23",2370400
8420,120,1200,"bu","10:28:23",2368900
8420,120,500,"sd","10:28:23",2367700
8420,120,500,"bu","10:28:17",2367200
8420,120,1000,"bu","10:28:17",2366700
8420,120,100,"bu","10:28:17",2365700
8420,120,100,"bu","10:28:17",2365600
8420,120,500,"bu","10:28:17",2365500
8420,120,500,"bu","10:28:17",2365000
8420,120,2000,"bu","10:28:17",2364500
8420,120,1200,"bu","10:28:17",2362500
8420,120,3000,"bu","10:28:17",2361300
8420,120,6000,"bu","10:28:17",2358300
8420,120,3000,"bu","10:28:17",2352300
8420,120,2000,"bu","10:28:17",2349300
8420,120,1000,"bu","10:28:17",2347300
8420,120,10000,"bu","10:28:17",2346300
8420,120,5000,"bu","10:28:17",2336300
8420,120,100,"bu","10:28:17",2331300
8420,120,7000,"bu","10:28:17",2331200
8420,120,15300,"bu","10:28:17",2324200
8420,120,200,"bu","10:28:06",2308900
8420,120,3000,"bu","10:27:44",2308700
8410,110,300,"sd","10:27:23",2305700
8410,110,3700,"bu","10:26:58",2305400
8410,110,200,"bu","10:26:57",2301700
8410,110,800,"bu","10:26:46",2301500
8410,110,1000,"bu","10:26:46",2300700
8410,110,300,"sd","10:26:46",2299700
8410,110,3100,"sd","10:26:46",2299400
8410,110,3000,"bu","10:26:02",2296300
8410,110,23900,"bu","10:26:02",2293300
8400,100,300,"sd","10:25:59",2269400
8400,100,3000,"sd","10:25:59",2269100
8400,100,300,"sd","10:25:59",2266100
8400,100,300,"sd","10:25:59",2265800
8400,100,1100,"sd","10:25:59",2265500
8410,110,5000,"bu","10:25:57",2264400
8400,100,1100,"sd","10:25:55",2259400
8400,100,100,"sd","10:25:55",2258300
8410,110,100,"bu","10:25:40",2258200
8400,100,100,"sd","10:25:40",2258100
8400,100,1000,"sd","10:25:40",2258000
8400,100,1000,"sd","10:25:40",2257000
8400,100,5000,"sd","10:25:40",2256000
8400,100,1000,"sd","10:25:40",2251000
8400,100,900,"sd","10:25:40",2250000
8410,110,500,"sd","10:25:10",2249100
8410,110,2100,"sd","10:25:10",2248600
8410,110,500,"sd","10:24:56",2246500
8410,110,3000,"bu","10:24:51",2246000
8410,110,2000,"bu","10:24:51",2243000
8410,110,2400,"bu","10:24:51",2241000
8410,110,300,"bu","10:24:45",2238600
8410,110,100,"bu","10:24:30",2238300
8410,110,100,"bu","10:24:28",2238200
8410,110,100,"bu","10:24:21",2238100
8410,110,200,"bu","10:24:07",2238000
8410,110,300,"bu","10:24:03",2237800
8410,110,400,"bu","10:23:54",2237500
8410,110,100,"bu","10:23:51",2237100
8410,110,300,"bu","10:23:49",2237000
8410,110,300,"sd","10:23:35",2236700
8410,110,5000,"sd","10:23:35",2236400
8410,110,400,"sd","10:23:35",2231400
8410,110,100,"bu","10:23:11",2231000
8410,110,500,"bu","10:23:05",2230900
8410,110,500,"bu","10:23:05",2230400
8410,110,400,"bu","10:23:00",2229900
8410,110,600,"bu","10:22:59",2229500
8410,110,400,"bu","10:22:59",2228900
8410,110,9900,"bu","10:22:43",2228500
8410,110,600,"bu","10:22:36",2218600
8400,100,1100,"sd","10:22:23",2218000
8400,100,400,"sd","10:22:23",2216900
8410,110,1000,"bu","10:22:20",2216500
8410,110,200,"sd","10:22:11",2215500
8410,110,1000,"sd","10:22:11",2215300
8410,110,900,"sd","10:22:11",2214300
8420,120,100,"bu","10:22:06",2213400
8410,110,400,"sd","10:22:03",2213300
8410,110,100,"sd","10:22:03",2212900
8420,120,1000,"bu","10:21:24",2212800
8410,110,100,"sd","10:21:15",2211800
8410,110,500,"sd","10:19:25",2211700
8410,110,500,"sd","10:19:24",2211200
8410,110,800,"sd","10:19:09",2210700
8410,110,700,"sd","10:19:09",2209900
8410,110,300,"bu","10:19:03",2209200
8410,110,100,"bu","10:18:56",2208900
8410,110,1600,"bu","10:18:37",2208800
8410,110,3400,"bu","10:18:37",2207200
8410,110,5000,"bu","10:18:31",2203800
8400,100,100,"sd","10:18:05",2198800
8400,100,500,"sd","10:18:05",2198700
8400,100,3000,"sd","10:18:05",2198200
8400,100,100,"sd","10:18:05",2195200
8400,100,100,"sd","10:18:05",2195100
8400,100,500,"sd","10:18:05",2195000
8400,100,1000,"sd","10:18:05",2194500
8400,100,2000,"sd","10:18:05",2193500
8400,100,100,"sd","10:18:05",2191500
8400,100,100,"sd","10:18:05",2191400
8400,100,1700,"sd","10:18:05",2191300
8400,100,300,"sd","10:18:05",2189600
8400,100,100,"sd","10:18:05",2189300
8400,100,200,"sd","10:18:05",2189200
8400,100,500,"sd","10:18:05",2189000
8400,100,100,"sd","10:18:05",2188500
8400,100,100,"sd","10:18:05",2188400
8400,100,2000,"sd","10:18:05",2188300
8400,100,600,"sd","10:18:04",2186300
8400,100,30000,"sd","10:18:04",2185700
8400,100,10000,"sd","10:18:04",2155700
8400,100,1000,"sd","10:18:04",2145700
8400,100,200,"sd","10:18:04",2144700
8400,100,1000,"sd","10:18:04",2144500
8400,100,400,"sd","10:18:04",2143500
8400,100,500,"sd","10:18:04",2143100
8400,100,400,"sd","10:18:04",2142600
8400,100,900,"sd","10:18:04",2142200
8400,100,100,"sd","10:18:04",2141300
8400,100,1000,"sd","10:18:04",2141200
8400,100,100,"sd","10:18:04",2140200
8400,100,2400,"sd","10:18:04",2140100
8400,100,1000,"sd","10:18:04",2137700
8400,100,500,"sd","10:18:04",2136700
8400,100,200,"sd","10:18:04",2136200
8400,100,500,"sd","10:18:04",2136000
8400,100,100,"sd","10:18:04",2135500
8400,100,1000,"sd","10:18:04",2135400
8400,100,500,"sd","10:18:04",2134400
8400,100,1000,"sd","10:18:04",2133900
8400,100,1000,"sd","10:18:04",2132900
8400,100,500,"sd","10:18:04",2131900
8400,100,1000,"sd","10:18:04",2131400
8400,100,100,"sd","10:18:04",2130400
8400,100,5000,"sd","10:18:04",2130300
8400,100,2000,"sd","10:18:04",2125300
8400,100,5000,"sd","10:18:04",2123300
8400,100,5000,"sd","10:18:04",2118300
8400,100,200,"sd","10:18:04",2113300
8400,100,500,"sd","10:18:04",2113100
8400,100,2000,"sd","10:18:04",2112600
8400,100,300,"sd","10:18:04",2110600
8400,100,1000,"sd","10:18:04",2110300
8400,100,200,"sd","10:18:04",2109300
8400,100,5000,"sd","10:18:04",2109100
8400,100,1000,"sd","10:18:04",2104100
8400,100,200,"sd","10:18:04",2103100
8400,100,1000,"sd","10:18:04",2102900
8400,100,3000,"sd","10:18:04",2101900
8400,100,100,"sd","10:18:04",2098900
8410,110,300,"bu","10:18:04",2098800
8410,110,200,"bu","10:17:52",2098500
8410,110,1000,"sd","10:17:51",2098300
8410,110,100,"sd","10:17:51",2097300
8410,110,100,"sd","10:17:24",2097200
8420,120,3400,"bu","10:17:22",2097100
8410,110,300,"sd","10:17:16",2093700
8420,120,18300,"bu","10:17:08",2093400
8410,110,500,"bu","10:17:01",2075100
8410,110,400,"bu","10:17:01",2074600
8410,110,1000,"bu","10:16:52",2074200
8410,110,100,"bu","10:16:48",2073200
8400,100,100,"sd","10:16:32",2073100
8410,110,1800,"bu","10:16:18",2073000
8410,110,1000,"bu","10:16:04",2071200
8410,110,5000,"sd","10:15:59",2070200
8410,110,100,"sd","10:15:59",2065200
8410,110,200,"sd","10:15:59",2065100
8410,110,400,"sd","10:15:59",2064900
8420,120,1000,"bu","10:15:54",2064500
8410,110,600,"sd","10:15:19",2063500
8410,110,200,"sd","10:15:19",2062900
8410,110,100,"sd","10:15:19",2062700
8410,110,500,"sd","10:15:19",2062600
8410,110,8600,"sd","10:15:19",2062100
8410,110,1400,"sd","10:15:12",2053500
8410,110,2000,"sd","10:15:12",2052100
8410,110,200,"sd","10:15:12",2050100
8410,110,1000,"sd","10:15:12",2049900
8410,110,300,"sd","10:15:12",2048900
8410,110,200,"sd","10:15:12",2048600
8410,110,1000,"sd","10:15:12",2048400
8410,110,100,"sd","10:15:12",2047400
8410,110,5000,"sd","10:15:12",2047300
8410,110,100,"sd","10:15:12",2042300
8410,110,100,"sd","10:15:12",2042200
8410,110,8600,"sd","10:15:12",2042100
8410,110,1400,"sd","10:14:41",2033500
8410,110,4600,"sd","10:14:41",2032100
8420,120,100,"bu","10:14:32",2027500
8420,120,600,"sd","10:13:33",2027400
8420,120,7000,"sd","10:13:33",2026800
8430,130,1000,"bu","10:13:31",2019800
8420,120,2000,"bu","10:13:12",2018800
8420,120,1000,"bu","10:13:12",2016800
8420,120,5000,"bu","10:12:50",2015800
8420,120,300,"sd","10:12:45",2010800
8420,120,1000,"sd","10:12:45",2010500
8420,120,100,"sd","10:12:45",2009500
8420,120,1000,"sd","10:12:45",2009400
8420,120,500,"sd","10:12:45",2008400
8420,120,100,"sd","10:12:45",2007900
8420,120,6000,"sd","10:12:45",2007800
8420,120,100,"sd","10:12:37",2001800
8420,120,4000,"sd","10:12:29",2001700
8420,120,300,"sd","10:12:29",1997700
8420,120,500,"sd","10:12:24",1997400
8420,120,1100,"sd","10:12:21",1996900
8420,120,900,"sd","10:12:21",1995800
8420,120,3000,"sd","10:12:09",1994900
8420,120,300,"sd","10:11:53",1991900
8420,120,2200,"sd","10:11:52",1991600
8420,120,2800,"sd","10:11:52",1989400
8420,120,200,"sd","10:11:41",1986600
8420,120,100,"sd","10:11:12",1986400
8420,120,100,"sd","10:10:50",1986300
8420,120,3000,"bu","10:10:48",1986200
8420,120,5000,"bu","10:10:48",1983200
8420,120,1900,"bu","10:10:48",1978200
8420,120,100,"bu","10:10:46",1976300
8420,120,100,"bu","10:10:39",1976200
8420,120,100,"bu","10:10:27",1976100
8420,120,2000,"bu","10:10:14",1976000
8420,120,200,"bu","10:10:12",1974000
8420,120,600,"bu","10:10:11",1973800
8420,120,400,"bu","10:10:11",1973200
8420,120,600,"bu","10:10:00",1972800
8420,120,1400,"bu","10:10:00",1972200
8420,120,100,"bu","10:09:50",1970800
8420,120,500,"bu","10:09:42",1970700
8420,120,400,"bu","10:09:42",1970200
8420,120,2500,"bu","10:09:42",1969800
8420,120,700,"bu","10:09:42",1967300
8420,120,100,"bu","10:09:42",1966600
8420,120,100,"bu","10:09:42",1966500
8420,120,2100,"bu","10:09:42",1966400
8420,120,400,"bu","10:09:42",1964300
8420,120,2000,"bu","10:09:42",1963900
8420,120,200,"bu","10:09:42",1961900
8410,110,100,"sd","10:08:57",1961700
8410,110,300,"sd","10:08:49",1961600
8410,110,500,"sd","10:08:49",1961300
8410,110,1000,"sd","10:08:49",1960800
8410,110,500,"sd","10:08:49",1959800
8410,110,200,"sd","10:08:49",1959300
8410,110,100,"sd","10:08:49",1959100
8410,110,100,"sd","10:08:49",1959000
8410,110,100,"sd","10:08:49",1958900
8410,110,200,"sd","10:08:49",1958800
8410,110,1300,"sd","10:08:49",1958600
8410,110,1000,"sd","10:08:49",1957300
8410,110,6700,"sd","10:08:49",1956300
8410,110,200,"sd","10:08:01",1949600
8410,110,100,"sd","10:07:21",1949400
8410,110,200,"sd","10:07:13",1949300
8420,120,100,"bu","10:07:09",1949100
8420,120,400,"bu","10:07:09",1949000
8420,120,100,"bu","10:07:09",1948600
8420,120,500,"bu","10:07:09",1948500
8410,110,2100,"sd","10:06:54",1948000
8420,120,100,"bu","10:06:52",1945900
8410,110,300,"sd","10:06:40",1945800
8420,120,100,"bu","10:06:32",1945500
8420,120,100,"bu","10:06:11",1945400
8420,120,200,"bu","10:05:44",1945300
8420,120,400,"bu","10:05:39",1945100
8420,120,700,"bu","10:05:33",1944700
8420,120,200,"bu","10:05:33",1944000
8420,120,1100,"bu","10:04:56",1943800
8420,120,100,"bu","10:04:33",1942700
8420,120,400,"bu","10:04:30",1942600
8420,120,100,"bu","10:04:27",1942200
8410,110,5100,"sd","10:04:15",1942100
8420,120,1000,"sd","10:04:15",1937000
8420,120,100,"bu","10:04:09",1936000
8420,120,400,"bu","10:04:09",1935900
8420,120,4600,"bu","10:04:00",1935500
8420,120,5400,"bu","10:04:00",1930900
8420,120,500,"bu","10:03:51",1925500
8420,120,800,"bu","10:03:43",1925000
8420,120,200,"bu","10:03:39",1924200
8420,120,100,"bu","10:03:28",1924000
8420,120,1500,"sd","10:03:19",1923900
8420,120,100,"bu","10:03:12",1922400
8420,120,1400,"bu","10:03:09",1922300
8420,120,8600,"bu","10:03:09",1920900
8420,120,3500,"bu","10:02:43",1912300
8420,120,100,"bu","10:02:42",1908800
8420,120,2800,"sd","10:02:37",1908700
8420,120,1000,"sd","10:02:35",1905900
8420,120,5000,"bu","10:02:27",1904900
8420,120,2000,"bu","10:02:27",1899900
8420,120,1000,"bu","10:02:27",1897900
8420,120,100,"bu","10:02:13",1896900
8420,120,100,"bu","10:02:00",1896800
8410,110,5300,"sd","10:01:57",1896700
8410,110,1700,"sd","10:01:57",1891400
8410,110,4300,"sd","10:01:57",1889700
8410,110,100,"sd","10:01:57",1885400
8410,110,1000,"sd","10:01:57",1885300
8410,110,400,"sd","10:01:57",1884300
8410,110,10100,"sd","10:01:57",1883900
8420,120,2000,"bu","10:01:56",1873800
8410,110,4000,"sd","10:01:48",1871800
8410,110,1000,"sd","10:01:41",1867800
8420,120,2000,"bu","10:01:32",1866800
8420,120,1000,"bu","10:01:30",1864800
8410,110,200,"sd","10:01:19",1863800
8420,120,100,"bu","10:01:16",1863600
8420,120,100,"bu","10:01:16",1863500
8420,120,2000,"bu","10:01:16",1863400
8420,120,800,"bu","10:01:16",1861400
8420,120,100,"sd","10:01:10",1860600
8420,120,100,"sd","10:01:10",1860500
8420,120,400,"sd","10:01:10",1860400
8420,120,100,"sd","10:01:10",1860000
8420,120,1000,"sd","10:01:10",1859900
8420,120,500,"sd","10:01:10",1858900
8420,120,5000,"sd","10:01:10",1858400
8420,120,1000,"sd","10:01:10",1853400
8420,120,1000,"sd","10:01:10",1852400
8420,120,1000,"sd","10:01:03",1851400
8430,130,100,"bu","10:00:54",1850400
8420,120,1000,"sd","10:00:52",1850300
8420,120,200,"sd","10:00:52",1849300
8420,120,100,"sd","10:00:52",1849100
8420,120,1600,"sd","10:00:52",1849000
8420,120,5000,"sd","10:00:52",1847400
8420,120,100,"sd","10:00:52",1842400
8420,120,2000,"sd","10:00:52",1842300
8430,130,3800,"bu","10:00:41",1840300
8430,130,400,"bu","10:00:41",1836500
8430,130,200,"bu","10:00:41",1836100
8430,130,600,"bu","10:00:41",1835900
8420,120,3000,"sd","10:00:36",1835300
8420,120,5000,"sd","10:00:11",1832300
8430,130,1000,"bu","10:00:11",1827300
8420,120,2000,"sd","10:00:02",1826300
8420,120,2000,"sd","10:00:00",1824300
8430,130,100,"bu","09:59:59",1822300
8430,130,100,"bu","09:59:55",1822200
8430,130,200,"bu","09:59:51",1822100
8420,120,2200,"sd","09:59:48",1821900
8430,130,500,"sd","09:59:47",1819700
8430,130,500,"sd","09:59:47",1819200
8430,130,300,"sd","09:59:45",1818700
8430,130,100,"sd","09:59:37",1818400
8430,130,3000,"sd","09:59:36",1818300
8430,130,2500,"bu","09:59:33",1815300
8430,130,300,"bu","09:59:33",1812800
8430,130,2000,"bu","09:59:33",1812500
8430,130,1800,"bu","09:59:33",1810500
8430,130,1100,"bu","09:59:32",1808700
8430,130,1000,"bu","09:59:32",1807600
8430,130,100,"bu","09:59:22",1806600
8430,130,4200,"bu","09:59:22",1806500
8430,130,200,"bu","09:59:22",1802300
8430,130,500,"bu","09:59:22",1802100
8430,130,2000,"bu","09:59:22",1801600
8430,130,2000,"bu","09:59:22",1799600
8430,130,100,"bu","09:59:22",1797600
8430,130,2000,"bu","09:59:22",1797500
8430,130,500,"bu","09:59:22",1795500
8430,130,4000,"bu","09:59:22",1795000
8430,130,800,"bu","09:59:22",1791000
8420,120,200,"sd","09:59:13",1790200
8430,130,2200,"bu","09:59:12",1790000
8430,130,7800,"bu","09:59:12",1787800
8420,120,2600,"sd","09:59:04",1780000
8430,130,200,"bu","09:59:01",1777400
8420,120,1000,"sd","09:58:57",1777200
8430,130,300,"bu","09:58:50",1776200
8430,130,100,"bu","09:58:45",1775900
8430,130,500,"bu","09:58:41",1775800
8420,120,100,"sd","09:58:35",1775300
8420,120,500,"sd","09:58:35",1775200
8420,120,400,"sd","09:58:35",1774700
8420,120,4800,"sd","09:58:23",1774300
8420,120,200,"sd","09:58:23",1769500
8420,120,100,"sd","09:58:19",1769300
8420,120,1000,"sd","09:58:19",1769200
8420,120,3900,"sd","09:58:19",1768200
8420,120,1100,"sd","09:58:14",1764300
8420,120,900,"sd","09:58:14",1763200
8420,120,100,"sd","09:58:11",1762300
8420,120,100,"sd","09:58:11",1762200
8430,130,100,"bu","09:57:59",1762100
8430,130,400,"bu","09:57:59",1762000
8420,120,100,"sd","09:57:53",1761600
8420,120,900,"sd","09:57:53",1761500
8430,130,100,"bu","09:57:48",1760600
8420,120,3500,"sd","09:57:45",1760500
8420,120,1000,"sd","09:57:45",1757000
8420,120,200,"sd","09:57:45",1756000
8420,120,100,"sd","09:57:45",1755800
8420,120,100,"sd","09:57:45",1755700
8420,120,100,"sd","09:57:45",1755600
8430,130,100,"bu","09:57:45",1755500
8430,130,4900,"bu","09:57:45",1755400
8420,120,500,"sd","09:57:44",1750500
8430,130,100,"bu","09:57:40",1750000
8430,130,100,"bu","09:57:36",1749900
8430,130,500,"bu","09:57:35",1749800
8420,120,200,"sd","09:57:35",1749300
8420,120,100,"sd","09:57:31",1749100
8430,130,100,"bu","09:57:20",1749000
8420,120,100,"sd","09:57:10",1748900
8420,120,200,"sd","09:57:09",1748800
8420,120,19700,"sd","09:57:09",1748600
8430,130,100,"bu","09:57:09",1728900
8430,130,200,"bu","09:56:56",1728800
8420,120,300,"sd","09:56:50",1728600
8420,120,200,"sd","09:56:50",1728300
8420,120,7500,"sd","09:56:50",1728100
8420,120,2000,"sd","09:56:50",1720600
8430,130,2000,"bu","09:56:48",1718600
8430,130,1000,"sd","09:56:26",1716600
8430,130,1000,"sd","09:56:26",1715600
8430,130,4000,"sd","09:56:23",1714600
8430,130,1000,"sd","09:56:23",1710600
8430,130,4000,"sd","09:56:23",1709600
8430,130,700,"sd","09:56:23",1705600
8430,130,1000,"sd","09:56:23",1704900
8430,130,600,"sd","09:56:23",1703900
8430,130,500,"sd","09:56:23",1703300
8430,130,1000,"sd","09:56:23",1702800
8430,130,100,"sd","09:56:23",1701800
8430,130,1500,"sd","09:56:23",1701700
8430,130,200,"sd","09:56:23",1700200
8430,130,200,"sd","09:56:23",1700000
8430,130,3500,"sd","09:56:23",1699800
8430,130,2000,"sd","09:56:19",1696300
8440,140,1400,"bu","09:56:16",1694300
8440,140,1000,"bu","09:56:16",1692900
8440,140,600,"bu","09:56:16",1691900
8430,130,50000,"sd","09:56:15",1691300
8430,130,300,"sd","09:56:15",1641300
8430,130,4000,"sd","09:56:08",1641000
8440,140,1500,"bu","09:56:06",1637000
8430,130,500,"sd","09:55:45",1635500
8440,140,300,"bu","09:55:28",1635000
8430,130,400,"sd","09:55:24",1634700
8430,130,100,"sd","09:55:10",1634300
8440,140,6000,"bu","09:55:08",1634200
8430,130,35000,"sd","09:54:57",1628200
8440,140,1000,"bu","09:54:52",1593200
8440,140,200,"bu","09:54:45",1592200
8440,140,5000,"bu","09:54:31",1592000
8430,130,100,"sd","09:54:28",1587000
8430,130,1000,"sd","09:54:28",1586900
8440,140,5400,"bu","09:54:17",1585900
8440,140,4600,"bu","09:54:17",1580500
8430,130,8700,"bu","09:54:14",1575900
8430,130,100,"bu","09:54:14",1567200
8430,130,3200,"bu","09:54:11",1567100
8430,130,6800,"bu","09:54:11",1563900
8430,130,200,"bu","09:54:08",1557100
8430,130,100,"unknown","09:54:04",1556900
8440,140,400,"bu","09:54:04",1556800
8440,140,1200,"bu","09:54:04",1556400
8440,140,6900,"bu","09:54:01",1555200
8430,130,400,"bu","09:54:01",1548300
8430,130,1000,"bu","09:54:01",1547900
8430,130,100,"bu","09:54:01",1546900
8420,120,4400,"sd","09:53:47",1546800
8420,120,100,"sd","09:53:47",1542400
8420,120,500,"sd","09:53:47",1542300
8430,130,200,"bu","09:53:46",1541800
8430,130,4800,"bu","09:53:46",1541600
8430,130,300,"bu","09:53:37",1536800
8430,130,3000,"sd","09:53:31",1536500
8430,130,1000,"sd","09:53:31",1533500
8430,130,900,"sd","09:53:31",1532500
8430,130,100,"sd","09:53:31",1531600
8430,130,100,"sd","09:53:31",1531500
8430,130,800,"sd","09:53:31",1531400
8430,130,9200,"sd","09:53:23",1530600
8430,130,800,"sd","09:53:23",1521400
8430,130,2200,"sd","09:53:13",1520600
8430,130,800,"sd","09:53:13",1518400
8430,130,5000,"sd","09:53:13",1517600
8430,130,100,"sd","09:53:10",1512600
8430,130,400,"bu","09:52:48",1512500
8420,120,500,"sd","09:52:47",1512100
8430,130,600,"bu","09:52:47",1511600
8430,130,400,"bu","09:52:47",1511000
8430,130,100,"bu","09:52:45",1510600
8430,130,100,"bu","09:52:44",1510500
8430,130,400,"bu","09:52:44",1510400
8430,130,100,"bu","09:52:41",1510000
8430,130,600,"bu","09:52:33",1509900
8430,130,200,"bu","09:52:23",1509300
8430,130,100,"bu","09:52:20",1509100
8430,130,2200,"bu","09:52:20",1509000
8430,130,1000,"bu","09:52:13",1506800
8430,130,400,"sd","09:52:07",1505800
8430,130,100,"sd","09:52:02",1505400
8420,120,500,"sd","09:52:02",1505300
8420,120,500,"sd","09:51:54",1504800
8420,120,500,"sd","09:51:49",1504300
8420,120,2000,"sd","09:51:49",1503800
8420,120,3000,"sd","09:51:49",1501800
8420,120,700,"sd","09:51:49",1498800
8420,120,3000,"sd","09:51:49",1498100
8420,120,800,"sd","09:51:49",1495100
8440,140,11900,"bu","09:51:47",1494300
8440,140,1400,"bu","09:51:47",1482400
8430,130,700,"sd","09:51:39",1481000
8430,130,300,"sd","09:51:39",1480300
8440,140,100,"bu","09:51:36",1480000
8430,130,1000,"sd","09:51:35",1479900
8430,130,100,"sd","09:51:34",1478900
8430,130,4600,"bu","09:51:34",1478800
8430,130,100,"bu","09:51:32",1474200
8420,120,1000,"sd","09:51:29",1474100
8420,120,800,"sd","09:51:29",1473100
8420,120,7600,"sd","09:51:29",1472300
8420,120,600,"sd","09:51:29",1464700
8430,130,100,"bu","09:51:26",1464100
8430,130,700,"sd","09:51:25",1464000
8430,130,4500,"sd","09:51:25",1463300
8440,140,500,"bu","09:51:25",1458800
8430,130,500,"sd","09:51:23",1458300
8440,140,1800,"bu","09:51:18",1457800
8430,130,1600,"bu","09:51:18",1456000
8430,130,400,"sd","09:51:15",1454400
8440,140,200,"bu","09:51:13",1454000
8440,140,1000,"bu","09:51:13",1453800
8430,130,200,"sd","09:51:11",1452800
8430,130,400,"bu","09:51:10",1452600
8430,130,400,"sd","09:51:09",1452200
8430,130,1200,"sd","09:51:09",1451800
8430,130,200,"sd","09:51:07",1450600
8430,130,500,"bu","09:51:04",1450400
8430,130,1000,"bu","09:51:04",1449900
8430,130,1900,"bu","09:51:04",1448900
8430,130,200,"bu","09:51:04",1447000
8430,130,1000,"bu","09:51:04",1446800
8430,130,1000,"bu","09:51:04",1445800
8430,130,200,"bu","09:51:04",1444800
8430,130,700,"bu","09:51:04",1444600
8430,130,3400,"bu","09:51:04",1443900
8430,130,100,"bu","09:51:04",1440500
8430,130,1800,"bu","09:51:04",1440400
8430,130,400,"bu","09:51:03",1438600
8420,120,1000,"sd","09:50:56",1438200
8420,120,1400,"sd","09:50:53",1437200
8420,120,400,"sd","09:50:53",1435800
8420,120,500,"sd","09:50:53",1435400
8420,120,2000,"sd","09:50:53",1434900
8420,120,5700,"sd","09:50:53",1432900
8430,130,100,"bu","09:50:52",1427200
8430,130,300,"bu","09:50:50",1424400
8430,130,2000,"bu","09:50:50",1427100
8430,130,700,"bu","09:50:50",1425100
8420,120,21000,"sd","09:50:48",1424100
8420,120,1000,"sd","09:50:45",1403100
8420,120,2200,"bu","09:50:34",1402100
8420,120,100,"bu","09:50:34",1399900
8420,120,7800,"bu","09:50:34",1399800
8420,120,10000,"bu","09:50:34",1392000
8420,120,4500,"bu","09:50:34",1382000
8420,120,7700,"bu","09:50:34",1377500
8420,120,100,"bu","09:50:33",1369800
8420,120,200,"bu","09:50:32",1369700
8410,110,4700,"sd","09:50:31",1369500
8410,110,300,"sd","09:50:31",1364800
8420,120,2000,"bu","09:50:27",1364500
8420,120,1000,"bu","09:50:27",1362500
8420,120,100,"bu","09:50:27",1361500
8420,120,500,"bu","09:50:27",1361400
8420,120,200,"bu","09:50:27",1360900
8420,120,5000,"bu","09:50:19",1360700
8420,120,800,"bu","09:50:18",1355700
8420,120,200,"bu","09:50:18",1354900
8420,120,300,"bu","09:49:57",1354700
8420,120,200,"bu","09:49:57",1354400
8420,120,200,"bu","09:49:57",1354200
8420,120,200,"bu","09:49:57",1354000
8420,120,300,"bu","09:49:57",1353800
8420,120,200,"bu","09:49:54",1353500
8420,120,200,"bu","09:49:54",1353300
8420,120,500,"bu","09:49:54",1353100
8420,120,100,"bu","09:49:54",1352600
8420,120,100,"bu","09:49:32",1352500
8410,110,200,"sd","09:49:30",1352400
8410,110,3500,"sd","09:49:25",1352200
8410,110,400,"bu","09:49:23",1348700
8410,110,100,"bu","09:49:23",1348300
8410,110,800,"bu","09:49:23",1348200
8410,110,1200,"bu","09:49:21",1347400
8410,110,200,"bu","09:49:21",1346200
8410,110,10000,"bu","09:49:21",1346000
8410,110,200,"bu","09:49:21",1336000
8410,110,100,"bu","09:49:21",1335800
8410,110,500,"bu","09:49:21",1335700
8410,110,100,"bu","09:49:21",1335200
8410,110,100,"bu","09:49:21",1335100
8410,110,7600,"bu","09:49:21",1335000
8410,110,1000,"bu","09:49:19",1327400
8410,110,100,"bu","09:49:16",1326400
8410,110,100,"bu","09:49:14",1326300
8410,110,1300,"bu","09:49:14",1326200
8410,110,6000,"bu","09:49:13",1324900
8410,110,3000,"bu","09:49:10",1318900
8410,110,200,"bu","09:49:06",1315900
8410,110,300,"bu","09:49:05",1315700
8410,110,100,"bu","09:49:03",1315400
8410,110,7000,"bu","09:48:59",1315300
8410,110,700,"bu","09:48:58",1308300
8410,110,1300,"bu","09:48:56",1307600
8410,110,800,"bu","09:48:55",1306300
8410,110,500,"bu","09:48:53",1305500
8410,110,100,"bu","09:48:53",1305000
8410,110,500,"bu","09:48:53",1304900
8400,100,1300,"sd","09:48:51",1304400
8410,110,400,"bu","09:48:49",1303100
8410,110,100,"bu","09:48:45",1302700
8410,110,400,"bu","09:48:45",1302600
8400,100,500,"sd","09:48:41",1302200
8410,110,4600,"bu","09:48:34",1301700
8410,110,400,"bu","09:48:34",1297100
8410,110,500,"bu","09:48:32",1296700
