"price","change","match_qtty","side","time","total_vol"
12050,100,15500,"unknown","14:45:03",647300
11950,0,7800,"sd","14:29:57",631800
11950,0,100,"sd","14:29:57",624000
11950,0,1000,"sd","14:29:57",623900
11950,0,100,"sd","14:29:57",622900
11950,0,100,"sd","14:29:57",622800
11950,0,900,"sd","14:29:57",622700
11950,0,200,"sd","14:29:04",621800
11950,0,100,"sd","14:29:04",621600
11950,0,400,"sd","14:29:04",621500
11950,0,2000,"sd","14:29:04",621100
11950,0,200,"sd","14:29:04",619100
11950,0,500,"sd","14:29:04",618900
11950,0,400,"sd","14:29:04",618400
11950,0,100,"sd","14:29:04",618000
11950,0,100,"sd","14:29:04",617900
11950,0,1000,"sd","14:29:04",617800
11950,0,1000,"sd","14:29:04",616800
12000,50,2000,"sd","14:28:49",615800
12000,50,3000,"sd","14:28:49",613800
11950,0,300,"sd","14:27:02",610800
11950,0,100,"sd","14:27:02",610500
11950,0,700,"sd","14:27:02",610400
11950,0,800,"sd","14:27:02",609700
11950,0,2000,"sd","14:27:02",608900
11950,0,100,"sd","14:27:01",606900
11950,0,100,"sd","14:26:09",606800
11950,0,500,"sd","14:26:09",606700
11950,0,100,"sd","14:26:09",606200
11950,0,2300,"sd","14:26:09",606100
11950,0,700,"sd","14:25:57",603800
11950,0,100,"sd","14:25:57",603100
11950,0,6100,"sd","14:25:57",603000
11950,0,2500,"sd","14:25:57",596900
11950,0,100,"sd","14:25:57",594400
11950,0,500,"sd","14:25:57",594300
11950,0,500,"sd","14:25:34",593800
11950,0,600,"sd","14:25:34",593300
11950,0,900,"sd","14:25:34",592700
11950,0,100,"sd","14:25:17",591800
11950,0,200,"sd","14:25:17",591700
11950,0,2600,"sd","14:25:17",591500
11950,0,3400,"sd","14:25:01",588900
11950,0,500,"sd","14:25:01",585500
11950,0,200,"sd","14:25:01",585000
11950,0,400,"sd","14:25:01",584800
11950,0,500,"sd","14:25:01",584400
11950,0,2500,"sd","14:23:53",583900
11950,0,10000,"sd","14:23:53",581400
11950,0,100,"sd","14:23:53",571400
11950,0,1000,"sd","14:23:53",571300
11950,0,100,"sd","14:23:53",570300
11950,0,500,"sd","14:23:53",570200
12000,50,300,"sd","14:23:53",569700
11950,0,200,"sd","14:23:53",569400
12000,50,1300,"sd","14:23:53",569200
11950,0,100,"sd","14:23:53",567900
11950,0,200,"sd","14:23:53",567800
11950,0,1600,"sd","14:23:53",567600
12000,50,1100,"sd","14:23:53",566000
12000,50,200,"sd","14:23:53",564900
12000,50,500,"sd","14:23:53",564700
12000,50,100,"sd","14:23:53",564200
12000,50,100,"sd","14:23:53",564100
12000,50,100,"sd","14:23:53",564000
12000,50,1700,"sd","14:23:43",563900
12000,50,500,"sd","14:23:43",562200
12000,50,6000,"sd","14:23:42",561700
12000,50,200,"sd","14:23:42",555700
12000,50,300,"sd","14:23:42",555500
12000,50,2000,"sd","14:23:41",555200
12000,50,300,"sd","14:23:41",553200
12000,50,2100,"sd","14:23:40",552900
12050,100,200,"sd","14:23:40",550800
12050,100,1700,"sd","14:23:40",550600
12050,100,2000,"sd","14:22:15",548900
12050,100,1300,"sd","14:22:15",546900
12000,50,1100,"sd","14:21:59",545600
12050,100,200,"bu","14:21:31",544500
12050,100,200,"bu","14:21:26",544300
12050,100,100,"bu","14:21:14",544100
12050,100,100,"sd","14:21:08",544000
12000,50,300,"sd","14:20:38",543900
12050,100,1000,"bu","14:20:33",543600
12100,150,100,"bu","14:20:06",542600
12000,50,21500,"sd","14:19:08",542500
12000,50,200,"sd","14:19:08",521000
12000,50,2700,"sd","14:19:08",520800
12000,50,3000,"sd","14:19:08",518100
12000,50,2000,"sd","14:19:08",515100
12000,50,100,"sd","14:19:08",513100
12000,50,100,"sd","14:19:08",513000
12000,50,400,"sd","14:19:08",512900
12050,100,600,"sd","14:18:56",512500
12050,100,100,"sd","14:18:56",511900
12050,100,2400,"sd","14:18:56",511800
12050,100,1000,"sd","14:18:56",509400
12050,100,900,"sd","14:18:56",508400
12050,100,1000,"sd","14:17:45",507500
12050,100,100,"sd","14:17:32",506500
12050,100,500,"sd","14:17:03",506400
12050,100,300,"sd","14:17:03",505900
12050,100,200,"sd","14:17:03",505600
12050,100,700,"sd","14:17:03",505400
12050,100,400,"sd","14:17:03",504700
12050,100,1300,"sd","14:16:48",504300
12050,100,300,"sd","14:15:42",503000
12050,100,200,"sd","14:15:42",502700
12050,100,9800,"bu","14:14:58",502500
12050,100,200,"bu","14:14:40",492700
12050,100,10000,"sd","14:14:23",492500
12050,100,300,"bu","14:14:08",482500
12000,50,2000,"sd","14:13:54",482200
12000,50,1000,"sd","14:13:54",480200
12000,50,900,"sd","14:13:54",479200
12000,50,3100,"sd","14:13:54",478300
12000,50,1600,"sd","14:13:54",475200
12000,50,500,"sd","14:13:54",473600
12000,50,5000,"sd","14:13:54",473100
12000,50,100,"sd","14:13:54",468100
12000,50,300,"sd","14:13:54",468000
12000,50,500,"sd","14:13:54",467700
12050,100,100,"bu","14:13:38",467200
12050,100,100,"sd","14:13:29",467100
12050,100,100,"sd","14:13:29",467000
12100,150,900,"bu","14:12:23",466900
12100,150,300,"bu","14:12:23",466000
12100,150,5000,"bu","14:12:23",465700
12100,150,1000,"bu","14:12:23",460700
12100,150,500,"bu","14:12:23",459700
12100,150,1000,"bu","14:12:23",459200
12100,150,100,"bu","14:12:23",458200
12100,150,2000,"bu","14:12:23",458100
12100,150,200,"bu","14:12:23",456100
12100,150,2000,"bu","14:12:23",455900
12100,150,10000,"bu","14:12:23",453900
12050,100,300,"bu","14:12:23",443900
12100,150,1500,"bu","14:12:23",443600
12050,100,200,"bu","14:12:23",442100
12050,100,200,"bu","14:12:23",441900
12050,100,400,"bu","14:12:23",441700
12050,100,800,"bu","14:12:23",441300
12050,100,500,"bu","14:12:22",440500
12050,100,300,"bu","14:12:22",440000
12050,100,200,"bu","14:12:22",439700
12050,100,600,"bu","14:12:22",439500
12050,100,2000,"bu","14:12:22",438900
12050,100,400,"bu","14:12:11",436900
12000,50,100,"sd","14:11:56",436500
12050,100,1000,"bu","14:11:25",436400
12050,100,200,"bu","14:11:24",435400
12050,100,1000,"bu","14:11:24",435200
12050,100,100,"bu","14:11:24",434200
12050,100,3000,"bu","14:11:24",434100
12050,100,300,"bu","14:11:24",431100
12050,100,200,"bu","14:11:24",430800
12050,100,200,"bu","14:11:24",430600
12050,100,100,"bu","14:09:39",430400
12050,100,200,"bu","14:08:51",430300
12050,100,300,"bu","14:08:51",430100
12050,100,4800,"bu","14:07:41",429800
12050,100,100,"bu","14:07:41",425000
12050,100,100,"bu","14:07:41",424900
12000,50,2000,"sd","14:07:29",424800
12000,50,1000,"sd","14:07:14",422800
12000,50,100,"sd","14:05:34",421800
12000,50,1200,"bu","14:05:07",421700
12000,50,700,"bu","14:04:56",420500
12000,50,100,"bu","14:04:09",419800
12000,50,400,"bu","14:04:09",419700
12000,50,100,"bu","14:03:19",419300
12000,50,100,"bu","14:02:46",419200
12000,50,100,"sd","14:00:57",419100
12050,100,100,"bu","13:59:56",419000
12050,100,100,"bu","13:59:09",418900
12000,50,1000,"bu","13:57:41",418800
12000,50,300,"bu","13:57:37",417800
11950,0,400,"sd","13:57:21",417500
11950,0,2000,"sd","13:57:21",417100
11950,0,300,"sd","13:57:21",415100
11950,0,100,"sd","13:57:21",414800
11950,0,300,"sd","13:57:21",414700
11950,0,10000,"sd","13:57:21",414400
11950,0,100,"sd","13:57:21",404400
11950,0,500,"sd","13:57:21",404300
11950,0,100,"sd","13:57:21",403800
11950,0,300,"sd","13:57:21",403700
11950,0,700,"sd","13:57:21",403400
11950,0,200,"sd","13:57:21",402700
12000,50,500,"sd","13:57:19",402500
12000,50,200,"sd","13:57:19",402000
12000,50,4800,"sd","13:56:39",401800
12000,50,200,"sd","13:56:39",397000
12000,50,300,"sd","13:55:04",396800
12000,50,700,"sd","13:55:04",396500
12000,50,1700,"sd","13:54:45",395800
12000,50,2600,"sd","13:54:31",394100
12000,50,3000,"sd","13:54:31",391500
12000,50,300,"sd","13:54:31",388500
12000,50,1000,"sd","13:54:31",388200
12000,50,10000,"sd","13:54:31",387200
12000,50,2000,"sd","13:54:31",377200
12000,50,1100,"sd","13:54:31",375200
12050,100,1500,"bu","13:53:02",374100
12000,50,700,"sd","13:51:49",372600
12000,50,400,"sd","13:51:49",371900
12000,50,3900,"sd","13:51:49",371500
12000,50,1100,"sd","13:50:50",367600
12000,50,100,"sd","13:50:49",366500
12000,50,2000,"sd","13:50:49",366400
12000,50,1800,"sd","13:50:49",364400
12000,50,15000,"sd","13:49:19",362600
12000,50,1000,"bu","13:48:57",347600
12000,50,2200,"bu","13:48:57",346600
12000,50,400,"bu","13:48:34",344400
12000,50,1000,"bu","13:48:18",344000
12000,50,500,"unknown","13:48:18",343000
12000,50,500,"sd","13:48:18",342500
12000,50,100,"sd","13:48:18",342000
12000,50,100,"sd","13:48:18",341900
12000,50,100,"sd","13:48:00",341800
12000,50,4900,"sd","13:48:00",341700
12050,100,3000,"bu","13:47:09",336800
12050,100,1000,"bu","13:45:53",333800
12000,50,100,"sd","13:45:44",332800
12000,50,1300,"sd","13:45:44",332700
12000,50,700,"sd","13:45:11",331400
12000,50,100,"sd","13:45:11",330700
12000,50,1600,"sd","13:45:11",330600
12000,50,1000,"sd","13:45:11",329000
12000,50,600,"sd","13:45:11",328000
12000,50,200,"sd","13:45:11",327400
12000,50,800,"sd","13:45:11",327200
12050,100,4200,"bu","13:43:37",326400
12050,100,800,"bu","13:43:37",322200
12000,50,100,"sd","13:43:31",321400
12000,50,4100,"sd","13:43:00",321300
12000,50,900,"sd","13:43:00",317200
12000,50,400,"sd","13:42:55",316300
12050,100,100,"bu","13:42:22",315900
12050,100,100,"bu","13:41:57",315800
12000,50,1000,"sd","13:41:17",315700
12000,50,700,"sd","13:40:13",314700
12000,50,1000,"sd","13:40:07",314000
12000,50,100,"sd","13:40:07",313000
12000,50,300,"sd","13:40:07",312900
12000,50,500,"sd","13:40:07",312600
12000,50,100,"sd","13:40:07",312100
12050,100,1000,"bu","13:38:53",312000
12000,50,900,"sd","13:38:43",311000
12000,50,100,"sd","13:38:43",310100
12050,100,100,"bu","13:32:08",310000
12050,100,100,"bu","13:31:15",309900
12050,100,100,"bu","13:28:06",309800
11950,0,1700,"sd","13:25:59",309700
11950,0,500,"sd","13:25:59",308000
11950,0,10000,"sd","13:25:59",307500
11950,0,1000,"sd","13:25:59",297500
11950,0,800,"sd","13:25:59",296500
11950,0,500,"sd","13:25:59",295700
11950,0,500,"sd","13:25:59",295200
11950,0,200,"sd","13:25:59",294700
11950,0,700,"sd","13:25:59",294500
11950,0,500,"sd","13:25:59",293800
11950,0,10000,"sd","13:25:59",293300
11950,0,600,"sd","13:25:59",283300
11950,0,1200,"sd","13:25:59",282700
11950,0,2800,"sd","13:25:59",281500
12000,50,200,"sd","13:25:04",278700
12000,50,800,"sd","13:25:04",278500
12000,50,1200,"sd","13:24:26",277700
12000,50,6500,"sd","13:24:26",276500
12000,50,2000,"sd","13:24:26",270000
12000,50,100,"sd","13:24:26",268000
12000,50,200,"sd","13:24:26",267900
12000,50,300,"sd","13:23:42",267700
12000,50,1000,"sd","13:23:42",267400
12000,50,100,"sd","13:23:42",266400
12000,50,200,"sd","13:23:42",266300
12000,50,4000,"sd","13:23:42",266100
12000,50,100,"sd","13:23:42",262100
12000,50,1300,"sd","13:23:42",262000
12050,100,700,"sd","13:23:31",260700
12050,100,1200,"sd","13:23:26",260000
12050,100,800,"sd","13:23:26",258800
12050,100,700,"bu","13:22:56",258000
12050,100,500,"sd","13:22:44",257300
12050,100,800,"sd","13:22:44",256800
12100,150,200,"bu","13:22:23",256000
12100,150,200,"bu","13:20:46",255800
12050,100,200,"sd","13:20:04",255600
12050,100,2000,"sd","13:20:04",255400
12100,150,100,"bu","13:20:03",253400
12050,100,900,"bu","13:19:24",253300
12050,100,1000,"bu","13:19:24",252400
12050,100,1000,"bu","13:19:24",251400
12050,100,1200,"bu","13:19:24",250400
12050,100,200,"bu","13:19:23",249200
12050,100,400,"bu","13:19:01",249000
12050,100,5000,"bu","13:18:51",248600
12050,100,700,"bu","13:18:17",243600
12050,100,100,"bu","13:18:00",242900
12050,100,100,"bu","13:16:44",242800
12050,100,100,"bu","13:14:39",242700
12050,100,100,"bu","13:14:21",242600
12050,100,3300,"bu","13:13:46",242500
12050,100,2700,"bu","13:13:46",239200
12050,100,100,"bu","13:13:10",236500
12050,100,500,"bu","13:13:05",236400
12050,100,100,"bu","13:12:57",235900
12050,100,6600,"bu","13:12:46",235800
12050,100,100,"bu","13:12:46",229200
12000,50,1700,"bu","13:09:19",229100
12000,50,300,"bu","13:09:17",227400
12000,50,900,"bu","13:09:17",227100
12000,50,9100,"bu","13:08:48",226200
12000,50,3000,"bu","13:08:48",217100
12000,50,100,"bu","13:08:48",214100
12000,50,700,"bu","13:08:47",214000
12000,50,300,"bu","13:08:47",213300
12000,50,200,"bu","13:08:47",213000
12000,50,1000,"bu","13:08:47",212800
12000,50,3000,"bu","13:08:47",211800
12000,50,2600,"bu","13:08:47",208800
11950,0,2200,"sd","13:08:12",206200
11950,0,100,"sd","13:08:12",204000
11950,0,5200,"sd","13:08:12",203900
12000,50,400,"bu","13:07:23",198700
12000,50,100,"bu","13:07:23",198300
12000,50,200,"bu","13:07:23",198200
12000,50,700,"bu","13:07:23",198000
12000,50,100,"bu","13:07:23",197300
12000,50,100,"bu","13:07:23",197200
12000,50,1400,"bu","13:07:23",197100
12000,50,100,"bu","13:06:14",195700
12000,50,600,"bu","13:06:14",195600
12000,50,200,"bu","13:05:57",195000
12000,50,100,"bu","13:05:01",194800
12000,50,100,"bu","13:04:04",194700
12000,50,300,"bu","13:02:18",194600
12000,50,1000,"bu","13:01:40",194300
12000,50,700,"bu","13:01:24",193300
12000,50,2500,"bu","13:00:45",192600
12000,50,1000,"bu","13:00:32",190100
12000,50,600,"bu","13:00:25",189100
12000,50,500,"bu","13:00:14",188500
12000,50,5000,"bu","11:24:51",188000
12000,50,1400,"bu","11:23:52",183000
12000,50,3600,"bu","11:23:52",181600
12000,50,200,"bu","11:18:08",178000
12000,50,200,"bu","11:17:31",177800
12000,50,2000,"bu","11:16:22",177600
12000,50,4000,"bu","11:15:08",175600
12000,50,400,"bu","11:15:08",171600
12000,50,600,"bu","11:15:08",171200
12000,50,1000,"bu","11:12:50",170600
11950,0,1000,"sd","11:09:50",169600
11950,0,1000,"sd","11:06:49",168600
11950,0,200,"sd","11:06:33",167600
11950,0,400,"sd","10:58:43",167400
11950,0,100,"bu","10:58:10",167000
11950,0,100,"sd","10:57:20",166900
11950,0,1500,"bu","10:52:22",166800
11950,0,1000,"bu","10:50:55",165300
11950,0,500,"bu","10:48:52",164300
11950,0,200,"bu","10:48:46",163800
11950,0,100,"sd","10:47:46",163600
11950,0,200,"sd","10:47:46",163500
11950,0,100,"sd","10:45:08",163300
11950,0,400,"sd","10:40:49",163200
11950,0,600,"sd","10:40:49",162800
11950,0,9400,"bu","10:40:18",162200
11950,0,3300,"bu","10:39:15",152800
11950,0,100,"bu","10:38:49",149500
11950,0,10000,"sd","10:38:44",149400
11950,0,7300,"sd","10:38:44",139400
11950,0,100,"bu","10:35:15",132100
11950,0,2600,"bu","10:35:15",132000
11950,0,1700,"bu","10:34:26",129400
11950,0,700,"bu","10:34:19",127700
11950,0,300,"bu","10:34:19",127000
11950,0,1000,"bu","10:33:41",126700
11950,0,1000,"bu","10:32:19",125700
11950,0,600,"bu","10:32:11",124700
11950,0,3800,"bu","10:31:47",124100
11950,0,1000,"bu","10:31:13",120300
11950,0,200,"bu","10:28:07",119300
11950,0,10000,"sd","10:27:39",119100
11950,0,300,"sd","10:27:39",109100
11950,0,5000,"sd","10:27:39",108800
11950,0,100,"sd","10:27:39",103800
11950,0,100,"sd","10:27:39",103700
11950,0,1000,"sd","10:27:39",103600
11950,0,200,"sd","10:27:39",102600
11950,0,400,"sd","10:27:39",102400
11950,0,200,"sd","10:23:49",102000
11950,0,300,"sd","10:23:49",101800
11950,0,1000,"sd","10:22:52",101500
12000,50,200,"bu","10:13:14",100500
12000,50,100,"bu","10:11:18",100300
12000,50,1000,"bu","10:09:27",100200
11950,0,2000,"sd","10:06:37",99200
11950,0,1700,"sd","10:06:29",97200
12000,50,5000,"bu","09:59:38",95500
12000,50,2100,"bu","09:59:13",90500
12000,50,800,"bu","09:59:13",88400
12000,50,200,"bu","09:57:22",87600
11950,0,200,"sd","09:52:37",87400
11950,0,200,"bu","09:51:51",87200
11950,0,5000,"bu","09:51:51",87000
11950,0,2800,"bu","09:51:36",82000
11950,0,1200,"bu","09:51:36",79200
11950,0,2800,"bu","09:51:23",78000
11900,-50,100,"sd","09:50:47",75200
11950,0,6000,"bu","09:50:37",75100
11900,-50,9100,"sd","09:46:32",69100
11900,-50,500,"sd","09:46:32",60000
11900,-50,400,"sd","09:46:32",59500
11900,-50,100,"sd","09:45:32",59100
11900,-50,1600,"sd","09:45:25",59000
11900,-50,1000,"sd","09:45:25",57400
11900,-50,400,"sd","09:45:25",56400
11850,-100,600,"sd","09:43:55",56000
11850,-100,200,"sd","09:43:55",55400
11850,-100,500,"sd","09:43:55",55200
11850,-100,5000,"sd","09:43:55",54700
11850,-100,3300,"sd","09:43:55",49700
11850,-100,500,"sd","09:42:53",46400
11850,-100,200,"sd","09:39:43",45900
11850,-100,300,"sd","09:39:43",45700
11850,-100,4700,"sd","09:38:29",45400
11850,-100,400,"sd","09:38:29",40700
11850,-100,100,"sd","09:38:29",40300
11850,-100,1700,"sd","09:38:29",40200
11850,-100,100,"sd","09:38:29",38500
11850,-100,1000,"sd","09:38:29",38400
11850,-100,200,"sd","09:38:29",37400
11850,-100,200,"sd","09:38:29",37200
11850,-100,100,"sd","09:38:29",37000
11850,-100,100,"sd","09:38:29",36900
11900,-50,200,"sd","09:38:29",36800
11900,-50,100,"sd","09:38:29",36600
11900,-50,100,"sd","09:38:29",36500
11900,-50,1000,"sd","09:38:10",36400
11900,-50,1000,"sd","09:36:44",35400
11900,-50,3900,"sd","09:36:44",34400
11900,-50,200,"sd","09:36:44",30500
11950,0,900,"unknown","09:36:44",30300
11900,-50,4000,"sd","09:36:44",29400
11950,0,2400,"sd","09:36:03",25400
11950,0,500,"sd","09:36:03",23000
11950,0,500,"sd","09:36:03",22500
11950,0,300,"sd","09:36:03",22000
11950,0,300,"sd","09:36:03",21700
12000,50,200,"bu","09:35:00",21400
12000,50,200,"sd","09:34:48",21200
12000,50,200,"sd","09:34:48",21000
12000,50,1200,"sd","09:34:48",20800
12000,50,100,"sd","09:34:30",19600
12000,50,700,"sd","09:33:47",19500
12000,50,3300,"sd","09:33:47",18800
12000,50,1000,"sd","09:31:00",15500
12000,50,200,"sd","09:28:46",14500
12000,50,1000,"sd","09:26:43",14300
12000,50,1000,"sd","09:26:14",13300
12000,50,500,"sd","09:18:40",12300
12100,150,5600,"sd","09:18:18",11800
12100,150,1800,"sd","09:18:18",6200
12150,200,500,"bu","09:17:49",4400
12100,150,100,"sd","09:17:12",3900
12100,150,100,"sd","09:17:11",3800
12150,200,3700,"bu","09:15:14",3700
