"price","change","match_qtty","side","time","total_vol"
13400,550,157700,"bu","14:45:09",4076400
13350,500,500,"bu","14:29:48",3918700
13350,500,200,"bu","14:29:48",3918200
13300,450,1400,"sd","14:29:29",3918000
13300,450,400,"sd","14:29:28",3916600
13350,500,100,"bu","14:29:24",3916200
13350,500,200,"bu","14:29:21",3916100
13350,500,500,"bu","14:29:21",3915900
13350,500,600,"bu","14:29:21",3915400
13350,500,800,"bu","14:29:21",3914800
13350,500,1300,"bu","14:29:21",3914000
13350,500,2000,"bu","14:29:21",3912700
13350,500,500,"bu","14:29:21",3910700
13350,500,100,"bu","14:29:21",3910200
13350,500,500,"bu","14:29:21",3910100
13350,500,300,"bu","14:29:21",3909600
13350,500,4700,"bu","14:29:21",3909300
13350,500,100,"bu","14:29:08",3904600
13300,450,600,"sd","14:29:08",3904500
13300,450,100,"sd","14:29:08",3903900
13300,450,1300,"sd","14:29:08",3903800
13350,500,100,"bu","14:29:07",3902500
13350,500,600,"bu","14:29:06",3902400
13350,500,100,"bu","14:29:06",3901800
13350,500,300,"bu","14:29:06",3901700
13350,500,1700,"bu","14:28:55",3901400
13350,500,500,"bu","14:28:55",3899700
13350,500,400,"bu","14:28:52",3899200
13350,500,2600,"bu","14:28:47",3898800
13350,500,1000,"bu","14:28:47",3896200
13350,500,1000,"bu","14:28:47",3895200
13350,500,100,"bu","14:28:47",3894200
13350,500,300,"bu","14:28:47",3894100
13350,500,1000,"bu","14:28:44",3893800
13350,500,800,"bu","14:28:41",3892800
13350,500,300,"bu","14:28:41",3892000
13350,500,200,"bu","14:28:41",3891700
13350,500,200,"bu","14:28:41",3891500
13300,450,700,"sd","14:28:41",3891300
13350,500,300,"bu","14:28:41",3890600
13300,450,100,"sd","14:28:41",3890300
13300,450,200,"sd","14:28:41",3890200
13300,450,100,"sd","14:28:41",3890000
13350,500,900,"bu","14:28:24",3889900
13300,450,400,"sd","14:28:03",3889000
13300,450,100,"sd","14:28:03",3888600
13300,450,500,"sd","14:28:03",3888500
13300,450,300,"sd","14:27:32",3888000
13300,450,1600,"sd","14:27:32",3887700
13300,450,2000,"sd","14:27:16",3886100
13300,450,1900,"sd","14:27:16",3884100
13300,450,1300,"sd","14:27:16",3882200
13300,450,1500,"sd","14:27:16",3880900
13300,450,2000,"sd","14:27:16",3879400
13300,450,1000,"sd","14:27:16",3877400
13300,450,100,"sd","14:27:16",3876400
13300,450,1000,"sd","14:27:16",3876300
13300,450,100,"sd","14:27:16",3875300
13300,450,500,"sd","14:27:16",3875200
13300,450,3400,"sd","14:27:15",3874700
13300,450,100,"sd","14:27:15",3871300
13300,450,100,"sd","14:27:15",3871200
13350,500,200,"bu","14:27:09",3871100
13350,500,100,"bu","14:27:06",3870900
13350,500,500,"bu","14:27:02",3870800
13350,500,3100,"bu","14:26:38",3870300
13350,500,1000,"bu","14:26:35",3867200
13300,450,200,"sd","14:26:34",3866200
13300,450,1000,"sd","14:26:32",3866000
13350,500,900,"bu","14:26:30",3865000
13350,500,3000,"bu","14:26:28",3864100
13300,450,200,"sd","14:26:16",3861100
13350,500,300,"bu","14:25:53",3860900
13350,500,200,"bu","14:25:53",3860600
13300,450,100,"sd","14:25:38",3860400
13300,450,700,"sd","14:25:35",3860300
13300,450,1000,"sd","14:25:35",3859600
13300,450,5000,"sd","14:25:35",3858600
13300,450,300,"sd","14:25:35",3853600
13300,450,200,"sd","14:25:08",3853300
13350,500,100,"bu","14:24:34",3853100
13350,500,200,"bu","14:24:31",3853000
13350,500,500,"bu","14:24:12",3852800
13350,500,1000,"bu","14:24:02",3852300
13350,500,300,"bu","14:24:02",3851300
13350,500,1000,"bu","14:23:48",3851000
13350,500,1200,"bu","14:23:29",3850000
13350,500,100,"bu","14:23:29",3848800
13350,500,500,"bu","14:23:29",3848700
13350,500,400,"bu","14:23:29",3848200
13350,500,2000,"bu","14:23:29",3847800
13350,500,700,"bu","14:23:29",3845800
13350,500,100,"bu","14:23:29",3845100
13350,500,100,"bu","14:23:09",3845000
13350,500,900,"bu","14:23:09",3844900
13350,500,100,"bu","14:23:00",3844000
13350,500,500,"bu","14:23:00",3843900
13350,500,100,"bu","14:23:00",3843400
13350,500,500,"bu","14:22:59",3843300
13350,500,400,"bu","14:22:59",3842800
13350,500,1000,"bu","14:22:59",3842400
13350,500,1000,"bu","14:22:59",3841400
13350,500,6400,"bu","14:22:59",3840400
13350,500,1500,"bu","14:22:45",3834000
13350,500,1000,"bu","14:22:38",3832500
13300,450,100,"sd","14:21:44",3831500
13300,450,1000,"sd","14:21:43",3831400
13300,450,400,"sd","14:21:19",3830400
13300,450,300,"sd","14:21:19",3830000
13350,500,500,"bu","14:21:04",3829700
13300,450,7500,"sd","14:20:13",3829200
13300,450,2500,"sd","14:20:13",3821700
13300,450,500,"sd","14:19:58",3819200
13300,450,1600,"sd","14:19:58",3818700
13300,450,100,"sd","14:19:58",3817100
13300,450,1900,"sd","14:19:58",3817000
13300,450,900,"sd","14:19:51",3815100
13300,450,1000,"sd","14:19:44",3814200
13300,450,3000,"sd","14:19:33",3813200
13300,450,100,"sd","14:18:10",3810200
13350,500,500,"bu","14:17:51",3810100
13350,500,100,"bu","14:17:37",3809600
13350,500,300,"bu","14:17:37",3809500
13350,500,1000,"bu","14:17:15",3809200
13300,450,2200,"sd","14:16:43",3808200
13300,450,100,"sd","14:15:58",3806000
13300,450,10000,"sd","14:15:11",3805900
13300,450,3000,"sd","14:15:10",3795900
13300,450,500,"sd","14:15:10",3792900
13300,450,1000,"sd","14:15:10",3792400
13300,450,100,"sd","14:15:10",3791400
13300,450,1000,"sd","14:15:10",3791300
13300,450,100,"sd","14:15:10",3790300
13300,450,1900,"sd","14:15:10",3790200
13300,450,500,"bu","14:15:09",3788300
13300,450,100,"bu","14:15:09",3787800
13300,450,100,"bu","14:15:09",3787700
13300,450,2000,"bu","14:15:09",3787600
13300,450,500,"bu","14:15:09",3785600
13300,450,100,"bu","14:15:08",3785100
13300,450,400,"bu","14:15:05",3785000
13300,450,200,"bu","14:15:05",3784600
13300,450,300,"bu","14:15:05",3784400
13300,450,200,"bu","14:15:05",3784100
13300,450,1000,"bu","14:15:05",3783900
13300,450,500,"bu","14:15:05",3782900
13300,450,300,"bu","14:15:05",3782400
13300,450,800,"bu","14:15:05",3782100
13300,450,2500,"bu","14:15:05",3781300
13300,450,1000,"bu","14:15:04",3778800
13300,450,1500,"bu","14:15:04",3777800
13300,450,200,"bu","14:15:02",3776300
13300,450,500,"bu","14:15:02",3776100
13300,450,300,"bu","14:15:02",3775600
13300,450,3000,"bu","14:15:00",3775300
13300,450,6700,"bu","14:14:58",3772300
13300,450,600,"bu","14:14:58",3765600
13300,450,1000,"bu","14:14:58",3765000
13300,450,100,"bu","14:14:58",3764000
13300,450,500,"bu","14:14:58",3763900
13300,450,1100,"bu","14:14:58",3763400
13300,450,600,"bu","14:14:57",3762300
13300,450,100,"bu","14:14:57",3761700
13300,450,4900,"bu","14:14:56",3761600
13300,450,2300,"bu","14:14:56",3756700
13300,450,100,"bu","14:14:56",3754400
13300,450,2700,"bu","14:14:56",3754300
13300,450,800,"bu","14:14:50",3751600
13300,450,1800,"bu","14:14:50",3750800
13300,450,200,"bu","14:14:50",3749000
13300,450,1200,"bu","14:14:50",3748800
13300,450,800,"bu","14:14:48",3747600
13300,450,500,"bu","14:14:48",3746800
13300,450,1700,"bu","14:14:48",3746300
13300,450,1000,"bu","14:14:44",3744600
13300,450,300,"bu","14:14:30",3743600
13300,450,300,"bu","14:14:30",3743300
13300,450,7800,"bu","14:14:30",3743000
13300,450,3000,"bu","14:14:30",3735200
13300,450,300,"bu","14:14:29",3732200
13300,450,7000,"bu","14:14:29",3731900
13300,450,300,"bu","14:14:29",3724900
13300,450,100,"bu","14:14:29",3724600
13300,450,4000,"bu","14:14:29",3724500
13300,450,500,"bu","14:14:29",3720500
13300,450,300,"bu","14:14:29",3720000
13300,450,1000,"bu","14:14:29",3719700
13300,450,100,"bu","14:14:29",3718700
13300,450,3000,"bu","14:14:29",3718600
13300,450,200,"bu","14:14:29",3715600
13300,450,21100,"bu","14:14:29",3715400
13300,450,500,"bu","14:14:29",3694300
13300,450,200,"bu","14:14:29",3693800
13250,400,3000,"sd","14:14:16",3693600
13250,400,2000,"sd","14:14:10",3690600
13250,400,100,"sd","14:13:59",3688600
13250,400,5800,"sd","14:13:47",3688500
13250,400,500,"sd","14:13:47",3682700
13250,400,1000,"sd","14:13:47",3682200
13250,400,1000,"sd","14:13:47",3681200
13250,400,1700,"sd","14:13:47",3680200
13300,450,1000,"bu","14:13:18",3678500
13300,450,100,"bu","14:13:18",3677500
13300,450,100,"bu","14:12:56",3677400
13300,450,14100,"bu","14:12:54",3677300
13300,450,1000,"bu","14:12:50",3663200
13300,450,100,"bu","14:12:47",3662200
13250,400,200,"sd","14:12:47",3662100
13300,450,3300,"bu","14:12:45",3661900
13300,450,200,"bu","14:12:40",3658600
13250,400,500,"sd","14:12:09",3658400
13250,400,200,"sd","14:12:06",3657900
13250,400,1100,"sd","14:12:02",3657700
13250,400,900,"sd","14:12:02",3656600
13250,400,1100,"sd","14:11:07",3655700
13250,400,300,"sd","14:11:07",3654600
13250,400,1600,"sd","14:11:07",3654300
13250,400,400,"sd","14:10:39",3652700
13250,400,500,"sd","14:10:39",3652300
13250,400,1100,"sd","14:10:39",3651800
13250,400,100,"sd","14:10:10",3650700
13250,400,300,"sd","14:09:55",3650600
13250,400,100,"sd","14:09:55",3650300
13250,400,200,"sd","14:09:55",3650200
13250,400,100,"sd","14:09:55",3650000
13250,400,200,"sd","14:09:55",3649900
13250,400,600,"sd","14:09:55",3649700
13300,450,400,"bu","14:09:51",3649100
13250,400,400,"sd","14:09:50",3648700
13250,400,600,"sd","14:09:50",3648300
13250,400,300,"sd","14:09:50",3647700
13250,400,300,"sd","14:09:50",3647400
13250,400,1400,"sd","14:09:50",3647100
13250,400,600,"sd","14:09:34",3645700
13250,400,200,"sd","14:09:34",3645100
13250,400,200,"sd","14:09:34",3644900
13250,400,100,"sd","14:09:32",3644700
13300,450,2000,"bu","14:09:14",3644600
13250,400,1000,"sd","14:09:05",3642600
13250,400,3900,"sd","14:08:49",3641600
13250,400,200,"sd","14:08:49",3637700
13250,400,500,"sd","14:08:49",3637500
13250,400,1000,"sd","14:08:49",3637000
13250,400,2000,"sd","14:08:49",3636000
13250,400,1000,"sd","14:08:49",3634000
13250,400,500,"sd","14:08:48",3633000
13250,400,900,"sd","14:08:48",3632500
13250,400,400,"sd","14:08:35",3631600
13250,400,1000,"sd","14:08:35",3631200
13250,400,600,"sd","14:08:35",3630200
13250,400,100,"sd","14:08:28",3629600
13250,400,1000,"sd","14:08:19",3629500
13250,400,500,"sd","14:08:02",3628500
13250,400,2000,"sd","14:07:14",3628000
13250,400,1800,"sd","14:06:57",3626000
13250,400,500,"sd","14:06:39",3624200
13250,400,500,"sd","14:06:22",3623700
13250,400,2000,"sd","14:06:08",3623200
13250,400,1000,"sd","14:06:05",3621200
13300,450,3000,"bu","14:06:03",3620200
13300,450,100,"bu","14:06:00",3617200
13300,450,200,"bu","14:05:57",3617100
13300,450,200,"bu","14:05:44",3616900
13300,450,4000,"bu","14:05:01",3616700
13300,450,300,"bu","14:04:58",3612700
13250,400,500,"sd","14:04:55",3612400
13250,400,1500,"sd","14:04:55",3611900
13300,450,100,"bu","14:04:12",3610400
13300,450,200,"bu","14:04:03",3610300
13300,450,500,"bu","14:04:00",3610100
13300,450,100,"bu","14:03:50",3609600
13300,450,500,"bu","14:03:40",3609500
13300,450,1000,"bu","14:03:31",3609000
13300,450,1000,"bu","14:03:26",3608000
13300,450,1000,"bu","14:03:15",3607000
13300,450,200,"bu","14:03:07",3606000
13300,450,100,"bu","14:03:05",3605800
13300,450,200,"bu","14:02:49",3605700
13300,450,6500,"bu","14:02:37",3605500
13250,400,500,"sd","14:02:35",3599000
13250,400,500,"sd","14:02:35",3598500
13250,400,3000,"sd","14:02:26",3598000
13250,400,1000,"sd","14:02:09",3595000
13250,400,500,"sd","14:02:07",3594000
13250,400,5000,"sd","14:01:24",3593500
13250,400,500,"sd","14:01:24",3588500
13250,400,500,"sd","14:01:24",3588000
13300,450,1000,"bu","14:01:23",3587500
13300,450,100,"bu","14:01:11",3586500
13250,400,1000,"sd","14:01:07",3586400
13300,450,800,"bu","14:00:59",3585400
13250,400,3000,"sd","14:00:48",3584600
13300,450,300,"bu","14:00:47",3581600
13300,450,1000,"bu","14:00:38",3581300
13300,450,30000,"bu","14:00:30",3580300
13300,450,500,"bu","14:00:22",3550300
13300,450,200,"bu","14:00:08",3549800
13300,450,600,"bu","13:59:58",3549600
13300,450,2900,"bu","13:59:58",3549000
13300,450,200,"bu","13:59:58",3546100
13300,450,2000,"bu","13:59:58",3545900
13300,450,100,"bu","13:59:58",3543900
13300,450,500,"bu","13:59:58",3543800
13300,450,200,"bu","13:59:58",3543300
13300,450,100,"bu","13:59:58",3543100
13300,450,1000,"bu","13:59:47",3543000
13300,450,4000,"bu","13:59:47",3542000
13300,450,100,"bu","13:59:40",3538000
13300,450,500,"bu","13:59:19",3537900
13300,450,1000,"bu","13:59:08",3537400
13300,450,600,"bu","13:58:32",3536400
13250,400,1000,"sd","13:58:26",3535800
13250,400,4500,"sd","13:58:10",3534800
13250,400,500,"sd","13:58:10",3530300
13300,450,300,"bu","13:58:00",3529800
13300,450,1000,"bu","13:57:33",3529500
13300,450,800,"bu","13:56:49",3528500
13300,450,200,"bu","13:56:29",3527700
13300,450,1000,"bu","13:56:14",3527500
13300,450,200,"bu","13:56:04",3526500
13250,400,100,"sd","13:55:54",3526300
13250,400,600,"sd","13:55:48",3526200
13250,400,400,"sd","13:55:48",3525600
13250,400,100,"sd","13:55:18",3525200
13250,400,200,"sd","13:55:03",3525100
13250,400,200,"sd","13:54:48",3524900
13300,450,300,"bu","13:54:09",3524700
13250,400,2000,"sd","13:53:59",3524400
13250,400,100,"sd","13:53:03",3522400
13250,400,1800,"sd","13:52:20",3522300
13250,400,500,"sd","13:52:20",3520500
13250,400,1000,"sd","13:52:20",3520000
13250,400,200,"sd","13:52:20",3519000
13250,400,200,"sd","13:52:20",3518800
13250,400,1000,"sd","13:52:20",3518600
13250,400,100,"sd","13:52:20",3517600
13250,400,5200,"sd","13:52:20",3517500
13300,450,300,"bu","13:52:13",3512300
13250,400,2000,"sd","13:52:10",3512000
13250,400,500,"sd","13:51:40",3510000
13250,400,100,"sd","13:51:32",3509500
13250,400,200,"sd","13:51:31",3509400
13250,400,2800,"sd","13:51:03",3509200
13250,400,200,"sd","13:51:02",3506400
13250,400,1000,"sd","13:50:56",3506200
13250,400,4000,"sd","13:50:38",3505200
13250,400,300,"sd","13:50:38",3501200
13250,400,1000,"sd","13:50:38",3500900
13250,400,9700,"sd","13:50:38",3499900
13250,400,300,"sd","13:50:12",3490200
13250,400,100,"sd","13:50:12",3489900
13250,400,3900,"sd","13:50:12",3489800
13250,400,200,"sd","13:50:12",3485900
13250,400,1000,"sd","13:50:12",3485700
13250,400,100,"sd","13:50:12",3484700
13250,400,300,"sd","13:50:12",3484600
13250,400,100,"sd","13:50:12",3484300
13250,400,100,"sd","13:50:12",3484200
13250,400,3000,"sd","13:50:12",3484100
13250,400,900,"sd","13:50:11",3481100
13250,400,100,"sd","13:50:04",3480200
13250,400,1000,"sd","13:49:49",3480100
13250,400,10000,"sd","13:49:34",3479100
13250,400,300,"sd","13:49:34",3469100
13250,400,1000,"sd","13:49:34",3468800
13250,400,1000,"sd","13:49:34",3467800
13250,400,100,"sd","13:49:34",3466800
13250,400,200,"sd","13:49:34",3466700
13250,400,500,"sd","13:49:34",3466500
13250,400,1300,"sd","13:49:34",3466000
13250,400,100,"sd","13:49:34",3464700
13250,400,3000,"sd","13:49:34",3464600
13250,400,1000,"sd","13:49:34",3461600
13250,400,100,"sd","13:49:34",3460600
13250,400,1000,"sd","13:49:34",3460500
13250,400,100,"sd","13:49:34",3459500
13250,400,300,"sd","13:49:34",3459400
13250,400,100,"sd","13:49:25",3459100
13250,400,4900,"sd","13:49:25",3459000
13250,400,100,"sd","13:48:56",3454100
13250,400,1200,"sd","13:48:52",3454000
13250,400,3000,"sd","13:48:51",3452800
13250,400,200,"sd","13:48:45",3449800
13250,400,600,"sd","13:48:33",3449600
13250,400,700,"sd","13:48:33",3449000
13250,400,700,"sd","13:48:33",3448300
13250,400,3000,"sd","13:48:15",3447600
13250,400,1300,"sd","13:48:11",3444600
13250,400,100,"sd","13:48:11",3443300
13250,400,100,"sd","13:48:11",3443200
13250,400,400,"sd","13:48:11",3443100
13250,400,300,"sd","13:48:11",3442700
13250,400,800,"sd","13:48:11",3442400
13250,400,1000,"sd","13:48:05",3441600
13250,400,1000,"sd","13:48:05",3440600
13250,400,100,"sd","13:47:36",3439600
13250,400,1700,"sd","13:47:36",3439500
13250,400,2000,"sd","13:47:21",3437800
13250,400,1600,"sd","13:47:21",3435800
13250,400,700,"sd","13:47:21",3434200
13250,400,1300,"sd","13:47:21",3433500
13250,400,500,"sd","13:47:21",3432200
13250,400,1000,"sd","13:47:12",3431700
13250,400,6200,"sd","13:46:55",3430700
13250,400,100,"sd","13:46:55",3424500
13250,400,500,"sd","13:46:55",3424400
13250,400,300,"sd","13:46:55",3423900
13250,400,200,"sd","13:46:55",3423600
13250,400,800,"sd","13:46:55",3423400
13250,400,1900,"sd","13:46:55",3422600
13250,400,100,"sd","13:46:10",3420700
13250,400,200,"sd","13:46:10",3420600
13250,400,4800,"sd","13:45:47",3420400
13250,400,100,"sd","13:45:47",3415600
13250,400,300,"sd","13:45:47",3415500
13250,400,500,"sd","13:45:47",3415200
13250,400,100,"sd","13:45:47",3414700
13250,400,1000,"sd","13:45:47",3414600
13250,400,1000,"sd","13:45:47",3413600
13250,400,200,"sd","13:45:47",3412600
13250,400,100,"sd","13:45:08",3412400
13250,400,100,"sd","13:44:41",3412300
13250,400,5000,"sd","13:43:39",3412200
13250,400,200,"sd","13:43:24",3407200
13250,400,4400,"sd","13:42:54",3407000
13250,400,600,"sd","13:42:54",3402600
13250,400,100,"sd","13:42:37",3402000
13300,450,400,"bu","13:42:31",3401900
13300,450,600,"bu","13:42:31",3401500
13250,400,400,"sd","13:42:26",3400900
13250,400,1000,"sd","13:42:20",3400500
13250,400,2900,"sd","13:42:03",3399500
13250,400,100,"sd","13:42:03",3396600
13250,400,1000,"sd","13:42:03",3396500
13250,400,3000,"sd","13:41:46",3395500
13250,400,4200,"sd","13:41:42",3392500
13250,400,1000,"sd","13:41:42",3388300
13250,400,100,"sd","13:41:42",3387300
13250,400,400,"bu","13:40:56",3387200
13250,400,200,"bu","13:40:54",3386800
13250,400,1200,"bu","13:40:54",3386600
13250,400,100,"bu","13:40:50",3385400
13250,400,200,"bu","13:40:41",3385300
13250,400,500,"bu","13:40:38",3385100
13250,400,5000,"bu","13:40:38",3384600
13250,400,4500,"bu","13:40:38",3379600
13200,350,100,"sd","13:40:19",3375100
13250,400,3000,"sd","13:40:14",3375000
13250,400,300,"sd","13:40:11",3372000
13250,400,400,"sd","13:40:11",3371700
13250,400,100,"sd","13:40:11",3371300
13250,400,800,"sd","13:40:11",3371200
13250,400,100,"sd","13:40:11",3370400
13250,400,100,"sd","13:40:10",3370300
13250,400,3000,"sd","13:40:10",3370200
13250,400,300,"sd","13:40:10",3367200
13250,400,2000,"sd","13:40:10",3366900
13250,400,200,"sd","13:40:10",3364900
13250,400,2000,"sd","13:40:10",3364700
13250,400,200,"sd","13:40:09",3362700
13250,400,1500,"sd","13:40:09",3362500
13250,400,4700,"sd","13:40:09",3361000
13250,400,700,"sd","13:40:09",3356300
13250,400,2000,"sd","13:39:39",3355600
13250,400,1000,"sd","13:39:32",3353600
13250,400,2000,"sd","13:38:48",3352600
13250,400,1000,"sd","13:38:46",3350600
13250,400,100,"sd","13:38:46",3349600
13250,400,500,"sd","13:38:46",3349500
13250,400,1000,"sd","13:38:46",3349000
13250,400,1500,"sd","13:38:46",3348000
13250,400,600,"sd","13:38:46",3346500
13250,400,1000,"sd","13:38:46",3345900
13250,400,200,"sd","13:38:46",3344900
13250,400,100,"sd","13:38:46",3344700
13250,400,1100,"sd","13:38:46",3344600
13250,400,100,"sd","13:38:46",3343500
13250,400,3000,"sd","13:38:46",3343400
13250,400,1100,"sd","13:38:46",3340400
13250,400,800,"sd","13:38:46",3339300
13250,400,1000,"sd","13:38:46",3338500
13250,400,5100,"sd","13:38:46",3337500
13250,400,2000,"sd","13:38:46",3332400
13250,400,500,"sd","13:38:46",3330400
13250,400,5000,"sd","13:38:46",3329900
13250,400,200,"sd","13:38:46",3324900
13250,400,300,"sd","13:38:46",3324700
13250,400,100,"sd","13:38:46",3324400
13250,400,200,"sd","13:38:46",3324300
13250,400,100,"sd","13:38:46",3324100
13250,400,600,"sd","13:38:46",3324000
13250,400,200,"sd","13:38:45",3323400
13250,400,100,"sd","13:38:45",3323200
13250,400,1300,"sd","13:38:45",3323100
13250,400,100,"sd","13:38:45",3321800
13250,400,300,"sd","13:38:45",3321700
13250,400,200,"sd","13:38:45",3321400
13250,400,47100,"sd","13:38:45",3321200
13250,400,400,"sd","13:38:45",3274100
13250,400,200,"sd","13:38:45",3273700
13250,400,2800,"sd","13:38:45",3273500
13250,400,100,"sd","13:38:45",3270700
13250,400,500,"sd","13:38:45",3270600
13250,400,2000,"sd","13:38:45",3270100
13250,400,200,"sd","13:38:45",3268100
13250,400,300,"sd","13:38:45",3267900
13250,400,100,"sd","13:38:37",3267600
13250,400,600,"sd","13:38:18",3267500
13250,400,100,"sd","13:38:16",3266900
13250,400,400,"sd","13:37:13",3266800
13250,400,100,"sd","13:37:13",3266400
13250,400,1800,"sd","13:37:12",3266300
13250,400,100,"sd","13:37:12",3264500
13250,400,500,"sd","13:37:12",3264400
13250,400,1100,"sd","13:37:12",3263900
13250,400,800,"sd","13:36:49",3262800
13250,400,1100,"sd","13:35:14",3262000
13250,400,1000,"sd","13:35:14",3260900
13250,400,2900,"sd","13:35:14",3259900
13250,400,2100,"sd","13:34:53",3257000
13250,400,500,"sd","13:34:53",3254900
13250,400,2400,"sd","13:34:53",3254400
13300,450,400,"bu","13:34:46",3252000
13300,450,200,"bu","13:34:46",3251600
13300,450,2800,"bu","13:34:16",3251400
13300,450,1400,"bu","13:34:16",3248600
13300,450,800,"bu","13:34:16",3247200
13300,450,300,"bu","13:34:08",3246400
13300,450,1000,"bu","13:33:56",3246100
13300,450,200,"bu","13:33:42",3245100
13300,450,1000,"bu","13:33:31",3244900
13300,450,11900,"bu","13:33:27",3243900
13300,450,100,"bu","13:33:05",3232000
13250,400,300,"sd","13:32:51",3231900
13250,400,2000,"sd","13:31:43",3231600
13250,400,300,"sd","13:31:17",3229600
13300,450,500,"bu","13:31:05",3229300
13300,450,300,"bu","13:30:56",3228800
13300,450,5000,"bu","13:30:53",3228500
13300,450,1000,"bu","13:30:09",3223500
13300,450,200,"bu","13:30:08",3222500
13300,450,100,"bu","13:29:52",3222300
13300,450,300,"sd","13:29:28",3222200
13300,450,200,"sd","13:29:28",3221900
13300,450,100,"sd","13:29:28",3221700
13300,450,300,"sd","13:29:28",3221600
13300,450,100,"sd","13:29:28",3221300
13300,450,5000,"sd","13:29:28",3221200
13300,450,200,"sd","13:29:27",3216200
13300,450,300,"sd","13:29:27",3216000
13300,450,200,"sd","13:29:27",3215700
13300,450,5000,"sd","13:29:27",3215500
13300,450,200,"sd","13:29:27",3210500
13300,450,5000,"sd","13:29:27",3210300
13300,450,700,"sd","13:29:27",3205300
13300,450,1300,"sd","13:29:25",3204600
13300,450,200,"sd","13:29:25",3203300
13300,450,7000,"sd","13:29:25",3203100
13300,450,200,"sd","13:29:25",3196100
13300,450,1100,"sd","13:29:25",3195900
13300,450,500,"sd","13:29:24",3194800
13300,450,100,"sd","13:29:24",3194300
13300,450,4000,"sd","13:29:24",3194200
13300,450,1500,"sd","13:29:24",3190200
13300,450,500,"sd","13:29:24",3188700
13300,450,100,"sd","13:29:24",3188200
13300,450,1000,"sd","13:29:24",3188100
13300,450,900,"sd","13:29:24",3187100
13300,450,1600,"sd","13:29:24",3186200
13300,450,500,"sd","13:29:24",3184600
13300,450,600,"sd","13:29:24",3184100
13300,450,1200,"sd","13:29:24",3183500
13300,450,100,"sd","13:29:20",3182300
13300,450,500,"sd","13:29:20",3182200
13300,450,300,"sd","13:29:20",3181700
13300,450,100,"sd","13:29:20",3181400
13300,450,900,"sd","13:29:20",3181300
13300,450,4000,"sd","13:29:20",3180400
13300,450,1300,"sd","13:29:20",3176400
13300,450,1000,"sd","13:29:20",3175100
13300,450,7000,"sd","13:29:20",3174100
13300,450,1000,"sd","13:29:20",3167100
13300,450,10100,"sd","13:29:20",3166100
13300,450,10000,"sd","13:29:20",3156000
13300,450,100,"sd","13:29:20",3146000
13300,450,300,"sd","13:29:20",3145900
13300,450,2000,"sd","13:29:20",3145600
13300,450,10000,"sd","13:29:20",3143600
13300,450,100,"sd","13:29:20",3133600
13300,450,800,"sd","13:29:20",3133500
13300,450,200,"sd","13:29:20",3132700
13300,450,1000,"sd","13:29:20",3132500
13300,450,500,"sd","13:29:20",3131500
13300,450,10000,"sd","13:29:20",3131000
13300,450,600,"sd","13:29:20",3121000
13300,450,2000,"sd","13:29:20",3120400
13300,450,100,"sd","13:29:20",3118400
13300,450,300,"sd","13:29:20",3118300
13300,450,10000,"sd","13:29:20",3118000
13300,450,300,"sd","13:29:20",3108000
13300,450,5000,"sd","13:29:20",3107700
13300,450,500,"sd","13:29:20",3102700
13300,450,100,"sd","13:29:20",3102200
13300,450,100,"sd","13:29:20",3102100
13300,450,10000,"sd","13:29:20",3102000
13300,450,5000,"sd","13:29:20",3092000
13300,450,500,"sd","13:29:20",3087000
13300,450,200,"sd","13:29:20",3086500
13300,450,300,"sd","13:29:20",3086300
13300,450,300,"sd","13:29:20",3086000
13300,450,2000,"sd","13:29:20",3085700
13300,450,100,"sd","13:29:20",3083700
13300,450,500,"sd","13:29:20",3083600
13300,450,500,"sd","13:29:20",3083100
13300,450,300,"sd","13:29:20",3082600
13350,500,1000,"bu","13:29:19",3082300
13300,450,300,"sd","13:29:19",3081300
13300,450,500,"sd","13:29:18",3081000
13300,450,1000,"sd","13:29:18",3080500
13300,450,500,"sd","13:29:18",3079500
13300,450,300,"sd","13:29:18",3079000
13300,450,5000,"sd","13:29:18",3078700
13300,450,100,"sd","13:29:18",3073700
13300,450,200,"sd","13:29:18",3073600
13300,450,200,"sd","13:29:18",3073400
13300,450,200,"sd","13:29:18",3073200
13300,450,2000,"sd","13:29:18",3073000
13300,450,100,"sd","13:29:08",3071000
13300,450,100,"sd","13:28:48",3070900
13300,450,100,"sd","13:28:00",3070800
13300,450,1900,"sd","13:28:00",3070700
13300,450,100,"sd","13:27:53",3068800
13300,450,600,"sd","13:27:53",3068700
13300,450,1200,"sd","13:27:33",3068100
13300,450,1400,"sd","13:27:20",3066900
13300,450,800,"sd","13:26:39",3065500
13300,450,100,"sd","13:26:18",3064700
13300,450,1000,"sd","13:25:41",3064600
13350,500,100,"bu","13:25:26",3063600
13350,500,5000,"bu","13:25:15",3063500
13350,500,200,"bu","13:24:34",3058500
13350,500,100,"bu","13:24:27",3058300
13350,500,100,"bu","13:24:15",3058200
13300,450,2500,"sd","13:24:06",3058100
13300,450,500,"sd","13:23:55",3055600
13300,450,700,"sd","13:23:39",3055100
13300,450,1000,"sd","13:23:07",3054400
13350,500,300,"bu","13:22:59",3053400
13350,500,500,"bu","13:22:52",3053100
13350,500,400,"bu","13:22:33",3052600
13350,500,2600,"bu","13:22:33",3052200
13300,450,2300,"sd","13:22:31",3049600
13300,450,500,"sd","13:21:58",3047300
13350,500,500,"bu","13:21:52",3046800
13350,500,800,"bu","13:21:25",3046300
13350,500,300,"bu","13:21:23",3045500
13350,500,100,"bu","13:21:13",3045200
13350,500,100,"bu","13:20:55",3045100
13350,500,1000,"bu","13:20:54",3045000
13350,500,300,"bu","13:20:42",3044000
13350,500,500,"bu","13:20:05",3043700
13350,500,300,"sd","13:20:01",3043200
13350,500,100,"sd","13:20:01",3042900
13350,500,500,"sd","13:20:01",3042800
13350,500,500,"sd","13:20:01",3042300
13350,500,2000,"sd","13:20:01",3041800
13350,500,200,"sd","13:20:01",3039800
13350,500,200,"sd","13:20:01",3039600
13350,500,100,"sd","13:20:01",3039400
13350,500,8000,"sd","13:20:01",3039300
13350,500,1600,"sd","13:20:01",3031300
13350,500,100,"sd","13:20:01",3029700
13350,500,200,"sd","13:20:01",3029600
13350,500,100,"sd","13:19:53",3029400
13350,500,2900,"sd","13:19:53",3029300
13350,500,1000,"sd","13:19:49",3026400
13350,500,500,"sd","13:19:22",3025400
13350,500,800,"sd","13:19:22",3024900
13350,500,1100,"sd","13:19:22",3024100
13350,500,200,"sd","13:19:22",3023000
13350,500,3000,"sd","13:19:22",3022800
13350,500,100,"sd","13:19:22",3019800
13350,500,300,"sd","13:19:22",3019700
13400,550,1000,"bu","13:18:41",3019400
13400,550,2000,"bu","13:18:40",3018400
13400,550,300,"bu","13:18:12",3016400
13400,550,800,"bu","13:17:46",3016100
13350,500,9200,"sd","13:16:57",3015300
13350,500,3000,"sd","13:16:57",3006100
13350,500,2000,"sd","13:16:55",3003100
13400,550,300,"bu","13:16:38",3001100
13400,550,10000,"bu","13:15:26",3000800
13400,550,300,"bu","13:15:01",2990800
13400,550,200,"bu","13:14:58",2990500
13400,550,400,"bu","13:14:32",2990300
13400,550,100,"bu","13:14:11",2989900
13400,550,300,"bu","13:13:48",2989800
13400,550,100,"bu","13:13:48",2989500
13400,550,1000,"bu","13:13:47",2989400
13400,550,3200,"bu","13:13:47",2988400
13400,550,1800,"bu","13:13:35",2985200
13350,500,200,"sd","13:13:00",2983400
13350,500,100,"sd","13:13:00",2983200
13350,500,2000,"sd","13:12:59",2983100
13350,500,500,"sd","13:12:33",2981100
13350,500,300,"sd","13:12:31",2980600
13350,500,100,"sd","13:12:24",2980300
13350,500,500,"sd","13:12:24",2980200
13350,500,2100,"sd","13:12:23",2979700
13350,500,300,"sd","13:12:23",2977600
13400,550,12900,"bu","13:12:22",2977300
13400,550,500,"bu","13:12:22",2964400
13400,550,200,"bu","13:12:22",2963900
13400,550,1000,"bu","13:12:22",2963700
13400,550,5400,"bu","13:12:22",2962700
13350,500,100,"sd","13:12:11",2957300
13350,500,100,"bu","13:11:54",2957200
13350,500,500,"bu","13:11:54",2957100
13350,500,800,"bu","13:11:54",2956600
13350,500,100,"bu","13:11:50",2955800
13350,500,100,"bu","13:11:50",2955700
13350,500,100,"bu","13:11:49",2955600
13350,500,100,"bu","13:11:49",2955500
13350,500,1000,"bu","13:11:49",2955400
13350,500,100,"bu","13:11:49",2954400
13350,500,300,"bu","13:11:49",2954300
13350,500,1300,"bu","13:11:49",2954000
13350,500,100,"bu","13:11:49",2952700
13350,500,400,"bu","13:11:49",2952600
13350,500,4900,"bu","13:11:01",2952200
13350,500,100,"bu","13:11:01",2947300
13350,500,600,"bu","13:10:50",2947200
13350,500,100,"bu","13:10:50",2946600
13350,500,4000,"bu","13:10:37",2946500
13300,450,200,"sd","13:10:32",2942500
13350,500,100,"bu","13:10:18",2942300
13350,500,400,"bu","13:10:16",2942200
13350,500,300,"bu","13:10:15",2941800
13350,500,300,"bu","13:09:55",2941500
13350,500,100,"bu","13:09:55",2941200
13350,500,200,"bu","13:09:55",2941100
13350,500,200,"bu","13:09:40",2940900
13350,500,1000,"bu","13:09:31",2940700
13350,500,500,"bu","13:09:30",2939700
13350,500,100,"bu","13:09:29",2939200
13350,500,1000,"bu","13:09:28",2939100
13350,500,1000,"bu","13:08:50",2938100
13300,450,2200,"sd","13:08:46",2937100
13300,450,300,"sd","13:08:46",2934900
13350,500,500,"bu","13:08:45",2934600
13350,500,4000,"bu","13:08:44",2934100
13350,500,300,"bu","13:08:39",2930100
13350,500,300,"bu","13:08:15",2929800
13350,500,1000,"bu","13:08:15",2929500
13350,500,100,"bu","13:08:15",2928500
13350,500,100,"bu","13:08:15",2928400
13350,500,400,"bu","13:08:13",2928300
13350,500,400,"bu","13:08:13",2927900
13350,500,200,"bu","13:08:13",2927500
13300,450,700,"sd","13:08:08",2927300
13300,450,300,"sd","13:08:08",2926600
13350,500,1300,"bu","13:08:06",2926300
13350,500,500,"bu","13:08:06",2925000
13350,500,1000,"bu","13:08:06",2924500
13350,500,1000,"bu","13:08:06",2923500
13350,500,1000,"bu","13:08:06",2922500
13350,500,200,"bu","13:08:06",2921500
13350,500,100,"bu","13:08:04",2921300
13300,450,200,"sd","13:07:54",2921200
13350,500,400,"bu","13:07:49",2921000
13350,500,100,"bu","13:07:49",2920600
13350,500,100,"bu","13:07:42",2920500
13350,500,2000,"bu","13:07:39",2920400
13350,500,1000,"bu","13:07:32",2918400
13350,500,3000,"bu","13:07:08",2917400
13350,500,300,"bu","13:07:04",2914400
13350,500,100,"bu","13:07:02",2914100
13350,500,100,"bu","13:07:01",2914000
13350,500,500,"bu","13:06:59",2913900
13300,450,500,"sd","13:06:59",2913400
13300,450,300,"sd","13:06:59",2912900
13350,500,2000,"bu","13:06:54",2912600
13350,500,100,"bu","13:06:43",2910600
13350,500,500,"bu","13:06:25",2910500
13350,500,900,"bu","13:06:19",2910000
13350,500,100,"bu","13:06:18",2909100
13400,550,100,"bu","13:05:57",2909000
13350,500,100,"bu","13:05:57",2908900
13350,500,100,"bu","13:05:52",2908800
13350,500,500,"bu","13:05:39",2908700
13350,500,400,"bu","13:05:39",2908200
13350,500,800,"bu","13:05:31",2907800
13350,500,200,"bu","13:05:31",2907000
13350,500,300,"bu","13:05:29",2906800
13350,500,500,"bu","13:05:23",2906500
13350,500,500,"bu","13:05:23",2906000
13350,500,300,"bu","13:04:55",2905500
13350,500,200,"bu","13:04:55",2905200
13350,500,200,"bu","13:04:23",2905000
13350,500,600,"bu","13:04:16",2904800
13350,500,2400,"bu","13:04:16",2904200
13350,500,100,"sd","13:04:01",2901800
13350,500,300,"sd","13:04:01",2901700
13350,500,100,"sd","13:04:01",2901400
13350,500,5100,"sd","13:04:01",2901300
13350,500,300,"sd","13:03:53",2896200
13350,500,100,"sd","13:03:40",2895900
13350,500,2000,"sd","13:03:26",2895800
13350,500,200,"bu","13:03:22",2893800
13350,500,500,"bu","13:03:22",2893600
13350,500,4900,"bu","13:03:22",2893100
13350,500,400,"bu","13:03:22",2888200
13350,500,400,"bu","13:03:22",2887800
13350,500,500,"bu","13:03:22",2887400
13350,500,100,"bu","13:03:22",2886900
13350,500,3000,"bu","13:03:21",2886800
13350,500,200,"bu","13:03:21",2883800
13350,500,1000,"bu","13:03:21",2883600
13350,500,1000,"bu","13:03:21",2882600
13350,500,300,"bu","13:03:21",2881600
13350,500,600,"bu","13:03:06",2881300
13350,500,1000,"bu","13:03:06",2880700
13350,500,500,"bu","13:03:06",2879700
13350,500,2900,"bu","13:03:06",2879200
13300,450,500,"sd","13:03:06",2876300
13350,500,100,"bu","13:03:04",2875800
13300,450,200,"sd","13:02:27",2875700
13300,450,300,"sd","13:02:27",2875500
13300,450,2000,"sd","13:02:27",2875200
13300,450,1000,"sd","13:02:27",2873200
13300,450,1500,"sd","13:02:27",2872200
13350,500,300,"bu","13:02:18",2870700
13350,500,1000,"bu","13:02:12",2870400
13350,500,2000,"bu","13:02:06",2869400
13350,500,700,"sd","13:01:41",2867400
13350,500,1000,"sd","13:01:37",2866700
13350,500,500,"sd","13:01:33",2865700
13350,500,2800,"bu","13:01:32",2865200
13350,500,4200,"bu","13:01:32",2862400
13350,500,800,"bu","13:01:31",2858200
13350,500,200,"bu","13:01:31",2857400
13350,500,1000,"sd","13:01:29",2857200
13350,500,300,"sd","13:01:23",2856200
13350,500,300,"sd","13:01:21",2855900
13350,500,200,"sd","13:01:20",2855600
13350,500,500,"sd","13:01:20",2855400
13350,500,500,"sd","13:01:19",2854900
13350,500,200,"sd","13:01:17",2854400
13350,500,600,"sd","13:01:14",2854200
13350,500,400,"sd","13:01:14",2853600
13350,500,3200,"sd","13:01:12",2853200
13350,500,1000,"sd","13:01:11",2850000
13350,500,100,"unknown","13:01:10",2849000
13350,500,1800,"unknown","13:01:09",2848900
13350,500,200,"unknown","13:01:08",2847100
13350,500,500,"unknown","13:01:06",2846900
13350,500,300,"unknown","13:01:04",2846400
13350,500,7200,"unknown","13:01:01",2846100
13350,500,100,"unknown","13:01:01",2838900
13350,500,4600,"bu","13:00:57",2838800
13350,500,4000,"bu","13:00:55",2834200
13350,500,1000,"bu","13:00:51",2830200
13350,500,500,"bu","13:00:50",2829200
13350,500,300,"bu","13:00:48",2828700
13350,500,4600,"bu","13:00:47",2828400
13350,500,400,"bu","13:00:47",2823800
13350,500,500,"bu","13:00:46",2823400
13350,500,100,"bu","13:00:45",2822900
13350,500,400,"bu","13:00:45",2822800
13350,500,500,"bu","13:00:44",2822400
13350,500,1000,"bu","13:00:43",2821900
13350,500,200,"bu","13:00:42",2820900
13350,500,500,"bu","13:00:40",2820700
13350,500,3600,"bu","13:00:39",2820200
13350,500,100,"bu","13:00:39",2816600
13350,500,4800,"bu","13:00:38",2816500
13350,500,500,"bu","13:00:38",2811700
13350,500,8200,"bu","13:00:38",2811200
13350,500,200,"bu","13:00:36",2803000
13350,500,2600,"bu","13:00:35",2802800
13350,500,1000,"bu","13:00:31",2800200
13350,500,1400,"bu","13:00:31",2799200
13350,500,100,"unknown","13:00:29",2797800
13350,500,8600,"sd","13:00:25",2797700
13400,550,100,"bu","13:00:24",2789100
13350,500,2600,"sd","13:00:23",2789000
13400,550,200,"bu","13:00:22",2786400
13350,500,100,"sd","13:00:21",2786200
13350,500,200,"sd","13:00:13",2786100
13350,500,1000,"sd","13:00:12",2785900
13350,500,1400,"sd","13:00:12",2784900
13350,500,1800,"sd","13:00:08",2783500
13350,500,100,"sd","13:00:05",2781700
13350,500,100,"sd","13:00:04",2781600
13350,500,600,"sd","13:00:04",2781500
13350,500,400,"sd","13:00:04",2780900
13350,500,6300,"sd","13:00:01",2780500
13350,500,100,"sd","13:00:01",2774200
13350,500,200,"sd","13:00:00",2774100
13350,500,400,"sd","11:29:33",2773900
13350,500,100,"sd","11:29:33",2773500
13350,500,900,"sd","11:29:09",2773400
13350,500,100,"sd","11:29:09",2772500
13350,500,400,"sd","11:28:53",2772400
13350,500,1100,"sd","11:28:53",2772000
13400,550,20000,"bu","11:28:11",2770900
13400,550,300,"bu","11:27:31",2750900
13400,550,4500,"bu","11:27:07",2750600
13350,500,100,"sd","11:26:51",2746100
13350,500,800,"sd","11:26:11",2746000
13350,500,200,"sd","11:26:11",2745200
13350,500,2000,"sd","11:26:08",2745000
13350,500,200,"sd","11:26:08",2743000
13350,500,500,"bu","11:25:57",2742800
13350,500,200,"bu","11:25:57",2742300
13350,500,1100,"bu","11:25:57",2742100
13350,500,800,"bu","11:25:57",2741000
13350,500,200,"bu","11:25:56",2740200
13350,500,100,"bu","11:25:56",2740000
13350,500,800,"bu","11:25:37",2739900
13350,500,200,"bu","11:25:37",2739100
13350,500,100,"bu","11:25:34",2738900
13350,500,700,"bu","11:25:30",2738800
13350,500,300,"bu","11:25:30",2738100
13300,450,2000,"sd","11:25:30",2737800
13350,500,700,"bu","11:25:30",2735800
13350,500,300,"bu","11:25:30",2735100
13350,500,1700,"bu","11:25:12",2734800
13350,500,10000,"bu","11:25:12",2733100
13350,500,800,"bu","11:25:12",2723100
13350,500,1000,"bu","11:25:12",2722300
13350,500,2000,"bu","11:25:12",2721300
13350,500,100,"bu","11:25:12",2719300
13350,500,600,"bu","11:25:12",2719200
13350,500,300,"bu","11:25:12",2718600
13350,500,3500,"bu","11:25:12",2718300
13350,500,1500,"bu","11:24:42",2714800
13350,500,5000,"bu","11:24:42",2713300
13350,500,1200,"bu","11:24:42",2708300
13350,500,100,"bu","11:24:39",2707100
13300,450,2000,"sd","11:24:22",2707000
13350,500,300,"bu","11:24:20",2705000
13350,500,5000,"bu","11:24:14",2704700
13350,500,400,"bu","11:24:14",2699700
13350,500,1800,"bu","11:24:14",2699300
13350,500,10000,"bu","11:24:14",2697500
13350,500,500,"bu","11:24:14",2687500
13350,500,900,"bu","11:24:14",2687000
13350,500,1400,"bu","11:24:14",2686100
13350,500,800,"bu","11:24:08",2684700
13350,500,200,"bu","11:24:08",2683900
13300,450,1000,"sd","11:23:28",2683700
13350,500,300,"bu","11:22:45",2682700
13350,500,300,"bu","11:21:32",2682400
13350,500,700,"bu","11:21:32",2682100
13350,500,300,"bu","11:21:29",2681400
13350,500,500,"bu","11:21:29",2681100
13350,500,200,"bu","11:21:28",2680600
13350,500,2000,"bu","11:21:25",2680400
13350,500,300,"bu","11:21:25",2678400
13350,500,200,"bu","11:21:25",2678100
13350,500,100,"bu","11:21:25",2677900
13350,500,3400,"bu","11:21:25",2677800
13350,500,200,"bu","11:21:16",2674400
13350,500,300,"bu","11:21:09",2674200
13350,500,1000,"bu","11:21:01",2673900
13350,500,100,"bu","11:21:00",2672900
13350,500,300,"bu","11:21:00",2672800
13350,500,500,"bu","11:20:50",2672500
13350,500,100,"bu","11:20:29",2672000
13350,500,1000,"bu","11:20:12",2671900
13350,500,3100,"bu","11:20:10",2670900
13350,500,1000,"bu","11:20:10",2667800
13350,500,500,"bu","11:20:10",2666800
13350,500,400,"bu","11:20:10",2666300
13350,500,500,"bu","11:20:04",2665900
13350,500,1000,"bu","11:19:56",2665400
13300,450,500,"sd","11:19:46",2664400
13300,450,700,"sd","11:19:46",2663900
13300,450,1000,"sd","11:19:46",2663200
13300,450,3000,"sd","11:19:46",2662200
13300,450,500,"sd","11:17:37",2659200
13300,450,100,"sd","11:16:55",2658700
13300,450,100,"sd","11:16:54",2658600
13350,500,1900,"bu","11:16:35",2658500
13350,500,100,"bu","11:16:35",2656600
13350,500,200,"bu","11:16:26",2656500
13350,500,200,"bu","11:16:23",2656300
13350,500,300,"bu","11:16:17",2656100
13350,500,200,"bu","11:16:02",2655800
13350,500,2000,"bu","11:15:57",2655600
13350,500,100,"bu","11:15:39",2653600
13350,500,5000,"bu","11:15:18",2653500
13350,500,300,"bu","11:14:47",2648500
13350,500,5000,"bu","11:14:16",2648200
13350,500,500,"bu","11:13:48",2643200
13300,450,2000,"sd","11:13:28",2642700
13300,450,600,"sd","11:13:26",2640700
13300,450,100,"sd","11:13:26",2640100
13300,450,8000,"sd","11:11:32",2640000
13350,500,5000,"bu","11:11:11",2632000
13350,500,200,"bu","11:11:09",2627000
13350,500,400,"bu","11:10:35",2626800
13350,500,500,"bu","11:10:35",2626400
13350,500,1800,"bu","11:10:05",2625900
13350,500,300,"bu","11:10:01",2624100
13350,500,100,"bu","11:10:00",2623800
13350,500,7600,"bu","11:09:54",2623700
13350,500,2000,"bu","11:09:53",2616100
13350,500,300,"bu","11:09:41",2614100
13350,500,700,"bu","11:09:35",2613800
13350,500,1000,"bu","11:09:33",2613100
13350,500,2000,"bu","11:09:21",2612100
13350,500,400,"bu","11:08:57",2610100
13350,500,300,"bu","11:08:16",2609700
13350,500,2000,"bu","11:08:05",2609400
13300,450,300,"sd","11:07:31",2607400
13350,500,1900,"bu","11:06:49",2607100
13350,500,300,"bu","11:06:42",2605200
13350,500,600,"bu","11:05:40",2604900
13350,500,100,"bu","11:05:23",2604300
13350,500,200,"bu","11:05:08",2604200
13350,500,100,"bu","11:05:06",2604000
13350,500,1000,"bu","11:04:50",2603900
13350,500,500,"bu","11:04:23",2602900
13300,450,100,"sd","11:03:40",2602400
13350,500,300,"bu","11:03:34",2602300
13350,500,100,"bu","11:03:30",2602000
13350,500,5000,"bu","11:03:05",2601900
13350,500,3000,"bu","11:02:41",2596900
13350,500,1000,"bu","11:02:23",2593900
13300,450,100,"sd","11:01:44",2592900
13300,450,400,"sd","11:00:35",2592800
13350,500,300,"bu","11:00:27",2592400
13350,500,2500,"bu","11:00:24",2592100
13300,450,800,"sd","11:00:14",2589600
13350,500,5000,"bu","11:00:14",2588800
13350,500,100,"bu","10:59:58",2583800
13350,500,1500,"bu","10:59:33",2583700
13350,500,2000,"bu","10:59:03",2582200
13350,500,8000,"bu","10:58:52",2580200
13300,450,500,"sd","10:58:07",2572200
13350,500,10000,"bu","10:58:06",2571700
13350,500,200,"bu","10:57:19",2561700
13350,500,1000,"bu","10:56:51",2561500
13300,450,5000,"sd","10:56:42",2560500
13350,500,100,"bu","10:56:27",2555500
13350,500,6000,"bu","10:55:54",2555400
13350,500,100,"bu","10:55:49",2549400
13350,500,300,"bu","10:55:45",2549300
13350,500,100,"bu","10:54:49",2549000
13300,450,1700,"sd","10:54:16",2548900
13300,450,200,"sd","10:54:16",2547200
13300,450,200,"sd","10:54:16",2547000
13300,450,300,"sd","10:54:16",2546800
13300,450,200,"sd","10:54:16",2546500
13300,450,100,"sd","10:54:16",2546300
13300,450,1000,"sd","10:54:16",2546200
13300,450,300,"sd","10:54:16",2545200
13300,450,400,"sd","10:54:16",2544900
13300,450,500,"sd","10:54:16",2544500
13300,450,100,"sd","10:54:16",2544000
13300,450,900,"sd","10:54:15",2543900
13300,450,200,"sd","10:54:15",2543000
13300,450,1500,"sd","10:54:15",2542800
13300,450,1000,"sd","10:54:15",2541300
13300,450,1000,"sd","10:54:15",2540300
13300,450,400,"sd","10:54:15",2539300
13300,450,100,"sd","10:52:37",2538900
13300,450,700,"sd","10:52:35",2538800
13300,450,300,"sd","10:52:35",2538100
13300,450,100,"sd","10:52:35",2537800
13300,450,700,"sd","10:52:35",2537700
13300,450,2000,"sd","10:52:35",2537000
13300,450,500,"sd","10:52:35",2535000
13300,450,2000,"sd","10:52:35",2534500
13300,450,2100,"sd","10:52:35",2532500
13300,450,300,"sd","10:52:35",2530400
13300,450,200,"sd","10:52:35",2530100
13300,450,500,"sd","10:52:35",2529900
13300,450,4800,"sd","10:52:35",2529400
13300,450,500,"sd","10:52:35",2524600
13300,450,5000,"sd","10:52:35",2524100
13300,450,100,"sd","10:52:35",2519100
13300,450,300,"sd","10:52:35",2519000
13300,450,200,"sd","10:52:35",2518700
13300,450,400,"sd","10:52:35",2518500
13300,450,200,"sd","10:52:35",2518100
13300,450,700,"sd","10:52:35",2517900
13300,450,2200,"sd","10:52:35",2517200
13300,450,600,"sd","10:52:35",2515000
13300,450,600,"sd","10:52:35",2514400
13300,450,7000,"sd","10:52:35",2513800
13300,450,300,"sd","10:52:35",2506800
13300,450,10000,"sd","10:52:35",2506500
13300,450,5000,"sd","10:52:35",2496500
13300,450,400,"sd","10:52:35",2491500
13300,450,1000,"sd","10:52:35",2491100
13300,450,3200,"sd","10:52:35",2490100
13300,450,500,"sd","10:52:35",2486900
13300,450,13000,"sd","10:52:35",2486400
13300,450,1000,"sd","10:52:35",2473400
13300,450,2000,"sd","10:52:35",2472400
13300,450,100,"sd","10:52:35",2470400
13300,450,1100,"sd","10:52:35",2470300
13300,450,500,"sd","10:52:35",2469200
13300,450,10000,"sd","10:52:35",2468700
13300,450,500,"sd","10:52:35",2458700
13300,450,2000,"sd","10:52:35",2458200
13300,450,1000,"sd","10:52:35",2456200
13300,450,500,"sd","10:52:35",2455200
13300,450,2000,"sd","10:52:35",2454700
13350,500,1000,"sd","10:51:34",2452700
13350,500,100,"sd","10:51:34",2451700
13350,500,200,"sd","10:51:34",2451600
13350,500,700,"sd","10:51:34",2451400
13350,500,5000,"sd","10:51:15",2450700
13350,500,4300,"sd","10:51:10",2445700
13350,500,5000,"sd","10:51:10",2441400
13350,500,700,"sd","10:51:10",2436400
13350,500,1500,"sd","10:50:56",2435700
13350,500,500,"sd","10:50:56",2434200
13350,500,200,"sd","10:50:56",2433700
13350,500,500,"sd","10:50:56",2433500
13350,500,300,"sd","10:50:56",2433000
13350,500,1000,"sd","10:50:56",2432700
13350,500,1000,"sd","10:50:56",2431700
13350,500,600,"sd","10:50:56",2430700
13350,500,1000,"sd","10:50:56",2430100
13350,500,1300,"sd","10:50:56",2429100
13350,500,1800,"sd","10:50:56",2427800
13350,500,300,"sd","10:50:56",2426000
13350,500,1000,"sd","10:50:56",2425700
13350,500,1000,"sd","10:50:46",2424700
13350,500,2000,"sd","10:50:39",2423700
13350,500,4400,"sd","10:50:38",2421700
13350,500,2000,"sd","10:50:38",2417300
13350,500,1000,"sd","10:50:38",2415300
13350,500,100,"sd","10:50:38",2414300
13350,500,1500,"sd","10:50:38",2414200
13350,500,1500,"sd","10:50:33",2412700
13350,500,5000,"sd","10:50:33",2411200
13350,500,10000,"sd","10:50:33",2406200
13350,500,500,"sd","10:50:33",2396200
13350,500,200,"sd","10:50:33",2395700
13350,500,200,"sd","10:50:33",2395500
13350,500,500,"sd","10:50:33",2395300
13350,500,1000,"sd","10:50:33",2394800
13350,500,1000,"sd","10:50:33",2393800
13350,500,12600,"sd","10:50:33",2392800
13350,500,2400,"sd","10:50:29",2380200
13350,500,100,"sd","10:50:29",2377800
13350,500,100,"sd","10:50:29",2377700
13350,500,5000,"sd","10:50:29",2377600
13350,500,200,"sd","10:50:29",2372600
13350,500,3000,"sd","10:50:29",2372400
13350,500,300,"sd","10:50:29",2369400
13350,500,400,"sd","10:50:29",2369100
13350,500,800,"sd","10:50:29",2368700
13350,500,100,"sd","10:50:29",2367900
13350,500,1000,"sd","10:50:29",2367800
13350,500,900,"sd","10:50:29",2366800
13350,500,500,"sd","10:50:29",2365900
13350,500,300,"sd","10:50:29",2365400
13350,500,1000,"sd","10:50:29",2365100
13350,500,18300,"sd","10:50:29",2364100
13350,500,5000,"sd","10:50:10",2345800
13400,550,100,"bu","10:50:06",2340800
13350,500,500,"sd","10:50:01",2340700
13350,500,100,"sd","10:50:01",2340200
13350,500,700,"sd","10:50:01",2340100
13350,500,6700,"sd","10:50:01",2339400
13350,500,100,"sd","10:49:41",2332700
13350,500,3000,"sd","10:49:36",2332600
13350,500,300,"sd","10:48:48",2329600
13350,500,7900,"sd","10:48:40",2329300
13350,500,1000,"sd","10:48:40",2321400
13350,500,4600,"sd","10:48:40",2320400
13350,500,100,"sd","10:48:27",2315800
13350,500,300,"sd","10:48:14",2315700
13350,500,200,"sd","10:48:14",2315400
13400,550,300,"bu","10:47:56",2315200
13400,550,100,"bu","10:47:37",2314900
13400,550,500,"bu","10:47:29",2314800
13400,550,100,"bu","10:47:25",2314300
13400,550,600,"bu","10:47:14",2314200
13400,550,500,"bu","10:47:09",2313600
13400,550,5000,"bu","10:47:09",2313100
13400,550,300,"bu","10:47:09",2308100
13400,550,10000,"bu","10:47:09",2307800
13400,550,1500,"bu","10:47:09",2297800
13400,550,300,"bu","10:47:09",2296300
13400,550,1000,"bu","10:47:09",2296000
13400,550,1000,"bu","10:47:09",2295000
13400,550,500,"bu","10:47:09",2294000
13400,550,4000,"bu","10:47:09",2293500
13400,550,3700,"bu","10:47:09",2289500
13400,550,1000,"bu","10:47:09",2285800
13400,550,100,"bu","10:47:09",2284800
13400,550,500,"bu","10:47:09",2284700
13400,550,400,"bu","10:47:09",2284200
13400,550,500,"bu","10:47:09",2283800
13400,550,14500,"bu","10:47:09",2283300
13400,550,100,"bu","10:47:09",2268800
13400,550,300,"bu","10:47:09",2268700
13400,550,100,"bu","10:47:09",2268400
13400,550,200,"bu","10:47:09",2268300
13400,550,200,"bu","10:47:09",2268100
13400,550,1000,"sd","10:47:09",2267900
13400,550,3000,"sd","10:47:09",2266900
13400,550,1000,"sd","10:47:09",2263900
13400,550,1900,"sd","10:47:09",2262900
13400,550,100,"sd","10:47:09",2261000
13400,550,2000,"sd","10:47:09",2260900
13400,550,1000,"sd","10:47:09",2258900
13400,550,100,"sd","10:47:09",2257900
13400,550,100,"sd","10:47:09",2257800
13400,550,300,"sd","10:47:09",2257700
13400,550,1500,"sd","10:47:09",2257400
13400,550,600,"sd","10:47:06",2255900
13400,550,900,"sd","10:46:54",2255300
13400,550,100,"sd","10:46:39",2254400
13400,550,200,"sd","10:46:36",2254300
13400,550,300,"sd","10:46:36",2254100
13400,550,500,"sd","10:46:36",2253800
13400,550,2000,"sd","10:46:36",2253300
13400,550,1000,"sd","10:46:27",2251300
13400,550,300,"sd","10:46:18",2250300
13400,550,100,"sd","10:46:18",2250000
13400,550,1000,"sd","10:46:12",2249900
13400,550,600,"sd","10:46:08",2248900
13450,600,400,"bu","10:46:08",2248300
13450,600,100,"bu","10:46:08",2247900
13400,550,1000,"sd","10:45:59",2247800
13400,550,100,"sd","10:45:44",2246800
13450,600,600,"bu","10:45:13",2246700
13400,550,500,"sd","10:45:11",2246100
13400,550,100,"sd","10:44:56",2245600
13400,550,1000,"sd","10:44:46",2245500
13400,550,500,"sd","10:44:35",2244500
13400,550,300,"sd","10:43:57",2244000
13400,550,2000,"sd","10:43:39",2243700
13400,550,200,"sd","10:43:15",2241700
13400,550,500,"sd","10:43:14",2241500
13450,600,1400,"bu","10:42:58",2241000
13450,600,100,"bu","10:42:33",2239600
13450,600,200,"bu","10:42:29",2239500
13450,600,300,"bu","10:42:27",2239300
13450,600,300,"bu","10:42:19",2239000
13400,550,1000,"sd","10:42:17",2238700
13400,550,300,"sd","10:42:12",2237700
13400,550,5500,"sd","10:42:11",2237400
13400,550,1000,"sd","10:42:10",2231900
13400,550,100,"sd","10:42:10",2230900
13400,550,700,"sd","10:42:10",2230800
13400,550,3000,"sd","10:42:10",2230100
13400,550,1100,"sd","10:42:10",2227100
13400,550,600,"sd","10:42:10",2226000
13400,550,500,"sd","10:41:58",2225400
13450,600,1000,"bu","10:41:19",2224900
13400,550,400,"sd","10:40:38",2223900
13400,550,400,"sd","10:40:38",2223500
13400,550,200,"sd","10:40:38",2223100
13400,550,1000,"sd","10:39:46",2222900
13450,600,200,"bu","10:39:05",2221900
13400,550,5800,"sd","10:38:53",2221700
13400,550,8800,"sd","10:38:53",2215900
13400,550,5000,"sd","10:38:53",2207100
13400,550,400,"sd","10:38:53",2202100
13400,550,100,"sd","10:38:49",2201700
13400,550,8000,"sd","10:38:45",2201600
13400,550,100,"sd","10:38:23",2193600
13400,550,2000,"sd","10:38:23",2193500
13400,550,400,"sd","10:38:23",2191500
13400,550,100,"sd","10:38:14",2191100
13400,550,700,"sd","10:37:33",2191000
13400,550,2300,"sd","10:37:33",2190300
13400,550,2500,"sd","10:37:32",2188000
13400,550,2500,"sd","10:37:14",2185500
13400,550,500,"sd","10:36:49",2183000
13400,550,100,"sd","10:36:49",2182500
13400,550,1000,"sd","10:36:48",2182400
13400,550,700,"sd","10:36:48",2181400
13400,550,1000,"sd","10:36:48",2180700
13400,550,600,"sd","10:36:48",2179700
13400,550,1000,"sd","10:36:48",2179100
13400,550,300,"sd","10:36:48",2178100
13400,550,100,"sd","10:36:48",2177800
13400,550,100,"sd","10:36:48",2177700
13400,550,2200,"sd","10:36:48",2177600
13400,550,5000,"sd","10:36:48",2175400
13400,550,1900,"sd","10:36:48",2170400
13400,550,200,"sd","10:36:48",2168500
13400,550,500,"sd","10:36:48",2168300
13400,550,800,"sd","10:36:48",2167800
13400,550,1000,"bu","10:36:48",2167000
13400,550,400,"bu","10:36:48",2166000
13400,550,500,"bu","10:36:48",2165600
13400,550,500,"bu","10:36:48",2165100
13400,550,2000,"bu","10:36:48",2164600
13400,550,2300,"bu","10:36:48",2162600
13400,550,300,"bu","10:36:48",2160300
13400,550,1000,"bu","10:36:48",2160000
13400,550,200,"bu","10:36:48",2159000
13400,550,1000,"bu","10:36:48",2158800
13400,550,400,"bu","10:36:48",2157800
13400,550,400,"bu","10:36:48",2157400
13400,550,1400,"bu","10:36:48",2157000
13400,550,10800,"bu","10:36:48",2155600
13400,550,200,"bu","10:36:48",2144800
13400,550,900,"bu","10:36:48",2144600
13400,550,100,"bu","10:36:48",2143700
13400,550,200,"bu","10:36:48",2143600
13400,550,3100,"bu","10:36:48",2143400
13400,550,100,"bu","10:36:47",2140300
13400,550,500,"bu","10:36:47",2140200
13400,550,5000,"bu","10:36:47",2139700
13400,550,200,"bu","10:36:47",2134700
13400,550,3800,"bu","10:36:47",2134500
13400,550,400,"bu","10:36:47",2130700
13400,550,1000,"bu","10:36:46",2130300
13400,550,3000,"bu","10:36:39",2129300
13400,550,5000,"bu","10:36:38",2126300
13400,550,200,"bu","10:36:30",2121300
13400,550,700,"bu","10:36:27",2121100
13350,500,100,"sd","10:36:22",2120400
13400,550,2000,"bu","10:36:19",2120300
13350,500,100,"sd","10:36:17",2118300
13400,550,300,"bu","10:36:07",2118200
13400,550,100,"bu","10:36:00",2117900
13400,550,1000,"bu","10:36:00",2117800
13400,550,100,"bu","10:35:58",2116800
13400,550,1000,"bu","10:35:37",2116700
13400,550,200,"bu","10:35:29",2115700
13400,550,100,"bu","10:35:29",2115500
13400,550,500,"bu","10:35:29",2115400
13400,550,3200,"bu","10:35:29",2114900
13400,550,1200,"bu","10:35:15",2111700
13400,550,200,"bu","10:35:11",2110500
13400,550,500,"bu","10:35:11",2110300
13400,550,500,"bu","10:35:11",2109800
13400,550,2000,"bu","10:35:11",2109300
13400,550,200,"bu","10:35:11",2107300
13400,550,500,"bu","10:35:11",2107100
13400,550,700,"bu","10:35:11",2106600
13400,550,3000,"bu","10:35:11",2105900
13400,550,300,"bu","10:35:11",2102900
13400,550,1000,"bu","10:35:10",2102600
13400,550,100,"bu","10:35:10",2101600
13400,550,200,"bu","10:35:10",2101500
13400,550,1000,"bu","10:35:10",2101300
13400,550,1000,"bu","10:35:10",2100300
13400,550,2000,"bu","10:35:10",2099300
13400,550,600,"bu","10:35:10",2097300
13400,550,100,"bu","10:35:10",2096700
13400,550,1800,"bu","10:35:10",2096600
13400,550,10000,"bu","10:35:10",2094800
13400,550,3100,"bu","10:35:10",2084800
13400,550,1000,"bu","10:35:10",2081700
13400,550,200,"bu","10:35:10",2080700
13400,550,100,"bu","10:35:01",2080500
13350,500,500,"sd","10:34:59",2080400
13350,500,1600,"sd","10:34:48",2079900
13350,500,2000,"sd","10:34:48",2078300
13350,500,2400,"sd","10:34:48",2076300
13350,500,800,"sd","10:33:52",2073900
13400,550,2000,"bu","10:33:46",2073100
13400,550,4800,"bu","10:32:24",2071100
13400,550,100,"bu","10:32:24",2066300
13400,550,100,"bu","10:32:24",2066200
13400,550,200,"bu","10:32:12",2066100
13400,550,200,"bu","10:32:12",2065900
13400,550,800,"bu","10:31:55",2065700
13400,550,200,"bu","10:31:55",2064900
13400,550,100,"bu","10:31:26",2064700
13400,550,400,"bu","10:31:24",2064600
13400,550,100,"bu","10:31:18",2064200
13400,550,1000,"bu","10:31:14",2064100
13400,550,3200,"bu","10:30:51",2063100
13400,550,100,"bu","10:30:51",2059900
13400,550,100,"bu","10:30:51",2059800
13400,550,100,"bu","10:30:51",2059700
13400,550,500,"bu","10:30:51",2059600
13400,550,200,"bu","10:30:51",2059100
13400,550,3000,"bu","10:30:51",2058900
13400,550,100,"bu","10:30:51",2055900
13400,550,100,"bu","10:30:51",2055800
13400,550,300,"bu","10:30:51",2055700
13400,550,100,"bu","10:30:51",2055400
13400,550,500,"bu","10:30:51",2055300
13400,550,100,"bu","10:30:50",2054800
13400,550,1000,"bu","10:30:50",2054700
13400,550,600,"bu","10:30:50",2053700
13400,550,100,"bu","10:30:27",2053100
13400,550,200,"bu","10:30:27",2053000
13400,550,100,"bu","10:30:27",2052800
13400,550,400,"bu","10:30:27",2052700
13400,550,500,"bu","10:30:27",2052300
13400,550,1000,"bu","10:30:08",2051800
13400,550,2400,"bu","10:30:08",2050800
13400,550,500,"bu","10:30:08",2048400
13400,550,100,"bu","10:30:08",2047900
13350,500,1000,"sd","10:30:06",2047800
13400,550,100,"bu","10:29:16",2046800
13400,550,500,"bu","10:29:16",2046700
13350,500,500,"sd","10:28:53",2046200
13400,550,900,"bu","10:28:20",2045700
13400,550,500,"bu","10:28:20",2044800
13400,550,600,"bu","10:28:20",2044300
13350,500,500,"sd","10:28:16",2043700
13400,550,3400,"bu","10:28:16",2043200
13400,550,300,"bu","10:28:16",2039800
13400,550,100,"bu","10:28:16",2039500
13400,550,400,"bu","10:28:16",2039400
13400,550,800,"bu","10:28:16",2039000
13400,550,100,"bu","10:28:16",2038200
13400,550,1500,"bu","10:28:16",2038100
13400,550,500,"bu","10:28:16",2036600
13400,550,700,"bu","10:28:16",2036100
13400,550,1200,"bu","10:28:16",2035400
13400,550,100,"bu","10:28:16",2034200
13400,550,900,"bu","10:28:16",2034100
13400,550,600,"bu","10:28:13",2033200
13400,550,3500,"bu","10:28:12",2032600
13400,550,1300,"bu","10:28:12",2029100
13400,550,1200,"bu","10:28:12",2027800
13400,550,2000,"bu","10:27:33",2026600
13400,550,2200,"bu","10:27:19",2024600
13350,500,100,"sd","10:27:07",2022400
13350,500,400,"sd","10:26:53",2022300
13350,500,500,"sd","10:26:49",2021900
13350,500,100,"sd","10:25:56",2021400
13400,550,1000,"bu","10:25:45",2021300
13400,550,200,"bu","10:25:36",2020300
13400,550,3400,"bu","10:25:23",2020100
13400,550,1000,"bu","10:25:22",2016700
13400,550,600,"bu","10:25:22",2015700
13350,500,3200,"sd","10:25:04",2015100
13400,550,400,"bu","10:24:58",2011900
13400,550,600,"bu","10:24:58",2011500
13400,550,400,"bu","10:24:40",2010900
13400,550,100,"bu","10:24:40",2010500
13400,550,1700,"bu","10:24:30",2010400
13400,550,900,"bu","10:24:30",2008700
13400,550,400,"bu","10:24:30",2007800
13400,550,200,"bu","10:24:30",2007400
13400,550,300,"bu","10:24:30",2007200
13400,550,3000,"bu","10:24:30",2006900
13400,550,100,"bu","10:24:30",2003900
13400,550,1400,"bu","10:24:30",2003800
13400,550,500,"bu","10:24:12",2002400
13400,550,200,"bu","10:24:11",2001900
13400,550,1000,"bu","10:23:47",2001700
13400,550,13600,"bu","10:22:39",2000700
13400,550,700,"bu","10:22:39",1987100
13400,550,100,"bu","10:22:39",1986400
13400,550,1000,"bu","10:22:39",1986300
13400,550,100,"bu","10:22:39",1985300
13400,550,100,"bu","10:22:39",1985200
13400,550,1000,"bu","10:22:39",1985100
13400,550,100,"bu","10:22:39",1984100
13400,550,500,"bu","10:22:39",1984000
13400,550,1000,"bu","10:22:39",1983500
13400,550,100,"bu","10:22:39",1982500
13400,550,100,"bu","10:22:39",1982400
13400,550,100,"bu","10:22:39",1982300
13400,550,13200,"bu","10:22:39",1982200
13400,550,3300,"bu","10:22:39",1969000
13350,500,500,"sd","10:22:36",1965700
13350,500,100,"sd","10:22:36",1965200
13350,500,100,"sd","10:22:28",1965100
13350,500,100,"sd","10:22:24",1965000
13350,500,2000,"sd","10:22:24",1964900
13350,500,2900,"sd","10:22:24",1962900
13350,500,1000,"sd","10:22:20",1960000
13350,500,200,"sd","10:21:43",1959000
13350,500,500,"sd","10:21:36",1958800
13350,500,300,"sd","10:21:31",1958300
13350,500,200,"sd","10:21:22",1958000
13350,500,500,"sd","10:21:19",1957800
13350,500,300,"sd","10:21:15",1957300
13350,500,4100,"sd","10:20:50",1957000
13350,500,900,"sd","10:20:50",1952900
13350,500,100,"sd","10:20:43",1952000
13350,500,200,"sd","10:20:43",1951900
13350,500,100,"sd","10:20:29",1951700
13350,500,1500,"sd","10:20:26",1951600
13350,500,500,"sd","10:20:26",1950100
13350,500,100,"sd","10:19:55",1949600
13350,500,100,"sd","10:19:32",1949500
13350,500,200,"sd","10:19:14",1949400
13350,500,1100,"sd","10:19:08",1949200
13350,500,2500,"sd","10:19:08",1948100
13350,500,100,"sd","10:19:08",1945600
13350,500,1000,"sd","10:19:08",1945500
13350,500,200,"sd","10:19:08",1944500
13350,500,100,"sd","10:19:08",1944300
13350,500,400,"sd","10:19:02",1944200
13350,500,1500,"sd","10:18:56",1943800
13350,500,500,"sd","10:18:56",1942300
13350,500,500,"sd","10:18:53",1941800
13350,500,1500,"sd","10:18:53",1941300
13350,500,100,"sd","10:18:46",1939800
13350,500,900,"sd","10:18:46",1939700
13350,500,1000,"sd","10:18:37",1938800
13400,550,1000,"bu","10:18:36",1937800
13400,550,500,"bu","10:18:36",1936800
13350,500,8100,"sd","10:18:29",1936300
13350,500,1000,"sd","10:18:29",1928200
13350,500,100,"sd","10:18:29",1927200
13350,500,800,"sd","10:18:29",1927100
13350,500,200,"sd","10:18:24",1926300
13350,500,900,"sd","10:18:24",1926100
13350,500,1600,"sd","10:17:58",1925200
13350,500,100,"sd","10:17:58",1923600
13350,500,200,"sd","10:17:56",1923500
13350,500,1200,"sd","10:17:45",1923300
13350,500,2000,"sd","10:17:45",1922100
13350,500,1000,"sd","10:17:45",1920100
13350,500,1500,"sd","10:17:45",1919100
13350,500,4300,"sd","10:17:45",1917600
13350,500,3000,"sd","10:17:12",1913300
13350,500,2000,"sd","10:17:07",1910300
13350,500,1000,"sd","10:16:59",1908300
13350,500,11400,"sd","10:16:53",1907300
13350,500,1000,"sd","10:16:46",1895900
13350,500,5000,"sd","10:16:10",1894900
13350,500,2000,"sd","10:16:01",1889900
13350,500,15000,"sd","10:15:37",1887900
13400,550,500,"bu","10:15:26",1872900
13400,550,1200,"bu","10:15:26",1872400
13350,500,5300,"sd","10:15:26",1871200
13350,500,2000,"sd","10:15:26",1865900
13350,500,1000,"sd","10:15:26",1863900
13350,500,6700,"sd","10:15:26",1862900
13350,500,500,"sd","10:15:17",1856200
13350,500,2800,"sd","10:15:01",1855700
13350,500,800,"sd","10:15:01",1852900
13350,500,4400,"sd","10:15:01",1852100
13350,500,500,"sd","10:15:00",1847700
13350,500,2000,"sd","10:14:32",1847200
13350,500,3100,"sd","10:14:23",1845200
13350,500,4900,"sd","10:14:23",1842100
13400,550,200,"bu","10:14:00",1837200
13400,550,100,"bu","10:13:01",1837000
13400,550,100,"bu","10:12:48",1836900
13400,550,400,"bu","10:12:44",1836800
13400,550,400,"bu","10:12:44",1836400
13350,500,100,"sd","10:12:43",1836000
13350,500,100,"sd","10:12:43",1835900
13400,550,2600,"bu","10:12:42",1835800
13400,550,900,"bu","10:12:42",1833200
13400,550,1000,"bu","10:12:22",1832300
13400,550,100,"bu","10:10:12",1831300
13350,500,4200,"sd","10:09:51",1831200
13350,500,100,"sd","10:09:51",1827000
13350,500,700,"sd","10:09:51",1826900
13350,500,500,"sd","10:09:29",1826200
13350,500,200,"sd","10:09:24",1825700
13350,500,100,"sd","10:09:22",1825500
13350,500,400,"sd","10:09:22",1825400
13350,500,600,"sd","10:09:22",1825000
13350,500,900,"sd","10:09:22",1824400
13350,500,100,"sd","10:09:02",1823500
13350,500,100,"sd","10:08:53",1823400
13350,500,1000,"sd","10:08:35",1823300
13350,500,900,"sd","10:08:26",1822300
13350,500,200,"sd","10:08:24",1821400
13350,500,100,"bu","10:08:04",1821200
13350,500,100,"bu","10:08:04",1821100
13350,500,1300,"bu","10:08:04",1821000
13350,500,300,"bu","10:08:04",1819700
13350,500,400,"bu","10:08:03",1819400
13350,500,1000,"bu","10:08:01",1819000
13350,500,2500,"sd","10:07:55",1818000
13350,500,2000,"sd","10:07:55",1815500
13350,500,2000,"sd","10:07:55",1813500
13350,500,800,"sd","10:07:54",1811500
13350,500,500,"sd","10:07:43",1810700
13400,550,200,"bu","10:07:34",1810200
13350,500,1000,"sd","10:07:29",1810000
13350,500,900,"bu","10:07:22",1809000
13350,500,300,"bu","10:07:22",1808100
13350,500,100,"bu","10:07:22",1807800
13350,500,100,"bu","10:07:22",1807700
13350,500,5000,"bu","10:07:22",1807600
13350,500,500,"bu","10:07:22",1802600
13350,500,100,"bu","10:07:22",1802100
13350,500,700,"bu","10:07:22",1802000
13350,500,300,"bu","10:07:15",1801300
13350,500,200,"bu","10:07:00",1801000
13350,500,800,"sd","10:06:50",1800800
13350,500,200,"sd","10:06:48",1800000
13350,500,300,"sd","10:06:48",1799800
13350,500,700,"sd","10:06:36",1799500
13350,500,4300,"sd","10:06:36",1798800
13350,500,100,"sd","10:06:29",1794500
13350,500,300,"sd","10:06:22",1794400
13350,500,100,"sd","10:05:55",1794100
13350,500,200,"sd","10:05:38",1794000
13350,500,700,"sd","10:05:38",1793800
13350,500,3000,"bu","10:05:23",1793100
13350,500,100,"bu","10:05:23",1790100
13350,500,1200,"bu","10:05:23",1790000
13300,450,200,"sd","10:05:01",1788800
13350,500,2800,"bu","10:04:55",1788600
13350,500,100,"bu","10:04:55",1785800
13350,500,2100,"bu","10:04:55",1785700
13350,500,500,"bu","10:04:48",1783600
13350,500,100,"bu","10:04:34",1783100
13350,500,2000,"bu","10:04:24",1783000
13350,500,3200,"bu","10:04:21",1781000
13350,500,100,"bu","10:04:21",1777800
13350,500,1000,"bu","10:04:21",1777700
13350,500,700,"bu","10:04:21",1776700
13350,500,2300,"bu","10:04:13",1776000
13350,500,300,"bu","10:04:13",1773700
13350,500,100,"bu","10:04:13",1773400
13350,500,300,"bu","10:04:13",1773300
13350,500,1700,"bu","10:04:11",1773000
13350,500,300,"bu","10:04:11",1771300
13350,500,100,"bu","10:03:55",1771000
13350,500,1700,"bu","10:03:54",1770900
13350,500,300,"bu","10:03:54",1769200
13350,500,500,"bu","10:03:54",1768900
13350,500,100,"bu","10:03:52",1768400
13350,500,100,"bu","10:03:46",1768300
13350,500,1900,"bu","10:03:46",1768200
13350,500,100,"bu","10:03:35",1766300
13300,450,100,"sd","10:03:33",1766200
13350,500,1000,"bu","10:03:02",1766100
13350,500,100,"bu","10:02:43",1765100
13350,500,900,"bu","10:02:40",1765000
13350,500,100,"bu","10:02:40",1764100
13350,500,1000,"bu","10:02:40",1764000
13350,500,200,"bu","10:02:35",1763000
13350,500,100,"bu","10:02:20",1762800
13350,500,300,"bu","10:02:19",1762700
13350,500,2400,"bu","10:01:55",1762400
13350,500,500,"bu","10:01:55",1760000
13350,500,400,"bu","10:01:55",1759500
13350,500,1500,"bu","10:01:55",1759100
13350,500,3000,"bu","10:01:55",1757600
13350,500,700,"bu","10:01:55",1754600
13300,450,1800,"sd","10:01:44",1753900
13300,450,200,"sd","10:01:44",1752100
13350,500,1300,"bu","10:01:43",1751900
13350,500,1700,"bu","10:01:43",1750600
13350,500,2000,"bu","10:01:26",1748900
13350,500,100,"bu","10:01:11",1746900
13350,500,1500,"bu","10:01:11",1746800
13350,500,100,"bu","10:01:11",1745300
13350,500,200,"bu","10:01:11",1745200
13350,500,1000,"bu","10:01:10",1745000
13350,500,200,"bu","10:01:10",1744000
13350,500,300,"bu","10:01:10",1743800
13350,500,1200,"unknown","10:01:10",1743500
13350,500,1500,"sd","10:01:10",1742300
13350,500,500,"sd","10:01:10",1740800
13350,500,1000,"sd","10:01:10",1740300
13350,500,100,"sd","10:01:10",1739300
13350,500,2900,"sd","10:01:10",1739200
13350,500,500,"sd","10:01:10",1736300
13350,500,600,"sd","10:01:10",1735800
13350,500,200,"sd","10:01:10",1735200
13350,500,1000,"sd","10:01:10",1735000
13350,500,500,"sd","10:01:10",1734000
13350,500,5500,"sd","10:01:10",1733500
13350,500,500,"sd","10:01:10",1728000
13350,500,7000,"sd","10:01:10",1727500
13350,500,500,"sd","10:01:10",1720500
13350,500,1000,"sd","10:01:10",1720000
13350,500,500,"sd","10:01:10",1719000
13350,500,2000,"sd","10:01:10",1718500
13350,500,200,"sd","10:01:10",1716500
13350,500,1100,"sd","10:01:10",1716300
13350,500,2500,"sd","10:01:10",1715200
13350,500,1000,"sd","10:01:10",1712700
13350,500,5000,"sd","10:01:10",1711700
13350,500,5800,"sd","10:01:10",1706700
13350,500,2500,"sd","10:01:10",1700900
13350,500,7700,"sd","10:01:10",1698400
13350,500,5100,"sd","10:01:10",1690700
13350,500,200,"sd","10:01:10",1685600
13350,500,3000,"sd","10:01:10",1685400
13350,500,200,"sd","10:01:10",1682400
13350,500,1000,"sd","10:01:10",1682200
13350,500,500,"sd","10:01:10",1681200
13350,500,100,"sd","10:01:10",1680700
13350,500,300,"sd","10:01:04",1680600
13350,500,2000,"sd","10:01:03",1680300
13350,500,200,"sd","10:00:56",1678300
13350,500,500,"sd","10:00:41",1678100
13350,500,1000,"sd","10:00:18",1677600
13350,500,500,"sd","10:00:05",1676600
13350,500,1000,"sd","10:00:05",1676100
13350,500,500,"sd","10:00:05",1675100
13350,500,500,"sd","10:00:03",1674600
13350,500,500,"sd","10:00:00",1674100
13350,500,300,"sd","09:59:39",1673600
13350,500,700,"sd","09:59:39",1673300
13350,500,2000,"sd","09:59:29",1672600
13350,500,700,"sd","09:59:03",1670600
13400,550,1000,"bu","09:58:53",1669900
13400,550,300,"bu","09:58:47",1668900
13350,500,5000,"sd","09:58:45",1668600
13400,550,100,"bu","09:58:42",1663600
13400,550,100,"bu","09:58:34",1663500
13350,500,100,"sd","09:58:33",1663400
13350,500,1500,"sd","09:57:35",1663300
13350,500,1000,"sd","09:57:35",1661800
13350,500,400,"sd","09:57:35",1660800
13400,550,800,"bu","09:57:32",1660400
13400,550,500,"bu","09:57:28",1659600
13400,550,100,"bu","09:57:28",1659100
13400,550,1100,"bu","09:57:28",1659000
13400,550,100,"bu","09:57:19",1657900
13350,500,200,"sd","09:57:07",1657800
13350,500,600,"sd","09:57:06",1657600
13350,500,200,"sd","09:57:06",1657000
13350,500,800,"sd","09:56:39",1656800
13350,500,1400,"sd","09:56:39",1656000
13350,500,500,"sd","09:56:39",1654600
13350,500,100,"sd","09:56:39",1654100
13350,500,500,"sd","09:56:15",1654000
13350,500,200,"sd","09:55:55",1653500
13400,550,2000,"bu","09:55:40",1653300
13350,500,100,"sd","09:55:32",1651300
13400,550,900,"bu","09:54:42",1651200
13400,550,8900,"bu","09:54:42",1650300
13400,550,1100,"bu","09:54:42",1641400
13400,550,3900,"sd","09:54:30",1640300
13400,550,500,"sd","09:54:28",1636400
13400,550,200,"sd","09:54:24",1635900
13400,550,2000,"sd","09:54:24",1635700
13400,550,7300,"sd","09:54:24",1633700
13400,550,1500,"sd","09:54:24",1626400
13400,550,1700,"sd","09:54:23",1624900
13400,550,300,"sd","09:54:23",1623200
13400,550,100,"sd","09:54:22",1622900
13400,550,2000,"sd","09:54:08",1622800
13400,550,1000,"sd","09:54:06",1620800
13400,550,200,"bu","09:54:04",1619800
13400,550,1300,"bu","09:54:04",1619600
13400,550,100,"bu","09:54:04",1618300
13400,550,400,"bu","09:54:03",1618200
13400,550,600,"bu","09:54:03",1617800
13400,550,1000,"bu","09:54:02",1617200
13400,550,1000,"bu","09:53:54",1616200
13400,550,600,"bu","09:53:46",1615200
13400,550,400,"bu","09:53:43",1614600
13400,550,2000,"bu","09:53:43",1614200
13400,550,2500,"bu","09:53:43",1612200
13400,550,100,"bu","09:53:43",1609700
13400,550,4300,"bu","09:53:43",1609600
13400,550,1800,"bu","09:53:43",1605300
13400,550,1300,"bu","09:53:43",1603500
13400,550,2000,"bu","09:53:43",1602200
13400,550,100,"bu","09:53:43",1600200
13400,550,500,"bu","09:53:43",1600100
13400,550,1000,"bu","09:53:40",1599600
13400,550,6000,"bu","09:53:25",1598600
13400,550,300,"bu","09:53:11",1592600
13400,550,600,"bu","09:52:58",1592300
13400,550,7900,"bu","09:52:58",1591700
13400,550,1100,"bu","09:52:58",1583800
13400,550,400,"bu","09:52:58",1582700
13400,550,100,"bu","09:52:50",1582300
13400,550,200,"bu","09:52:41",1582200
13400,550,1800,"bu","09:52:41",1582000
13400,550,200,"bu","09:52:35",1580200
13400,550,300,"bu","09:52:35",1580000
13400,550,100,"bu","09:52:35",1579700
13400,550,9400,"bu","09:52:35",1579600
13400,550,500,"bu","09:52:30",1570200
13400,550,5000,"bu","09:52:27",1569700
13400,550,2100,"sd","09:52:17",1564700
13400,550,900,"sd","09:52:14",1562600
13400,550,700,"bu","09:52:12",1561700
13400,550,200,"bu","09:52:12",1561000
13400,550,100,"bu","09:52:12",1560800
13400,550,1900,"sd","09:52:01",1560700
13400,550,500,"sd","09:51:59",1558800
13400,550,1100,"sd","09:51:59",1558300
13400,550,3100,"sd","09:51:59",1557200
13400,550,300,"sd","09:51:59",1554100
13400,550,400,"sd","09:51:59",1553800
13400,550,2000,"sd","09:51:50",1553400
13400,550,1100,"sd","09:51:50",1551400
13400,550,3800,"sd","09:51:47",1550300
13400,550,1000,"sd","09:51:47",1546500
13400,550,2300,"sd","09:51:47",1545500
13400,550,2900,"sd","09:51:47",1543200
13400,550,1000,"sd","09:51:43",1540300
13450,600,800,"bu","09:51:40",1539300
13450,600,200,"bu","09:51:40",1538500
13450,600,100,"bu","09:51:40",1538300
13450,600,3900,"bu","09:51:40",1538200
13400,550,2000,"sd","09:51:28",1534300
13400,550,500,"sd","09:51:14",1532300
13400,550,4200,"sd","09:51:09",1531800
13400,550,100,"sd","09:51:09",1527600
13400,550,300,"sd","09:51:09",1527500
13400,550,400,"sd","09:51:09",1527200
13400,550,1000,"sd","09:51:01",1526800
13400,550,7500,"sd","09:51:01",1525800
13400,550,2000,"sd","09:51:01",1518300
13400,550,400,"sd","09:51:01",1516300
13450,600,1000,"bu","09:51:01",1515900
13450,600,100,"bu","09:50:52",1514900
13450,600,1100,"bu","09:50:52",1514800
13450,600,500,"bu","09:50:52",1513700
13450,600,1000,"bu","09:50:52",1513200
13400,550,100,"sd","09:50:47",1512200
13400,550,300,"sd","09:50:47",1512100
13450,600,1000,"bu","09:50:45",1511800
13450,600,200,"bu","09:50:45",1510800
13400,550,4700,"sd","09:50:36",1510600
13400,550,500,"sd","09:50:36",1505900
13400,550,500,"sd","09:50:36",1505400
13400,550,1700,"sd","09:50:36",1504900
13400,550,2000,"sd","09:50:36",1503200
13400,550,600,"sd","09:50:36",1501200
13450,600,1000,"bu","09:50:36",1500600
13450,600,1000,"bu","09:50:36",1499600
13450,600,300,"bu","09:50:29",1498600
13450,600,500,"bu","09:50:28",1498300
13400,550,1500,"sd","09:50:28",1497800
13450,600,700,"bu","09:49:51",1496300
13450,600,500,"bu","09:49:37",1495600
13400,550,900,"sd","09:49:36",1495100
13400,550,100,"sd","09:49:36",1494200
13400,550,300,"sd","09:49:34",1494100
13400,550,100,"sd","09:49:34",1493800
13400,550,400,"sd","09:49:21",1493700
13400,550,600,"sd","09:49:21",1493300
13400,550,3400,"sd","09:49:21",1492700
13450,600,1000,"bu","09:49:19",1489300
13400,550,500,"sd","09:49:06",1488300
13400,550,300,"bu","09:49:02",1487800
13400,550,500,"bu","09:49:02",1487500
13400,550,100,"bu","09:49:02",1487000
13400,550,100,"bu","09:49:02",1486900
13400,550,100,"bu","09:49:02",1486800
13400,550,1900,"bu","09:49:00",1486700
13400,550,1000,"bu","09:49:00",1484800
13400,550,200,"bu","09:49:00",1483800
13400,550,1000,"bu","09:49:00",1483600
13400,550,100,"bu","09:49:00",1482600
13400,550,100,"bu","09:49:00",1482500
13400,550,700,"bu","09:49:00",1482400
13400,550,200,"bu","09:48:57",1481700
13400,550,200,"bu","09:48:57",1481500
13400,550,300,"bu","09:48:56",1481300
13400,550,500,"bu","09:48:56",1481000
13400,550,500,"bu","09:48:56",1480500
13400,550,100,"bu","09:48:56",1480000
13400,550,200,"bu","09:48:56",1479900
13400,550,200,"bu","09:48:56",1479700
13400,550,300,"bu","09:48:56",1479500
13400,550,300,"bu","09:48:56",1479200
13400,550,100,"bu","09:48:56",1478900
13400,550,1500,"bu","09:48:56",1478800
13400,550,500,"bu","09:48:56",1477300
13400,550,100,"bu","09:48:56",1476800
13400,550,1000,"bu","09:48:52",1476700
13350,500,100,"sd","09:48:47",1475700
13400,550,100,"bu","09:48:38",1475600
13400,550,500,"bu","09:48:35",1475500
13400,550,200,"bu","09:48:32",1475000
13400,550,1400,"bu","09:48:29",1474800
13400,550,3200,"bu","09:48:29",1473400
13400,550,100,"bu","09:48:29",1470200
13400,550,100,"bu","09:48:29",1470100
13400,550,200,"bu","09:48:29",1470000
13350,500,200,"sd","09:48:25",1469800
13350,500,2900,"sd","09:48:25",1469600
13400,550,1000,"bu","09:48:14",1466700
13400,550,300,"bu","09:48:13",1465700
13400,550,300,"bu","09:48:11",1465400
13400,550,600,"bu","09:48:11",1465100
13400,550,1400,"bu","09:48:10",1464500
13400,550,900,"bu","09:48:10",1463100
13400,550,100,"bu","09:48:06",1462200
13350,500,300,"sd","09:48:04",1462100
13400,550,2000,"bu","09:48:03",1461800
13400,550,300,"bu","09:48:03",1459800
13400,550,500,"bu","09:48:02",1459500
13400,550,100,"bu","09:47:57",1459000
13400,550,1000,"bu","09:47:55",1458900
13400,550,7000,"bu","09:47:53",1457900
13400,550,5000,"bu","09:47:50",1450900
13400,550,100,"bu","09:47:46",1445900
13400,550,3000,"bu","09:47:05",1445800
13400,550,600,"bu","09:47:04",1442800
13400,550,100,"bu","09:46:49",1442200
13400,550,100,"bu","09:46:49",1442100
13350,500,1800,"sd","09:46:47",1442000
13350,500,100,"sd","09:46:47",1440200
13350,500,500,"sd","09:46:47",1440100
13350,500,300,"sd","09:46:47",1439600
13350,500,500,"sd","09:46:47",1439300
13350,500,100,"sd","09:46:47",1438800
13350,500,500,"sd","09:46:47",1438700
13350,500,500,"sd","09:46:47",1438200
13350,500,600,"sd","09:46:47",1437700
13350,500,100,"sd","09:46:46",1437100
13400,550,100,"bu","09:46:28",1437000
13400,550,1000,"bu","09:46:25",1436900
13400,550,100,"bu","09:46:25",1435900
13400,550,700,"bu","09:46:23",1435800
13400,550,100,"bu","09:46:23",1435100
13400,550,5000,"bu","09:46:22",1435000
13400,550,1000,"bu","09:46:22",1430000
13400,550,1000,"bu","09:46:22",1429000
13400,550,1000,"bu","09:46:22",1428000
13400,550,1000,"bu","09:46:22",1427000
13400,550,200,"bu","09:46:22",1426000
13400,550,300,"bu","09:46:21",1425800
13400,550,500,"bu","09:46:21",1425500
13400,550,4200,"bu","09:46:21",1425000
13400,550,300,"bu","09:46:15",1420800
13400,550,500,"bu","09:46:14",1420500
13400,550,100,"bu","09:46:14",1420000
13400,550,2000,"bu","09:46:13",1419900
13400,550,100,"bu","09:46:13",1417900
13400,550,100,"bu","09:46:13",1417800
13400,550,2200,"bu","09:46:13",1417700
13400,550,100,"bu","09:45:45",1415500
13400,550,1000,"bu","09:45:43",1415400
13400,550,200,"bu","09:45:41",1414400
13400,550,1000,"bu","09:45:38",1414200
13400,550,100,"bu","09:45:36",1413200
13400,550,1400,"sd","09:45:25",1413100
13400,550,100,"bu","09:45:25",1411700
13400,550,500,"bu","09:45:25",1411600
13400,550,500,"sd","09:45:17",1411100
13400,550,1000,"sd","09:45:17",1410600
13450,600,2600,"bu","09:45:09",1409600
13450,600,100,"bu","09:45:09",1407000
13450,600,400,"bu","09:45:08",1406900
13450,600,700,"bu","09:45:08",1406500
13400,550,100,"sd","09:45:01",1405800
13400,550,100,"sd","09:44:56",1405700
13400,550,100,"sd","09:44:56",1405600
13400,550,100,"sd","09:44:55",1405500
13400,550,500,"sd","09:44:54",1405400
13400,550,100,"bu","09:44:48",1404900
13400,550,100,"bu","09:44:47",1404800
13450,600,1400,"bu","09:44:47",1404700
13400,550,200,"bu","09:44:35",1403300
13400,550,200,"bu","09:44:35",1403100
13400,550,500,"bu","09:44:35",1402900
13400,550,1000,"bu","09:44:35",1402400
13400,550,100,"bu","09:44:35",1401400
13400,550,1000,"bu","09:44:35",1401300
13400,550,1000,"unknown","09:44:35",1400300
13400,550,200,"sd","09:44:35",1399300
13400,550,5000,"sd","09:44:35",1399100
13400,550,300,"sd","09:44:35",1394100
13400,550,200,"sd","09:44:35",1393800
13400,550,2500,"sd","09:44:35",1393600
13400,550,500,"sd","09:44:34",1391100
13400,550,1000,"sd","09:44:34",1390600
13400,550,300,"sd","09:44:34",1389600
13400,550,2000,"sd","09:44:34",1389300
13400,550,2000,"sd","09:44:34",1387300
13400,550,500,"sd","09:44:34",1385300
13400,550,1000,"sd","09:44:34",1384800
13400,550,200,"sd","09:44:34",1383800
13400,550,200,"sd","09:44:34",1383600
13450,600,2900,"bu","09:44:34",1383400
13450,600,500,"bu","09:44:34",1380500
13450,600,1600,"bu","09:44:34",1380000
13450,600,1400,"bu","09:44:33",1378400
13450,600,1000,"bu","09:44:31",1377000
13450,600,200,"bu","09:44:31",1376000
13450,600,300,"bu","09:44:28",1375800
13450,600,200,"bu","09:44:27",1375500
13450,600,100,"bu","09:44:27",1375300
13450,600,400,"bu","09:44:27",1375200
13450,600,100,"bu","09:44:27",1374800
13450,600,1900,"bu","09:44:27",1374700
13450,600,100,"bu","09:44:14",1372800
13450,600,5000,"bu","09:44:09",1372700
13450,600,3000,"bu","09:44:09",1367700
13450,600,700,"bu","09:43:58",1364700
13400,550,100,"sd","09:43:49",1364000
13400,550,700,"sd","09:43:47",1363900
13400,550,100,"sd","09:43:47",1363200
13400,550,900,"sd","09:43:47",1363100
13400,550,1000,"sd","09:43:47",1362200
13400,550,2000,"sd","09:43:47",1361200
13400,550,200,"sd","09:43:47",1359200
13400,550,100,"sd","09:43:47",1359000
13450,600,200,"bu","09:43:40",1358900
13450,600,200,"bu","09:43:33",1358700
13450,600,1400,"bu","09:43:19",1358500
13450,600,1000,"bu","09:43:17",1357100
13450,600,600,"bu","09:43:14",1356100
13450,600,200,"bu","09:43:13",1355500
13450,600,1000,"bu","09:43:13",1355300
13450,600,100,"bu","09:43:13",1354300
13450,600,200,"bu","09:43:13",1354200
13450,600,900,"bu","09:43:13",1354000
13450,600,100,"bu","09:43:12",1353100
13450,600,600,"bu","09:43:12",1353000
13450,600,600,"bu","09:43:12",1352400
13450,600,200,"bu","09:43:12",1351800
13450,600,100,"bu","09:43:12",1351600
13450,600,1000,"bu","09:43:12",1351500
13450,600,1300,"bu","09:43:12",1350500
13450,600,1500,"bu","09:43:12",1349200
13450,600,2500,"bu","09:43:04",1347700
13450,600,300,"bu","09:43:04",1345200
13450,600,1000,"bu","09:43:00",1344900
13400,550,400,"sd","09:42:59",1343900
13400,550,1600,"sd","09:42:59",1343500
13400,550,100,"sd","09:42:59",1341900
13450,600,4000,"bu","09:42:58",1341800
13450,600,4000,"bu","09:42:51",1337800
13450,600,100,"bu","09:42:44",1333800
13450,600,200,"bu","09:42:43",1333700
13450,600,1000,"sd","09:42:42",1333500
13450,600,4100,"sd","09:42:42",1332500
13450,600,200,"sd","09:42:40",1328400
13450,600,500,"sd","09:42:39",1328200
13450,600,100,"sd","09:42:38",1327700
13450,600,300,"sd","09:42:38",1327600
13450,600,100,"sd","09:42:38",1327300
13450,600,14500,"sd","09:42:38",1327200
13450,600,100,"bu","09:42:37",1312700
13450,600,100,"bu","09:42:37",1312600
13450,600,100,"bu","09:42:34",1312500
13450,600,5400,"bu","09:42:33",1312400
13450,600,2600,"bu","09:42:33",1307000
13450,600,2000,"bu","09:42:33",1304400
13450,600,500,"bu","09:42:30",1302400
13450,600,5000,"bu","09:42:27",1301900
13450,600,900,"bu","09:42:25",1296900
13450,600,2000,"bu","09:42:23",1296000
13450,600,2500,"bu","09:42:22",1294000
13400,550,200,"sd","09:42:13",1291500
13400,550,100,"sd","09:42:12",1291300
13450,600,100,"bu","09:42:12",1291200
13450,600,2000,"bu","09:42:12",1291100
13450,600,2200,"sd","09:42:12",1289100
13450,600,100,"sd","09:42:12",1286900
13450,600,9900,"sd","09:42:12",1286800
13450,600,200,"sd","09:42:12",1276900
13450,600,1000,"sd","09:42:07",1276700
13450,600,100,"sd","09:42:04",1275700
13450,600,200,"sd","09:42:03",1275600
13450,600,100,"sd","09:42:02",1275400
13450,600,500,"sd","09:41:59",1275300
13450,600,200,"sd","09:41:57",1274800
13450,600,100,"sd","09:41:57",1274600
13500,650,900,"bu","09:41:57",1274500
13450,600,100,"sd","09:41:56",1273600
13450,600,7600,"sd","09:41:55",1273500
13450,600,1000,"sd","09:41:55",1265900
13450,600,2000,"sd","09:41:55",1264900
13450,600,200,"sd","09:41:55",1262900
13450,600,100,"sd","09:41:54",1262700
13450,600,100,"sd","09:41:54",1262600
13500,650,1200,"bu","09:41:54",1262500
13500,650,300,"bu","09:41:54",1261300
13450,600,5100,"sd","09:41:54",1261000
13450,600,100,"sd","09:41:47",1255900
13450,600,100,"sd","09:41:46",1255800
13450,600,500,"sd","09:41:45",1255700
13450,600,500,"sd","09:41:43",1255200
13450,600,400,"sd","09:41:41",1254700
13450,600,1900,"sd","09:41:41",1254300
13450,600,100,"sd","09:41:38",1252400
13450,600,200,"sd","09:41:36",1252300
13500,650,700,"bu","09:41:35",1252100
13450,600,1000,"sd","09:41:33",1251400
13450,600,3000,"sd","09:41:32",1250400
13450,600,100,"bu","09:41:29",1247400
13450,600,200,"bu","09:41:29",1247300
13450,600,400,"bu","09:41:29",1247100
13450,600,300,"bu","09:41:29",1246700
13450,600,200,"bu","09:41:29",1246400
13450,600,100,"bu","09:41:29",1246200
13450,600,1000,"bu","09:41:29",1246100
13450,600,1000,"bu","09:41:29",1245100
13450,600,100,"bu","09:41:29",1244100
13450,600,1000,"bu","09:41:29",1244000
13450,600,2000,"bu","09:41:29",1243000
13450,600,6000,"bu","09:41:29",1241000
13450,600,500,"bu","09:41:29",1235000
13450,600,1500,"bu","09:41:29",1234500
13450,600,500,"bu","09:41:29",1233000
13450,600,100,"bu","09:41:29",1232500
13450,600,100,"bu","09:41:29",1232400
13450,600,3000,"bu","09:41:29",1232300
13450,600,5000,"bu","09:41:29",1229300
13450,600,600,"bu","09:41:29",1224300
13450,600,100,"bu","09:41:29",1223700
13450,600,100,"bu","09:41:29",1223600
13450,600,200,"bu","09:41:29",1223500
13450,600,1100,"bu","09:41:29",1223300
13400,550,5000,"bu","09:41:29",1222200
13450,600,600,"bu","09:41:29",1217200
13450,600,300,"bu","09:41:29",1216600
13450,600,5900,"bu","09:41:29",1216300
13400,550,300,"bu","09:41:27",1210400
13450,600,400,"bu","09:41:20",1210100
13450,600,100,"bu","09:41:20",1209700
13400,550,200,"bu","09:41:20",1209600
13400,550,300,"bu","09:41:20",1209400
13400,550,100,"sd","09:41:17",1209100
13400,550,500,"sd","09:41:17",1209000
13400,550,1000,"sd","09:41:17",1208500
13400,550,2500,"sd","09:41:17",1207500
13400,550,500,"sd","09:41:17",1205000
13400,550,100,"sd","09:41:17",1204500
13450,600,300,"bu","09:41:17",1204400
13450,600,11000,"bu","09:41:17",1204100
13450,600,100,"bu","09:41:17",1193100
13450,600,2000,"bu","09:41:17",1193000
13450,600,4000,"bu","09:41:17",1191000
13450,600,400,"bu","09:41:17",1187000
13450,600,400,"bu","09:41:17",1186600
13450,600,300,"bu","09:41:17",1186200
13450,600,1000,"bu","09:41:17",1185900
13450,600,500,"bu","09:41:17",1184900
13450,600,2000,"bu","09:41:10",1184400
13450,600,3000,"bu","09:41:09",1182400
13400,550,200,"sd","09:41:09",1179400
13400,550,100,"bu","09:41:09",1179200
13400,550,400,"sd","09:41:07",1179100
13400,550,100,"sd","09:41:07",1178700
13400,550,100,"sd","09:41:05",1178600
13400,550,800,"sd","09:41:04",1178500
13400,550,1500,"sd","09:41:04",1177700
13400,550,2000,"sd","09:41:04",1176200
13400,550,500,"sd","09:41:04",1174200
13400,550,500,"sd","09:41:04",1173700
13400,550,2000,"sd","09:41:04",1173200
13400,550,100,"sd","09:41:04",1171200
13400,550,1000,"sd","09:41:04",1171100
13400,550,1600,"sd","09:41:03",1170100
13400,550,3400,"sd","09:41:03",1168500
13400,550,10000,"sd","09:41:03",1165100
13400,550,1600,"sd","09:41:03",1155100
13400,550,100,"sd","09:41:00",1153500
13400,550,4800,"sd","09:41:00",1153400
13400,550,400,"sd","09:41:00",1148600
13400,550,600,"sd","09:41:00",1148200
13400,550,400,"sd","09:41:00",1147600
13400,550,2000,"sd","09:41:00",1147200
13400,550,10000,"sd","09:41:00",1145200
13400,550,1000,"sd","09:41:00",1135200
13400,550,500,"sd","09:41:00",1134200
13400,550,200,"sd","09:41:00",1133700
13450,600,100,"bu","09:40:59",1133500
13450,600,200,"bu","09:40:46",1133400
13400,550,1700,"sd","09:40:45",1133200
13400,550,200,"sd","09:40:44",1131500
13400,550,1000,"sd","09:40:44",1131300
13400,550,200,"sd","09:40:41",1130300
13400,550,3000,"sd","09:40:38",1130100
13400,550,100,"sd","09:40:33",1127100
13400,550,500,"sd","09:40:32",1127000
13400,550,100,"sd","09:40:28",1126500
13450,600,600,"bu","09:40:27",1126400
13450,600,400,"bu","09:40:27",1125800
13450,600,1000,"bu","09:40:27",1125400
13400,550,1000,"sd","09:40:27",1124400
13450,600,600,"bu","09:40:26",1123400
13450,600,100,"bu","09:40:26",1122800
13450,600,200,"bu","09:40:26",1122700
13450,600,1000,"bu","09:40:26",1122500
13400,550,100,"sd","09:40:25",1121500
13400,550,5000,"sd","09:40:23",1121400
13400,550,100,"bu","09:40:23",1116400
13400,550,100,"bu","09:40:23",1116300
13400,550,7100,"bu","09:40:23",1116200
13400,550,300,"bu","09:40:22",1109100
13400,550,200,"bu","09:40:21",1108800
13400,550,100,"bu","09:40:19",1108600
13400,550,900,"bu","09:40:19",1108500
13400,550,500,"bu","09:40:18",1107600
13400,550,100,"bu","09:40:18",1107100
13400,550,100,"bu","09:40:15",1107000
13400,550,500,"bu","09:40:13",1106900
13400,550,500,"bu","09:40:13",1106400
13400,550,2000,"bu","09:40:13",1105900
13400,550,400,"bu","09:40:13",1103900
13450,600,100,"bu","09:40:10",1103500
13400,550,1600,"sd","09:40:10",1103400
13400,550,500,"sd","09:40:10",1101800
13400,550,100,"sd","09:40:10",1101300
13400,550,2800,"sd","09:40:10",1101200
13400,550,500,"sd","09:40:06",1098400
13400,550,200,"sd","09:40:05",1097900
13450,600,900,"bu","09:40:02",1097700
13450,600,400,"bu","09:40:02",1096800
13450,600,1100,"bu","09:40:02",1096400
13400,550,200,"sd","09:40:02",1095300
13450,600,900,"bu","09:40:01",1095100
13400,550,100,"sd","09:39:59",1094200
13400,550,200,"bu","09:39:58",1094100
13400,550,4000,"bu","09:39:58",1093900
13400,550,1000,"bu","09:39:58",1089900
13400,550,200,"bu","09:39:57",1088900
13400,550,1000,"bu","09:39:57",1088700
13400,550,200,"bu","09:39:57",1087700
13400,550,200,"bu","09:39:57",1087500
13400,550,100,"bu","09:39:57",1087300
13400,550,300,"bu","09:39:57",1087200
13400,550,200,"bu","09:39:56",1086900
13350,500,200,"sd","09:39:53",1086700
13400,550,500,"bu","09:39:51",1086500
13400,550,1100,"bu","09:39:50",1086000
13400,550,100,"bu","09:39:50",1084900
13400,550,1000,"bu","09:39:50",1084800
13400,550,1000,"bu","09:39:50",1083800
13400,550,800,"bu","09:39:50",1082800
13400,550,100,"bu","09:39:50",1082000
13400,550,300,"bu","09:39:50",1081900
13400,550,1000,"bu","09:39:50",1081600
13400,550,600,"bu","09:39:50",1080600
13400,550,1000,"bu","09:39:48",1080000
13400,550,3400,"bu","09:39:48",1079000
13400,550,100,"bu","09:39:48",1075600
13400,550,500,"bu","09:39:48",1075500
13400,550,1000,"bu","09:39:48",1075000
13400,550,2100,"bu","09:39:48",1074000
13400,550,1000,"bu","09:39:48",1071900
13400,550,100,"bu","09:39:48",1070900
13400,550,500,"bu","09:39:48",1070800
13400,550,300,"bu","09:39:48",1070300
13400,550,100,"bu","09:39:48",1070000
13400,550,500,"bu","09:39:47",1069900
13400,550,100,"bu","09:39:47",1069400
13400,550,2000,"bu","09:39:47",1069300
13400,550,1500,"bu","09:39:47",1067300
13400,550,100,"bu","09:39:47",1065800
13400,550,500,"bu","09:39:47",1065700
13400,550,200,"bu","09:39:47",1065200
13400,550,1000,"bu","09:39:47",1065000
13350,500,200,"sd","09:39:46",1064000
13400,550,3500,"bu","09:39:44",1063800
13400,550,1000,"bu","09:39:44",1060300
13400,550,400,"bu","09:39:44",1059300
13400,550,200,"bu","09:39:44",1058900
13400,550,3000,"bu","09:39:44",1058700
13400,550,5100,"bu","09:39:44",1055700
13400,550,1500,"bu","09:39:43",1050600
13400,550,700,"bu","09:39:38",1049100
13400,550,10000,"bu","09:39:38",1048400
13400,550,5500,"bu","09:39:38",1038400
13400,550,3800,"bu","09:39:38",1032900
13400,550,100,"bu","09:39:38",1029100
13400,550,1100,"bu","09:39:37",1029000
13400,550,1000,"bu","09:39:37",1027900
13400,550,600,"bu","09:39:34",1026900
13400,550,200,"bu","09:39:33",1026300
13350,500,2000,"sd","09:39:30",1026100
13400,550,100,"bu","09:39:30",1024100
13400,550,100,"bu","09:39:30",1024000
13400,550,500,"bu","09:39:30",1023900
13400,550,400,"bu","09:39:30",1023400
13400,550,2000,"bu","09:39:30",1023000
13400,550,1000,"bu","09:39:29",1021000
13400,550,100,"bu","09:39:26",1020000
13400,550,1500,"bu","09:39:26",1019900
13400,550,100,"bu","09:39:24",1018400
13400,550,300,"bu","09:39:24",1018300
13400,550,2200,"bu","09:39:24",1018000
13400,550,400,"bu","09:39:24",1015800
13350,500,100,"sd","09:39:23",1015400
13400,550,2500,"bu","09:39:22",1015300
13400,550,1300,"bu","09:39:19",1012800
13400,550,100,"bu","09:39:19",1011500
13400,550,400,"bu","09:39:19",1011400
13400,550,1000,"bu","09:39:18",1011000
13350,500,200,"sd","09:39:16",1010000
13350,500,200,"unknown","09:39:15",1009800
13350,500,500,"bu","09:39:15",1009600
13350,500,1000,"bu","09:39:15",1009100
13350,500,1000,"bu","09:39:15",1008100
13350,500,500,"bu","09:39:15",1007100
13350,500,100,"bu","09:39:15",1006600
13350,500,100,"bu","09:39:13",1006500
13350,500,300,"bu","09:39:13",1006400
13350,500,100,"bu","09:39:13",1006100
13350,500,300,"bu","09:39:13",1006000
13350,500,200,"bu","09:39:12",1005700
13350,500,900,"bu","09:39:12",1005500
13350,500,100,"bu","09:39:12",1004600
13350,500,100,"bu","09:39:12",1004500
13350,500,1900,"bu","09:39:12",1004400
13350,500,800,"bu","09:39:12",1002500
13350,500,300,"bu","09:39:12",1001700
13350,500,400,"bu","09:39:12",1001400
13350,500,200,"bu","09:39:11",1001000
13350,500,3800,"bu","09:39:11",1000800
13350,500,1200,"bu","09:39:10",997000
13350,500,500,"bu","09:39:08",995800
13350,500,500,"bu","09:39:06",995300
13350,500,500,"bu","09:39:06",994800
13350,500,400,"bu","09:39:06",994300
13350,500,2000,"bu","09:39:06",993900
13350,500,200,"bu","09:39:06",991900
13350,500,5900,"bu","09:39:06",991700
13350,500,500,"bu","09:39:06",985800
13300,450,100,"sd","09:39:00",985300
13300,450,300,"sd","09:38:58",985200
13300,450,100,"sd","09:38:57",984900
13300,450,600,"sd","09:38:57",984800
13300,450,100,"sd","09:38:57",984200
13300,450,700,"sd","09:38:57",984100
13300,450,1500,"sd","09:38:57",983400
13300,450,100,"sd","09:38:57",981900
13300,450,5000,"sd","09:38:57",981800
13300,450,500,"sd","09:38:56",976800
13300,450,200,"sd","09:38:56",976300
13300,450,6000,"sd","09:38:56",976100
13300,450,100,"sd","09:38:56",970100
13300,450,100,"sd","09:38:56",970000
13300,450,5000,"sd","09:38:56",969900
13300,450,3000,"sd","09:38:56",964900
13300,450,5000,"sd","09:38:56",961900
13300,450,2000,"sd","09:38:56",956900
13300,450,600,"sd","09:38:56",954900
13300,450,200,"sd","09:38:56",954300
13300,450,400,"sd","09:38:56",954100
13300,450,3300,"sd","09:38:56",953700
13300,450,5000,"sd","09:38:56",950400
13300,450,500,"sd","09:38:56",945400
13300,450,1900,"sd","09:38:56",944900
13300,450,100,"sd","09:38:56",943000
13300,450,1000,"sd","09:38:56",942900
13300,450,100,"bu","09:38:56",941900
13300,450,500,"bu","09:38:56",941800
13300,450,200,"bu","09:38:56",941300
13300,450,3000,"bu","09:38:56",941100
13300,450,1000,"bu","09:38:56",938100
13300,450,100,"bu","09:38:56",937100
13300,450,500,"bu","09:38:56",937000
13300,450,1000,"bu","09:38:56",936500
13300,450,100,"bu","09:38:56",935500
13300,450,800,"bu","09:38:56",935400
13300,450,9800,"bu","09:38:55",934600
13300,450,1000,"bu","09:38:55",924800
13300,450,1000,"bu","09:38:55",923800
13300,450,500,"bu","09:38:55",922800
13300,450,100,"bu","09:38:55",922300
13300,450,200,"bu","09:38:55",922200
13300,450,100,"bu","09:38:55",922000
13300,450,12200,"bu","09:38:55",921900
13300,450,300,"bu","09:38:55",909700
13300,450,500,"bu","09:38:55",909400
13300,450,3000,"bu","09:38:55",908900
13300,450,11000,"bu","09:38:55",905900
13300,450,800,"bu","09:38:55",894900
13300,450,200,"bu","09:38:55",894100
13300,450,1400,"bu","09:38:55",893900
13300,450,1000,"bu","09:38:55",892500
13300,450,300,"bu","09:38:55",891500
13300,450,200,"bu","09:38:55",891200
13300,450,100,"bu","09:38:55",891000
13300,450,2100,"bu","09:38:55",890900
13300,450,8000,"bu","09:38:55",888800
13300,450,300,"bu","09:38:55",880800
13300,450,500,"bu","09:38:55",880500
13300,450,100,"bu","09:38:55",880000
13300,450,100,"bu","09:38:55",879900
13300,450,2000,"bu","09:38:55",879800
13300,450,200,"bu","09:38:55",877800
13300,450,1000,"bu","09:38:55",877600
13300,450,400,"bu","09:38:55",876600
13300,450,200,"bu","09:38:55",876200
13300,450,300,"bu","09:38:55",876000
13300,450,500,"bu","09:38:55",875700
13300,450,1000,"bu","09:38:55",875200
13250,400,4400,"sd","09:38:53",874200
13250,400,2000,"sd","09:38:53",869800
13250,400,2000,"sd","09:38:53",867800
13250,400,6600,"sd","09:38:53",865800
13250,400,100,"sd","09:38:45",859200
13250,400,100,"sd","09:38:45",859100
13250,400,200,"sd","09:38:45",859000
13250,400,100,"sd","09:38:45",858800
13250,400,1000,"sd","09:38:45",858700
13250,400,200,"sd","09:38:45",857700
13250,400,500,"sd","09:38:45",857500
13250,400,100,"sd","09:38:45",857000
13250,400,100,"sd","09:38:45",856900
13250,400,200,"sd","09:38:45",856800
13250,400,500,"sd","09:38:45",856600
13250,400,100,"bu","09:38:45",856100
13250,400,100,"bu","09:38:45",856000
13250,400,100,"bu","09:38:45",855900
13250,400,500,"bu","09:38:45",855800
13250,400,2400,"bu","09:38:44",855300
13250,400,2700,"bu","09:38:44",852900
13250,400,1000,"bu","09:38:44",850200
13250,400,100,"bu","09:38:44",849200
13250,400,1000,"bu","09:38:44",849100
13250,400,200,"bu","09:38:44",848100
13250,400,100,"bu","09:38:44",847900
13250,400,500,"bu","09:38:43",847800
13250,400,400,"bu","09:38:42",847300
13250,400,9000,"bu","09:38:42",846900
13250,400,1000,"bu","09:38:42",837900
13250,400,500,"bu","09:38:41",836900
13250,400,500,"bu","09:38:41",836400
13250,400,300,"bu","09:38:41",835900
13250,400,200,"bu","09:38:41",835600
13250,400,2500,"bu","09:38:40",835400
13250,400,200,"bu","09:38:40",832900
13250,400,1300,"bu","09:38:40",832700
13250,400,100,"bu","09:38:39",831400
13250,400,11600,"bu","09:38:37",831300
13250,400,500,"bu","09:38:37",819700
13250,400,3700,"bu","09:38:36",819200
13250,400,10000,"bu","09:38:36",815500
13250,400,1000,"bu","09:38:33",805500
13250,400,8000,"bu","09:38:32",804500
13250,400,10000,"bu","09:38:30",796500
13250,400,500,"bu","09:38:30",786500
13250,400,300,"bu","09:38:29",786000
13250,400,200,"bu","09:38:29",785700
13250,400,2000,"bu","09:38:29",785500
13250,400,700,"bu","09:38:28",783500
13250,400,500,"bu","09:38:27",782800
13250,400,1600,"bu","09:38:27",782300
13250,400,500,"bu","09:38:27",780700
13250,400,600,"bu","09:38:27",780200
13250,400,100,"bu","09:38:27",779600
13250,400,2200,"bu","09:38:27",779500
13250,400,1500,"bu","09:38:26",777300
13250,400,600,"bu","09:38:26",775800
13250,400,700,"bu","09:38:25",775200
13250,400,100,"bu","09:38:25",774500
13250,400,1000,"bu","09:38:25",774400
13250,400,200,"bu","09:38:25",773400
13250,400,8000,"bu","09:38:25",773200
13250,400,2000,"bu","09:38:23",765200
13250,400,1000,"bu","09:38:23",763200
13250,400,100,"bu","09:38:23",762200
13250,400,23200,"bu","09:38:23",762100
13250,400,5000,"bu","09:38:22",738900
13250,400,6700,"bu","09:38:21",733900
13250,400,2000,"bu","09:38:18",727200
13250,400,200,"bu","09:38:15",725200
13250,400,1000,"bu","09:38:12",725000
13200,350,500,"sd","09:38:09",724000
13250,400,200,"bu","09:38:09",723500
13250,400,200,"bu","09:38:04",723300
13250,400,900,"bu","09:37:58",723100
13250,400,10600,"bu","09:37:56",722200
13250,400,100,"bu","09:37:56",711600
13250,400,1800,"bu","09:37:56",711500
13250,400,200,"bu","09:37:56",709700
13250,400,300,"bu","09:37:56",709500
13250,400,3000,"bu","09:37:56",709200
13250,400,300,"bu","09:37:56",706200
13250,400,200,"bu","09:37:56",705900
13200,350,10700,"sd","09:37:50",705700
13200,350,100,"sd","09:37:50",695000
13200,350,6000,"sd","09:37:50",694900
13200,350,200,"sd","09:37:50",688900
13200,350,2400,"sd","09:37:50",688700
13200,350,7400,"sd","09:37:50",686300
13200,350,500,"sd","09:37:50",678900
13200,350,2500,"sd","09:37:49",678400
13200,350,200,"sd","09:37:49",675900
13200,350,600,"sd","09:37:49",675700
13200,350,9400,"sd","09:37:49",675100
13250,400,200,"bu","09:37:49",665700
13250,400,100,"bu","09:37:49",665500
13250,400,100,"bu","09:37:49",665400
13250,400,1000,"bu","09:37:49",665300
13250,400,100,"bu","09:37:49",664300
13250,400,5000,"bu","09:37:49",664200
13250,400,2000,"bu","09:37:49",659200
13250,400,100,"bu","09:37:49",657200
13250,400,1400,"bu","09:37:49",657100
13250,400,200,"bu","09:37:39",655700
13250,400,400,"bu","09:37:35",655500
13250,400,100,"bu","09:37:35",655100
13200,350,600,"sd","09:37:33",655000
13200,350,2000,"sd","09:37:33",654400
13200,350,400,"sd","09:37:33",652400
13200,350,200,"sd","09:37:26",652000
13200,350,200,"bu","09:37:24",651800
13200,350,900,"bu","09:37:24",651600
13200,350,2900,"bu","09:37:24",650700
13200,350,100,"bu","09:37:24",647800
13200,350,200,"bu","09:37:24",647700
13200,350,400,"bu","09:37:24",647500
13200,350,100,"bu","09:37:24",647100
13200,350,100,"bu","09:37:23",647000
13200,350,600,"bu","09:37:23",646900
13200,350,900,"bu","09:37:22",646300
13200,350,100,"bu","09:37:21",645400
13200,350,100,"bu","09:37:21",645300
13200,350,500,"bu","09:37:21",645200
13200,350,1000,"bu","09:37:21",644700
13200,350,200,"bu","09:37:21",643700
13200,350,300,"bu","09:37:21",643500
13200,350,500,"bu","09:37:21",643200
13200,350,3000,"bu","09:37:20",642700
13200,350,200,"bu","09:37:20",639700
13200,350,1000,"bu","09:37:20",639500
13200,350,1000,"bu","09:37:20",638500
13200,350,100,"bu","09:37:20",637500
13200,350,300,"bu","09:37:20",637400
13200,350,800,"bu","09:37:20",637100
13200,350,1000,"bu","09:37:20",636300
13200,350,600,"bu","09:37:19",635300
13200,350,400,"bu","09:37:19",634700
13200,350,1100,"bu","09:37:19",634300
13200,350,1000,"bu","09:37:19",633200
13200,350,400,"bu","09:37:19",632200
13200,350,500,"bu","09:37:17",631800
13200,350,1000,"bu","09:37:16",631300
13200,350,1100,"bu","09:37:16",630300
13200,350,400,"bu","09:37:16",629200
13200,350,200,"bu","09:37:16",628800
13200,350,500,"bu","09:37:16",628600
13200,350,100,"bu","09:37:15",628100
13200,350,3000,"bu","09:37:15",628000
13200,350,700,"bu","09:37:15",625000
13200,350,100,"bu","09:37:15",624300
13200,350,200,"bu","09:37:15",624200
13200,350,300,"bu","09:37:15",624000
13200,350,100,"bu","09:37:15",623700
13200,350,700,"bu","09:37:15",623600
13200,350,5000,"bu","09:37:15",622900
13200,350,2000,"bu","09:37:15",617900
13200,350,100,"bu","09:37:15",615900
13200,350,400,"bu","09:37:15",615800
13200,350,500,"bu","09:37:15",615400
13200,350,500,"bu","09:37:15",614900
13200,350,600,"bu","09:37:15",614400
13200,350,1000,"bu","09:37:15",613800
13200,350,500,"bu","09:37:14",612800
13200,350,1000,"bu","09:37:14",612300
13200,350,3000,"bu","09:37:13",611300
13200,350,500,"bu","09:37:12",608300
13200,350,100,"bu","09:37:12",607800
13200,350,4400,"bu","09:37:12",607700
13200,350,1000,"bu","09:37:12",603300
13200,350,3000,"bu","09:37:12",602300
13200,350,5000,"bu","09:37:12",599300
13200,350,200,"bu","09:37:12",594300
13200,350,500,"bu","09:37:12",594100
13200,350,300,"bu","09:37:12",593600
13200,350,5000,"bu","09:37:12",593300
13200,350,2500,"bu","09:37:12",588300
13200,350,300,"bu","09:37:12",585800
13200,350,1000,"bu","09:37:12",585500
13200,350,200,"bu","09:37:12",584500
13200,350,4400,"bu","09:37:12",584300
13200,350,600,"bu","09:37:12",579900
13200,350,600,"bu","09:37:11",579300
13200,350,100,"bu","09:37:11",578700
13200,350,600,"bu","09:37:11",578600
13200,350,100,"bu","09:37:11",578000
13200,350,1000,"bu","09:37:11",577900
13200,350,1000,"bu","09:37:11",576900
13200,350,300,"bu","09:37:11",575900
13200,350,1000,"bu","09:37:11",575600
13200,350,100,"bu","09:37:11",574600
13200,350,1500,"bu","09:37:11",574500
13200,350,100,"bu","09:37:11",573000
13200,350,2900,"bu","09:37:11",572900
13200,350,200,"bu","09:37:11",570000
13200,350,200,"bu","09:37:11",569800
13200,350,100,"bu","09:37:11",569600
13200,350,100,"bu","09:37:11",569500
13200,350,200,"bu","09:37:11",569400
13200,350,1300,"bu","09:37:11",569200
13200,350,300,"bu","09:37:11",567900
13200,350,9900,"bu","09:37:11",567600
13200,350,1000,"bu","09:37:11",557700
13200,350,20000,"bu","09:37:11",556700
13200,350,100,"bu","09:37:11",536700
13200,350,2000,"bu","09:37:11",536600
13200,350,500,"bu","09:37:11",534600
13200,350,800,"bu","09:37:11",534100
13200,350,4000,"bu","09:37:11",533300
13200,350,6700,"bu","09:37:10",529300
13200,350,200,"bu","09:37:10",522600
13200,350,200,"bu","09:37:09",522400
13200,350,100,"bu","09:37:09",522200
13200,350,1700,"bu","09:37:09",522100
13200,350,2000,"bu","09:37:02",520400
13200,350,100,"bu","09:36:55",518400
13200,350,1000,"bu","09:36:54",518300
13200,350,700,"bu","09:36:43",517300
13200,350,2500,"bu","09:36:40",516600
13200,350,1000,"bu","09:36:40",514100
13200,350,15000,"bu","09:36:40",513100
13200,350,1500,"bu","09:36:40",498100
13200,350,200,"bu","09:36:40",496600
13200,350,100,"bu","09:36:40",496400
13200,350,300,"bu","09:36:17",496300
13150,300,400,"sd","09:36:11",496000
13150,300,100,"sd","09:36:10",495600
13150,300,7300,"sd","09:36:06",495500
13150,300,3100,"sd","09:35:45",488200
