"price","change","match_qtty","side","time","total_vol"
9640,190,6500,"unknown","14:45:10",529500
9620,170,1500,"bu","14:29:39",523000
9620,170,100,"bu","14:29:32",521500
9630,180,1400,"sd","14:28:42",521400
9630,180,4600,"bu","14:28:35",520000
9630,180,2900,"bu","14:28:28",515400
9620,170,200,"unknown","14:26:54",512500
9620,170,400,"unknown","14:26:54",512300
9610,160,500,"unknown","14:26:54",511900
9630,180,2500,"bu","14:26:54",511400
9630,180,300,"bu","14:26:53",508900
9630,180,3000,"bu","14:26:53",508600
9620,170,100,"bu","14:26:53",505600
9620,170,2000,"bu","14:25:06",505500
9620,170,1000,"bu","14:24:57",503500
9600,150,3300,"sd","14:24:19",502500
9600,150,2900,"bu","14:22:32",499200
9600,150,400,"bu","14:22:32",496300
9600,150,19300,"bu","14:22:32",495900
9590,140,300,"sd","14:18:54",476600
9590,140,100,"sd","14:18:54",476300
9590,140,600,"sd","14:18:54",476200
9600,150,500,"bu","14:17:41",475600
9600,150,200,"sd","14:17:38",475100
9600,150,3200,"bu","14:16:34",474900
9600,150,500,"bu","14:16:18",471700
9600,150,1000,"bu","14:16:07",471200
9600,150,4600,"bu","14:15:53",470200
9600,150,700,"sd","14:15:31",465600
9600,150,100,"unknown","14:12:55",464900
9600,150,100,"bu","14:12:55",464800
9600,150,6000,"bu","14:12:55",464700
9600,150,3000,"bu","14:12:39",458700
9600,150,100,"bu","14:06:00",455700
9600,150,900,"sd","14:05:08",455600
9600,150,100,"bu","14:04:53",454700
9600,150,1000,"bu","14:03:57",454600
9600,150,1200,"sd","14:02:10",453600
9600,150,1500,"bu","14:01:24",452400
9600,150,100,"bu","14:01:17",450900
9600,150,11500,"bu","14:01:02",450800
9590,140,400,"sd","13:57:56",439300
9590,140,1000,"sd","13:57:56",438900
9590,140,500,"sd","13:57:56",437900
9590,140,100,"sd","13:57:56",437400
9590,140,400,"sd","13:57:55",437300
9600,150,1300,"sd","13:55:49",436900
9600,150,500,"sd","13:55:49",435600
9600,150,100,"sd","13:55:49",435100
9600,150,200,"sd","13:55:49",435000
9600,150,800,"sd","13:55:09",434800
9600,150,200,"sd","13:55:09",434000
9600,150,300,"sd","13:55:09",433800
9610,160,300,"unknown","13:55:08",433500
9610,160,100,"unknown","13:55:08",433200
9620,170,100,"bu","13:54:30",433100
9620,170,1500,"bu","13:54:24",433000
9620,170,500,"bu","13:54:24",431500
9620,170,1800,"bu","13:53:22",431000
9630,180,100,"sd","13:47:20",429200
9630,180,200,"sd","13:47:20",429100
9630,180,1700,"sd","13:47:20",428900
9630,180,5000,"bu","13:44:47",427200
9630,180,1400,"bu","13:44:47",422200
9630,180,200,"bu","13:44:46",420800
9630,180,200,"bu","13:43:40",420600
9630,180,9600,"bu","13:42:24",420400
9630,180,10000,"bu","13:42:24",410800
9620,170,2200,"bu","13:42:24",400800
9620,170,300,"bu","13:42:24",398600
9610,160,2900,"bu","13:42:24",398300
9610,160,1000,"sd","13:40:55",395400
9610,160,1500,"sd","13:40:47",394400
9610,160,1000,"sd","13:40:47",392900
9610,160,1400,"sd","13:40:46",391900
9600,150,100,"sd","13:39:03",390500
9600,150,200,"bu","13:38:17",390400
9600,150,100,"bu","13:38:17",390200
9600,150,100,"bu","13:38:17",390100
9600,150,1500,"sd","13:36:54",390000
9610,160,100,"bu","13:34:05",388500
9600,150,8100,"bu","13:32:55",388400
9600,150,900,"sd","13:32:41",380300
9600,150,100,"sd","13:32:33",379400
9600,150,1600,"bu","13:31:17",379300
9600,150,300,"bu","13:31:00",377700
9600,150,500,"sd","13:29:48",377400
9600,150,100,"sd","13:29:48",376900
9600,150,900,"sd","13:28:56",376800
9600,150,100,"sd","13:28:56",375900
9610,160,1000,"bu","13:26:28",375800
9610,160,300,"bu","13:23:45",374800
9600,150,100,"sd","13:22:48",374500
9610,160,1000,"bu","13:21:41",374400
9610,160,500,"bu","13:20:46",373400
9610,160,500,"bu","13:19:51",372900
9610,160,200,"sd","13:19:40",372400
9610,160,100,"sd","13:18:09",372200
9610,160,1000,"bu","13:17:09",372100
9600,150,1000,"bu","13:17:03",371100
9600,150,1000,"bu","13:16:27",370100
9590,140,100,"sd","13:12:23",369100
9590,140,200,"sd","13:12:01",369000
9590,140,1800,"bu","13:08:20",368800
9590,140,8200,"bu","13:07:40",367000
9540,90,1000,"bu","13:01:40",358800
9540,90,1000,"bu","13:00:25",357800
9540,90,1000,"unknown","13:00:19",356800
9540,90,2000,"sd","13:00:13",355800
9540,90,1000,"sd","13:00:08",353800
9540,90,4000,"sd","13:00:04",352800
9540,90,1000,"bu","11:28:16",348800
9540,90,500,"sd","11:27:00",347800
9600,150,500,"bu","11:22:54",347300
9600,150,2000,"bu","11:22:08",346800
9600,150,100,"bu","11:19:43",344800
9600,150,100,"bu","11:18:56",344700
9600,150,2000,"bu","11:17:58",344600
9540,90,100,"sd","11:08:30",342600
9500,50,9400,"sd","11:05:45",341800
9500,50,700,"sd","11:05:45",342500
9520,70,9900,"sd","11:05:13",332400
9520,70,1000,"sd","11:05:13",322500
9530,80,100,"sd","11:05:13",321500
9540,90,2100,"sd","11:04:55",321400
9540,90,2000,"sd","11:04:55",319300
9540,90,900,"sd","11:04:37",317300
9540,90,2000,"sd","11:04:37",316400
9550,100,500,"bu","11:04:23",314400
9550,100,500,"bu","11:04:23",313900
9550,100,500,"bu","11:04:23",313400
9550,100,500,"sd","11:04:23",312900
9560,110,5000,"sd","11:04:18",312400
9560,110,200,"sd","11:04:18",307400
9570,120,2000,"bu","11:04:03",307200
9570,120,5000,"unknown","11:04:03",305200
9570,120,500,"sd","11:04:03",300200
9580,130,200,"sd","11:04:03",299700
9580,130,400,"sd","11:04:03",299500
9590,140,4200,"sd","11:03:45",299100
9590,140,800,"sd","11:02:11",294900
9590,140,300,"sd","11:02:11",294100
9600,150,100,"bu","11:00:09",293800
9600,150,100,"bu","10:53:34",293700
9590,140,4700,"sd","10:52:04",293600
9590,140,2000,"sd","10:52:04",288900
9590,140,100,"sd","10:52:04",286900
9590,140,200,"sd","10:52:04",286800
9610,160,500,"sd","10:50:41",286600
9610,160,400,"sd","10:50:41",286100
9600,150,6300,"sd","10:50:41",285700
9600,150,10000,"sd","10:50:41",279400
9600,150,1500,"sd","10:50:41",269400
9600,150,1000,"sd","10:50:41",267900
9600,150,200,"sd","10:50:41",266900
9610,160,2900,"sd","10:49:41",266700
9610,160,600,"sd","10:47:49",263800
9610,160,100,"sd","10:47:22",263200
9610,160,200,"sd","10:42:52",263100
9610,160,1100,"bu","10:37:50",262900
9610,160,5000,"bu","10:37:35",261800
9610,160,100,"bu","10:37:35",256800
9620,170,800,"bu","10:37:35",256700
9610,160,4900,"bu","10:34:59",255900
9610,160,1600,"sd","10:34:39",251000
9640,190,2100,"bu","10:33:53",249400
9640,190,7900,"bu","10:33:53",247300
9640,190,100,"bu","10:33:21",239400
9640,190,2000,"bu","10:33:04",239300
9640,190,10000,"bu","10:31:05",237300
9640,190,1000,"bu","10:31:05",227300
9600,150,200,"sd","10:26:26",226300
9600,150,500,"sd","10:26:08",226100
9600,150,100,"bu","10:26:06",225600
9600,150,1000,"bu","10:26:06",225500
9600,150,3000,"bu","10:24:27",224500
9600,150,1500,"bu","10:24:15",221500
9600,150,400,"bu","10:22:45",220000
9600,150,1600,"bu","10:22:45",219600
9600,150,100,"bu","10:22:30",218000
9600,150,5000,"sd","10:21:47",217900
9600,150,500,"sd","10:21:47",212900
9600,150,200,"sd","10:21:47",212400
9600,150,2000,"sd","10:21:47",212200
9600,150,1000,"sd","10:21:47",210200
9600,150,2000,"sd","10:21:47",209200
9600,150,1000,"sd","10:21:47",207200
9600,150,600,"sd","10:21:47",206200
9600,150,700,"sd","10:21:47",205600
9600,150,1900,"sd","10:21:47",204900
9610,160,3400,"sd","10:21:47",203000
9610,160,500,"sd","10:17:06",199600
9610,160,1100,"sd","10:16:41",199100
9610,160,8900,"sd","10:16:41",198000
9640,190,9700,"bu","10:13:53",189100
9640,190,300,"sd","10:12:47",179400
9640,190,500,"bu","10:11:42",179100
9640,190,4200,"bu","10:11:42",178600
9620,170,1000,"bu","10:10:34",174400
9610,160,500,"sd","10:09:18",173400
9640,190,4500,"sd","10:06:23",172900
9640,190,500,"sd","10:06:18",168400
9640,190,2500,"sd","10:05:02",167900
9640,190,100,"sd","10:04:35",165400
9640,190,500,"bu","10:03:24",165300
9610,160,100,"sd","10:02:59",164800
9640,190,5000,"bu","10:02:41",164700
9650,200,400,"unknown","09:59:22",159700
9660,210,2600,"bu","09:58:23",159300
9660,210,400,"bu","09:58:23",156700
9650,200,5000,"sd","09:58:19",156300
9650,200,5000,"sd","09:58:19",151300
9660,210,200,"bu","09:57:24",146300
9660,210,2600,"sd","09:55:31",146100
9660,210,1000,"sd","09:55:31",143500
9660,210,2000,"sd","09:55:31",142500
9670,220,100,"sd","09:55:29",140500
9660,210,300,"sd","09:54:23",140400
9660,210,1800,"bu","09:53:07",140100
9660,210,400,"bu","09:52:59",138300
9660,210,200,"bu","09:52:59",137900
9660,210,100,"sd","09:51:23",137700
9660,210,1900,"bu","09:51:21",137600
9660,210,2000,"bu","09:50:56",135700
9660,210,100,"unknown","09:50:01",133700
9660,210,400,"sd","09:48:54",133600
9660,210,500,"unknown","09:47:43",133200
9650,200,100,"bu","09:47:14",132700
9650,200,300,"bu","09:47:14",132600
9650,200,100,"bu","09:47:05",132300
9650,200,100,"bu","09:47:03",132200
9650,200,2900,"bu","09:47:03",132100
9650,200,100,"bu","09:46:43",129200
9640,190,500,"bu","09:46:04",129100
9640,190,500,"bu","09:45:24",128600
9640,190,1000,"bu","09:44:05",128100
9600,150,500,"bu","09:43:56",127100
9600,150,2600,"bu","09:43:56",126600
9600,150,1000,"bu","09:43:50",124000
9600,150,400,"bu","09:43:50",123000
9600,150,1700,"bu","09:43:50",122600
9600,150,500,"bu","09:43:49",120900
9600,150,10000,"bu","09:43:49",120400
9600,150,400,"bu","09:43:49",110400
9600,150,1000,"bu","09:43:49",110000
9600,150,5000,"bu","09:43:44",109000
9600,150,9600,"bu","09:43:44",104000
9600,150,1800,"bu","09:43:43",94400
9600,150,3200,"bu","09:43:43",92600
9600,150,1000,"bu","09:43:42",89400
9600,150,800,"bu","09:43:34",88400
9600,150,200,"bu","09:43:34",87600
9600,150,10000,"bu","09:43:29",87400
9600,150,10000,"bu","09:43:19",77400
9590,140,300,"sd","09:43:16",67400
9590,140,1700,"sd","09:43:16",67100
9600,150,300,"bu","09:43:03",65400
9600,150,1000,"bu","09:43:03",65100
9600,150,1200,"bu","09:43:03",64100
9590,140,300,"sd","09:42:59",62900
9600,150,300,"bu","09:42:45",62600
9590,140,1000,"sd","09:42:39",62300
9600,150,3000,"bu","09:42:35",61300
9600,150,2000,"bu","09:42:15",58300
9600,150,3500,"bu","09:41:46",56300
9600,150,500,"bu","09:41:46",52800
9600,150,10000,"bu","09:41:45",52300
9600,150,1000,"bu","09:41:45",42300
9600,150,4100,"bu","09:41:45",41300
9590,140,600,"bu","09:41:45",37200
9590,140,300,"bu","09:41:45",36600
9580,130,1600,"bu","09:39:58",36300
9580,130,400,"sd","09:39:09",34700
9580,130,2000,"bu","09:38:40",34300
9580,130,300,"bu","09:38:40",32300
9580,130,300,"bu","09:38:40",32000
9590,140,1700,"bu","09:37:17",31700
9590,140,1300,"bu","09:37:17",30000
9560,110,2400,"sd","09:34:45",28700
9560,110,100,"sd","09:34:45",26300
9560,110,1000,"sd","09:34:45",26200
9590,140,1000,"bu","09:34:24",25200
9600,150,500,"bu","09:33:05",24200
9600,150,300,"bu","09:32:14",23700
9590,140,100,"bu","09:32:14",23400
9590,140,700,"bu","09:32:14",23300
9590,140,300,"bu","09:31:59",22600
9590,140,1400,"bu","09:31:59",22300
9590,140,300,"bu","09:31:59",20900
9600,150,100,"bu","09:29:55",20600
9600,150,100,"bu","09:29:07",20500
9590,140,100,"bu","09:28:22",20400
9600,150,700,"bu","09:27:52",20300
9590,140,2000,"sd","09:27:51",19600
9590,140,200,"bu","09:27:32",17600
9590,140,500,"bu","09:27:30",17400
9600,150,800,"bu","09:27:15",16900
9600,150,800,"bu","09:27:15",16100
9600,150,4600,"bu","09:27:15",15300
9590,140,1000,"bu","09:27:15",10700
9590,140,800,"bu","09:27:15",9700
9600,150,400,"bu","09:26:15",8900
9590,140,1000,"sd","09:26:07",8500
9590,140,500,"sd","09:26:03",7500
9590,140,1100,"bu","09:25:45",7000
9590,140,500,"bu","09:25:14",5000
9590,140,900,"bu","09:25:14",5900
9580,130,100,"bu","09:24:55",4500
9570,120,100,"bu","09:24:40",4400
9560,110,1000,"sd","09:24:19",4300
9560,110,100,"sd","09:24:14",3300
9560,110,100,"bu","09:23:53",3200
9550,100,200,"bu","09:23:41",3100
9550,100,300,"bu","09:23:12",2900
9560,110,400,"sd","09:23:11",2600
9560,110,300,"bu","09:23:05",2200
9560,110,100,"bu","09:23:05",1900
9560,110,100,"bu","09:23:05",1800
9550,100,100,"sd","09:22:49",1700
9530,80,100,"bu","09:21:19",1600
9520,70,100,"sd","09:20:36",1500
9510,60,300,"sd","09:19:28",1400
9510,60,100,"sd","09:18:10",1100
9460,10,1000,"sd","09:15:04",1000
