"price","change","match_qtty","side","time","total_vol"
65500,1800,70300,"unknown","14:45:00",839900
65100,1400,100,"sd","14:29:58",769600
65200,1500,100,"bu","14:29:25",769500
65200,1500,500,"bu","14:29:25",769400
65000,1300,700,"sd","14:28:01",768900
65000,1300,300,"sd","14:28:01",768200
65300,1600,100,"bu","14:27:59",767900
65300,1600,500,"bu","14:27:57",767800
65000,1300,1000,"sd","14:27:39",767300
65000,1300,3200,"bu","14:27:30",766300
65000,1300,1000,"bu","14:27:17",763100
65000,1300,100,"sd","14:27:01",762100
65000,1300,3000,"sd","14:27:01",762000
65000,1300,1400,"sd","14:27:01",759000
65000,1300,1000,"sd","14:27:01",757600
65000,1300,100,"sd","14:27:01",756600
65000,1300,100,"sd","14:27:01",756500
65000,1300,100,"sd","14:27:01",756400
65000,1300,300,"sd","14:26:37",756300
65000,1300,500,"bu","14:26:04",756000
65000,1300,400,"bu","14:25:47",755500
65000,1300,1000,"bu","14:25:21",755100
65000,1300,100,"sd","14:25:10",754100
65000,1300,400,"sd","14:25:10",754000
65000,1300,2100,"sd","14:25:10",753600
65000,1300,2000,"sd","14:25:10",751500
65000,1300,1000,"sd","14:25:10",749500
65000,1300,900,"sd","14:25:10",748500
65000,1300,100,"sd","14:25:10",747600
65000,1300,400,"sd","14:24:51",747500
65000,1300,500,"sd","14:24:51",747100
65000,1300,100,"sd","14:24:51",746600
65300,1600,1000,"bu","14:24:50",746500
65300,1600,800,"bu","14:24:50",745500
65000,1300,200,"sd","14:24:31",744700
65000,1300,300,"sd","14:24:02",744500
65000,1300,200,"bu","14:23:51",744200
65000,1300,100,"sd","14:23:41",744000
65000,1300,200,"sd","14:23:41",743900
65400,1700,500,"bu","14:23:15",743700
65400,1700,1800,"bu","14:22:53",743200
65300,1600,2300,"bu","14:22:53",741400
65300,1600,600,"sd","14:22:49",739100
65300,1600,8400,"sd","14:22:49",738500
65300,1600,800,"sd","14:22:49",730100
65300,1600,800,"sd","14:22:43",729300
65400,1700,200,"bu","14:22:38",728500
65400,1700,900,"bu","14:22:33",728300
65400,1700,800,"bu","14:22:21",727400
65400,1700,300,"bu","14:22:08",726600
65400,1700,1000,"bu","14:22:08",726300
65400,1700,400,"bu","14:22:08",725300
65300,1600,500,"sd","14:22:04",724900
65400,1700,200,"bu","14:21:47",724400
65300,1600,400,"sd","14:21:23",724200
65400,1700,300,"bu","14:21:08",723800
65400,1700,500,"bu","14:21:07",723500
65400,1700,500,"bu","14:21:07",723000
65400,1700,1000,"bu","14:20:58",722500
65400,1700,200,"bu","14:20:40",721500
65300,1600,100,"sd","14:20:35",721300
65400,1700,2000,"bu","14:20:31",721200
65400,1700,900,"bu","14:20:04",719200
65400,1700,300,"bu","14:19:58",718300
65400,1700,100,"bu","14:19:50",718000
65300,1600,200,"bu","14:19:46",717900
65300,1600,500,"bu","14:19:46",717700
65300,1600,500,"bu","14:19:46",717200
65300,1600,1500,"bu","14:19:42",716700
65300,1600,100,"bu","14:19:42",715200
65300,1600,500,"bu","14:19:42",715100
65200,1500,500,"bu","14:19:37",714600
65200,1500,800,"bu","14:19:37",714100
65200,1500,100,"bu","14:19:37",713300
65200,1500,300,"bu","14:19:37",713200
65200,1500,200,"bu","14:19:34",712900
65200,1500,100,"bu","14:19:34",712700
65000,1300,500,"sd","14:19:32",712600
65000,1300,100,"sd","14:19:15",712100
65000,1300,500,"sd","14:19:12",712000
65000,1300,200,"sd","14:19:08",711500
65000,1300,700,"bu","14:18:48",711300
65000,1300,100,"bu","14:18:44",710600
65000,1300,1000,"bu","14:18:42",710500
65000,1300,300,"sd","14:18:10",709500
65000,1300,300,"sd","14:18:10",709200
65000,1300,1500,"sd","14:18:10",708900
65100,1400,200,"sd","14:18:10",707400
65100,1400,900,"sd","14:18:10",707200
65200,1500,400,"bu","14:18:01",706300
65200,1500,400,"bu","14:18:01",705900
65100,1400,1000,"bu","14:17:47",705500
65100,1400,100,"bu","14:17:47",704500
65000,1300,500,"sd","14:17:42",704400
65000,1300,500,"bu","14:17:24",703900
65000,1300,100,"bu","14:17:24",703400
65000,1300,200,"bu","14:17:24",703300
65000,1300,1500,"bu","14:17:24",703100
65000,1300,200,"bu","14:17:24",701600
65000,1300,500,"bu","14:17:24",701400
64900,1200,100,"sd","14:17:18",700900
64900,1200,100,"sd","14:17:18",700800
64900,1200,1000,"bu","14:17:07",700700
64900,1200,100,"bu","14:17:07",699700
64900,1200,100,"bu","14:17:07",699600
64900,1200,200,"bu","14:17:07",699500
64900,1200,200,"bu","14:17:04",699300
64900,1200,600,"bu","14:17:03",699100
64800,1100,900,"bu","14:16:54",698500
64800,1100,100,"bu","14:16:53",697600
64800,1100,100,"bu","14:16:52",697500
64800,1100,100,"bu","14:16:48",697400
64800,1100,100,"bu","14:16:43",697300
64800,1100,3600,"bu","14:16:39",697200
64800,1100,100,"bu","14:16:32",693600
64800,1100,2000,"bu","14:16:30",693500
64700,1000,400,"bu","14:15:48",691500
64600,900,300,"sd","14:15:47",691100
64600,900,200,"sd","14:15:02",690800
64600,900,500,"bu","14:15:02",690600
64600,900,100,"bu","14:15:02",690100
64600,900,1000,"bu","14:15:00",690000
64600,900,100,"bu","14:14:59",689000
64600,900,200,"bu","14:14:53",688900
64600,900,400,"bu","14:14:50",688700
64600,900,1000,"bu","14:14:45",688300
64600,900,300,"bu","14:14:29",687300
64500,800,100,"sd","14:14:17",687000
64500,800,500,"bu","14:13:16",686900
64300,600,2200,"bu","14:13:09",686400
64300,600,100,"bu","14:13:06",684200
64300,600,300,"bu","14:12:49",684100
64300,600,500,"bu","14:12:47",683800
64300,600,1000,"bu","14:12:44",683300
64300,600,200,"sd","14:12:35",682300
64300,600,2000,"sd","14:12:35",682100
64300,600,1000,"sd","14:12:35",680100
64300,600,200,"sd","14:12:35",679100
64300,600,1900,"sd","14:12:35",678900
64500,800,600,"sd","14:12:35",677000
64500,800,100,"bu","14:12:34",676400
64500,800,100,"bu","14:12:34",676300
64500,800,200,"bu","14:12:34",676200
64300,600,100,"sd","14:12:33",676000
64300,600,800,"sd","14:12:12",675900
64300,600,200,"sd","14:11:16",675100
64400,700,1000,"sd","14:11:16",674900
64400,700,500,"sd","14:11:16",673900
64400,700,100,"sd","14:11:16",673400
64400,700,100,"sd","14:11:16",673300
64400,700,100,"sd","14:11:16",673200
64500,800,100,"bu","14:11:11",673100
64500,800,100,"bu","14:11:11",673000
64500,800,100,"sd","14:10:59",672900
64500,800,500,"bu","14:10:55",672800
64500,800,100,"bu","14:10:55",672300
64500,800,200,"bu","14:10:55",672200
64500,800,100,"bu","14:10:51",672000
64500,800,100,"sd","14:10:14",671900
64500,800,3300,"sd","14:10:14",671800
64500,800,300,"sd","14:10:14",668500
64500,800,300,"sd","14:10:14",668200
64500,800,500,"sd","14:10:14",667900
64500,800,200,"sd","14:10:14",667400
64500,800,500,"sd","14:09:44",667200
64500,800,1100,"sd","14:09:43",666700
64500,800,200,"sd","14:09:43",665600
64500,800,100,"sd","14:09:43",665400
64500,800,400,"sd","14:09:43",665300
64500,800,200,"sd","14:09:43",664900
64600,900,200,"bu","14:09:23",664700
64600,900,100,"bu","14:09:22",664500
64600,900,300,"bu","14:09:22",664400
64600,900,400,"sd","14:09:21",664100
64600,900,2000,"sd","14:09:21",663700
64700,1000,900,"sd","14:09:21",661700
64800,1100,100,"bu","14:09:17",660800
64800,1100,100,"bu","14:09:17",660700
64800,1100,800,"bu","14:09:17",660600
64800,1100,200,"bu","14:09:05",659800
64800,1100,100,"bu","14:09:05",659600
64600,900,1000,"sd","14:09:02",659500
64600,900,500,"sd","14:09:02",658500
64600,900,500,"sd","14:09:02",658000
64700,1000,400,"bu","14:08:59",657500
64700,1000,100,"sd","14:08:53",657100
64700,1000,100,"sd","14:08:53",657000
64700,1000,200,"sd","14:08:53",656900
64700,1000,200,"sd","14:08:45",656700
64800,1100,100,"sd","14:08:16",656500
64800,1100,200,"sd","14:08:16",656400
64800,1100,600,"sd","14:08:16",656200
64800,1100,300,"sd","14:08:14",655600
64800,1100,100,"sd","14:07:53",655300
64900,1200,100,"bu","14:07:46",655200
64900,1200,400,"bu","14:07:46",655100
64900,1200,100,"sd","14:07:35",654700
64900,1200,100,"sd","14:07:32",654600
65000,1300,1200,"bu","14:07:26",654500
64900,1200,300,"sd","14:06:56",653300
65000,1300,600,"bu","14:06:34",653000
65000,1300,200,"bu","14:06:23",652400
65000,1300,200,"bu","14:05:58",652200
65000,1300,500,"sd","14:05:54",652000
65000,1300,100,"bu","14:05:48",651500
65000,1300,500,"bu","14:05:48",651400
65000,1300,900,"bu","14:05:48",650900
65000,1300,100,"bu","14:05:15",650000
65000,1300,200,"sd","14:04:34",649900
65000,1300,100,"sd","14:04:33",649700
65000,1300,200,"sd","14:04:21",649600
65000,1300,200,"sd","14:04:21",649400
65000,1300,100,"sd","14:04:21",649200
65000,1300,100,"sd","14:04:17",649100
65000,1300,100,"sd","14:04:11",649000
65000,1300,900,"sd","14:04:10",648900
65000,1300,500,"sd","14:04:10",648000
65000,1300,2700,"sd","14:04:10",647500
65000,1300,500,"sd","14:04:10",644800
65000,1300,400,"sd","14:04:10",644300
65000,1300,100,"sd","14:03:58",643900
65000,1300,400,"sd","14:03:58",643800
65000,1300,500,"sd","14:03:41",643400
65000,1300,500,"bu","14:03:35",642900
65000,1300,600,"bu","14:03:35",642400
65000,1300,400,"bu","14:03:26",641800
65000,1300,100,"bu","14:03:26",641400
65000,1300,1200,"bu","14:03:26",641300
64800,1100,500,"sd","14:03:24",640100
64800,1100,100,"sd","14:03:18",639600
64800,1100,100,"bu","14:03:16",639500
64800,1100,400,"bu","14:03:16",639400
64600,900,500,"sd","14:03:06",639000
64600,900,500,"sd","14:02:55",638500
64800,1100,100,"sd","14:02:46",638000
64800,1100,200,"sd","14:02:38",637900
64800,1100,300,"sd","14:02:38",637700
65000,1300,100,"bu","14:02:35",637400
65000,1300,100,"sd","14:02:32",637300
65000,1300,300,"sd","14:02:32",637200
65000,1300,400,"sd","14:02:32",636900
65000,1300,1800,"sd","14:02:32",636500
65000,1300,3000,"sd","14:02:32",634700
65000,1300,200,"sd","14:02:32",631700
65100,1400,1500,"sd","14:02:32",631500
65200,1500,100,"sd","14:02:32",629500
65100,1400,500,"sd","14:02:32",630000
65300,1600,800,"sd","14:02:32",629400
65500,1800,100,"bu","14:02:31",628600
65400,1700,100,"bu","14:02:31",628500
65400,1700,3900,"bu","14:02:30",628400
65400,1700,100,"bu","14:02:30",624500
65300,1600,200,"sd","14:02:29",624400
65300,1600,300,"sd","14:02:29",624200
65400,1700,200,"bu","14:02:22",623900
65500,1800,300,"bu","14:02:12",623700
65500,1800,500,"bu","14:02:12",623400
65400,1700,100,"bu","14:02:12",622900
65400,1700,100,"bu","14:02:12",622800
65300,1600,500,"sd","14:02:01",622700
65300,1600,1200,"bu","14:01:57",622200
65300,1600,1000,"bu","14:01:51",621000
65300,1600,400,"bu","14:01:41",620000
65300,1600,2000,"sd","14:01:36",619600
65300,1600,400,"sd","14:01:36",617600
65500,1800,200,"bu","14:01:34",617200
65500,1800,100,"bu","14:01:32",617000
65500,1800,200,"bu","14:01:29",616900
65500,1800,2000,"bu","14:01:29",616700
65500,1800,500,"bu","14:01:29",614700
65500,1800,3100,"bu","14:01:29",614200
65500,1800,600,"bu","14:01:22",611100
65500,1800,100,"bu","14:01:22",610500
65500,1800,100,"bu","14:01:22",610400
65500,1800,200,"bu","14:01:22",610300
65300,1600,200,"sd","14:01:06",610100
65300,1600,200,"sd","14:01:06",609900
65400,1700,100,"sd","14:01:06",609700
65300,1600,300,"sd","14:00:56",609600
65300,1600,200,"sd","14:00:56",609300
65300,1600,100,"sd","14:00:56",609100
65500,1800,200,"bu","14:00:56",609000
65500,1800,300,"bu","14:00:56",608800
65300,1600,100,"sd","14:00:48",608500
65500,1800,300,"bu","14:00:47",608400
65300,1600,800,"bu","14:00:26",608100
65300,1600,100,"bu","14:00:23",607300
65300,1600,100,"bu","14:00:22",607200
65300,1600,100,"bu","14:00:22",607100
65300,1600,900,"bu","14:00:20",607000
65000,1300,100,"sd","14:00:06",606100
65000,1300,100,"bu","13:59:56",606000
65000,1300,100,"bu","13:59:56",605900
65000,1300,500,"bu","13:59:56",605800
65000,1300,200,"bu","13:59:56",605300
65000,1300,500,"bu","13:59:52",605100
65000,1300,900,"bu","13:59:50",604600
65000,1300,700,"bu","13:59:50",603700
65000,1300,100,"bu","13:59:50",603000
65000,1300,800,"bu","13:59:50",602900
64800,1100,500,"sd","13:59:47",602100
64800,1100,100,"bu","13:59:33",601600
64700,1000,100,"bu","13:59:33",601500
64500,800,200,"bu","13:59:32",601400
64500,800,300,"bu","13:59:31",601200
64500,800,3000,"bu","13:59:30",600900
64500,800,2000,"bu","13:59:28",597900
64500,800,500,"bu","13:59:24",595900
64500,800,100,"bu","13:59:23",595400
64500,800,100,"sd","13:59:20",595300
64500,800,500,"sd","13:59:20",595200
64500,800,200,"sd","13:59:20",594700
64900,1200,100,"sd","13:59:20",594500
65000,1300,200,"bu","13:59:12",594400
65000,1300,100,"bu","13:59:12",594200
65000,1300,600,"bu","13:59:12",594100
65000,1300,300,"bu","13:59:12",593500
65000,1300,200,"bu","13:59:12",593200
65000,1300,100,"bu","13:59:12",593000
65000,1300,200,"bu","13:59:12",592900
65000,1300,1000,"bu","13:59:12",592700
65000,1300,100,"bu","13:59:12",591700
65000,1300,1000,"bu","13:59:12",591600
65000,1300,400,"bu","13:59:12",590600
64600,900,2000,"bu","13:59:12",590200
64600,900,500,"bu","13:59:11",588200
64600,900,200,"bu","13:59:11",587700
64600,900,1500,"bu","13:59:11",587500
64600,900,200,"bu","13:59:10",586000
64600,900,200,"sd","13:59:06",585800
64700,1000,300,"sd","13:59:06",585600
64800,1100,100,"sd","13:59:06",585300
65000,1300,600,"bu","13:59:02",585200
65000,1300,1000,"bu","13:59:02",584600
64800,1100,1500,"bu","13:58:58",583600
64800,1100,1000,"bu","13:58:57",582100
64700,1000,300,"sd","13:58:55",581100
64800,1100,100,"bu","13:58:54",580800
64800,1100,7400,"bu","13:58:46",580700
64700,1000,100,"bu","13:58:46",573300
64700,1000,500,"bu","13:58:44",573200
64500,800,2400,"sd","13:58:40",572700
64600,900,600,"sd","13:58:40",570300
64600,900,300,"bu","13:58:38",569700
64600,900,100,"bu","13:58:36",569400
64600,900,100,"bu","13:58:34",569300
64600,900,100,"bu","13:58:34",569200
64600,900,300,"bu","13:58:33",569100
64600,900,100,"bu","13:58:23",568800
64500,800,200,"bu","13:58:17",568700
64500,800,100,"bu","13:58:17",568500
64500,800,500,"bu","13:58:17",568400
64500,800,100,"bu","13:58:17",567900
64500,800,100,"bu","13:58:17",567800
64400,700,100,"bu","13:58:08",567700
64300,600,2000,"bu","13:58:01",567600
64200,500,200,"bu","13:57:54",565600
64200,500,100,"bu","13:57:54",565400
64200,500,1100,"bu","13:57:54",565300
64200,500,4000,"bu","13:57:34",564200
64200,500,3000,"bu","13:57:34",560200
64100,400,1000,"bu","13:57:34",557200
64100,400,1000,"bu","13:57:30",556200
64000,300,100,"bu","13:57:13",555200
64000,300,100,"bu","13:57:13",555100
64000,300,1000,"bu","13:57:13",555000
64000,300,500,"bu","13:57:13",554000
64000,300,100,"bu","13:57:13",553500
64000,300,1000,"bu","13:57:13",553400
64000,300,100,"bu","13:57:13",552400
64000,300,600,"bu","13:57:13",552300
64000,300,500,"bu","13:57:06",551700
64000,300,200,"bu","13:57:02",551200
64000,300,200,"bu","13:56:45",551000
64000,300,500,"bu","13:56:42",550800
64000,300,100,"bu","13:56:42",550300
64000,300,1000,"bu","13:56:42",550200
64000,300,6400,"bu","13:56:42",549200
64000,300,600,"bu","13:56:32",542800
64000,300,100,"bu","13:56:32",542200
64000,300,2000,"bu","13:56:32",542100
64000,300,100,"bu","13:56:32",540100
64000,300,500,"bu","13:56:32",540000
64000,300,1900,"bu","13:56:32",539500
64000,300,100,"bu","13:56:30",537600
64000,300,100,"bu","13:56:30",537500
64000,300,100,"bu","13:56:30",537400
63900,200,200,"sd","13:55:57",537300
63900,200,700,"sd","13:55:48",537100
63900,200,300,"bu","13:53:42",536400
63900,200,200,"bu","13:53:42",536100
63800,100,600,"sd","13:53:06",535900
63800,100,500,"sd","13:53:06",535300
63800,100,200,"sd","13:53:06",534800
63900,200,300,"bu","13:52:10",534600
63900,200,200,"bu","13:52:10",534300
63900,200,400,"bu","13:52:10",534100
63900,200,100,"bu","13:52:10",533700
63900,200,300,"bu","13:52:05",533600
63900,200,100,"bu","13:51:57",533300
63900,200,100,"bu","13:51:57",533200
63900,200,500,"sd","13:51:23",533100
63900,200,300,"sd","13:51:23",532600
63900,200,200,"sd","13:51:23",532300
63900,200,1200,"sd","13:51:13",532100
63900,200,500,"sd","13:50:50",530900
63900,200,800,"sd","13:50:40",530400
63900,200,500,"sd","13:50:40",529600
63900,200,300,"sd","13:50:40",529100
63900,200,400,"sd","13:50:40",528800
64000,300,400,"bu","13:50:16",528400
64000,300,100,"bu","13:50:16",528000
63900,200,300,"sd","13:47:58",527900
63900,200,200,"bu","13:47:00",527600
63900,200,100,"bu","13:47:00",527400
63900,200,300,"bu","13:46:45",527300
63900,200,2300,"bu","13:46:45",527000
63900,200,400,"bu","13:46:45",524700
63900,200,100,"bu","13:45:49",524300
63900,200,1000,"bu","13:44:54",524200
63800,100,2000,"bu","13:44:54",523200
63700,0,100,"sd","13:44:14",521200
63700,0,1500,"bu","13:44:01",521100
63700,0,1000,"bu","13:43:57",519600
63600,-100,200,"sd","13:43:12",518600
63700,0,100,"bu","13:43:09",518400
63700,0,100,"bu","13:42:47",518300
63700,0,300,"bu","13:42:25",518200
63700,0,200,"bu","13:42:20",517900
63700,0,300,"sd","13:42:15",517700
63700,0,100,"sd","13:42:15",517400
63700,0,500,"sd","13:41:55",517300
63700,0,400,"bu","13:41:35",516800
63700,0,500,"bu","13:41:10",516400
63700,0,800,"bu","13:40:48",515900
63700,0,200,"bu","13:40:23",515100
63700,0,100,"sd","13:40:20",514900
63700,0,100,"sd","13:39:59",514800
63700,0,500,"sd","13:39:59",514700
63700,0,900,"sd","13:39:59",514200
63700,0,200,"sd","13:39:27",513300
63900,200,100,"bu","13:38:53",513100
63600,-100,200,"bu","13:38:39",513000
63600,-100,100,"bu","13:38:39",512800
63600,-100,4100,"bu","13:38:39",512700
63600,-100,500,"bu","13:38:33",508600
63600,-100,500,"bu","13:37:50",508100
63600,-100,200,"bu","13:37:32",507600
63600,-100,700,"bu","13:37:22",507400
63600,-100,1000,"bu","13:36:09",506700
63600,-100,400,"bu","13:36:04",505700
63600,-100,300,"bu","13:36:03",505300
63500,-200,300,"bu","13:35:27",505000
63400,-300,100,"sd","13:35:26",504700
63500,-200,1000,"bu","13:35:18",504600
63400,-300,400,"sd","13:35:06",503600
63400,-300,400,"sd","13:35:06",503200
63500,-200,2500,"bu","13:35:04",502800
63400,-300,100,"sd","13:34:46",500300
63500,-200,400,"bu","13:34:19",500200
63400,-300,200,"sd","13:33:32",499800
63500,-200,200,"sd","13:33:22",499600
63500,-200,100,"sd","13:33:20",499400
63500,-200,300,"sd","13:33:12",499300
63500,-200,300,"sd","13:33:12",499000
63500,-200,100,"sd","13:33:12",498700
63500,-200,1000,"sd","13:33:12",498600
63500,-200,1000,"sd","13:33:12",497600
63500,-200,500,"sd","13:33:12",496600
63500,-200,800,"sd","13:33:12",496100
63500,-200,200,"sd","13:33:11",495300
63500,-200,100,"sd","13:33:11",495100
63500,-200,100,"sd","13:33:11",495000
63500,-200,400,"sd","13:33:11",494900
63500,-200,100,"sd","13:33:11",494500
63500,-200,100,"sd","13:33:11",494400
63500,-200,300,"sd","13:33:04",494300
63500,-200,200,"sd","13:32:54",494000
63600,-100,200,"bu","13:32:43",493800
63600,-100,1000,"bu","13:32:27",493600
63600,-100,1000,"bu","13:32:27",492600
63600,-100,100,"sd","13:32:27",491600
63600,-100,2400,"sd","13:32:27",491500
63600,-100,100,"sd","13:32:27",489100
63600,-100,500,"sd","13:32:27",489000
63700,0,500,"bu","13:32:09",488500
63700,0,100,"bu","13:31:41",488000
63700,0,200,"bu","13:30:48",487900
63700,0,200,"bu","13:30:20",487700
63700,0,200,"sd","13:29:22",487500
63700,0,100,"sd","13:29:22",487300
63700,0,500,"sd","13:29:22",487200
63700,0,200,"sd","13:29:22",486700
63700,0,200,"sd","13:29:22",486500
63700,0,100,"sd","13:29:22",486300
63700,0,100,"sd","13:29:13",486200
63700,0,300,"sd","13:28:35",486100
63700,0,100,"sd","13:28:35",485800
63700,0,300,"sd","13:28:35",485700
63700,0,2000,"sd","13:28:19",485400
63700,0,300,"sd","13:24:50",483400
63700,0,1700,"sd","13:24:47",483100
63700,0,200,"sd","13:24:47",481400
63700,0,100,"sd","13:24:47",481200
63700,0,500,"sd","13:24:47",481100
63700,0,100,"sd","13:24:47",480600
63700,0,500,"sd","13:24:47",480500
63700,0,100,"sd","13:24:47",480000
63700,0,200,"sd","13:24:47",479900
63700,0,1100,"sd","13:24:47",479700
63700,0,200,"sd","13:23:35",478600
63700,0,300,"sd","13:23:35",478400
63700,0,600,"sd","13:22:39",478100
63800,100,200,"bu","13:22:05",477500
63800,100,100,"sd","13:21:42",477300
63800,100,3000,"sd","13:21:42",477200
63800,100,200,"sd","13:21:42",474200
63800,100,100,"sd","13:21:42",474000
63800,100,1200,"sd","13:21:42",473900
63800,100,1000,"sd","13:21:02",472700
63900,200,100,"bu","13:20:58",471700
63900,200,200,"bu","13:20:42",471600
63900,200,100,"bu","13:20:30",471400
63800,100,2000,"sd","13:18:34",471300
63900,200,100,"bu","13:18:32",469300
63800,100,100,"sd","13:18:10",469200
63900,200,100,"sd","13:17:32",469100
63900,200,500,"sd","13:17:32",469000
63900,200,200,"sd","13:17:32",468500
63900,200,200,"sd","13:17:32",468300
64000,300,200,"bu","13:16:35",468100
64000,300,200,"bu","13:15:55",467900
64000,300,300,"bu","13:15:37",467700
64000,300,200,"bu","13:14:51",467400
64000,300,100,"bu","13:14:51",467200
63900,200,900,"bu","13:14:17",467100
63800,100,700,"sd","13:14:06",466200
63800,100,600,"sd","13:14:06",465500
63800,100,700,"sd","13:14:06",464900
63900,200,100,"bu","13:13:56",464200
63900,200,200,"bu","13:13:32",464100
63900,200,200,"sd","13:13:30",463900
63900,200,400,"sd","13:13:30",463700
63900,200,1000,"sd","13:13:08",463300
63900,200,500,"sd","13:12:53",462300
63900,200,1100,"bu","13:12:14",461800
63900,200,500,"sd","13:11:54",460700
63900,200,5000,"sd","13:11:54",460200
63900,200,200,"sd","13:11:54",455200
63900,200,200,"sd","13:11:54",455000
64000,300,200,"bu","13:11:07",454800
64000,300,200,"bu","13:11:06",454600
64000,300,2000,"bu","13:10:29",454400
64000,300,500,"bu","13:10:24",452400
64000,300,200,"sd","13:10:04",451900
64000,300,1000,"sd","13:10:04",451700
64000,300,100,"sd","13:10:04",450700
64000,300,100,"bu","13:09:53",450600
64000,300,200,"bu","13:09:53",450500
64000,300,600,"bu","13:09:53",450300
64000,300,700,"bu","13:09:49",449700
63900,200,100,"sd","13:09:04",449000
63900,200,100,"sd","13:08:49",448900
64000,300,200,"bu","13:08:43",448800
64000,300,400,"sd","13:07:31",448600
64000,300,1000,"sd","13:07:28",448200
64000,300,1000,"bu","13:07:18",447200
64000,300,1500,"bu","13:07:18",446200
64000,300,500,"sd","13:07:09",444700
64000,300,100,"bu","13:06:50",444200
64000,300,500,"bu","13:06:45",444100
64000,300,1100,"sd","13:06:42",443600
64000,300,100,"bu","13:06:27",442500
64000,300,100,"bu","13:06:27",442400
64000,300,500,"bu","13:06:27",442300
64000,300,200,"bu","13:06:27",441800
64000,300,400,"bu","13:06:27",441600
64000,300,500,"bu","13:06:24",441200
64000,300,100,"bu","13:06:24",440700
64000,300,200,"bu","13:06:18",440600
64000,300,500,"bu","13:05:45",440400
64000,300,1000,"bu","13:05:35",439900
64000,300,100,"bu","13:05:35",438900
64000,300,100,"bu","13:05:35",438800
64000,300,100,"bu","13:05:35",438700
64000,300,100,"bu","13:05:35",438600
64000,300,2000,"bu","13:05:35",438500
64000,300,100,"bu","13:05:35",436500
64000,300,100,"bu","13:05:35",436400
64000,300,1000,"bu","13:05:13",436300
63800,100,300,"bu","13:04:11",435300
63800,100,300,"bu","13:04:10",435000
63800,100,100,"bu","13:04:05",434700
63800,100,200,"bu","13:03:53",434600
63800,100,200,"bu","13:03:49",434400
63800,100,500,"bu","13:03:42",434200
63800,100,1000,"bu","13:03:34",433700
63800,100,1000,"bu","13:03:28",432700
63800,100,200,"bu","13:01:30",431700
63800,100,500,"sd","13:01:14",431500
63800,100,600,"sd","13:01:14",431000
63800,100,300,"sd","13:01:14",430400
63900,200,500,"sd","13:01:14",430100
64000,300,900,"bu","13:00:36",429600
64000,300,1200,"bu","13:00:36",428700
63900,200,100,"sd","13:00:28",427500
63900,200,100,"sd","13:00:25",427400
63900,200,100,"sd","13:00:20",427300
64000,300,200,"bu","13:00:09",427200
63900,200,300,"bu","13:00:04",427000
63900,200,900,"sd","13:00:01",426700
63900,200,800,"sd","13:00:01",425800
63900,200,100,"sd","13:00:00",425000
64000,300,500,"bu","12:59:59",424900
64000,300,1000,"bu","11:29:58",424400
63900,200,100,"sd","11:29:51",423400
63900,200,300,"bu","11:29:27",423300
63900,200,500,"bu","11:29:06",423000
63900,200,200,"bu","11:29:05",422500
64000,300,2300,"bu","11:28:40",422300
64000,300,200,"bu","11:28:14",420000
64000,300,200,"sd","11:28:13",419800
64000,300,400,"sd","11:28:13",419600
64000,300,100,"bu","11:28:06",419200
64000,300,2700,"bu","11:27:55",419100
64000,300,200,"bu","11:27:44",416400
64000,300,300,"bu","11:27:44",416200
64000,300,500,"bu","11:27:32",415900
64000,300,100,"sd","11:27:26",415400
64000,300,100,"sd","11:27:26",415300
64000,300,200,"bu","11:27:08",415200
64000,300,100,"bu","11:26:59",415000
64000,300,500,"sd","11:26:55",414900
64000,300,200,"sd","11:26:55",414400
64000,300,1000,"sd","11:26:55",414200
64000,300,500,"bu","11:26:41",413200
64000,300,1000,"bu","11:26:41",412700
64000,300,300,"bu","11:26:41",411700
64000,300,1000,"bu","11:26:41",411400
64000,300,1200,"bu","11:26:41",410400
64000,300,800,"bu","11:26:38",409200
64000,300,200,"bu","11:26:38",408400
64000,300,400,"bu","11:26:29",408200
64000,300,600,"bu","11:26:29",407800
64000,300,400,"bu","11:25:59",407200
64000,300,1000,"bu","11:25:59",406800
64000,300,500,"bu","11:25:59",405800
64000,300,100,"bu","11:25:59",405300
64000,300,100,"bu","11:25:59",405200
63900,200,1000,"bu","11:24:23",405100
63900,200,200,"bu","11:24:19",404100
63900,200,1800,"bu","11:24:14",403900
63900,200,1600,"bu","11:24:14",402100
63900,200,500,"bu","11:24:14",400500
63900,200,500,"bu","11:24:14",400000
63700,0,700,"bu","11:23:55",399500
63700,0,200,"bu","11:23:55",398800
63700,0,200,"bu","11:23:55",398600
63600,-100,200,"bu","11:23:23",398400
63600,-100,1000,"bu","11:23:15",398200
63600,-100,1700,"bu","11:23:10",397200
63600,-100,100,"bu","11:22:47",395500
63500,-200,200,"bu","11:22:40",395400
63500,-200,100,"bu","11:22:40",395200
63500,-200,1400,"bu","11:22:20",395100
63400,-300,300,"sd","11:22:13",393700
63500,-200,200,"bu","11:22:10",393400
63400,-300,100,"bu","11:21:56",393200
63400,-300,200,"bu","11:21:55",393100
63400,-300,200,"bu","11:21:42",392900
63400,-300,100,"bu","11:21:42",392700
63300,-400,100,"sd","11:21:31",392600
63300,-400,500,"sd","11:20:56",392500
63400,-300,100,"bu","11:20:52",392000
63400,-300,100,"bu","11:20:04",391900
63400,-300,200,"bu","11:19:29",391800
63400,-300,100,"bu","11:18:54",391600
63400,-300,100,"bu","11:17:24",391500
63400,-300,200,"bu","11:17:07",391400
63400,-300,300,"bu","11:15:26",391200
63300,-400,500,"bu","11:15:26",390900
63300,-400,200,"bu","11:15:26",390400
63200,-500,200,"sd","11:14:52",390200
63200,-500,100,"sd","11:14:24",390000
63200,-500,400,"sd","11:13:44",389900
63200,-500,100,"sd","11:13:44",389500
63200,-500,100,"bu","11:12:18",389400
63200,-500,500,"sd","11:12:14",389300
63200,-500,100,"sd","11:12:14",388800
63200,-500,100,"sd","11:12:14",388700
63200,-500,200,"sd","11:12:14",388600
63200,-500,100,"sd","11:09:41",388400
63200,-500,300,"sd","11:09:22",388300
63200,-500,100,"sd","11:09:18",388000
63200,-500,500,"sd","11:09:18",387900
63200,-500,100,"sd","11:09:18",387400
63300,-400,400,"sd","11:08:33",387300
63400,-300,200,"bu","11:07:36",386900
63400,-300,200,"bu","11:07:27",386700
63400,-300,200,"bu","11:07:18",386500
63400,-300,300,"bu","11:06:18",386300
63500,-200,200,"sd","11:05:26",386000
63500,-200,100,"sd","11:05:26",385800
63500,-200,1000,"sd","11:05:21",385700
63500,-200,2000,"sd","11:05:19",384700
63500,-200,1000,"sd","11:05:02",382700
63500,-200,200,"sd","11:04:59",381700
63500,-200,300,"sd","11:04:58",381500
63500,-200,400,"sd","11:04:30",381200
63500,-200,1300,"bu","11:04:06",380800
63500,-200,400,"bu","11:04:06",379500
63500,-200,3000,"bu","11:04:06",379100
63500,-200,2000,"bu","11:04:06",376100
63500,-200,100,"bu","11:04:06",374100
63500,-200,100,"bu","11:04:06",374000
63500,-200,100,"bu","11:04:06",373900
63400,-300,200,"bu","11:04:06",373800
63400,-300,900,"bu","11:04:06",373600
63300,-400,200,"bu","11:04:06",372700
63100,-600,100,"sd","11:02:43",372500
63100,-600,1000,"sd","11:02:43",372400
63100,-600,300,"sd","11:02:12",371400
63100,-600,100,"sd","11:02:12",371100
63100,-600,500,"sd","11:02:12",371000
63100,-600,100,"sd","11:02:12",370500
63100,-600,100,"sd","11:02:05",370400
63100,-600,100,"sd","11:02:05",370300
63100,-600,200,"sd","10:57:19",370200
63100,-600,100,"sd","10:56:53",370000
63100,-600,300,"sd","10:56:43",369900
63200,-500,100,"sd","10:56:43",369600
63300,-400,600,"sd","10:56:43",369500
63400,-300,1000,"bu","10:56:40",368900
63300,-400,300,"bu","10:56:03",367900
63300,-400,600,"bu","10:56:03",367600
63300,-400,100,"bu","10:55:12",367000
63300,-400,200,"bu","10:55:12",366900
63300,-400,200,"bu","10:55:12",366700
63400,-300,100,"bu","10:52:41",366500
63300,-400,900,"bu","10:52:41",366400
63300,-400,1100,"sd","10:52:09",365500
63300,-400,200,"sd","10:52:07",364400
63300,-400,200,"bu","10:52:00",364200
63300,-400,500,"bu","10:52:00",364000
63100,-600,800,"sd","10:51:45",363500
63100,-600,2000,"bu","10:50:54",362700
63100,-600,2000,"sd","10:50:24",360700
63100,-600,2000,"sd","10:50:05",358700
63100,-600,300,"bu","10:49:51",356700
63100,-600,4600,"bu","10:49:51",356400
63100,-600,500,"sd","10:49:27",351800
63100,-600,2000,"sd","10:49:27",351300
63100,-600,1500,"sd","10:49:27",349300
63200,-500,100,"sd","10:48:49",347800
63100,-600,500,"sd","10:48:37",347700
63100,-600,100,"sd","10:48:37",347200
63200,-500,400,"sd","10:48:37",347100
63200,-500,100,"bu","10:48:19",346700
63200,-500,100,"sd","10:48:14",346600
63200,-500,100,"sd","10:48:14",346500
63200,-500,100,"sd","10:48:14",346400
63200,-500,600,"sd","10:48:14",346300
63200,-500,2400,"sd","10:48:03",345700
63200,-500,1000,"sd","10:48:03",343300
63200,-500,500,"sd","10:48:03",342300
63200,-500,700,"sd","10:48:03",341800
63200,-500,100,"sd","10:47:57",341100
63200,-500,4100,"sd","10:43:48",341000
63300,-400,5000,"sd","10:43:48",336900
63300,-400,400,"sd","10:43:48",331900
63400,-300,600,"sd","10:43:48",331500
63400,-300,100,"bu","10:43:43",330900
63400,-300,500,"bu","10:43:42",330800
63400,-300,3800,"bu","10:43:42",330300
63300,-400,100,"sd","10:43:36",326500
63300,-400,300,"bu","10:43:16",326400
63300,-400,100,"bu","10:43:16",326100
63300,-400,700,"bu","10:43:13",326000
63300,-400,1900,"bu","10:43:11",325300
63300,-400,100,"bu","10:43:11",323400
63300,-400,1900,"bu","10:43:11",323300
63200,-500,100,"bu","10:42:53",321400
63200,-500,100,"bu","10:42:50",321300
63200,-500,1000,"sd","10:42:32",321200
63200,-500,500,"bu","10:42:32",320200
63200,-500,100,"bu","10:42:32",319700
63200,-500,500,"bu","10:42:32",319600
63200,-500,900,"bu","10:42:32",319100
63100,-600,2300,"sd","10:42:13",318200
63100,-600,100,"bu","10:40:36",315900
63100,-600,600,"bu","10:40:36",315800
63100,-600,1000,"bu","10:40:23",315200
63100,-600,2300,"bu","10:40:08",314200
63100,-600,100,"bu","10:40:01",311900
63100,-600,1100,"bu","10:39:25",311800
63100,-600,100,"sd","10:39:24",310700
63100,-600,1600,"sd","10:39:24",310600
63100,-600,100,"sd","10:39:24",309000
63100,-600,1100,"sd","10:39:24",308900
63100,-600,300,"sd","10:38:04",307800
63100,-600,600,"bu","10:37:18",307500
63100,-600,200,"sd","10:36:42",306900
63200,-500,100,"bu","10:36:34",306700
63100,-600,300,"bu","10:36:26",306600
63100,-600,100,"bu","10:36:04",306300
63100,-600,100,"bu","10:35:12",306200
63200,-500,1000,"bu","10:35:00",306100
63200,-500,500,"bu","10:35:00",305100
63200,-500,400,"bu","10:35:00",304600
63200,-500,1000,"bu","10:35:00",304200
63200,-500,100,"bu","10:35:00",303200
63200,-500,200,"bu","10:34:44",303100
63000,-700,700,"sd","10:34:19",302900
63000,-700,100,"sd","10:34:19",302200
63000,-700,500,"sd","10:34:19",302100
63000,-700,300,"sd","10:34:19",301600
63000,-700,500,"sd","10:34:19",301300
63000,-700,500,"sd","10:34:19",300800
63000,-700,500,"sd","10:34:19",300300
63000,-700,500,"sd","10:34:19",299800
63000,-700,400,"sd","10:34:19",299300
63000,-700,200,"sd","10:34:19",298900
63000,-700,500,"sd","10:34:19",298700
63000,-700,100,"sd","10:34:19",298200
63000,-700,500,"sd","10:34:19",298100
63000,-700,100,"sd","10:34:19",297600
63000,-700,100,"sd","10:34:19",297500
63000,-700,200,"sd","10:34:19",297400
63000,-700,500,"sd","10:34:19",297200
63000,-700,1000,"sd","10:34:19",296700
63000,-700,100,"sd","10:34:19",295700
63000,-700,100,"sd","10:34:19",295600
63000,-700,300,"sd","10:34:19",295500
63100,-600,300,"sd","10:34:19",295200
63100,-600,100,"bu","10:34:10",294900
63100,-600,900,"sd","10:34:02",294800
63100,-600,100,"sd","10:33:38",293900
63100,-600,200,"sd","10:33:38",293800
63100,-600,1000,"sd","10:33:38",293600
63100,-600,2700,"sd","10:33:38",292600
63100,-600,200,"sd","10:33:25",289900
63100,-600,100,"sd","10:32:11",289700
63200,-500,1500,"bu","10:31:46",289600
63100,-600,100,"bu","10:31:38",288100
63100,-600,900,"sd","10:31:26",288000
63100,-600,100,"bu","10:31:22",287100
63100,-600,500,"bu","10:31:03",287000
63100,-600,100,"bu","10:31:03",286500
63100,-600,1000,"bu","10:30:46",286400
63100,-600,1900,"bu","10:30:44",285400
63100,-600,100,"bu","10:30:44",283500
63100,-600,100,"sd","10:30:10",283400
63100,-600,600,"sd","10:30:10",283300
63100,-600,200,"sd","10:30:04",282700
63100,-600,1200,"bu","10:29:34",282500
63100,-600,100,"sd","10:29:16",281300
63100,-600,200,"sd","10:29:16",281200
63100,-600,500,"sd","10:29:16",281000
63100,-600,500,"sd","10:28:38",280500
63100,-600,200,"bu","10:28:29",280000
63100,-600,800,"bu","10:28:29",279800
63100,-600,200,"bu","10:28:25",279000
63200,-500,200,"bu","10:28:00",278800
63100,-600,500,"sd","10:27:24",278600
63100,-600,500,"sd","10:27:24",278100
63300,-400,100,"bu","10:26:58",277600
63100,-600,200,"bu","10:25:53",277500
63100,-600,1800,"sd","10:25:51",277300
63100,-600,200,"sd","10:25:47",275500
63100,-600,100,"sd","10:24:58",275300
63100,-600,500,"sd","10:24:48",275200
63100,-600,1500,"sd","10:24:48",274700
63400,-300,400,"bu","10:22:17",273200
63400,-300,2800,"bu","10:20:24",272800
63400,-300,100,"bu","10:20:24",270000
63400,-300,100,"bu","10:20:24",269900
63400,-300,200,"bu","10:20:24",269800
63300,-400,800,"bu","10:20:24",269600
63200,-500,1000,"bu","10:20:24",268800
63000,-700,700,"bu","10:19:10",267800
62900,-800,700,"sd","10:18:11",267100
63000,-700,1000,"bu","10:18:11",266400
63000,-700,100,"bu","10:18:06",265400
63000,-700,1000,"bu","10:18:00",265300
63000,-700,100,"bu","10:17:29",264300
63000,-700,300,"sd","10:17:24",264200
63000,-700,100,"sd","10:17:24",263900
63000,-700,300,"sd","10:17:24",263800
63000,-700,200,"sd","10:17:24",263500
63000,-700,100,"sd","10:17:24",263300
63000,-700,100,"sd","10:17:24",263200
63000,-700,200,"sd","10:17:24",263100
63000,-700,100,"sd","10:17:24",262900
63000,-700,100,"sd","10:17:24",262800
63000,-700,2000,"sd","10:17:24",262700
63000,-700,3100,"sd","10:17:24",260700
63000,-700,200,"sd","10:17:24",257600
63000,-700,1000,"sd","10:17:24",257400
63000,-700,100,"bu","10:14:47",256400
63000,-700,200,"bu","10:14:39",256300
63000,-700,100,"bu","10:14:39",256100
63000,-700,100,"bu","10:14:14",256000
63000,-700,1000,"bu","10:14:04",255900
63000,-700,1000,"bu","10:14:04",254900
63000,-700,1000,"bu","10:14:04",253900
63000,-700,200,"bu","10:14:04",252900
63000,-700,1800,"bu","10:14:04",252700
62900,-800,300,"sd","10:13:54",250900
62900,-800,100,"sd","10:13:54",250600
62900,-800,600,"sd","10:13:54",250500
62900,-800,100,"sd","10:13:54",249900
62900,-800,400,"sd","10:13:54",249800
62900,-800,100,"sd","10:13:49",249400
62900,-800,100,"sd","10:13:49",249300
62900,-800,100,"sd","10:13:49",249200
62900,-800,100,"sd","10:13:49",249100
62900,-800,200,"sd","10:13:49",249000
62900,-800,300,"sd","10:13:49",248800
62900,-800,100,"sd","10:13:49",248500
63000,-700,1200,"bu","10:13:48",248400
63000,-700,5700,"bu","10:13:36",247200
63000,-700,200,"bu","10:13:27",241500
63000,-700,1000,"bu","10:13:18",241300
63000,-700,10000,"bu","10:13:11",240300
63000,-700,400,"bu","10:13:11",230300
63000,-700,1000,"bu","10:13:01",229900
63000,-700,500,"bu","10:12:59",228900
63000,-700,700,"bu","10:12:43",228400
63000,-700,100,"bu","10:12:26",227700
62900,-800,100,"sd","10:12:22",227600
62900,-800,100,"sd","10:12:22",227500
63000,-700,200,"bu","10:12:18",227400
62900,-800,200,"sd","10:12:18",227200
62900,-800,200,"sd","10:12:18",227000
62900,-800,100,"sd","10:12:18",226800
62900,-800,100,"sd","10:12:14",226700
62900,-800,900,"sd","10:12:14",226600
62900,-800,100,"sd","10:12:06",225700
63000,-700,100,"bu","10:11:59",225600
63000,-700,100,"bu","10:11:54",225500
63000,-700,100,"sd","10:11:53",225400
63000,-700,100,"sd","10:11:53",225300
63000,-700,100,"sd","10:11:53",225200
63000,-700,300,"sd","10:11:53",225100
63000,-700,100,"sd","10:11:53",224800
63000,-700,500,"sd","10:11:53",224700
63000,-700,1000,"sd","10:11:53",224200
63000,-700,500,"sd","10:11:53",223200
63000,-700,9300,"sd","10:11:53",222700
63100,-600,5000,"unknown","10:11:53",213400
63000,-700,5700,"sd","10:11:51",208400
63000,-700,12400,"sd","10:11:51",202700
63000,-700,2600,"sd","10:11:47",190300
63000,-700,100,"sd","10:11:47",187700
63000,-700,200,"sd","10:11:47",187600
63000,-700,2000,"sd","10:11:47",187400
63000,-700,1400,"sd","10:11:47",185400
63000,-700,300,"sd","10:11:47",184000
63000,-700,200,"sd","10:11:47",183700
63000,-700,100,"sd","10:11:47",183500
63000,-700,100,"sd","10:11:38",183400
63000,-700,1900,"sd","10:11:38",183300
63000,-700,100,"sd","10:11:33",181400
63000,-700,2900,"sd","10:11:33",181300
63000,-700,2100,"sd","10:11:24",178400
63000,-700,200,"sd","10:11:24",176300
63000,-700,100,"sd","10:11:24",176100
63000,-700,4900,"sd","10:11:18",176000
63000,-700,600,"sd","10:11:18",171100
63200,-500,500,"sd","10:11:18",170500
63000,-700,400,"sd","10:11:13",170000
63000,-700,3000,"sd","10:11:13",169600
63000,-700,100,"sd","10:11:13",166600
63000,-700,900,"sd","10:11:13",166500
63000,-700,9100,"sd","10:11:08",165600
63000,-700,500,"sd","10:11:08",156500
63000,-700,200,"sd","10:11:08",156000
63000,-700,200,"sd","10:11:08",155800
63000,-700,900,"sd","10:11:05",155600
63000,-700,900,"sd","10:10:55",154700
63000,-700,200,"sd","10:10:55",153800
63000,-700,200,"sd","10:10:55",153600
63000,-700,4100,"sd","10:10:55",153400
63100,-600,500,"sd","10:10:55",149300
63100,-600,100,"sd","10:10:55",148800
63000,-700,900,"sd","10:10:46",148700
63000,-700,200,"sd","10:10:46",147800
63000,-700,100,"sd","10:10:46",147600
63000,-700,5900,"sd","10:10:46",147500
63100,-600,300,"sd","10:10:46",141600
63100,-600,600,"sd","10:10:46",141300
63100,-600,400,"sd","10:10:26",140700
63100,-600,100,"sd","10:10:26",140300
63100,-600,300,"sd","10:10:26",140200
63100,-600,100,"sd","10:10:26",139900
63100,-600,200,"sd","10:10:26",139800
63100,-600,1000,"sd","10:10:26",139600
63100,-600,100,"sd","10:10:26",138600
63100,-600,400,"sd","10:10:26",138500
63200,-500,300,"sd","10:10:26",138100
63200,-500,100,"sd","10:10:26",137800
63100,-600,600,"sd","10:09:36",137700
63100,-600,5000,"sd","10:09:36",137100
63200,-500,100,"sd","10:09:36",132100
63200,-500,300,"sd","10:09:36",132000
63200,-500,500,"sd","10:09:19",131700
63200,-500,1600,"sd","10:09:19",131200
63200,-500,500,"sd","10:09:19",129600
63200,-500,200,"sd","10:09:19",129100
63200,-500,100,"sd","10:09:19",128900
63200,-500,500,"sd","10:09:19",128800
63200,-500,500,"sd","10:09:19",128300
63200,-500,100,"sd","10:09:19",127800
63300,-400,200,"sd","10:08:59",127700
63300,-400,100,"sd","10:08:59",127500
63300,-400,500,"sd","10:08:59",127400
63300,-400,100,"sd","10:08:31",126900
63300,-400,1100,"bu","10:06:33",126800
63300,-400,5900,"bu","10:06:33",125700
63300,-400,500,"bu","10:06:16",119800
63300,-400,100,"bu","10:05:47",119300
63300,-400,100,"bu","10:05:20",119200
63300,-400,100,"bu","10:04:33",119100
63300,-400,100,"bu","10:03:53",119000
63300,-400,2000,"bu","10:03:33",118900
63300,-400,700,"bu","10:03:01",116900
63300,-400,100,"bu","10:02:41",116200
63300,-400,1200,"bu","10:02:12",116100
63300,-400,100,"bu","10:02:06",114900
63300,-400,100,"bu","10:01:21",114800
63200,-500,400,"sd","10:01:20",114700
63200,-500,100,"sd","10:01:20",114300
63200,-500,200,"sd","10:01:20",114200
63200,-500,1000,"sd","10:01:20",114000
63200,-500,200,"sd","10:01:20",113000
63200,-500,100,"sd","10:01:20",112800
63300,-400,1000,"bu","10:01:16",112700
63300,-400,1500,"bu","10:01:10",111700
63300,-400,1000,"bu","10:00:50",110200
63200,-500,100,"sd","10:00:49",109200
63200,-500,500,"sd","10:00:49",109100
63200,-500,300,"sd","10:00:49",108600
63200,-500,1000,"sd","10:00:49",108300
63400,-300,100,"sd","10:00:33",107300
63400,-300,400,"sd","10:00:33",107200
63500,-200,100,"bu","09:59:51",106800
63500,-200,100,"bu","09:59:51",106700
63400,-300,100,"bu","09:59:21",106600
63300,-400,200,"sd","09:59:15",106500
63300,-400,500,"sd","09:59:15",106300
63300,-400,500,"sd","09:59:15",105800
63300,-400,100,"sd","09:59:15",105300
63300,-400,300,"sd","09:59:15",105200
63300,-400,100,"sd","09:59:15",104900
63300,-400,1000,"sd","09:59:15",104800
63300,-400,1000,"sd","09:59:15",103800
63300,-400,100,"sd","09:59:15",102800
63300,-400,200,"sd","09:59:15",102700
63300,-400,100,"sd","09:59:15",102500
63300,-400,2700,"sd","09:59:15",102400
63300,-400,400,"sd","09:57:20",99700
63300,-400,400,"sd","09:56:22",99300
63300,-400,100,"sd","09:56:22",98900
63400,-300,500,"sd","09:56:22",98800
63300,-400,900,"sd","09:52:37",98300
63300,-400,100,"sd","09:52:37",97400
63300,-400,200,"sd","09:52:37",97300
63300,-400,100,"sd","09:52:37",97100
63300,-400,500,"sd","09:52:37",97000
63300,-400,200,"sd","09:52:37",96500
63300,-400,300,"sd","09:52:37",96300
63300,-400,400,"sd","09:52:37",96000
63300,-400,200,"sd","09:52:37",95600
63300,-400,100,"sd","09:52:37",95400
63300,-400,200,"sd","09:52:11",95300
63300,-400,100,"sd","09:52:11",95100
63300,-400,200,"sd","09:52:11",95000
63300,-400,100,"sd","09:52:11",94800
63300,-400,100,"sd","09:52:11",94700
63300,-400,300,"sd","09:52:11",94600
63300,-400,100,"sd","09:52:06",94300
63300,-400,200,"sd","09:52:06",94200
63300,-400,100,"sd","09:51:38",94000
63300,-400,400,"sd","09:50:52",93900
63300,-400,500,"sd","09:50:52",93500
63300,-400,200,"sd","09:50:52",92000
63300,-400,1000,"sd","09:50:52",93000
63400,-300,2000,"sd","09:50:52",91800
63400,-300,100,"sd","09:50:52",89800
63400,-300,100,"sd","09:50:52",89700
63400,-300,300,"sd","09:50:52",89600
63400,-300,100,"sd","09:50:52",89300
63400,-300,600,"sd","09:50:52",89200
63400,-300,500,"sd","09:50:52",88600
63400,-300,100,"sd","09:50:52",88100
63400,-300,100,"sd","09:50:52",88000
63400,-300,900,"sd","09:50:52",87900
63400,-300,100,"sd","09:50:52",87000
63500,-200,1000,"sd","09:50:52",86900
63500,-200,1400,"sd","09:50:52",85900
63500,-200,100,"sd","09:50:52",84500
63500,-200,200,"sd","09:50:52",84400
63500,-200,300,"sd","09:50:52",84200
63500,-200,700,"sd","09:49:10",83900
63500,-200,2300,"sd","09:49:10",83200
63500,-200,1000,"bu","09:48:54",80900
63500,-200,500,"bu","09:48:54",79900
63500,-200,200,"bu","09:48:54",79400
63500,-200,100,"bu","09:48:31",79200
63500,-200,300,"bu","09:48:14",79100
63500,-200,300,"bu","09:48:08",78800
63500,-200,2000,"sd","09:47:20",78500
63500,-200,500,"sd","09:47:20",76500
63500,-200,200,"sd","09:47:20",76000
63500,-200,200,"sd","09:47:20",75800
63500,-200,900,"sd","09:47:20",75600
63500,-200,600,"sd","09:47:20",74700
63500,-200,1000,"sd","09:47:20",74100
63500,-200,100,"sd","09:47:20",73100
63500,-200,600,"sd","09:47:20",73000
63500,-200,8000,"sd","09:47:18",72400
63500,-200,400,"sd","09:46:21",64400
63500,-200,100,"sd","09:46:21",64000
63500,-200,100,"sd","09:46:21",63900
63500,-200,300,"sd","09:46:21",63800
63600,-100,100,"bu","09:45:23",63500
63600,-100,200,"bu","09:45:17",63400
63600,-100,200,"sd","09:44:46",63200
63600,-100,100,"bu","09:44:40",63000
63500,-200,400,"sd","09:44:13",62900
63600,-100,200,"bu","09:43:53",62500
63600,-100,1000,"sd","09:42:54",62300
63600,-100,1000,"sd","09:42:54",61300
63600,-100,500,"sd","09:42:54",60300
63600,-100,100,"sd","09:42:54",59800
63600,-100,100,"sd","09:42:54",59700
63600,-100,400,"sd","09:42:54",59600
63600,-100,200,"sd","09:42:54",59200
63600,-100,100,"sd","09:42:54",59000
63600,-100,300,"sd","09:42:54",58900
63600,-100,100,"bu","09:39:00",58600
63500,-200,2000,"sd","09:38:31",58500
63500,-200,2300,"sd","09:38:20",56500
63500,-200,300,"sd","09:38:20",54200
63500,-200,100,"sd","09:38:20",53900
63600,-100,300,"sd","09:38:20",53800
63500,-200,100,"sd","09:37:50",53500
63500,-200,1000,"sd","09:37:50",53400
63500,-200,100,"sd","09:37:50",52400
63500,-200,200,"sd","09:37:50",52300
63500,-200,600,"sd","09:37:50",52100
63700,0,600,"bu","09:37:50",51500
63700,0,500,"bu","09:37:50",50900
63700,0,900,"bu","09:37:50",50400
63700,0,100,"bu","09:36:30",49500
63700,0,300,"bu","09:36:30",49400
63700,0,100,"bu","09:36:30",49100
63700,0,100,"bu","09:35:47",49000
63600,-100,100,"bu","09:35:27",48900
63500,-200,400,"sd","09:35:19",48800
63600,-100,600,"bu","09:35:07",48400
63600,-100,600,"bu","09:34:38",47800
63600,-100,800,"bu","09:34:09",47200
63600,-100,100,"bu","09:34:09",46400
63600,-100,100,"bu","09:34:09",46300
63600,-100,900,"bu","09:33:32",46200
63600,-100,500,"bu","09:32:13",45300
63600,-100,100,"bu","09:31:33",44800
63500,-200,100,"sd","09:31:14",44700
63500,-200,100,"sd","09:31:14",44600
63500,-200,500,"sd","09:31:14",44500
63500,-200,300,"sd","09:31:14",44000
63500,-200,100,"sd","09:30:06",43700
63500,-200,100,"sd","09:30:06",43600
63500,-200,200,"sd","09:29:27",43500
63500,-200,1000,"sd","09:29:27",43300
63500,-200,1000,"sd","09:29:27",42300
63500,-200,100,"sd","09:29:27",41300
63500,-200,100,"sd","09:29:27",41200
63500,-200,1000,"sd","09:29:27",41100
63500,-200,400,"sd","09:29:27",40100
63500,-200,100,"sd","09:29:27",39700
63500,-200,600,"sd","09:29:27",39600
63500,-200,300,"sd","09:29:27",39000
63500,-200,200,"sd","09:29:27",38700
63600,-100,200,"sd","09:28:56",38500
63600,-100,200,"sd","09:28:56",38300
63600,-100,1000,"sd","09:28:28",38100
63700,0,100,"bu","09:28:15",37100
63700,0,900,"bu","09:28:07",37000
63700,0,800,"bu","09:28:03",36100
63600,-100,100,"bu","09:27:30",35300
63600,-100,100,"bu","09:27:08",35200
63600,-100,500,"bu","09:27:07",35100
63600,-100,100,"bu","09:27:06",34600
63600,-100,500,"bu","09:26:43",34500
63500,-200,800,"sd","09:25:29",34000
63500,-200,100,"sd","09:25:29",33200
63500,-200,100,"sd","09:25:29",33100
63500,-200,3000,"sd","09:25:29",33000
63500,-200,1000,"sd","09:25:29",30000
63500,-200,1000,"sd","09:25:00",29000
63500,-200,100,"sd","09:25:00",28000
63500,-200,10000,"sd","09:25:00",27900
63500,-200,200,"sd","09:25:00",17900
63500,-200,100,"sd","09:25:00",17700
63600,-100,100,"sd","09:25:00",17600
63600,-100,200,"sd","09:25:00",17500
63600,-100,100,"sd","09:25:00",17300
63600,-100,100,"sd","09:25:00",17200
63600,-100,100,"sd","09:25:00",17100
63700,0,700,"bu","09:24:54",17000
63700,0,100,"bu","09:24:52",16300
63700,0,100,"bu","09:24:46",16200
63600,-100,100,"sd","09:24:42",16100
63600,-100,300,"sd","09:23:38",16000
63600,-100,500,"sd","09:23:38",15700
63600,-100,200,"sd","09:23:38",15200
63700,0,300,"bu","09:23:15",15000
63700,0,100,"sd","09:22:57",14700
63700,0,500,"sd","09:22:57",14600
63700,0,2900,"sd","09:22:57",14100
63700,0,100,"sd","09:22:55",11200
63700,0,1900,"sd","09:22:55",11100
63700,0,100,"sd","09:22:47",9200
63700,0,100,"sd","09:22:47",9100
63700,0,300,"sd","09:22:47",9000
63700,0,200,"sd","09:22:47",8700
63700,0,100,"sd","09:22:47",8500
63700,0,500,"sd","09:22:47",8400
63700,0,500,"sd","09:22:47",7900
63700,0,200,"sd","09:22:47",7400
63800,100,200,"bu","09:22:17",7200
63800,100,100,"sd","09:21:06",7000
63800,100,200,"sd","09:21:05",6900
63800,100,500,"sd","09:21:05",6700
63800,100,300,"sd","09:21:05",6200
63800,100,500,"sd","09:20:47",5900
63800,100,200,"sd","09:19:27",5400
63800,100,100,"sd","09:19:13",5200
64000,300,200,"bu","09:18:33",5100
64000,300,1400,"bu","09:16:51",4900
64000,300,600,"bu","09:16:51",3500
63900,200,200,"sd","09:16:50",2900
64000,300,400,"bu","09:15:48",2700
64000,300,100,"bu","09:15:41",2300
64000,300,2200,"bu","09:15:00",2200
