"price","change","match_qtty","side","time","total_vol"
11250,-800,53600,"unknown","14:45:01",2191600
11250,-800,200,"bu","14:29:47",2138000
11250,-800,300,"bu","14:29:47",2137800
11250,-800,400,"bu","14:29:42",2137500
11250,-800,100,"bu","14:29:19",2137100
11250,-800,800,"bu","14:28:49",2137000
11250,-800,200,"bu","14:28:13",2136200
11250,-800,200,"bu","14:28:11",2136000
11250,-800,300,"bu","14:28:11",2135800
11250,-800,500,"bu","14:28:05",2135500
11250,-800,200,"bu","14:27:37",2135000
11250,-800,600,"bu","14:27:37",2134800
11250,-800,100,"bu","14:27:01",2134200
11250,-800,900,"bu","14:27:00",2134100
11250,-800,2000,"bu","14:26:58",2133200
11250,-800,200,"bu","14:26:50",2131200
11250,-800,200,"bu","14:26:49",2131000
11250,-800,100,"bu","14:26:48",2130800
11250,-800,100,"bu","14:26:13",2130700
11250,-800,200,"bu","14:25:09",2130600
11250,-800,100,"bu","14:24:48",2130400
11250,-800,700,"bu","14:22:05",2130300
11250,-800,500,"bu","14:21:58",2129600
11250,-800,100,"bu","14:21:38",2129100
11250,-800,2000,"bu","14:21:20",2129000
11250,-800,1000,"bu","14:20:54",2127000
11250,-800,100,"bu","14:20:24",2126000
11250,-800,1100,"sd","14:20:22",2125900
11250,-800,900,"bu","14:20:15",2124800
11250,-800,1000,"sd","14:20:13",2123900
11250,-800,8100,"sd","14:20:13",2122900
11250,-800,100,"sd","14:20:04",2114800
11250,-800,100,"sd","14:19:52",2114700
11250,-800,100,"bu","14:19:45",2114600
11250,-800,1600,"bu","14:19:45",2114500
11250,-800,1400,"bu","14:19:26",2112900
11250,-800,600,"bu","14:19:26",2111500
11250,-800,4400,"bu","14:19:20",2110900
11250,-800,200,"bu","14:19:20",2106500
11250,-800,400,"bu","14:19:20",2106300
11250,-800,1000,"bu","14:19:05",2105900
11250,-800,200,"bu","14:18:59",2104900
11250,-800,1100,"bu","14:18:56",2104700
11250,-800,600,"bu","14:18:13",2103600
11250,-800,300,"bu","14:18:13",2103000
11250,-800,1000,"bu","14:18:13",2102700
11250,-800,100,"bu","14:18:13",2101700
11250,-800,500,"bu","14:17:56",2101600
11250,-800,400,"bu","14:17:54",2101100
11250,-800,100,"bu","14:17:47",2100700
11250,-800,100,"bu","14:17:42",2100600
11250,-800,100,"bu","14:17:38",2100500
11250,-800,2000,"bu","14:17:11",2100400
11250,-800,6700,"bu","14:17:03",2098400
11250,-800,3300,"bu","14:17:03",2091700
11250,-800,2000,"bu","14:16:36",2088400
11250,-800,1000,"bu","14:16:19",2086400
11250,-800,200,"bu","14:16:00",2085400
11250,-800,700,"bu","14:15:59",2085200
11250,-800,200,"bu","14:15:58",2084500
11250,-800,100,"bu","14:15:27",2084300
11250,-800,100,"bu","14:15:18",2084200
11250,-800,500,"bu","14:15:13",2084100
11250,-800,100,"sd","14:14:44",2083600
11250,-800,200,"sd","14:14:44",2083500
11250,-800,1000,"sd","14:14:44",2083300
11250,-800,100,"bu","14:14:20",2082300
11250,-800,500,"bu","14:14:20",2082200
11250,-800,1200,"bu","14:14:20",2081700
11250,-800,100,"bu","14:14:20",2080500
11250,-800,3000,"bu","14:14:20",2080400
11250,-800,1900,"bu","14:14:20",2077400
11250,-800,5000,"bu","14:14:20",2075500
11250,-800,100,"bu","14:14:20",2070500
11250,-800,15000,"bu","14:14:20",2070400
11250,-800,2000,"bu","14:14:20",2055400
11250,-800,100,"bu","14:14:20",2053400
11250,-800,100,"bu","14:13:44",2053300
11250,-800,500,"bu","14:13:16",2053200
11250,-800,100,"sd","14:12:31",2052700
11250,-800,100,"sd","14:12:31",2052600
11250,-800,500,"sd","14:12:31",2052500
11250,-800,300,"sd","14:12:31",2052000
11250,-800,1100,"sd","14:12:26",2051700
11250,-800,300,"sd","14:12:26",2050600
11250,-800,500,"sd","14:12:26",2050300
11250,-800,100,"sd","14:12:26",2049800
11250,-800,100,"sd","14:12:02",2049700
11250,-800,100,"sd","14:12:02",2049600
11250,-800,100,"sd","14:12:02",2049500
11250,-800,1800,"sd","14:12:02",2049400
11250,-800,300,"sd","14:12:00",2047600
11250,-800,100,"sd","14:12:00",2047300
11250,-800,5000,"sd","14:11:54",2047200
11250,-800,3000,"sd","14:11:52",2042200
11250,-800,500,"sd","14:11:45",2039200
11300,-750,1000,"bu","14:11:43",2038700
11250,-800,200,"sd","14:11:34",2037700
11250,-800,1000,"sd","14:11:28",2037500
11250,-800,8100,"sd","14:11:21",2036500
11250,-800,500,"sd","14:11:21",2028400
11250,-800,1000,"sd","14:11:21",2027900
11250,-800,100,"sd","14:11:21",2026900
11250,-800,300,"sd","14:11:21",2026800
11300,-750,1000,"bu","14:11:21",2026500
11250,-800,1000,"sd","14:11:10",2025500
11300,-750,3000,"bu","14:10:55",2024500
11300,-750,1000,"bu","14:10:38",2021500
11300,-750,100,"bu","14:10:28",2020500
11300,-750,100,"bu","14:10:27",2020400
11300,-750,500,"bu","14:10:08",2020300
11250,-800,100,"bu","14:09:59",2019800
11250,-800,2000,"bu","14:09:59",2019700
11250,-800,800,"bu","14:09:59",2017700
11250,-800,100,"bu","14:09:54",2016900
11250,-800,100,"bu","14:09:53",2016800
11250,-800,1000,"bu","14:09:51",2016700
11250,-800,900,"bu","14:09:44",2015700
11250,-800,100,"bu","14:09:36",2014800
11250,-800,900,"bu","14:09:36",2014700
11250,-800,300,"bu","14:09:35",2013800
11250,-800,1400,"bu","14:09:31",2013500
11250,-800,200,"bu","14:09:31",2012100
11250,-800,5000,"bu","14:09:30",2011900
11250,-800,1500,"bu","14:09:30",2006900
11250,-800,700,"bu","14:09:26",2005400
11250,-800,300,"bu","14:09:26",2004700
11250,-800,400,"bu","14:09:24",2004400
11250,-800,200,"bu","14:09:24",2004000
11250,-800,400,"bu","14:09:24",2003800
11250,-800,100,"bu","14:09:23",2003400
11250,-800,400,"bu","14:09:23",2003300
11250,-800,200,"bu","14:09:23",2002900
11250,-800,300,"bu","14:09:23",2002700
11250,-800,100,"bu","14:09:23",2002400
11250,-800,500,"bu","14:09:23",2002300
11250,-800,500,"bu","14:09:23",2001800
11250,-800,100,"bu","14:09:23",2001300
11250,-800,1000,"bu","14:09:23",2001200
11250,-800,100,"bu","14:09:23",2000200
11250,-800,500,"bu","14:09:23",2000100
11250,-800,500,"bu","14:09:23",1999600
11250,-800,1300,"bu","14:09:23",1999100
11250,-800,1000,"bu","14:09:23",1997800
11250,-800,1000,"bu","14:09:23",1996800
11250,-800,2400,"bu","14:09:23",1995800
11250,-800,3000,"bu","14:09:16",1993400
11250,-800,1000,"bu","14:09:11",1990400
11250,-800,200,"bu","14:09:11",1989400
11250,-800,400,"bu","14:09:07",1989200
11250,-800,6000,"bu","14:09:05",1988800
11250,-800,2000,"bu","14:09:02",1982800
11250,-800,700,"bu","14:09:01",1980800
11250,-800,1000,"bu","14:09:01",1980100
11250,-800,2000,"bu","14:09:01",1979100
11250,-800,1300,"bu","14:09:01",1977100
11250,-800,200,"bu","14:08:57",1975800
11250,-800,1800,"bu","14:08:55",1975600
11250,-800,1000,"bu","14:08:55",1973800
11250,-800,300,"bu","14:08:53",1972800
11250,-800,3000,"bu","14:08:52",1972500
11250,-800,100,"bu","14:08:51",1969500
11250,-800,500,"bu","14:08:51",1969400
11250,-800,5000,"bu","14:08:49",1968900
11250,-800,100,"bu","14:08:47",1963900
11250,-800,500,"bu","14:08:46",1963800
11250,-800,1500,"bu","14:08:45",1963300
11250,-800,300,"bu","14:08:45",1961800
11250,-800,100,"bu","14:08:42",1961500
11250,-800,200,"bu","14:08:42",1961400
11250,-800,2000,"bu","14:08:42",1961200
11250,-800,4000,"bu","14:08:41",1959200
11250,-800,1000,"bu","14:08:41",1955200
11250,-800,200,"bu","14:08:41",1954200
11250,-800,1000,"bu","14:08:40",1954000
11250,-800,2000,"bu","14:08:39",1953000
11250,-800,100,"bu","14:08:39",1951000
11250,-800,500,"bu","14:08:36",1950900
11250,-800,1500,"bu","14:08:33",1950400
11250,-800,4000,"bu","14:08:33",1948900
11250,-800,1000,"bu","14:08:32",1944900
11250,-800,4500,"bu","14:08:31",1943900
11250,-800,3900,"bu","14:08:28",1939400
11250,-800,1100,"bu","14:08:26",1935500
11250,-800,100,"bu","14:08:25",1934400
11250,-800,2000,"bu","14:08:25",1934300
11250,-800,1000,"bu","14:08:21",1932300
11250,-800,2000,"bu","14:08:21",1931300
11250,-800,1000,"bu","14:08:20",1929300
11250,-800,1000,"bu","14:08:17",1928300
11250,-800,6000,"bu","14:08:17",1927300
11250,-800,5000,"bu","14:08:12",1921300
11250,-800,500,"bu","14:08:09",1916300
11250,-800,2000,"bu","14:08:09",1915800
11250,-800,1500,"bu","14:08:00",1913800
11250,-800,200,"bu","14:07:53",1912300
11250,-800,1800,"bu","14:07:41",1912100
11250,-800,1000,"bu","14:07:34",1910300
11250,-800,1500,"bu","14:07:31",1909300
11250,-800,3000,"bu","14:07:30",1907800
11250,-800,1000,"bu","14:07:28",1904800
11250,-800,500,"bu","14:07:27",1903800
11250,-800,2000,"bu","14:07:21",1903300
11250,-800,1000,"bu","14:07:19",1901300
11250,-800,6000,"bu","14:07:09",1900300
11250,-800,200,"bu","14:07:09",1894300
11250,-800,300,"bu","14:07:08",1894100
11250,-800,3000,"bu","14:07:02",1893800
11250,-800,2000,"bu","14:06:42",1890800
11250,-800,700,"bu","14:06:39",1888800
11250,-800,100,"bu","14:06:38",1888100
11250,-800,3000,"bu","14:06:37",1888000
11250,-800,300,"bu","14:06:33",1885000
11250,-800,100,"bu","14:06:28",1884700
11250,-800,12000,"bu","14:06:14",1884600
11250,-800,1400,"bu","14:06:13",1872600
11250,-800,300,"bu","14:06:00",1871200
11250,-800,100,"bu","14:05:55",1870900
11250,-800,50000,"bu","14:05:53",1870800
11250,-800,2000,"bu","14:05:41",1820800
11250,-800,5000,"bu","14:05:38",1818800
11250,-800,1000,"bu","14:05:30",1813800
11250,-800,900,"bu","14:05:28",1812800
11250,-800,200,"bu","14:05:25",1811900
11250,-800,6000,"bu","14:05:23",1811700
11250,-800,10000,"bu","14:05:10",1805700
11250,-800,800,"bu","14:05:10",1795700
11250,-800,600,"bu","14:05:08",1794900
11250,-800,5000,"bu","14:04:57",1794300
11250,-800,1100,"bu","14:04:47",1789300
11250,-800,4000,"bu","14:04:44",1788200
11250,-800,500,"bu","14:04:30",1784200
11250,-800,5800,"bu","14:04:09",1783700
11250,-800,100,"bu","14:03:58",1777900
11250,-800,500,"bu","14:03:54",1777800
11250,-800,200,"bu","14:03:49",1777300
11250,-800,4800,"bu","14:03:49",1777100
11250,-800,200,"bu","14:03:46",1772300
11250,-800,1800,"bu","14:03:46",1772100
11250,-800,3000,"bu","14:03:43",1770300
11250,-800,700,"bu","14:03:41",1767300
11250,-800,1000,"bu","14:03:36",1766600
11250,-800,500,"bu","14:03:16",1765600
11250,-800,2000,"bu","14:03:11",1765100
11250,-800,2600,"bu","14:03:04",1763100
11250,-800,2400,"bu","14:03:04",1760500
11250,-800,500,"bu","14:02:59",1758100
11250,-800,1000,"bu","14:02:48",1757600
11250,-800,10000,"bu","14:02:48",1756600
11250,-800,500,"bu","14:02:41",1746600
11250,-800,5000,"bu","14:02:40",1746100
11250,-800,1000,"bu","14:02:33",1741100
11250,-800,9000,"bu","14:02:26",1740100
11250,-800,1000,"bu","14:02:19",1731100
11250,-800,8500,"bu","14:02:17",1730100
11250,-800,5000,"bu","14:02:07",1721600
11250,-800,1000,"bu","14:02:01",1716600
11250,-800,15000,"bu","14:01:52",1715600
11250,-800,20000,"bu","14:01:50",1700600
11250,-800,1200,"bu","14:01:41",1680600
11250,-800,3000,"bu","14:01:40",1679400
11250,-800,6000,"bu","14:01:40",1676400
11250,-800,400,"bu","14:01:36",1670400
11250,-800,7500,"bu","14:01:28",1670000
11250,-800,10000,"bu","14:01:15",1662500
11250,-800,2000,"bu","14:01:11",1652500
11250,-800,5000,"bu","14:01:01",1650500
11250,-800,11000,"bu","14:00:45",1645500
11250,-800,5000,"bu","14:00:35",1634500
11250,-800,4000,"bu","14:00:10",1629500
11250,-800,12000,"bu","13:59:55",1625500
11250,-800,5000,"bu","13:59:46",1613500
11250,-800,300,"bu","13:59:42",1608500
11250,-800,1000,"bu","13:59:41",1608200
11250,-800,3000,"bu","13:59:39",1607200
11250,-800,10000,"bu","13:59:24",1604200
11250,-800,8000,"bu","13:59:07",1594200
11250,-800,7000,"bu","13:58:58",1586200
11250,-800,6000,"bu","13:58:51",1579200
11250,-800,5500,"bu","13:58:34",1573200
11250,-800,8000,"bu","13:58:25",1567700
11250,-800,11000,"bu","13:58:14",1559700
11250,-800,6000,"bu","13:58:03",1548700
11250,-800,500,"bu","13:57:58",1542700
11250,-800,5000,"bu","13:57:55",1542200
11250,-800,100,"bu","13:57:52",1537200
11250,-800,8000,"bu","13:57:47",1537100
11250,-800,800,"bu","13:57:25",1529100
11250,-800,20000,"bu","13:57:24",1528300
11250,-800,18000,"bu","13:57:13",1508300
11250,-800,15000,"bu","13:57:06",1490300
11250,-800,10000,"bu","13:56:58",1475300
11250,-800,1000,"bu","13:56:52",1465300
11250,-800,3800,"bu","13:56:44",1464300
11250,-800,3200,"bu","13:56:44",1460500
11250,-800,1800,"bu","13:56:36",1457300
11250,-800,200,"bu","13:56:36",1455500
11250,-800,3000,"bu","13:56:36",1455300
11250,-800,1200,"bu","13:56:19",1452300
11250,-800,100,"bu","13:55:04",1451100
11250,-800,1000,"bu","13:55:03",1451000
11250,-800,500,"bu","13:54:37",1450000
11250,-800,1500,"bu","13:54:25",1449500
11250,-800,300,"bu","13:52:41",1448000
11250,-800,1000,"bu","13:52:39",1447700
11250,-800,100,"bu","13:52:12",1446700
11250,-800,400,"bu","13:52:07",1446600
11250,-800,1000,"bu","13:51:42",1446200
11250,-800,300,"bu","13:51:31",1445200
11250,-800,100,"bu","13:50:38",1444900
11250,-800,1000,"bu","13:50:32",1444800
11250,-800,1000,"bu","13:50:27",1443800
11250,-800,300,"bu","13:50:25",1442800
11250,-800,200,"bu","13:49:48",1442500
11250,-800,600,"bu","13:49:48",1442300
11250,-800,1000,"bu","13:49:39",1441700
11250,-800,1400,"bu","13:49:02",1440700
11250,-800,600,"bu","13:49:02",1439300
11250,-800,400,"bu","13:48:51",1438700
11250,-800,1000,"bu","13:48:30",1438300
11250,-800,1500,"bu","13:48:19",1437300
11250,-800,400,"bu","13:48:19",1435800
11250,-800,200,"bu","13:48:01",1435400
11250,-800,100,"bu","13:48:01",1435200
11250,-800,100,"bu","13:48:01",1435100
11250,-800,4600,"bu","13:48:01",1435000
11250,-800,1300,"bu","13:47:57",1430400
11250,-800,1000,"bu","13:47:49",1429100
11250,-800,1000,"bu","13:46:37",1428100
11250,-800,100,"bu","13:46:29",1427100
11250,-800,100,"bu","13:46:29",1427000
11250,-800,10000,"bu","13:46:29",1426900
11250,-800,6000,"bu","13:46:29",1416900
11250,-800,3800,"bu","13:46:29",1410900
11250,-800,900,"bu","13:46:21",1407100
11250,-800,100,"bu","13:46:21",1406200
11250,-800,600,"bu","13:46:21",1406100
11250,-800,1000,"bu","13:45:49",1405500
11250,-800,1400,"bu","13:45:33",1404500
11250,-800,900,"bu","13:45:31",1403100
11250,-800,100,"bu","13:45:31",1402200
11250,-800,1800,"bu","13:45:20",1402100
11250,-800,1500,"bu","13:45:18",1400300
11250,-800,2400,"bu","13:45:13",1398800
11250,-800,1200,"bu","13:45:07",1396400
11250,-800,1000,"bu","13:44:57",1395200
11250,-800,100,"bu","13:44:48",1394200
11250,-800,400,"bu","13:44:41",1394100
11250,-800,1000,"bu","13:44:32",1393700
11250,-800,1000,"bu","13:44:30",1392700
11250,-800,2300,"bu","13:44:22",1391700
11250,-800,1200,"bu","13:43:54",1389400
11250,-800,1000,"bu","13:43:47",1388200
11250,-800,1000,"bu","13:43:28",1387200
11250,-800,600,"bu","13:43:02",1386200
11250,-800,700,"bu","13:43:02",1385600
11250,-800,1500,"bu","13:42:36",1384900
11250,-800,1000,"bu","13:41:37",1383400
11250,-800,600,"bu","13:41:26",1382400
11250,-800,1200,"bu","13:41:25",1381800
11250,-800,600,"bu","13:41:25",1380600
11250,-800,1500,"bu","13:41:01",1380000
11250,-800,1000,"bu","13:40:48",1378500
11250,-800,300,"bu","13:40:30",1377500
11250,-800,400,"bu","13:40:08",1377200
11250,-800,700,"bu","13:39:28",1376800
11250,-800,100,"bu","13:38:52",1376100
11250,-800,1000,"bu","13:38:36",1376000
11250,-800,1000,"bu","13:38:31",1375000
11250,-800,100,"bu","13:37:55",1374000
11250,-800,100,"bu","13:37:44",1373900
11250,-800,100,"bu","13:37:25",1373800
11250,-800,100,"bu","13:37:09",1373700
11250,-800,1000,"bu","13:36:33",1373600
11250,-800,6700,"bu","13:36:12",1372600
11250,-800,900,"bu","13:35:47",1365900
11250,-800,1000,"bu","13:35:38",1365000
11250,-800,300,"bu","13:35:19",1364000
11250,-800,600,"bu","13:35:09",1363700
11250,-800,400,"bu","13:35:09",1363100
11250,-800,200,"bu","13:35:08",1362700
11250,-800,1000,"bu","13:34:08",1362500
11250,-800,400,"bu","13:33:44",1361500
11250,-800,100,"bu","13:33:44",1361100
11250,-800,1000,"bu","13:33:41",1361000
11250,-800,100,"bu","13:33:36",1360000
11250,-800,100,"bu","13:33:36",1359900
11250,-800,900,"bu","13:33:31",1359800
11250,-800,400,"bu","13:33:15",1358900
11250,-800,1000,"bu","13:33:15",1358500
11250,-800,600,"bu","13:33:15",1357500
11250,-800,100,"bu","13:31:54",1356900
11250,-800,200,"bu","13:31:53",1356800
11250,-800,100,"bu","13:31:31",1356600
11250,-800,100,"bu","13:31:28",1356500
11250,-800,400,"bu","13:31:18",1356400
11250,-800,500,"bu","13:31:00",1356000
11250,-800,100,"bu","13:30:54",1355500
11250,-800,100,"bu","13:30:27",1355400
11250,-800,1000,"bu","13:30:24",1355300
11250,-800,100,"bu","13:30:00",1354300
11250,-800,2000,"bu","13:29:53",1354200
11250,-800,300,"bu","13:29:25",1352200
11250,-800,100,"bu","13:28:25",1351900
11250,-800,100,"bu","13:28:12",1351800
11250,-800,100,"bu","13:27:48",1351700
11250,-800,1000,"bu","13:27:30",1351600
11250,-800,300,"bu","13:27:15",1350600
11250,-800,400,"bu","13:26:58",1350300
11250,-800,100,"bu","13:26:57",1349900
11250,-800,700,"bu","13:26:52",1349800
11250,-800,800,"bu","13:26:52",1349100
11250,-800,700,"bu","13:26:29",1348300
11250,-800,1300,"bu","13:26:18",1347600
11250,-800,300,"bu","13:26:08",1346300
11250,-800,400,"bu","13:25:57",1346000
11250,-800,100,"bu","13:25:46",1345600
11250,-800,1000,"bu","13:25:37",1345500
11250,-800,200,"bu","13:25:34",1344500
11250,-800,3700,"sd","13:25:27",1344300
11250,-800,200,"sd","13:25:15",1340600
11250,-800,1500,"bu","13:25:14",1340400
11250,-800,2600,"bu","13:25:14",1338900
11250,-800,5000,"bu","13:25:05",1336300
11250,-800,800,"bu","13:24:42",1331300
11250,-800,100,"bu","13:24:38",1330500
11250,-800,200,"bu","13:24:37",1330400
11250,-800,1000,"bu","13:24:37",1330200
11250,-800,100,"bu","13:24:30",1329200
11250,-800,100,"bu","13:24:27",1329100
11250,-800,10100,"sd","13:24:26",1329000
11250,-800,3400,"bu","13:24:20",1318900
11250,-800,800,"bu","13:24:15",1315500
11250,-800,1000,"bu","13:23:59",1314700
11250,-800,100,"bu","13:23:56",1313700
11250,-800,100,"bu","13:23:55",1313600
11250,-800,100,"sd","13:23:46",1313500
11250,-800,1000,"sd","13:23:45",1313400
11250,-800,4000,"sd","13:23:45",1312400
11250,-800,1000,"sd","13:23:45",1308400
11250,-800,600,"sd","13:23:45",1307400
11250,-800,2900,"sd","13:23:45",1306800
11250,-800,200,"sd","13:23:36",1303900
11250,-800,8600,"sd","13:23:32",1303700
11250,-800,200,"sd","13:23:32",1295100
11250,-800,500,"sd","13:23:32",1294900
11250,-800,500,"sd","13:23:32",1294400
11250,-800,200,"sd","13:23:32",1293900
11250,-800,100,"bu","13:23:20",1293700
11250,-800,100,"bu","13:23:19",1293600
11250,-800,900,"bu","13:23:19",1293500
11250,-800,300,"bu","13:23:13",1292600
11250,-800,500,"bu","13:23:13",1292300
11250,-800,100,"bu","13:23:13",1291800
11250,-800,200,"bu","13:23:10",1291700
11250,-800,7800,"bu","13:23:10",1291500
11250,-800,200,"bu","13:23:00",1283700
11250,-800,3000,"bu","13:22:54",1283500
11250,-800,1000,"bu","13:22:47",1280500
11250,-800,1000,"bu","13:22:45",1279500
11250,-800,900,"bu","13:22:40",1278500
11250,-800,300,"bu","13:22:15",1277600
11250,-800,100,"bu","13:22:11",1277300
11250,-800,500,"sd","13:22:09",1277200
11250,-800,200,"sd","13:22:09",1276700
11250,-800,500,"bu","13:22:05",1276500
11250,-800,800,"bu","13:22:05",1276000
11250,-800,1500,"sd","13:21:58",1275200
11250,-800,200,"sd","13:21:58",1273700
11250,-800,500,"bu","13:21:54",1273500
11250,-800,200,"bu","13:21:50",1273000
11250,-800,100,"bu","13:21:46",1272800
11250,-800,1000,"bu","13:21:38",1272700
11250,-800,300,"bu","13:21:30",1271700
11250,-800,1000,"sd","13:21:30",1271400
11250,-800,200,"sd","13:21:30",1270400
11250,-800,700,"sd","13:21:30",1270200
11250,-800,300,"sd","13:21:30",1269500
11250,-800,500,"sd","13:21:30",1269200
11250,-800,1200,"sd","13:21:29",1268700
11250,-800,4000,"sd","13:21:29",1267500
11250,-800,1000,"bu","13:21:02",1263500
11250,-800,500,"bu","13:21:01",1262500
11250,-800,600,"bu","13:21:00",1262000
11250,-800,500,"bu","13:20:58",1261400
11250,-800,400,"bu","13:20:58",1260900
11250,-800,500,"bu","13:20:58",1260500
11250,-800,100,"bu","13:20:58",1260000
11250,-800,1000,"bu","13:20:56",1259900
11250,-800,2900,"bu","13:20:55",1258900
11250,-800,1100,"bu","13:20:55",1256000
11250,-800,3800,"bu","13:20:55",1254900
11250,-800,500,"bu","13:20:54",1251100
11250,-800,100,"bu","13:20:47",1250600
11250,-800,1000,"bu","13:20:42",1250500
11250,-800,100,"bu","13:20:41",1249500
11250,-800,400,"bu","13:20:41",1249400
11250,-800,1000,"bu","13:20:40",1249000
11250,-800,800,"bu","13:20:38",1248000
11250,-800,100,"bu","13:20:37",1247200
11250,-800,100,"bu","13:20:33",1247100
11250,-800,200,"bu","13:20:33",1247000
11250,-800,2800,"bu","13:20:30",1246800
11250,-800,1000,"bu","13:20:20",1244000
11250,-800,300,"bu","13:20:14",1243000
11250,-800,300,"bu","13:20:11",1242700
11250,-800,4700,"bu","13:20:11",1242400
11250,-800,500,"bu","13:20:07",1237700
11250,-800,600,"bu","13:19:56",1237200
11250,-800,200,"bu","13:19:50",1236600
11250,-800,200,"bu","13:19:46",1236400
11250,-800,500,"bu","13:19:46",1236200
11250,-800,1000,"bu","13:19:44",1235700
11250,-800,100,"bu","13:19:38",1234700
11250,-800,500,"bu","13:19:38",1234600
11250,-800,100,"bu","13:19:27",1234100
11250,-800,1000,"bu","13:19:06",1234000
11250,-800,1500,"bu","13:19:02",1233000
11250,-800,200,"bu","13:19:01",1231500
11250,-800,100,"bu","13:18:45",1231300
11250,-800,1000,"bu","13:18:06",1231200
11250,-800,1000,"bu","13:17:40",1230200
11250,-800,100,"bu","13:17:38",1229200
11250,-800,100,"bu","13:17:37",1229100
11250,-800,1000,"bu","13:17:22",1229000
11250,-800,200,"bu","13:17:21",1228000
11250,-800,200,"bu","13:17:17",1227800
11250,-800,1500,"bu","13:16:58",1227600
11250,-800,500,"bu","13:16:50",1226100
11250,-800,300,"bu","13:16:39",1225600
11250,-800,200,"bu","13:16:37",1225300
11250,-800,100,"bu","13:16:37",1225100
11250,-800,100,"bu","13:16:33",1225000
11250,-800,500,"bu","13:16:32",1224900
11250,-800,200,"bu","13:16:30",1224400
11250,-800,100,"bu","13:16:19",1224200
11250,-800,100,"bu","13:16:18",1224100
11250,-800,100,"bu","13:16:13",1224000
11250,-800,7500,"bu","13:16:11",1223900
11250,-800,3500,"bu","13:16:11",1216400
11250,-800,200,"bu","13:15:54",1212900
11250,-800,100,"bu","13:15:51",1212700
11250,-800,500,"bu","13:15:40",1212600
11250,-800,700,"bu","13:15:23",1212100
11250,-800,1300,"bu","13:15:23",1211400
11250,-800,100,"bu","13:15:19",1210100
11250,-800,500,"bu","13:15:17",1210000
11250,-800,200,"bu","13:14:52",1209500
11250,-800,1000,"bu","13:14:47",1209300
11250,-800,2000,"bu","13:14:37",1208300
11250,-800,800,"bu","13:14:28",1206300
11250,-800,300,"sd","13:14:15",1205500
11250,-800,3800,"sd","13:14:15",1205200
11250,-800,1000,"sd","13:14:07",1201400
11250,-800,100,"sd","13:14:03",1200400
11250,-800,5100,"sd","13:13:58",1200300
11250,-800,1000,"sd","13:13:58",1195200
11250,-800,300,"sd","13:13:58",1194200
11250,-800,2000,"sd","13:13:58",1193900
11250,-800,1600,"sd","13:13:58",1191900
11250,-800,400,"bu","13:13:49",1190300
11250,-800,300,"bu","13:13:44",1189900
11250,-800,2000,"sd","13:13:42",1189600
11250,-800,1000,"sd","13:13:42",1187600
11250,-800,10000,"sd","13:13:42",1186600
11250,-800,200,"sd","13:13:42",1176600
11250,-800,2900,"sd","13:13:42",1176400
11250,-800,2000,"sd","13:13:42",1173500
11250,-800,1000,"sd","13:13:42",1171500
11250,-800,200,"sd","13:13:42",1170500
11250,-800,500,"sd","13:13:36",1170300
11250,-800,100,"sd","13:13:35",1169800
11250,-800,200,"sd","13:13:08",1169700
11300,-750,100,"bu","13:12:19",1169500
11250,-800,100,"bu","13:12:19",1169400
11250,-800,700,"bu","13:11:47",1169300
11250,-800,1900,"sd","13:11:47",1168600
11250,-800,100,"sd","13:11:47",1166700
11250,-800,3000,"sd","13:11:47",1166600
11250,-800,200,"sd","13:11:47",1163600
11250,-800,500,"sd","13:11:47",1163400
11250,-800,1000,"sd","13:11:47",1162900
11250,-800,100,"sd","13:11:47",1161900
11250,-800,500,"sd","13:11:47",1161800
11250,-800,1000,"sd","13:11:47",1161300
11250,-800,1000,"sd","13:11:47",1160300
11250,-800,900,"sd","13:11:18",1159300
11250,-800,200,"sd","13:11:10",1158400
11250,-800,200,"sd","13:11:10",1158200
11250,-800,100,"sd","13:11:06",1158000
11250,-800,1000,"sd","13:10:59",1157900
11250,-800,300,"sd","13:10:59",1156900
11250,-800,2000,"sd","13:10:59",1156600
11250,-800,300,"sd","13:10:59",1154600
11250,-800,100,"sd","13:10:59",1154300
11250,-800,6300,"sd","13:10:59",1154200
11250,-800,400,"sd","13:10:56",1147900
11250,-800,500,"sd","13:10:56",1147500
11250,-800,600,"sd","13:10:56",1147000
11250,-800,1000,"sd","13:10:56",1146400
11250,-800,100,"sd","13:10:56",1145400
11250,-800,400,"sd","13:10:56",1145300
11250,-800,1000,"sd","13:10:28",1144900
11250,-800,100,"bu","13:10:03",1143900
11250,-800,3500,"bu","13:10:03",1143800
11250,-800,1000,"bu","13:10:00",1140300
11250,-800,2200,"bu","13:09:53",1139300
11250,-800,300,"sd","13:09:51",1137100
11250,-800,400,"sd","13:09:51",1136800
11250,-800,1800,"sd","13:09:51",1136400
11250,-800,2000,"sd","13:09:51",1134600
11250,-800,1000,"sd","13:09:51",1132600
11250,-800,1000,"sd","13:09:51",1131600
11250,-800,500,"sd","13:09:51",1130600
11250,-800,500,"sd","13:09:51",1130100
11250,-800,1000,"sd","13:09:51",1129600
11250,-800,1000,"sd","13:09:51",1128600
11250,-800,200,"sd","13:09:51",1127600
11250,-800,600,"sd","13:09:51",1127400
11250,-800,1000,"sd","13:09:51",1126800
11250,-800,4000,"sd","13:09:51",1125800
11250,-800,1000,"sd","13:09:51",1121800
11250,-800,2000,"sd","13:09:51",1120800
11250,-800,600,"sd","13:09:51",1118800
11250,-800,200,"sd","13:09:51",1118200
11250,-800,200,"sd","13:09:51",1118000
11250,-800,500,"sd","13:09:51",1117800
11250,-800,1000,"sd","13:09:51",1117300
11250,-800,200,"sd","13:09:51",1116300
11250,-800,200,"sd","13:09:51",1116100
11250,-800,1000,"sd","13:09:51",1115900
11250,-800,900,"sd","13:09:51",1114900
11250,-800,200,"sd","13:09:51",1114000
11300,-750,200,"bu","13:09:50",1113800
11300,-750,800,"bu","13:09:50",1113600
11300,-750,100,"bu","13:09:46",1112800
11250,-800,500,"sd","13:09:34",1112700
11250,-800,300,"sd","13:09:34",1112200
11250,-800,200,"sd","13:09:34",1111900
11300,-750,700,"bu","13:09:08",1111700
11300,-750,300,"bu","13:09:08",1111000
11300,-750,1000,"sd","13:08:41",1110700
11250,-800,1000,"bu","13:08:10",1109700
11250,-800,1000,"bu","13:08:09",1108700
11250,-800,500,"bu","13:08:08",1107700
11250,-800,100,"bu","13:08:08",1107200
11250,-800,1000,"bu","13:08:06",1107100
11250,-800,100,"bu","13:08:02",1106100
11250,-800,100,"bu","13:08:02",1106000
11250,-800,100,"sd","13:08:00",1105900
11250,-800,300,"sd","13:08:00",1105800
11250,-800,6200,"sd","13:08:00",1105500
11250,-800,1000,"sd","13:08:00",1099300
11250,-800,200,"sd","13:08:00",1098300
11250,-800,100,"sd","13:08:00",1098100
11250,-800,2000,"sd","13:08:00",1098000
11250,-800,200,"sd","13:08:00",1096000
11250,-800,3000,"sd","13:08:00",1095800
11250,-800,100,"sd","13:08:00",1092800
11250,-800,200,"sd","13:08:00",1092700
11250,-800,300,"sd","13:08:00",1092500
11250,-800,200,"sd","13:08:00",1092200
11250,-800,100,"sd","13:08:00",1092000
11250,-800,1000,"sd","13:08:00",1091900
11250,-800,200,"sd","13:08:00",1090900
11250,-800,200,"sd","13:08:00",1090700
11250,-800,100,"sd","13:08:00",1090500
11250,-800,100,"sd","13:08:00",1090400
11250,-800,2000,"sd","13:08:00",1090300
11250,-800,500,"sd","13:08:00",1088300
11250,-800,100,"sd","13:08:00",1087800
11250,-800,500,"sd","13:08:00",1087700
11250,-800,1000,"sd","13:08:00",1087200
11250,-800,900,"sd","13:08:00",1086200
11250,-800,400,"sd","13:08:00",1085300
11250,-800,800,"sd","13:08:00",1084900
11250,-800,2900,"sd","13:08:00",1084100
11250,-800,300,"sd","13:08:00",1081200
11250,-800,200,"sd","13:08:00",1080900
11300,-750,1000,"sd","13:08:00",1080700
11250,-800,800,"sd","13:07:44",1079700
11250,-800,10000,"sd","13:07:44",1078900
11250,-800,1000,"sd","13:07:44",1068900
11250,-800,1000,"sd","13:07:44",1067900
11250,-800,1000,"sd","13:07:44",1066900
11250,-800,100,"sd","13:07:44",1065900
11250,-800,500,"sd","13:07:44",1065800
11250,-800,5000,"sd","13:07:44",1065300
11250,-800,100,"sd","13:07:44",1060300
11250,-800,1200,"sd","13:07:44",1060200
11250,-800,24400,"sd","13:07:44",1059000
11300,-750,1000,"sd","13:07:44",1034600
11300,-750,100,"sd","13:07:44",1033600
11300,-750,3000,"sd","13:07:44",1033500
11300,-750,800,"sd","13:07:44",1030500
11300,-750,5000,"sd","13:07:23",1029700
11300,-750,5000,"bu","13:07:03",1024700
11250,-800,5600,"sd","13:06:53",1019700
11250,-800,100,"sd","13:06:53",1014100
11250,-800,300,"sd","13:06:41",1014000
11300,-750,4000,"bu","13:06:37",1013700
11250,-800,700,"sd","13:06:31",1009700
11250,-800,100,"sd","13:06:31",1009000
11250,-800,100,"bu","13:06:14",1008900
11250,-800,300,"bu","13:06:14",1008800
11250,-800,200,"bu","13:06:12",1008500
11250,-800,1000,"bu","13:06:11",1008300
11250,-800,300,"bu","13:06:08",1007300
11250,-800,200,"bu","13:06:07",1007000
11250,-800,500,"bu","13:06:07",1006800
11250,-800,10000,"bu","13:06:06",1006300
11250,-800,1000,"sd","13:06:05",996300
11250,-800,300,"sd","13:06:05",995300
11250,-800,500,"sd","13:06:05",995000
11250,-800,200,"sd","13:06:05",994500
11250,-800,10000,"sd","13:06:05",994300
11250,-800,200,"sd","13:06:05",984300
11250,-800,600,"sd","13:06:05",984100
11250,-800,500,"sd","13:06:05",983500
11250,-800,2000,"sd","13:06:05",983000
11250,-800,5000,"sd","13:06:05",981000
11250,-800,900,"sd","13:06:05",976000
11250,-800,300,"sd","13:06:05",975100
11250,-800,400,"sd","13:06:05",974800
11250,-800,200,"sd","13:06:05",974400
11250,-800,500,"sd","13:06:05",974200
11250,-800,700,"sd","13:06:05",973700
11250,-800,100,"sd","13:06:05",973000
11250,-800,100,"sd","13:06:05",972900
11250,-800,2000,"sd","13:06:05",972800
11250,-800,5000,"sd","13:06:05",970800
11250,-800,100,"sd","13:06:05",965800
11250,-800,800,"sd","13:05:46",965700
11250,-800,200,"sd","13:05:46",964900
11300,-750,1000,"bu","13:05:42",964700
11250,-800,200,"bu","13:05:40",963700
11250,-800,700,"sd","13:05:39",963500
11250,-800,100,"sd","13:05:39",962800
11250,-800,1200,"bu","13:05:37",962700
11250,-800,100,"bu","13:05:37",961500
11250,-800,1000,"sd","13:05:37",961400
11250,-800,100,"sd","13:05:37",960400
11250,-800,300,"sd","13:05:37",960300
11250,-800,1000,"sd","13:05:37",960000
11250,-800,600,"sd","13:05:37",959000
11250,-800,5700,"sd","13:05:37",958400
11250,-800,200,"bu","13:05:35",952700
11250,-800,1100,"bu","13:05:35",952500
11250,-800,3000,"bu","13:05:35",951400
11250,-800,300,"bu","13:05:35",948400
11250,-800,1000,"bu","13:05:35",948100
11250,-800,1000,"bu","13:05:35",947100
11250,-800,100,"bu","13:05:34",946100
11250,-800,1000,"bu","13:05:34",946000
11250,-800,200,"bu","13:05:34",945000
11250,-800,100,"bu","13:05:32",944800
11250,-800,600,"bu","13:05:32",944700
11250,-800,15800,"bu","13:05:30",944100
11250,-800,1000,"bu","13:05:29",928300
11250,-800,500,"bu","13:05:29",927300
11250,-800,200,"bu","13:05:29",926800
11250,-800,400,"bu","13:05:26",926600
11250,-800,100,"bu","13:05:26",926200
11250,-800,2200,"bu","13:05:24",926100
11250,-800,10000,"bu","13:05:23",923900
11250,-800,100,"bu","13:05:23",913900
11250,-800,1000,"bu","13:05:22",913800
11250,-800,1000,"bu","13:05:22",912800
11250,-800,1000,"bu","13:05:19",911800
11250,-800,1000,"bu","13:05:18",910800
11250,-800,100,"bu","13:05:18",909800
11250,-800,1000,"bu","13:05:15",909700
11250,-800,3100,"bu","13:05:14",908700
11250,-800,5000,"bu","13:05:13",905600
11250,-800,3000,"bu","13:05:12",900600
11250,-800,1000,"bu","13:05:11",897600
11250,-800,1000,"bu","13:05:11",896600
11250,-800,200,"bu","13:05:10",895600
11250,-800,300,"bu","13:05:09",895400
11250,-800,800,"bu","13:05:06",895100
11250,-800,5000,"bu","13:05:06",894300
11250,-800,1000,"bu","13:05:03",889300
11250,-800,600,"bu","13:05:03",888300
11250,-800,100,"bu","13:04:56",887700
11250,-800,100,"bu","13:04:54",887600
11250,-800,400,"bu","13:04:51",887500
11250,-800,600,"bu","13:04:51",887100
11250,-800,100,"bu","13:04:51",886500
11250,-800,100,"bu","13:04:50",886400
11250,-800,2000,"bu","13:04:50",886300
11250,-800,300,"bu","13:04:48",884300
11250,-800,100,"bu","13:04:48",884000
11250,-800,3000,"bu","13:04:44",883900
11250,-800,100,"bu","13:04:43",880900
11250,-800,1000,"bu","13:04:40",880800
11250,-800,1000,"bu","13:04:40",879800
11250,-800,100,"bu","13:04:39",878800
11250,-800,2400,"bu","13:04:38",878700
11250,-800,800,"bu","13:04:38",876300
11250,-800,10000,"bu","13:04:37",875500
11250,-800,1000,"bu","13:04:35",865500
11250,-800,500,"bu","13:04:31",864500
11250,-800,200,"bu","13:04:31",864000
11250,-800,100,"bu","13:04:29",863800
11250,-800,100,"bu","13:04:27",863700
11250,-800,500,"bu","13:04:25",863600
11250,-800,1000,"bu","13:04:25",863100
11250,-800,100,"sd","13:04:21",862100
11250,-800,500,"sd","13:04:21",862000
11250,-800,200,"sd","13:04:21",861500
11250,-800,200,"sd","13:04:21",861300
11250,-800,800,"sd","13:04:21",861100
11250,-800,500,"sd","13:04:21",860300
11250,-800,200,"sd","13:04:21",859800
11250,-800,5400,"sd","13:04:21",859600
11250,-800,5000,"sd","13:04:21",854200
11250,-800,200,"sd","13:04:20",849200
11250,-800,12500,"sd","13:04:20",849000
11250,-800,1000,"sd","13:04:20",836500
11250,-800,5700,"sd","13:04:20",835500
11250,-800,3600,"sd","13:04:20",829800
11250,-800,300,"sd","13:04:20",826200
11250,-800,2000,"sd","13:04:20",825900
11250,-800,1000,"sd","13:04:20",823900
11250,-800,200,"sd","13:04:20",822900
11250,-800,1000,"sd","13:04:20",822700
11250,-800,500,"sd","13:04:20",821700
11250,-800,700,"sd","13:04:20",821200
11250,-800,1000,"sd","13:04:20",820500
11250,-800,5000,"sd","13:04:20",819500
11250,-800,1000,"sd","13:04:20",814500
11250,-800,100,"sd","13:04:20",813500
11250,-800,100,"sd","13:04:20",813400
11250,-800,600,"sd","13:04:20",813300
11250,-800,200,"sd","13:04:20",812700
11250,-800,800,"sd","13:04:20",812500
11250,-800,3100,"sd","13:04:20",811700
11250,-800,10000,"sd","13:04:20",808600
11250,-800,8200,"sd","13:04:20",798600
11250,-800,5000,"sd","13:04:20",790400
11250,-800,1400,"sd","13:04:20",785400
11250,-800,600,"sd","13:04:20",784000
11250,-800,1000,"sd","13:04:20",783400
11250,-800,1800,"sd","13:04:20",782400
11250,-800,200,"sd","13:04:20",780600
11250,-800,100,"sd","13:04:20",780400
11250,-800,500,"sd","13:04:20",780300
11250,-800,1000,"sd","13:04:20",779800
11250,-800,20000,"sd","13:04:20",778800
11250,-800,900,"sd","13:04:20",758800
11250,-800,100,"sd","13:04:20",757900
11250,-800,400,"sd","13:04:20",757800
11250,-800,1000,"sd","13:04:20",757400
11250,-800,6000,"sd","13:04:20",756400
11250,-800,1000,"sd","13:04:20",750400
11250,-800,300,"sd","13:04:20",749400
11250,-800,500,"sd","13:04:20",749100
11250,-800,1000,"sd","13:04:20",748600
11250,-800,300,"sd","13:04:20",747600
11250,-800,300,"sd","13:04:20",747300
11250,-800,5000,"sd","13:04:20",747000
11250,-800,500,"sd","13:04:20",742000
11250,-800,100,"sd","13:04:20",741500
11250,-800,5000,"sd","13:04:20",741400
11250,-800,100,"sd","13:04:20",736400
11250,-800,500,"sd","13:04:20",736300
11250,-800,200,"sd","13:04:20",735800
11250,-800,200,"sd","13:04:20",735600
11250,-800,1200,"sd","13:04:20",735400
11250,-800,500,"sd","13:04:20",734200
11250,-800,1000,"sd","13:04:20",733700
11250,-800,100,"sd","13:04:20",732700
11250,-800,100,"sd","13:04:20",732600
11250,-800,100,"sd","13:04:20",732500
11250,-800,500,"sd","13:04:20",732400
11250,-800,2000,"sd","13:04:20",731900
11250,-800,100,"sd","13:04:20",729900
11250,-800,1000,"sd","13:04:20",729800
11250,-800,1000,"sd","13:04:20",728800
11250,-800,2000,"sd","13:04:20",727800
11250,-800,2000,"sd","13:04:20",725800
11250,-800,500,"sd","13:04:20",723800
11250,-800,100,"sd","13:04:20",723300
11250,-800,2000,"sd","13:04:20",723200
11250,-800,3000,"sd","13:04:20",721200
11250,-800,500,"sd","13:04:20",718200
11250,-800,4700,"sd","13:04:20",717700
11250,-800,800,"sd","13:04:20",713000
11250,-800,26000,"sd","13:04:20",712200
11250,-800,300,"sd","13:04:20",686200
11250,-800,200,"sd","13:04:20",685900
11250,-800,300,"sd","13:04:20",685700
11250,-800,2000,"sd","13:04:20",685400
11250,-800,100,"sd","13:04:20",683400
11250,-800,5000,"sd","13:04:20",683300
11250,-800,500,"sd","13:04:20",678300
11250,-800,200,"sd","13:04:20",677800
11250,-800,200,"sd","13:04:20",677600
11250,-800,2000,"sd","13:04:20",677400
11250,-800,200,"sd","13:04:20",675400
11250,-800,200,"sd","13:04:20",675200
11250,-800,500,"sd","13:04:20",675000
11250,-800,3000,"sd","13:04:20",674500
11250,-800,200,"sd","13:04:20",671500
11250,-800,100,"sd","13:04:20",671300
11250,-800,500,"sd","13:04:20",671200
11250,-800,1000,"sd","13:04:20",670700
11250,-800,6000,"sd","13:04:20",669700
11250,-800,100,"sd","13:04:20",663700
11250,-800,100,"sd","13:04:20",663600
11250,-800,500,"sd","13:04:20",663500
11250,-800,2000,"sd","13:04:20",663000
11250,-800,100,"sd","13:04:20",661000
11250,-800,1000,"sd","13:04:20",660900
11250,-800,1000,"sd","13:04:20",659900
11300,-750,200,"sd","13:04:20",658900
11300,-750,1000,"sd","13:04:20",658700
11300,-750,500,"sd","13:04:20",657700
11300,-750,100,"sd","13:04:20",657200
11300,-750,100,"sd","13:04:20",657100
11300,-750,200,"sd","13:04:20",657000
11300,-750,200,"sd","13:04:20",656800
11300,-750,2000,"sd","13:04:20",656600
11300,-750,1200,"sd","13:04:20",654600
11300,-750,100,"sd","13:04:20",653400
11300,-750,200,"sd","13:04:20",653300
11300,-750,500,"sd","13:04:20",653100
11300,-750,300,"sd","13:04:20",652600
11300,-750,3000,"sd","13:04:20",652300
11300,-750,2200,"sd","13:04:20",649300
11300,-750,800,"sd","13:04:18",647100
11300,-750,5600,"sd","13:04:18",646300
11350,-700,2100,"sd","13:04:18",640700
11350,-700,7900,"bu","13:04:11",638600
11300,-750,100,"sd","13:04:08",630700
11300,-750,4300,"sd","13:04:02",630600
11300,-750,8700,"sd","13:04:02",626300
11300,-750,100,"sd","13:04:02",617600
11300,-750,500,"sd","13:04:02",617500
11300,-750,1000,"sd","13:04:02",617000
11300,-750,200,"sd","13:04:02",616000
11300,-750,200,"sd","13:04:02",615800
11300,-750,300,"sd","13:03:58",615600
11300,-750,100,"sd","13:03:58",615300
11300,-750,600,"sd","13:03:58",615200
11300,-750,1300,"sd","13:03:43",614600
11300,-750,100,"sd","13:03:42",613300
11300,-750,200,"sd","13:03:42",613200
11350,-700,2100,"bu","13:03:42",613000
11350,-700,2900,"bu","13:03:42",610900
11350,-700,2000,"bu","13:03:39",608000
11300,-750,800,"sd","13:03:36",606000
11300,-750,300,"sd","13:03:36",605200
11300,-750,500,"sd","13:03:36",604900
11300,-750,7700,"sd","13:03:36",604400
11300,-750,500,"sd","13:03:35",596700
11300,-750,6800,"sd","13:03:31",596200
11300,-750,200,"sd","13:03:31",589400
11300,-750,3000,"sd","13:03:31",589200
11300,-750,100,"sd","13:03:28",586200
11300,-750,100,"sd","13:03:28",586100
11350,-700,1000,"bu","13:03:22",586000
11350,-700,100,"bu","13:03:21",585000
11350,-700,1000,"sd","13:03:20",584900
11350,-700,400,"sd","13:03:20",583900
11350,-700,2600,"sd","13:03:20",583500
11350,-700,2400,"sd","13:03:18",580900
11350,-700,100,"sd","13:03:18",578500
11350,-700,100,"sd","13:03:18",578400
11350,-700,1000,"sd","13:03:18",578300
11350,-700,100,"sd","13:03:18",577300
11350,-700,500,"sd","13:03:18",577200
11350,-700,300,"sd","13:03:18",576700
11350,-700,300,"sd","13:03:18",576400
11350,-700,200,"sd","13:03:18",576100
11350,-700,600,"sd","13:03:14",575900
11350,-700,200,"sd","13:03:10",575300
11350,-700,100,"sd","13:03:10",575100
11350,-700,900,"sd","13:03:05",575000
11350,-700,100,"sd","13:03:05",574100
11350,-700,200,"sd","13:03:01",574000
11350,-700,100,"sd","13:02:53",573800
11350,-700,400,"sd","13:02:50",573700
11350,-700,200,"sd","13:02:49",573300
11350,-700,100,"sd","13:02:41",573100
11350,-700,400,"sd","13:02:32",573000
11350,-700,300,"sd","13:02:32",572600
11400,-650,500,"sd","13:02:22",572300
11450,-600,500,"sd","13:02:07",571800
11350,-700,1700,"sd","13:01:50",571300
11400,-650,500,"sd","13:01:50",569600
11400,-650,100,"sd","13:01:50",569100
11400,-650,1900,"sd","13:01:50",569000
11400,-650,1000,"sd","13:01:50",567100
11400,-650,100,"sd","13:01:50",566100
11400,-650,100,"sd","13:01:50",566000
11400,-650,300,"sd","13:01:50",565900
11400,-650,300,"sd","13:01:50",565600
11400,-650,100,"sd","13:01:50",565300
11400,-650,100,"sd","13:01:50",565200
11400,-650,1000,"sd","13:01:50",565100
11400,-650,200,"sd","13:01:50",564100
11400,-650,700,"sd","13:01:50",563900
11400,-650,5000,"sd","13:01:50",563200
11400,-650,1900,"sd","13:01:50",558200
11400,-650,2100,"sd","13:01:49",556300
11450,-600,500,"sd","13:01:49",554200
11450,-600,700,"sd","13:01:49",553700
11450,-600,300,"bu","13:01:32",553000
11450,-600,100,"bu","13:01:30",552700
11450,-600,200,"bu","13:01:13",552600
11450,-600,5000,"sd","13:01:12",552400
11450,-600,1000,"sd","13:01:12",547400
11450,-600,300,"sd","13:01:12",546400
11450,-600,1200,"sd","13:01:12",546100
11450,-600,100,"sd","13:01:12",544900
11450,-600,500,"sd","13:01:12",544800
11450,-600,100,"sd","13:01:12",544300
11450,-600,100,"sd","13:01:12",544200
11450,-600,1800,"sd","13:01:12",544100
11450,-600,500,"sd","13:01:12",542300
11450,-600,800,"sd","13:01:12",541800
11450,-600,300,"sd","13:01:12",541000
11450,-600,1000,"sd","13:01:12",540700
11450,-600,1000,"sd","13:01:12",539700
11450,-600,1000,"sd","13:01:12",538700
11450,-600,300,"sd","13:01:12",537700
11450,-600,100,"sd","13:01:12",537400
11450,-600,500,"sd","13:01:12",537300
11500,-550,100,"sd","13:01:12",536800
11500,-550,1000,"sd","13:01:12",536700
11500,-550,600,"sd","13:01:12",535700
11500,-550,1000,"sd","13:01:12",535100
11500,-550,100,"sd","13:01:12",534100
11500,-550,1000,"sd","13:01:12",534000
11500,-550,300,"sd","13:01:12",533000
11500,-550,100,"sd","13:00:56",532700
11500,-550,100,"sd","13:00:39",532600
11500,-550,200,"sd","13:00:39",532500
11500,-550,100,"sd","13:00:16",532300
11500,-550,1900,"sd","13:00:11",532200
11500,-550,200,"sd","13:00:11",530300
11500,-550,300,"sd","13:00:11",530100
11500,-550,100,"sd","13:00:11",529800
11500,-550,100,"sd","13:00:11",529700
11500,-550,600,"sd","13:00:11",529600
11500,-550,2000,"sd","13:00:11",529000
11500,-550,200,"sd","13:00:11",527000
11500,-550,1000,"sd","13:00:11",526800
11550,-500,100,"sd","13:00:11",525800
11550,-500,100,"sd","13:00:11",525700
11550,-500,1400,"sd","13:00:11",525600
11550,-500,500,"sd","13:00:11",524200
11650,-400,300,"bu","13:00:01",523700
11650,-400,200,"bu","13:00:01",523400
11550,-500,2500,"sd","13:00:01",523200
11600,-450,100,"sd","13:00:01",520700
11600,-450,500,"sd","13:00:01",520600
11600,-450,100,"sd","13:00:01",520100
11600,-450,1000,"sd","13:00:01",520000
11600,-450,500,"sd","13:00:01",519000
11600,-450,400,"sd","13:00:01",518500
11650,-400,500,"sd","13:00:00",518100
11700,-350,2500,"sd","13:00:00",517600
11700,-350,200,"sd","13:00:00",515100
11650,-400,100,"sd","13:00:00",514900
11650,-400,1500,"sd","13:00:00",514800
11750,-300,1000,"bu","11:27:20",513300
11750,-300,1500,"bu","11:26:01",512300
11750,-300,2000,"bu","11:25:45",510800
11750,-300,2000,"sd","11:25:02",508800
11750,-300,100,"sd","11:25:02",506800
11800,-250,1000,"bu","11:18:47",506700
11750,-300,100,"bu","11:17:41",505700
11750,-300,400,"sd","11:16:56",505600
11750,-300,500,"sd","11:16:40",505200
11750,-300,100,"sd","11:16:16",504700
11750,-300,1000,"sd","11:16:13",504600
11800,-250,1500,"bu","11:15:46",503600
11800,-250,700,"bu","11:14:51",502100
11800,-250,1000,"bu","11:14:19",501400
11750,-300,2000,"bu","11:13:49",500400
11750,-300,1000,"bu","11:13:49",498400
11750,-300,4000,"bu","11:13:26",497400
11750,-300,3000,"bu","11:13:05",493400
11750,-300,5000,"bu","11:12:45",490400
11750,-300,500,"bu","11:12:34",485400
11700,-350,1000,"bu","11:12:34",484900
11700,-350,300,"sd","11:11:44",483900
11700,-350,200,"sd","11:11:44",483600
11750,-300,2500,"bu","11:09:14",483400
11750,-300,2000,"bu","11:08:17",480900
11800,-250,500,"bu","11:06:51",478900
11800,-250,500,"bu","11:04:15",478400
11850,-200,1600,"bu","11:03:10",477900
11800,-250,1400,"bu","11:03:10",476300
11850,-200,1100,"bu","11:02:55",474900
11800,-250,400,"bu","11:02:55",473800
11800,-250,1100,"sd","11:02:42",473400
11800,-250,100,"bu","11:02:23",472300
11800,-250,1000,"bu","11:02:23",472200
11800,-250,300,"bu","11:02:23",471200
11750,-300,500,"bu","11:02:23",470900
11800,-250,1500,"bu","11:00:59",470400
11800,-250,3000,"bu","11:00:28",468900
11800,-250,1800,"bu","10:58:17",465900
11750,-300,200,"bu","10:58:17",464100
11750,-300,300,"sd","10:57:50",463900
11800,-250,1000,"bu","10:57:47",463600
11800,-250,1000,"bu","10:56:46",462600
11700,-350,500,"bu","10:56:46",461600
11750,-300,1000,"bu","10:54:32",461100
11750,-300,1600,"bu","10:52:22",460100
11800,-250,1400,"bu","10:51:41",458500
11700,-350,600,"bu","10:51:41",457100
11800,-250,1000,"bu","10:50:21",456500
11700,-350,500,"sd","10:50:05",455500
11800,-250,1000,"bu","10:50:00",455000
11800,-250,2000,"bu","10:49:40",454000
11700,-350,500,"sd","10:48:59",452000
11800,-250,4000,"bu","10:48:23",451500
11800,-250,1500,"bu","10:47:14",447500
11800,-250,2000,"bu","10:46:14",446000
11700,-350,200,"bu","10:45:59",444000
11700,-350,200,"bu","10:45:59",443800
11700,-350,1600,"bu","10:45:59",443600
11700,-350,1500,"bu","10:44:51",442000
11700,-350,200,"bu","10:44:39",440500
11700,-350,1000,"bu","10:43:10",440300
11700,-350,4500,"bu","10:42:43",439300
11700,-350,800,"bu","10:40:38",434800
11700,-350,1000,"bu","10:39:08",434000
11700,-350,200,"bu","10:38:54",433000
11700,-350,100,"bu","10:37:54",432800
11700,-350,1500,"bu","10:37:36",432700
11600,-450,1100,"sd","10:36:50",431200
11650,-400,100,"sd","10:36:50",430100
11650,-400,300,"sd","10:36:50",430000
11700,-350,5800,"sd","10:35:08",429700
11700,-350,13000,"bu","10:34:40",423900
11700,-350,100,"bu","10:34:40",410900
11700,-350,1300,"bu","10:34:15",410800
11700,-350,1200,"bu","10:34:15",409500
11700,-350,3000,"bu","10:33:53",408300
11700,-350,100,"bu","10:33:32",405300
11700,-350,100,"bu","10:32:59",405200
11700,-350,1600,"bu","10:32:33",405100
11700,-350,200,"bu","10:32:24",403500
11700,-350,2000,"bu","10:31:28",403300
11700,-350,5000,"bu","10:30:49",401300
11700,-350,1500,"bu","10:30:39",396300
11700,-350,800,"bu","10:30:28",394800
11650,-400,200,"bu","10:30:28",394000
11650,-400,2800,"bu","10:30:00",393800
11650,-400,2000,"bu","10:29:37",391000
11650,-400,500,"bu","10:29:35",389000
11650,-400,1000,"bu","10:29:23",388500
11650,-400,1000,"bu","10:29:15",387500
11650,-400,2500,"bu","10:28:55",386500
11650,-400,1000,"bu","10:28:32",384000
11650,-400,1000,"bu","10:28:12",383000
11600,-450,1900,"bu","10:27:29",382000
11600,-450,1000,"bu","10:26:57",380100
11600,-450,100,"bu","10:26:47",379100
11600,-450,2000,"bu","10:26:46",379000
11600,-450,500,"bu","10:26:40",377000
11600,-450,1500,"bu","10:26:27",376500
11600,-450,2000,"bu","10:26:13",375000
11500,-550,900,"bu","10:25:15",373000
11500,-550,1000,"bu","10:24:27",372100
11500,-550,1000,"bu","10:24:27",371100
11500,-550,100,"bu","10:24:18",370100
11500,-550,500,"bu","10:24:07",370000
11450,-600,100,"sd","10:23:58",369500
11450,-600,400,"sd","10:23:58",369400
11500,-550,500,"sd","10:23:55",369000
11500,-550,100,"sd","10:23:55",368500
11500,-550,100,"sd","10:23:55",368400
11500,-550,300,"sd","10:23:55",368300
11500,-550,500,"sd","10:23:55",368000
11500,-550,1500,"sd","10:23:40",367500
11500,-550,100,"sd","10:23:40",366000
11500,-550,1000,"sd","10:23:40",365900
11500,-550,100,"sd","10:23:40",364900
11500,-550,7700,"sd","10:23:40",364800
11500,-550,2000,"sd","10:23:40",357100
11500,-550,3000,"sd","10:23:40",355100
11500,-550,100,"sd","10:23:40",352100
11500,-550,300,"sd","10:23:40",352000
11500,-550,1000,"sd","10:23:40",351700
11500,-550,500,"sd","10:23:40",350700
11500,-550,500,"sd","10:23:40",350200
11500,-550,3000,"sd","10:23:40",349700
11500,-550,1000,"sd","10:23:40",346700
11500,-550,8200,"sd","10:23:40",345700
11500,-550,500,"sd","10:23:33",337500
11500,-550,800,"sd","10:23:12",337000
11550,-500,1000,"sd","10:23:12",336200
11550,-500,100,"sd","10:23:12",335200
11500,-550,500,"sd","10:21:39",335100
11500,-550,700,"sd","10:21:39",334600
11550,-500,1000,"sd","10:21:39",333900
11550,-500,100,"sd","10:21:39",332900
11550,-500,1000,"sd","10:21:39",332800
11550,-500,200,"sd","10:21:39",331800
11550,-500,300,"sd","10:21:39",331600
11600,-450,200,"sd","10:21:39",331300
11600,-450,1000,"sd","10:21:39",331100
11600,-450,500,"bu","10:20:35",330100
11500,-550,2300,"bu","10:20:10",329600
11500,-550,500,"bu","10:20:10",327300
11500,-550,100,"bu","10:19:47",326800
11500,-550,1000,"bu","10:19:42",326700
11500,-550,200,"sd","10:19:31",325700
11500,-550,500,"sd","10:19:31",325500
11500,-550,200,"sd","10:19:31",325000
11500,-550,200,"sd","10:19:31",324800
11500,-550,100,"sd","10:19:30",324600
11500,-550,400,"sd","10:19:30",324500
11550,-500,2000,"sd","10:19:30",324100
11550,-500,1000,"sd","10:19:30",322100
11500,-550,500,"sd","10:19:30",321100
11550,-500,3000,"sd","10:19:30",320600
11500,-550,100,"sd","10:19:30",317600
11550,-500,1000,"sd","10:19:30",317500
11500,-550,2000,"sd","10:19:30",316500
11550,-500,2000,"sd","10:19:30",314500
11500,-550,100,"sd","10:19:30",312500
11550,-500,500,"sd","10:19:30",312400
11500,-550,1000,"sd","10:19:30",311900
11550,-500,100,"sd","10:19:30",310900
11500,-550,500,"sd","10:19:30",310800
11550,-500,500,"sd","10:19:30",310300
11500,-550,300,"sd","10:19:30",309800
11600,-450,100,"sd","10:19:30",309500
11500,-550,200,"sd","10:19:30",309400
11600,-450,300,"sd","10:19:30",309200
11500,-550,500,"sd","10:19:30",308900
11600,-450,600,"sd","10:19:30",308400
11500,-550,1000,"sd","10:19:30",307800
11600,-450,1000,"sd","10:19:30",306800
11500,-550,700,"sd","10:19:30",305800
11600,-450,600,"sd","10:19:30",305100
11500,-550,500,"sd","10:19:30",304500
11600,-450,5000,"sd","10:19:30",304000
11500,-550,500,"sd","10:19:30",299000
11600,-450,100,"sd","10:19:30",298500
11500,-550,300,"sd","10:19:30",298400
11600,-450,200,"sd","10:19:30",298100
11500,-550,500,"sd","10:19:30",297900
11600,-450,1000,"sd","10:19:30",297400
11500,-550,5000,"sd","10:19:30",296400
11600,-450,1000,"sd","10:19:30",291400
11600,-450,500,"sd","10:19:30",290400
11650,-400,4000,"sd","10:19:30",289900
11600,-450,1000,"sd","10:19:30",285900
11650,-400,1000,"sd","10:19:30",284900
11650,-400,100,"sd","10:19:30",283900
11650,-400,200,"sd","10:19:30",283800
11650,-400,100,"sd","10:19:30",283600
11650,-400,1000,"sd","10:19:30",283500
11650,-400,100,"sd","10:19:30",282500
11650,-400,100,"sd","10:19:30",282400
11650,-400,500,"sd","10:19:30",282300
11650,-400,600,"sd","10:19:30",281800
11650,-400,500,"sd","10:19:30",281200
11650,-400,400,"sd","10:19:30",280700
11900,-150,300,"bu","10:19:29",280300
11650,-400,8600,"sd","10:18:56",280000
11650,-400,200,"sd","10:18:56",271400
11650,-400,1000,"sd","10:18:56",271200
11650,-400,1200,"sd","10:18:56",270200
11700,-350,2000,"sd","10:18:56",269000
11700,-350,800,"sd","10:18:56",267000
11700,-350,1000,"sd","10:18:56",266200
11700,-350,200,"sd","10:18:56",265200
11700,-350,100,"sd","10:18:56",265000
11700,-350,100,"sd","10:18:56",264900
11700,-350,1000,"sd","10:18:56",264800
11700,-350,2000,"sd","10:18:56",263800
11700,-350,200,"sd","10:18:56",261800
11700,-350,1000,"sd","10:18:56",261600
11700,-350,200,"sd","10:18:56",260600
11700,-350,500,"sd","10:18:56",260400
11700,-350,1000,"sd","10:18:56",259900
11700,-350,1500,"sd","10:18:56",258900
11750,-300,1000,"sd","10:18:56",257400
11750,-300,1000,"sd","10:18:56",256400
11800,-250,1000,"sd","10:18:56",255400
11800,-250,1600,"sd","10:18:56",254400
11800,-250,100,"sd","10:18:56",252800
11800,-250,500,"sd","10:18:56",252700
11800,-250,10000,"sd","10:18:56",252200
11800,-250,9900,"sd","10:18:56",242200
11850,-200,1000,"sd","10:18:56",232300
11850,-200,1000,"sd","10:18:56",231300
11900,-150,300,"sd","10:18:56",230300
11850,-200,8500,"sd","10:15:54",230000
11900,-150,1000,"sd","10:15:54",221500
11900,-150,600,"sd","10:15:54",220500
12000,-50,600,"bu","10:15:23",219900
12000,-50,5000,"bu","10:15:23",219300
12000,-50,4400,"bu","10:15:23",214300
11900,-150,400,"sd","10:13:45",209900
11900,-150,100,"sd","10:13:45",209500
11900,-150,8200,"sd","10:13:45",209400
11950,-100,100,"sd","10:13:45",201200
11950,-100,1200,"sd","10:13:45",201100
12000,-50,3000,"bu","10:11:29",199900
12000,-50,5000,"bu","10:11:15",196900
12000,-50,5000,"bu","10:10:43",191900
12000,-50,3500,"bu","10:10:20",186900
12000,-50,5000,"bu","10:10:04",183400
12000,-50,2000,"bu","10:09:52",178400
12000,-50,3000,"bu","10:09:41",176400
11950,-100,200,"bu","10:09:31",173400
11950,-100,500,"bu","10:09:31",173200
11950,-100,500,"bu","10:09:31",172700
11950,-100,600,"bu","10:09:31",172200
11950,-100,1500,"bu","10:09:11",171600
11950,-100,200,"bu","10:07:18",170100
11950,-100,700,"sd","10:06:39",169900
12000,-50,2500,"bu","10:06:32",169200
11950,-100,3000,"sd","10:06:22",166700
12000,-50,400,"sd","10:06:17",163700
12000,-50,500,"sd","10:06:17",163300
12000,-50,700,"sd","10:06:17",162800
12000,-50,800,"sd","10:05:34",162100
12000,-50,100,"bu","10:05:19",161300
12000,-50,500,"bu","10:04:26",161200
12000,-50,500,"bu","10:04:26",160700
12000,-50,100,"bu","10:04:12",160200
12000,-50,400,"bu","10:03:59",160100
12000,-50,100,"bu","10:03:59",159700
12000,-50,1000,"bu","10:03:59",159600
12000,-50,1000,"bu","10:03:40",158600
12000,-50,1000,"bu","10:03:15",157600
12000,-50,5000,"bu","10:02:57",156600
12000,-50,2000,"bu","10:02:56",151600
11950,-100,900,"bu","10:01:41",149600
11950,-100,400,"bu","10:01:41",148700
11950,-100,3000,"bu","10:01:41",148300
11950,-100,200,"bu","10:01:41",145300
11950,-100,600,"bu","10:01:41",145100
11950,-100,2000,"bu","10:01:13",144500
11950,-100,5000,"bu","10:00:00",142500
11950,-100,300,"bu","09:59:44",137500
11950,-100,5000,"bu","09:58:54",137200
11950,-100,5000,"bu","09:58:28",132200
11950,-100,1600,"bu","09:57:55",127200
11950,-100,400,"bu","09:57:55",125600
11900,-150,100,"sd","09:56:10",125200
11900,-150,300,"bu","09:55:50",125100
11900,-150,500,"bu","09:55:50",124800
11900,-150,900,"bu","09:55:50",124300
11900,-150,2800,"bu","09:55:50",123400
11900,-150,100,"bu","09:55:37",120600
11800,-250,100,"sd","09:51:17",120500
11900,-150,1000,"bu","09:50:44",120400
11800,-250,300,"bu","09:49:42",119400
11800,-250,100,"bu","09:49:42",119100
11800,-250,100,"bu","09:49:42",119000
11800,-250,1800,"bu","09:49:42",118900
11800,-250,200,"bu","09:49:09",117100
11800,-250,1000,"bu","09:47:47",116900
11800,-250,200,"bu","09:47:19",115900
11800,-250,100,"bu","09:46:48",115700
11800,-250,500,"bu","09:46:35",115600
11800,-250,2000,"bu","09:46:21",115100
11800,-250,200,"bu","09:46:15",113100
11800,-250,3000,"bu","09:45:42",112900
11700,-350,300,"sd","09:44:25",109900
11700,-350,2200,"sd","09:43:11",109600
11700,-350,500,"sd","09:42:48",107400
11700,-350,500,"sd","09:42:02",106900
11800,-250,4000,"bu","09:40:26",106400
11800,-250,5000,"bu","09:40:15",102400
11650,-400,500,"sd","09:39:14",97400
11650,-400,3300,"sd","09:38:24",96900
11650,-400,500,"sd","09:38:24",93600
11650,-400,1000,"sd","09:38:24",93100
11650,-400,300,"sd","09:38:24",92100
11650,-400,100,"sd","09:38:24",91800
11650,-400,200,"sd","09:38:24",91700
11650,-400,1000,"sd","09:38:24",91500
11700,-350,500,"sd","09:38:24",90500
11700,-350,200,"sd","09:38:24",90000
11700,-350,1000,"sd","09:38:24",89800
11700,-350,400,"sd","09:38:24",88800
11700,-350,500,"sd","09:38:24",88400
11700,-350,100,"sd","09:38:24",87900
11700,-350,900,"sd","09:38:24",87800
11800,-250,3000,"bu","09:38:17",86900
11700,-350,100,"sd","09:37:49",83900
11700,-350,500,"sd","09:37:49",83800
11700,-350,1000,"sd","09:37:49",83300
11700,-350,200,"sd","09:37:49",82300
11700,-350,1500,"sd","09:37:49",82100
11700,-350,400,"sd","09:37:49",80600
11700,-350,100,"sd","09:37:49",80200
11700,-350,100,"sd","09:37:49",80100
11700,-350,100,"sd","09:37:49",80000
11700,-350,700,"sd","09:37:12",79900
11750,-300,200,"sd","09:37:12",79200
11750,-300,100,"sd","09:37:12",79000
11750,-300,100,"sd","09:35:24",78900
11750,-300,100,"bu","09:33:39",78800
11750,-300,1000,"sd","09:33:09",78700
11750,-300,200,"sd","09:33:09",77700
11750,-300,500,"sd","09:33:09",77500
11750,-300,3000,"sd","09:33:09",77000
11750,-300,100,"sd","09:33:09",74000
11750,-300,400,"sd","09:33:09",73900
11800,-250,100,"sd","09:33:09",73500
11800,-250,200,"sd","09:33:09",73400
11800,-250,100,"sd","09:33:09",73200
11800,-250,2300,"sd","09:33:09",73100
11800,-250,400,"sd","09:32:30",70800
11800,-250,300,"bu","09:30:56",70400
11800,-250,100,"bu","09:30:47",70100
11750,-300,600,"bu","09:30:03",70000
11750,-300,200,"bu","09:30:02",69400
11750,-300,1500,"bu","09:29:24",69200
11750,-300,200,"bu","09:29:19",67700
11750,-300,4400,"bu","09:29:08",67500
11750,-300,600,"bu","09:29:08",63100
11700,-350,200,"sd","09:28:15",62500
11700,-350,1000,"sd","09:28:15",62300
11700,-350,200,"sd","09:28:15",61300
11700,-350,600,"sd","09:28:15",61100
11700,-350,400,"sd","09:27:03",60500
11700,-350,4000,"sd","09:27:03",60100
11700,-350,600,"sd","09:27:03",56100
11700,-350,6700,"bu","09:26:46",55500
11700,-350,5000,"bu","09:26:35",48800
11700,-350,3500,"bu","09:26:23",43800
11700,-350,1000,"bu","09:26:19",40300
11700,-350,2000,"bu","09:26:08",39300
11700,-350,1800,"bu","09:25:58",37300
11750,-300,500,"bu","09:25:34",35500
11650,-400,800,"sd","09:25:15",35000
11650,-400,200,"sd","09:25:15",34200
11650,-400,300,"sd","09:24:44",34000
11650,-400,500,"bu","09:24:32",33700
11650,-400,100,"bu","09:24:29",33200
11650,-400,1000,"bu","09:24:27",33100
11650,-400,500,"sd","09:24:09",32100
11650,-400,200,"sd","09:24:09",31600
11650,-400,200,"sd","09:24:09",31400
11650,-400,300,"sd","09:24:09",31200
11650,-400,2000,"sd","09:24:09",30900
11650,-400,2000,"sd","09:24:09",28900
11650,-400,3000,"bu","09:23:09",26900
11650,-400,5000,"bu","09:22:55",23900
11650,-400,5000,"bu","09:22:47",18900
11650,-400,2000,"bu","09:22:38",13900
11700,-350,500,"bu","09:22:03",11900
11700,-350,500,"sd","09:21:58",11400
11700,-350,200,"sd","09:21:58",10900
11700,-350,100,"sd","09:21:41",10700
11800,-250,400,"sd","09:21:25",10600
11800,-250,200,"sd","09:21:25",10200
11800,-250,800,"sd","09:21:25",10000
11800,-250,200,"sd","09:21:25",9200
11900,-150,1000,"sd","09:21:23",9000
11900,-150,100,"sd","09:21:23",8000
11950,-100,100,"bu","09:19:27",7900
11950,-100,300,"bu","09:19:27",7800
11900,-150,200,"sd","09:19:25",7500
11950,-100,200,"bu","09:18:49",7300
11950,-100,100,"bu","09:16:34",7100
11950,-100,7000,"bu","09:15:01",7000
