"price","change","match_qtty","side","time","total_vol"
9250,600,63200,"unknown","14:45:01",538400
9240,590,100,"bu","14:28:59",475200
9210,560,300,"sd","14:28:52",475100
9240,590,800,"bu","14:28:45",474800
9240,590,500,"bu","14:28:45",474000
9240,590,300,"bu","14:26:47",473500
9240,590,1700,"bu","14:26:07",473200
9240,590,500,"bu","14:26:07",471500
9240,590,500,"bu","14:26:07",471000
9230,580,1000,"bu","14:26:07",470500
9200,550,1000,"bu","14:26:07",469500
9200,550,100,"bu","14:26:07",468500
9200,550,200,"bu","14:26:07",468400
9190,540,500,"sd","14:26:05",468200
9190,540,3000,"bu","14:24:33",467700
9190,540,2600,"bu","14:24:17",464700
9190,540,100,"bu","14:24:17",462100
9150,500,100,"bu","14:24:17",462000
9150,500,900,"sd","14:23:55",461900
9150,500,1000,"bu","14:22:20",461000
9150,500,1100,"bu","14:22:20",460000
9140,490,5000,"bu","14:21:50",458900
9140,490,1000,"bu","14:21:50",453900
9140,490,200,"bu","14:21:50",452900
9140,490,100,"bu","14:21:50",452600
9140,490,100,"bu","14:21:50",452700
9130,480,3000,"bu","14:21:50",452500
9130,480,1000,"sd","14:21:43",449500
9130,480,500,"sd","14:21:43",448500
9130,480,200,"sd","14:21:20",448000
9130,480,1000,"sd","14:20:19",447800
9130,480,100,"bu","14:19:42",446800
9130,480,200,"bu","14:19:42",446700
9100,450,200,"sd","14:19:24",446500
9100,450,400,"sd","14:18:25",446300
9100,450,1000,"sd","14:18:22",445900
9100,450,100,"bu","14:18:05",444900
9100,450,100,"bu","14:18:05",444800
9050,400,7000,"bu","14:16:50",444700
9050,400,5000,"sd","14:16:27",437700
9000,350,800,"sd","14:15:18",432700
9000,350,700,"sd","14:15:18",431900
9020,370,300,"sd","14:15:18",431200
9060,410,2000,"sd","14:15:18",430900
9100,450,2200,"sd","14:15:18",428900
9100,450,3000,"sd","14:14:10",426700
9100,450,100,"bu","14:10:52",423700
9100,450,2400,"bu","14:10:32",423600
9100,450,3000,"bu","14:10:32",421200
9100,450,200,"bu","14:10:32",418200
9100,450,100,"bu","14:10:32",418000
9090,440,200,"bu","14:10:32",417900
9090,440,1000,"bu","14:10:32",417700
9090,440,100,"bu","14:10:32",416700
9080,430,1500,"bu","14:10:09",416600
9080,430,1500,"bu","14:10:00",415100
9080,430,500,"bu","14:10:00",413600
9060,410,1100,"bu","14:09:39",413100
9050,400,2000,"bu","14:09:24",412000
9050,400,100,"bu","14:09:24",410000
9060,410,4900,"bu","14:09:24",409900
9050,400,700,"sd","14:09:02",405000
9050,400,3200,"sd","14:09:02",404300
9050,400,1800,"bu","14:05:10",401100
9050,400,3000,"sd","14:05:03",399300
9090,440,9900,"bu","14:04:54",396300
9090,440,500,"bu","14:04:54",386400
9080,430,1000,"bu","14:04:54",385900
9080,430,200,"bu","14:04:54",384900
9080,430,200,"bu","14:04:54",384700
9080,430,200,"bu","14:04:54",384500
9050,400,2200,"bu","14:04:40",384300
9080,430,100,"bu","14:01:03",382100
9080,430,100,"bu","13:59:12",382000
9000,350,300,"sd","13:56:19",381900
9000,350,5500,"bu","13:56:07",381600
9000,350,1000,"sd","13:55:58",376100
9020,370,1500,"sd","13:55:58",375100
9020,370,500,"bu","13:55:23",373600
9020,370,1900,"bu","13:54:36",373100
9000,350,800,"bu","13:54:11",371200
9000,350,3000,"bu","13:54:08",370400
9000,350,1200,"bu","13:54:06",367400
8980,330,2500,"bu","13:54:06",366200
8980,330,300,"bu","13:54:06",363700
8970,320,300,"bu","13:53:58",361700
8980,330,1700,"bu","13:53:58",363400
8950,300,1500,"sd","13:53:40",361400
8950,300,1000,"sd","13:53:40",359900
8950,300,500,"sd","13:53:40",358900
8950,300,4500,"sd","13:48:23",358400
8950,300,5000,"sd","13:45:31",353900
8900,250,900,"sd","13:44:38",348900
8910,260,3100,"sd","13:44:38",348000
8950,300,5000,"sd","13:44:38",344900
8910,260,1900,"sd","13:44:11",339900
9000,350,100,"sd","13:44:11",338000
9000,350,3900,"sd","13:44:11",337900
9000,350,100,"sd","13:44:11",334000
9010,360,1000,"bu","13:43:28",333900
9000,350,1000,"sd","13:42:56",332900
9000,350,1000,"sd","13:42:09",331900
9000,350,1000,"bu","13:39:13",330900
9000,350,3200,"bu","13:39:13",329900
8900,250,20400,"sd","13:34:30",326700
8910,260,700,"sd","13:34:30",306300
9000,350,3500,"sd","13:34:30",305600
9000,350,400,"sd","13:34:30",302100
9000,350,700,"sd","13:33:55",301700
9000,350,400,"sd","13:32:48",301000
9000,350,700,"sd","13:32:03",300600
9000,350,500,"sd","13:30:57",299900
9000,350,900,"sd","13:30:25",299400
9090,440,200,"bu","13:27:32",298500
9090,440,100,"bu","13:27:02",298300
9090,440,100,"bu","13:27:02",298200
9060,410,100,"bu","13:26:47",298100
9020,370,100,"bu","13:26:07",298000
9000,350,100,"bu","13:26:01",297900
9000,350,100,"bu","13:26:01",297800
9000,350,300,"bu","13:22:47",297700
9000,350,100,"bu","13:22:37",297400
8990,340,3800,"bu","13:22:12",297300
8950,300,200,"bu","13:22:12",293500
8950,300,5000,"bu","13:19:53",293300
8900,250,100,"bu","13:15:40",288300
8900,250,2500,"bu","13:15:40",288200
8900,250,2000,"bu","13:15:40",285700
8890,240,100,"bu","13:12:15",283700
8860,210,7500,"sd","13:08:31",283600
8880,230,100,"sd","13:08:31",275000
8870,220,1100,"sd","13:08:31",276100
8890,240,1000,"sd","13:08:31",274900
8890,240,100,"bu","13:08:23",273800
8890,240,100,"bu","13:08:23",273900
8870,220,500,"sd","13:07:44",273700
8900,250,100,"sd","13:05:22",273200
8920,270,2000,"sd","13:05:22",273100
8930,280,900,"sd","13:05:22",271100
8940,290,100,"sd","13:04:49",270200
8940,290,200,"sd","13:04:27",270100
8940,290,1200,"sd","13:03:33",269900
8990,340,1200,"sd","13:01:22",268700
8990,340,200,"sd","13:01:08",267500
8990,340,100,"sd","13:00:32",267300
9000,350,3800,"sd","13:00:22",267200
9000,350,100,"sd","13:00:06",263400
9000,350,200,"sd","13:00:06",263300
9000,350,300,"sd","13:00:06",263100
9000,350,100,"bu","13:00:01",262800
9000,350,100,"bu","13:00:01",262700
8990,340,400,"bu","13:00:01",262600
8980,330,400,"bu","13:00:01",262200
8980,330,100,"bu","13:00:01",261800
8930,280,100,"sd","13:00:01",261700
8940,290,100,"sd","13:00:01",261600
8940,290,200,"sd","13:00:00",261500
8990,340,200,"bu","12:59:59",261300
8990,340,100,"bu","12:59:59",261100
8990,340,7800,"bu","11:29:51",261000
8980,330,100,"bu","11:29:51",253200
8980,330,1100,"bu","11:29:51",253100
8970,320,3000,"bu","11:28:54",252000
8970,320,200,"bu","11:28:54",249000
8960,310,2000,"bu","11:28:01",248800
8960,310,1000,"bu","11:28:01",246800
8950,300,3600,"bu","11:28:01",245800
8950,300,200,"bu","11:27:52",242200
8950,300,100,"bu","11:27:39",242000
8950,300,400,"bu","11:24:58",241900
8910,260,500,"bu","11:24:49",241500
8910,260,2500,"sd","11:24:15",241000
8910,260,2500,"sd","11:24:09",238500
8910,260,1400,"sd","11:17:49",236000
8910,260,3600,"sd","11:17:49",234600
8910,260,1400,"sd","11:10:32",231000
8960,310,900,"sd","11:05:06",229600
8960,310,100,"sd","11:05:06",228700
8960,310,900,"bu","11:04:30",228600
8950,300,3000,"bu","11:03:35",227700
8930,280,5000,"sd","11:02:02",224700
8930,280,5000,"sd","11:01:20",219700
8900,250,200,"bu","10:57:36",214700
8900,250,1000,"bu","10:56:15",214500
8900,250,12500,"bu","10:56:06",213500
8890,240,2500,"bu","10:56:06",201000
8880,230,5000,"bu","10:55:15",198500
8880,230,100,"bu","10:49:40",193500
8880,230,100,"bu","10:49:13",193400
8880,230,200,"bu","10:44:18",193300
8880,230,100,"bu","10:43:14",193100
8870,220,200,"bu","10:42:20",193000
8870,220,3800,"bu","10:41:05",192800
8870,220,1000,"bu","10:41:05",189000
8860,210,5200,"bu","10:41:05",188000
8860,210,100,"bu","10:38:42",182800
8860,210,700,"bu","10:34:58",182700
8850,200,2000,"sd","10:33:03",182000
8850,200,7000,"sd","10:32:56",180000
8820,170,2000,"sd","10:28:52",173000
8820,170,2000,"sd","10:28:52",171000
8830,180,500,"sd","10:28:52",169000
8830,180,700,"sd","10:28:52",168500
8850,200,800,"sd","10:28:52",167800
8850,200,400,"sd","10:28:52",167000
8860,210,100,"sd","10:28:52",166600
8860,210,600,"sd","10:28:52",166500
8850,200,2800,"sd","10:24:07",165900
8860,210,100,"sd","10:24:07",163100
8860,210,100,"sd","10:24:07",163000
8850,200,1900,"bu","10:22:17",162900
8850,200,4800,"bu","10:22:17",161000
8850,200,200,"bu","10:21:10",156200
8850,200,10000,"sd","10:19:37",156000
8850,200,200,"sd","10:18:02",146000
8850,200,1000,"sd","10:18:02",145800
8850,200,300,"sd","10:18:02",144800
8850,200,1200,"sd","10:18:02",144500
8860,210,300,"sd","10:18:02",143300
8880,230,1100,"bu","10:15:44",143000
8880,230,300,"bu","10:15:13",141900
8880,230,300,"bu","10:12:10",141600
8880,230,900,"bu","10:11:58",141300
8880,230,200,"bu","10:11:58",140400
8860,210,500,"bu","10:08:26",140200
8860,210,1000,"sd","10:07:43",139700
8860,210,1000,"sd","10:07:43",138700
8870,220,500,"sd","10:07:43",137200
8870,220,500,"sd","10:07:43",137700
8880,230,900,"bu","10:06:34",136700
8880,230,600,"bu","10:06:14",135800
8880,230,1400,"bu","10:06:01",135200
8880,230,100,"bu","10:05:59",133800
8880,230,300,"sd","10:05:26",133700
8880,230,1000,"bu","10:04:54",133400
8880,230,1000,"bu","10:04:31",132400
8880,230,500,"bu","10:04:18",131400
8900,250,500,"bu","10:03:50",130900
8900,250,2000,"bu","10:03:35",130400
8880,230,2000,"bu","10:01:49",128400
8880,230,300,"bu","10:01:31",126400
8880,230,600,"bu","10:00:53",126100
8880,230,100,"bu","10:00:20",125500
8880,230,2000,"bu","10:00:04",125400
8880,230,2000,"bu","09:56:34",123400
8880,230,300,"bu","09:55:41",121400
8850,200,3800,"sd","09:55:35",121100
8880,230,1900,"bu","09:54:47",117300
8880,230,1900,"bu","09:53:43",115400
8830,180,300,"sd","09:53:15",113500
8830,180,1000,"sd","09:53:15",113200
8830,180,300,"sd","09:53:15",112200
8850,200,600,"sd","09:53:15",111900
8850,200,100,"bu","09:53:10",111300
8850,200,1900,"sd","09:52:29",111200
8850,200,3000,"bu","09:51:56",109300
8850,200,100,"bu","09:51:56",106300
8850,200,600,"bu","09:51:09",106200
8850,200,300,"bu","09:50:14",105600
8830,180,4000,"sd","09:50:03",105300
8880,230,200,"bu","09:48:08",101300
8880,230,300,"bu","09:47:40",101100
8880,230,400,"bu","09:46:00",100800
8880,230,1000,"sd","09:43:36",100400
8880,230,3000,"sd","09:43:36",99400
8880,230,1500,"sd","09:41:54",96400
8880,230,900,"sd","09:41:54",94900
8900,250,3000,"sd","09:38:35",94000
8900,250,800,"sd","09:38:35",91000
8990,340,2000,"bu","09:36:34",90200
8990,340,3000,"bu","09:35:51",88200
8990,340,5000,"sd","09:35:22",85200
8990,340,1200,"sd","09:35:22",80200
9000,350,900,"sd","09:35:22",79000
9000,350,1000,"bu","09:35:18",78100
9000,350,2000,"bu","09:35:18",77100
9000,350,700,"bu","09:35:04",75100
8990,340,800,"bu","09:34:42",74400
8900,250,2000,"bu","09:34:09",73600
8890,240,500,"sd","09:33:08",71600
8890,240,1000,"sd","09:33:08",71100
8890,240,500,"sd","09:32:43",70100
8890,240,500,"bu","09:32:42",69600
8880,230,100,"bu","09:32:27",69100
8860,210,100,"bu","09:31:44",69000
8790,140,100,"bu","09:30:51",68900
8790,140,100,"bu","09:30:51",68800
8780,130,4000,"bu","09:30:19",68700
8780,130,4000,"sd","09:30:15",64700
8780,130,2000,"sd","09:30:15",60700
8780,130,1000,"bu","09:29:46",58700
8780,130,2300,"bu","09:29:46",57700
8780,130,3000,"bu","09:29:39",55400
8780,130,2400,"bu","09:29:39",52400
8780,130,2400,"bu","09:29:35",50000
8700,50,600,"bu","09:29:22",47600
8700,50,3000,"bu","09:29:19",47000
8700,50,11000,"bu","09:28:54",44000
8700,50,200,"bu","09:28:22",33000
8700,50,2000,"sd","09:27:58",32800
8700,50,3200,"sd","09:27:58",30800
8700,50,6500,"sd","09:27:42",27600
8700,50,1500,"sd","09:27:42",21100
8780,130,2000,"bu","09:27:02",19600
8780,130,400,"bu","09:25:30",17600
8700,50,700,"sd","09:25:19",17200
8700,50,2700,"sd","09:24:12",16500
8660,10,2300,"sd","09:23:28",13800
8700,50,1000,"sd","09:23:28",11500
8700,50,1000,"sd","09:23:28",10500
8700,50,2000,"sd","09:22:33",9500
8700,50,3800,"bu","09:19:07",7500
8700,50,1200,"bu","09:17:02",3700
8660,10,2500,"unknown","09:15:00",2500
