"price","change","match_qtty","side","time","total_vol"
11700,-100,12300,"unknown","14:45:03",207900
11700,-100,2000,"bu","14:29:46",195600
11700,-100,3000,"bu","14:29:31",193600
11700,-100,2000,"bu","14:27:55",190600
11700,-100,1000,"bu","14:27:07",188600
11700,-100,3700,"bu","14:26:18",187600
11600,-200,100,"sd","14:24:04",183900
11600,-200,100,"sd","14:20:13",183800
11600,-200,5000,"sd","14:18:19",183700
11600,-200,1500,"sd","14:17:52",178700
11600,-200,10000,"sd","14:14:23",177200
11600,-200,100,"sd","14:14:05",167200
11600,-200,100,"sd","14:11:37",167100
11600,-200,3000,"sd","14:10:04",167000
11600,-200,4400,"sd","14:09:57",164000
11600,-200,600,"sd","14:02:45",159600
11700,-100,2400,"bu","13:54:43",159000
11700,-100,100,"bu","13:53:37",156600
11700,-100,100,"bu","13:53:29",156500
11600,-200,2000,"sd","13:51:22",156400
11700,-100,4600,"bu","13:48:30",154400
11700,-100,300,"sd","13:47:10",149800
11700,-100,500,"sd","13:46:41",149500
11700,-100,400,"sd","13:45:45",149000
11700,-100,12000,"sd","13:42:02",148600
11700,-100,400,"sd","13:41:00",136600
11700,-100,1000,"sd","13:29:34",136200
11700,-100,1000,"sd","13:28:47",135200
11700,-100,500,"sd","13:25:08",134200
11700,-100,5000,"bu","13:24:08",133700
11700,-100,500,"bu","13:23:45",128700
11700,-100,500,"bu","13:22:09",128200
11700,-100,100,"bu","13:20:36",127700
11700,-100,500,"bu","13:16:15",127600
11700,-100,10200,"bu","13:14:12",127100
11700,-100,2000,"sd","13:12:43",116900
11700,-100,1000,"sd","13:08:42",114900
11700,-100,11400,"bu","11:24:53",113900
11600,-200,6000,"sd","11:24:37",102500
11700,-100,300,"bu","11:24:11",96500
11700,-100,7300,"bu","11:24:08",96200
11700,-100,11000,"sd","11:22:39",88900
11700,-100,1100,"sd","11:19:29",77900
11700,-100,15000,"sd","11:03:25",76800
11700,-100,100,"sd","10:58:47",61800
11800,0,800,"bu","10:29:09",61700
11800,0,500,"bu","10:27:34",60900
11800,0,400,"bu","10:25:19",60400
11800,0,1000,"bu","10:23:11",60000
11800,0,100,"bu","10:16:54",59000
11800,0,100,"bu","10:14:37",58900
11800,0,400,"bu","10:08:52",58800
11800,0,2100,"bu","10:04:17",58400
11800,0,5000,"sd","10:02:42",56300
11800,0,2000,"sd","10:01:52",51300
11800,0,1900,"sd","10:01:34",49300
11800,0,200,"bu","10:01:30",47400
11800,0,4800,"bu","10:01:00",47200
11800,0,4000,"sd","10:00:45",42400
11900,100,100,"bu","09:59:34",38400
11800,0,11700,"sd","09:59:15",38300
11800,0,1000,"bu","09:53:15",26600
11800,0,200,"bu","09:51:24",25600
11800,0,900,"bu","09:50:31",25400
11800,0,600,"bu","09:49:48",24500
11800,0,1000,"bu","09:46:18",23900
11800,0,100,"sd","09:42:34",22900
11800,0,1600,"sd","09:40:30",22800
11800,0,8400,"bu","09:39:25",21200
11800,0,1700,"sd","09:37:36",12800
11800,0,400,"bu","09:32:07",11100
11800,0,200,"bu","09:30:52",10700
11800,0,800,"sd","09:30:39",10500
11800,0,300,"bu","09:30:23",9700
11800,0,2500,"sd","09:29:21",9400
11800,0,200,"sd","09:29:08",6900
11900,100,100,"bu","09:27:33",6700
11800,0,1000,"sd","09:22:38",6600
11800,0,1400,"sd","09:22:35",5600
11800,0,1000,"sd","09:21:14",4200
11900,100,200,"bu","09:13:07",3200
11900,100,1000,"bu","09:03:21",3000
11900,100,1000,"bu","09:00:59",2000
11800,0,1000,"bu","09:00:22",1000
