"price","change","match_qtty","side","time","total_vol"
9450,-50,649600,"unknown","14:45:03",19299300
9520,20,1000,"bu","14:29:56",18649700
9510,10,2800,"sd","14:29:56",18648700
9520,20,3000,"bu","14:29:55",18645900
9520,20,500,"bu","14:29:55",18642900
9520,20,100,"bu","14:29:53",18642400
9510,10,500,"sd","14:29:51",18642300
9520,20,13200,"bu","14:29:50",18641800
9520,20,300,"bu","14:29:49",18628600
9520,20,100,"bu","14:29:49",18628300
9510,10,300,"sd","14:29:49",18628200
9520,20,100,"bu","14:29:47",18627900
9520,20,30000,"bu","14:29:43",18627800
9520,20,300,"bu","14:29:41",18597800
9520,20,500,"bu","14:29:41",18597500
9510,10,400,"sd","14:29:41",18597000
9510,10,3000,"sd","14:29:40",18596600
9510,10,200,"sd","14:29:37",18593600
9520,20,500,"bu","14:29:37",18593400
9520,20,1500,"bu","14:29:37",18592900
9510,10,1000,"sd","14:29:37",18591400
9520,20,500,"bu","14:29:36",18590400
9520,20,500,"bu","14:29:36",18589900
9510,10,2200,"sd","14:29:33",18589400
9520,20,100,"bu","14:29:33",18587200
9510,10,100,"sd","14:29:33",18587100
9520,20,100,"bu","14:29:31",18587000
9510,10,200,"sd","14:29:29",18586900
9520,20,20000,"bu","14:29:29",18586700
9520,20,1000,"bu","14:29:26",18566700
9520,20,2000,"bu","14:29:22",18565700
9510,10,200,"sd","14:29:20",18563700
9520,20,100,"bu","14:29:16",18563500
9520,20,600,"bu","14:29:10",18563400
9520,20,100,"bu","14:29:10",18562800
9510,10,1000,"sd","14:29:09",18562700
9510,10,400,"sd","14:29:07",18561700
9520,20,1000,"bu","14:29:07",18561300
9520,20,1000,"bu","14:29:05",18560300
9520,20,100,"bu","14:29:05",18559300
9520,20,500,"bu","14:29:04",18559200
9510,10,1000,"sd","14:29:03",18558700
9520,20,1000,"bu","14:29:01",18557700
9520,20,6900,"bu","14:28:59",18556700
9520,20,1000,"bu","14:28:59",18549800
9520,20,800,"bu","14:28:59",18548800
9520,20,700,"bu","14:28:59",18548000
9520,20,500,"bu","14:28:59",18547300
9520,20,100,"bu","14:28:59",18546800
9520,20,100,"bu","14:28:59",18546700
9520,20,1000,"bu","14:28:59",18546600
9520,20,18900,"bu","14:28:59",18545600
9520,20,300,"bu","14:28:55",18526700
9520,20,1000,"bu","14:28:55",18526400
9520,20,9800,"bu","14:28:54",18525400
9520,20,30200,"bu","14:28:54",18515600
9520,20,500,"bu","14:28:53",18485400
9510,10,100,"sd","14:28:53",18484900
9520,20,1000,"bu","14:28:52",18484800
9510,10,1000,"sd","14:28:50",18483800
9520,20,200,"bu","14:28:46",18482800
9520,20,1000,"bu","14:28:45",18482600
9510,10,200,"sd","14:28:44",18481600
9510,10,1000,"sd","14:28:43",18481400
9520,20,100,"bu","14:28:41",18480400
9520,20,600,"bu","14:28:38",18480300
9510,10,5200,"sd","14:28:37",18479700
9510,10,4800,"sd","14:28:37",18474500
9520,20,7000,"bu","14:28:35",18469700
9520,20,200,"bu","14:28:32",18462700
9510,10,5200,"sd","14:28:26",18462500
9510,10,100,"sd","14:28:26",18457300
9510,10,2000,"sd","14:28:26",18457200
9510,10,5000,"sd","14:28:26",18455200
9510,10,2700,"sd","14:28:26",18450200
9520,20,200,"bu","14:28:25",18447500
9510,10,100,"sd","14:28:24",18447300
9510,10,100,"sd","14:28:17",18447200
9520,20,29500,"bu","14:28:16",18447100
9510,10,2700,"bu","14:28:09",18417600
9510,10,100,"bu","14:28:08",18414900
9520,20,40000,"bu","14:28:01",18414800
9520,20,7500,"bu","14:28:01",18374800
9520,20,400,"bu","14:28:01",18367300
9520,20,100,"bu","14:28:01",18366300
9520,20,100,"bu","14:28:01",18366900
9520,20,500,"bu","14:28:01",18366800
9510,10,1000,"bu","14:28:01",18366200
9510,10,5000,"bu","14:28:01",18365200
9510,10,500,"bu","14:28:01",18360200
9510,10,2000,"bu","14:28:01",18359700
9510,10,2000,"bu","14:28:01",18357700
9510,10,100,"bu","14:28:01",18355700
9510,10,2000,"bu","14:28:01",18355600
9510,10,500,"bu","14:28:01",18353600
9510,10,100,"bu","14:28:01",18353100
9510,10,3000,"bu","14:28:01",18353000
9510,10,100,"bu","14:28:01",18350000
9510,10,100,"bu","14:28:01",18349900
9510,10,500,"bu","14:28:01",18349800
9510,10,100,"bu","14:28:01",18349300
9510,10,4400,"bu","14:28:01",18349200
9500,0,500,"bu","14:27:58",18344800
9500,0,500,"bu","14:27:56",18344300
9510,10,100,"bu","14:27:53",18343800
9510,10,200,"bu","14:27:52",18343700
9500,0,100,"bu","14:27:52",18343500
9500,0,200,"bu","14:27:52",18343400
9500,0,1800,"bu","14:27:52",18343200
9500,0,200,"bu","14:27:52",18341400
9510,10,100,"bu","14:27:49",18340900
9510,10,300,"bu","14:27:49",18341200
9500,0,100,"bu","14:27:49",18340800
9500,0,500,"bu","14:27:45",18340700
9500,0,100,"sd","14:27:43",18340200
9500,0,300,"sd","14:27:43",18340100
9500,0,5000,"sd","14:27:38",18339800
9500,0,2000,"bu","14:27:34",18334800
9500,0,4100,"bu","14:27:27",18332800
9500,0,900,"bu","14:27:27",18328700
9500,0,900,"bu","14:27:24",18327800
9500,0,2000,"bu","14:27:21",18326900
9500,0,8200,"bu","14:27:21",18324900
9500,0,5000,"bu","14:27:21",18316700
9500,0,100,"bu","14:27:21",18311700
9500,0,5000,"bu","14:27:21",18311600
9500,0,1000,"bu","14:27:21",18306600
9500,0,100,"bu","14:27:21",18305600
9500,0,100,"bu","14:27:21",18305500
9500,0,3000,"bu","14:27:21",18305400
9500,0,5000,"bu","14:27:21",18302400
9500,0,700,"bu","14:27:21",18297400
9500,0,8500,"bu","14:27:21",18296700
9500,0,500,"bu","14:27:21",18288200
9500,0,600,"bu","14:27:21",18287700
9500,0,600,"bu","14:27:21",18287100
9500,0,100,"bu","14:27:21",18286500
9500,0,1000,"bu","14:27:21",18286400
9500,0,1000,"bu","14:27:21",18285400
9500,0,100,"bu","14:27:21",18284400
9500,0,100,"bu","14:27:21",18284300
9500,0,5000,"bu","14:27:21",18284200
9500,0,500,"bu","14:27:21",18279200
9500,0,1800,"bu","14:27:21",18278700
9480,-20,300,"sd","14:27:12",18276900
9480,-20,1000,"sd","14:27:12",18276600
9480,-20,100,"bu","14:27:02",18275600
9480,-20,1300,"bu","14:27:02",18275500
9470,-30,3100,"sd","14:27:01",18274200
9480,-20,900,"bu","14:27:01",18271100
9480,-20,800,"bu","14:27:01",18270200
9480,-20,800,"bu","14:26:59",18269400
9480,-20,500,"bu","14:26:57",18268600
9480,-20,10000,"bu","14:26:56",18268100
9480,-20,100,"bu","14:26:52",18258100
9480,-20,100,"bu","14:26:51",18258000
9480,-20,100,"bu","14:26:50",18257900
9480,-20,5000,"bu","14:26:47",18257800
9480,-20,500,"bu","14:26:47",18252800
9480,-20,400,"bu","14:26:46",18252300
9480,-20,12500,"bu","14:26:44",18251900
9480,-20,200,"bu","14:26:44",18239400
9480,-20,100,"bu","14:26:41",18239200
9480,-20,200,"bu","14:26:41",18239100
9480,-20,6300,"bu","14:26:39",18238900
9480,-20,10000,"bu","14:26:38",18232600
9480,-20,1000,"bu","14:26:38",18222600
9480,-20,100,"bu","14:26:35",18221600
9480,-20,10500,"bu","14:26:35",18221500
9480,-20,25000,"sd","14:26:33",18211000
9480,-20,5000,"sd","14:26:33",18186000
9480,-20,3000,"sd","14:26:33",18181000
9480,-20,4000,"sd","14:26:33",18178000
9480,-20,100,"sd","14:26:33",18174000
9480,-20,500,"sd","14:26:33",18173900
9480,-20,40600,"sd","14:26:33",18173400
9480,-20,200,"sd","14:26:33",18132800
9480,-20,100,"sd","14:26:33",18132600
9480,-20,100,"sd","14:26:33",18132500
9480,-20,100,"sd","14:26:33",18132400
9480,-20,3000,"sd","14:26:33",18132300
9480,-20,14300,"sd","14:26:33",18129300
9490,-10,100,"sd","14:26:33",18115000
9490,-10,1500,"sd","14:26:33",18114900
9490,-10,1000,"unknown","14:26:32",18113400
9500,0,7000,"bu","14:26:32",18112400
9500,0,1200,"bu","14:26:31",18105400
9500,0,100,"bu","14:26:31",18104200
9500,0,1900,"bu","14:26:31",18104100
9500,0,200,"bu","14:26:31",18102200
9500,0,4500,"bu","14:26:31",18102000
9500,0,1000,"bu","14:26:31",18097500
9500,0,1000,"bu","14:26:31",18096500
9500,0,100,"bu","14:26:31",18095500
9500,0,1000,"bu","14:26:31",18095400
9500,0,5000,"bu","14:26:31",18094400
9500,0,500,"bu","14:26:31",18089400
9480,-20,100,"sd","14:26:29",18088900
9490,-10,500,"sd","14:26:29",18088800
9490,-10,400,"sd","14:26:29",18088300
9500,0,10000,"bu","14:26:27",18087900
9490,-10,2600,"sd","14:26:27",18077900
9490,-10,1400,"sd","14:26:27",18075300
9490,-10,100,"bu","14:26:19",18073900
9490,-10,500,"bu","14:26:19",18073800
9480,-20,5600,"sd","14:26:17",18073300
9480,-20,300,"sd","14:26:17",18067700
9480,-20,300,"sd","14:26:17",18067400
9480,-20,100,"sd","14:26:17",18067100
9480,-20,3000,"sd","14:26:17",18067000
9480,-20,6000,"sd","14:26:17",18064000
9480,-20,4700,"sd","14:26:17",18058000
9490,-10,500,"bu","14:26:12",18053300
9480,-20,1000,"sd","14:26:10",18052800
9490,-10,1100,"bu","14:26:10",18051800
9490,-10,900,"bu","14:26:06",18050700
9490,-10,100,"bu","14:26:06",18049800
9490,-10,4900,"bu","14:26:04",18049700
9490,-10,100,"bu","14:26:04",18044800
9500,0,10000,"bu","14:25:55",18044700
9500,0,30000,"bu","14:25:51",18034700
9500,0,400,"bu","14:25:51",18004700
9500,0,1000,"bu","14:25:51",18004300
9500,0,100,"bu","14:25:51",18003300
9500,0,100,"bu","14:25:51",18003200
9500,0,18400,"bu","14:25:51",18003100
9490,-10,500,"bu","14:25:43",17984700
9480,-20,3300,"bu","14:25:25",17984200
9470,-30,20000,"sd","14:25:22",17980900
9500,0,3000,"bu","14:25:20",17960900
9480,-20,1000,"unknown","14:25:20",17957900
9500,0,28600,"bu","14:25:17",17956900
9500,0,10400,"bu","14:25:16",17928300
9490,-10,1000,"bu","14:25:16",17917900
9490,-10,100,"bu","14:25:16",17916900
9490,-10,2500,"bu","14:25:16",17916800
9490,-10,100,"bu","14:25:16",17914300
9490,-10,100,"bu","14:25:16",17914200
9490,-10,200,"bu","14:25:16",17914100
9490,-10,3900,"bu","14:25:16",17913900
9480,-20,300,"bu","14:25:16",17910000
9480,-20,2800,"bu","14:25:16",17909700
9480,-20,200,"bu","14:25:15",17906900
9480,-20,1000,"bu","14:25:10",17906700
9480,-20,1000,"unknown","14:25:07",17905700
9490,-10,1100,"bu","14:25:06",17904700
9490,-10,2800,"bu","14:25:06",17903600
9480,-20,1000,"bu","14:25:06",17900800
9480,-20,1000,"bu","14:25:06",17899800
9480,-20,1000,"bu","14:25:06",17898800
9480,-20,6000,"bu","14:25:06",17897800
9480,-20,7100,"bu","14:25:06",17891800
9480,-20,100,"bu","14:25:05",17884700
9480,-20,2000,"bu","14:25:02",17884600
9480,-20,10000,"bu","14:25:02",17882600
9470,-30,1000,"sd","14:24:59",17872600
9470,-30,100,"sd","14:24:57",17871600
9480,-20,200,"bu","14:24:52",17871500
9470,-30,15000,"sd","14:24:52",17871300
9480,-20,2000,"bu","14:24:42",17856300
9480,-20,1000,"bu","14:24:38",17854300
9470,-30,1000,"sd","14:24:37",17853300
9480,-20,300,"bu","14:24:33",17852300
9470,-30,200,"sd","14:24:31",17852000
9470,-30,2100,"sd","14:24:24",17851800
9480,-20,400,"bu","14:24:11",17849700
9480,-20,1000,"sd","14:24:09",17849300
9480,-20,200,"sd","14:24:09",17848300
9480,-20,1000,"sd","14:24:09",17848100
9480,-20,500,"sd","14:24:09",17847100
9480,-20,100,"sd","14:24:09",17846600
9480,-20,4100,"sd","14:24:09",17846500
9490,-10,200,"bu","14:24:08",17842400
9480,-20,1000,"sd","14:24:07",17842200
9480,-20,100,"sd","14:24:05",17841200
9480,-20,4800,"sd","14:24:02",17841100
9480,-20,200,"sd","14:24:02",17836300
9480,-20,100,"sd","14:24:01",17836100
9480,-20,300,"sd","14:23:57",17836000
9480,-20,100,"sd","14:23:39",17835700
9490,-10,300,"bu","14:23:33",17835600
9490,-10,500,"bu","14:23:33",17835300
9490,-10,200,"bu","14:23:33",17834800
9480,-20,300,"sd","14:23:25",17834600
9480,-20,700,"sd","14:23:25",17834300
9480,-20,300,"sd","14:23:09",17833600
9480,-20,200,"sd","14:23:09",17833300
9480,-20,300,"bu","14:23:01",17833100
9480,-20,500,"bu","14:23:01",17832800
9480,-20,20000,"bu","14:22:51",17832300
9480,-20,1000,"sd","14:22:41",17812300
9480,-20,20000,"sd","14:22:41",17811300
9480,-20,900,"sd","14:22:41",17791300
9480,-20,200,"sd","14:22:41",17790400
9480,-20,2900,"sd","14:22:41",17790200
9490,-10,2300,"bu","14:22:39",17787300
9490,-10,900,"bu","14:22:39",17785000
9490,-10,20000,"bu","14:22:39",17784100
9490,-10,100,"bu","14:22:39",17764100
9490,-10,6700,"bu","14:22:39",17764000
9490,-10,7000,"bu","14:22:32",17757300
9490,-10,100,"bu","14:22:27",17750300
9490,-10,5000,"bu","14:22:27",17750200
9490,-10,300,"bu","14:22:25",17745200
9490,-10,100,"sd","14:22:24",17744900
9490,-10,800,"sd","14:22:24",17744800
9490,-10,4000,"sd","14:22:24",17744000
9490,-10,1200,"bu","14:22:18",17740000
9490,-10,500,"bu","14:22:16",17738800
9490,-10,500,"bu","14:22:11",17738300
9490,-10,10000,"bu","14:22:10",17737800
9490,-10,500,"bu","14:22:10",17727800
9490,-10,100,"sd","14:22:10",17727300
9490,-10,100,"sd","14:22:10",17727200
9490,-10,20000,"sd","14:22:09",17727100
9490,-10,10000,"sd","14:22:09",17707100
9490,-10,200,"sd","14:22:09",17697100
9490,-10,2900,"sd","14:22:09",17696900
9490,-10,100,"sd","14:22:09",17694000
9490,-10,200,"sd","14:22:09",17693900
9490,-10,3700,"sd","14:22:09",17693700
9490,-10,200,"sd","14:22:08",17690000
9490,-10,2500,"sd","14:21:56",17689800
9490,-10,500,"sd","14:21:56",17687300
9490,-10,1000,"sd","14:21:56",17686800
9490,-10,3500,"sd","14:21:56",17685800
9490,-10,1500,"sd","14:21:56",17682300
9500,0,2000,"bu","14:21:55",17680800
9500,0,500,"bu","14:21:55",17678800
9500,0,13000,"bu","14:21:55",17678300
9500,0,100,"bu","14:21:55",17665300
9500,0,100,"bu","14:21:55",17665200
9500,0,100,"bu","14:21:55",17665100
9500,0,500,"bu","14:21:55",17665000
9500,0,500,"bu","14:21:55",17664500
9500,0,1200,"bu","14:21:55",17664000
9500,0,1000,"bu","14:21:55",17662800
9500,0,5000,"bu","14:21:55",17661800
9500,0,2000,"bu","14:21:55",17656800
9500,0,2000,"bu","14:21:55",17654800
9500,0,2100,"bu","14:21:55",17652800
9500,0,500,"bu","14:21:55",17650700
9500,0,10000,"bu","14:21:55",17650200
9500,0,1500,"bu","14:21:55",17640200
9500,0,300,"bu","14:21:55",17638700
9500,0,200,"bu","14:21:55",17638400
9500,0,500,"bu","14:21:55",17638200
9500,0,100,"bu","14:21:55",17637700
9500,0,3300,"bu","14:21:55",17637600
9500,0,500,"bu","14:21:55",17634300
9500,0,300,"bu","14:21:55",17633800
9500,0,2000,"bu","14:21:55",17633500
9500,0,1000,"bu","14:21:55",17631500
9500,0,17000,"bu","14:21:55",17630500
9500,0,2200,"bu","14:21:55",17613500
9500,0,2000,"bu","14:21:55",17611300
9500,0,1100,"bu","14:21:55",17609300
9500,0,300,"bu","14:21:55",17608200
9500,0,300,"bu","14:21:55",17607900
9500,0,3400,"bu","14:21:55",17607600
9500,0,500,"bu","14:21:55",17604200
9500,0,3000,"bu","14:21:55",17603700
9500,0,2000,"bu","14:21:55",17600700
9500,0,100,"bu","14:21:55",17598700
9500,0,500,"bu","14:21:55",17598600
9500,0,1000,"bu","14:21:55",17598100
9500,0,300,"bu","14:21:55",17597100
9500,0,5000,"bu","14:21:55",17596800
9500,0,2000,"bu","14:21:55",17591800
9500,0,700,"bu","14:21:55",17589800
9500,0,2000,"bu","14:21:55",17589100
9500,0,6300,"bu","14:21:55",17587100
9500,0,100,"bu","14:21:51",17580800
9500,0,200,"bu","14:21:48",17580700
9500,0,1000,"bu","14:21:48",17580500
9500,0,2400,"bu","14:21:45",17579500
9500,0,2000,"bu","14:21:45",17577100
9500,0,3600,"bu","14:21:45",17575100
9500,0,1400,"bu","14:21:44",17571500
9500,0,300,"bu","14:21:44",17570100
9500,0,700,"bu","14:21:44",17569800
9500,0,500,"bu","14:21:44",17569100
9500,0,100,"bu","14:21:44",17568600
9500,0,1000,"bu","14:21:39",17568500
9500,0,1900,"bu","14:21:38",17567500
9500,0,3100,"bu","14:21:38",17565600
9500,0,4000,"bu","14:21:36",17562500
9500,0,1000,"bu","14:21:35",17558500
9500,0,300,"bu","14:21:35",17557500
9500,0,1600,"bu","14:21:32",17557200
9500,0,600,"bu","14:21:32",17555600
9500,0,100,"bu","14:21:32",17555000
9500,0,500,"bu","14:21:32",17554900
9500,0,2200,"bu","14:21:32",17554400
9500,0,400,"bu","14:21:32",17552200
9500,0,4200,"bu","14:21:32",17551800
9500,0,2000,"bu","14:21:32",17547600
9500,0,2000,"bu","14:21:32",17545600
9500,0,1000,"bu","14:21:32",17543600
9500,0,100,"bu","14:21:32",17542600
9500,0,500,"bu","14:21:32",17542500
9500,0,200,"bu","14:21:32",17542000
9500,0,1000,"bu","14:21:32",17541800
9500,0,1000,"bu","14:21:32",17540800
9500,0,100,"bu","14:21:32",17539800
9500,0,500,"bu","14:21:32",17539700
9500,0,2000,"bu","14:21:32",17539200
9490,-10,800,"sd","14:21:32",17537200
9490,-10,100,"sd","14:21:30",17536400
9500,0,300,"bu","14:21:28",17536300
9500,0,900,"bu","14:21:28",17536000
9500,0,1000,"bu","14:21:27",17535100
9490,-10,200,"sd","14:21:20",17534100
9500,0,2300,"bu","14:21:17",17533900
9500,0,100,"bu","14:21:17",17531600
9500,0,100,"bu","14:21:17",17531500
9500,0,300,"bu","14:21:17",17531400
9500,0,100,"bu","14:21:17",17531100
9500,0,200,"bu","14:21:17",17531000
9500,0,1000,"bu","14:21:17",17530800
9500,0,200,"bu","14:21:17",17529800
9500,0,2800,"bu","14:21:17",17529600
9500,0,100,"bu","14:21:17",17526800
9500,0,1000,"bu","14:21:17",17526700
9500,0,500,"bu","14:21:17",17525700
9500,0,1300,"bu","14:21:17",17525200
9490,-10,100,"bu","14:21:11",17523900
9490,-10,200,"bu","14:21:11",17523800
9490,-10,100,"bu","14:21:11",17523600
9490,-10,2000,"bu","14:21:11",17523500
9490,-10,1000,"bu","14:21:11",17521500
9490,-10,2000,"bu","14:21:11",17520500
9490,-10,2000,"bu","14:21:11",17518500
9480,-20,1000,"sd","14:21:09",17516500
9480,-20,200,"bu","14:21:05",17515500
9480,-20,5900,"bu","14:21:05",17515300
9480,-20,1600,"bu","14:21:03",17509400
9480,-20,200,"bu","14:21:03",17507800
9480,-20,100,"bu","14:21:01",17507600
9480,-20,900,"bu","14:20:56",17507500
9480,-20,1300,"bu","14:20:54",17506600
9480,-20,100,"bu","14:20:54",17505300
9480,-20,1000,"bu","14:20:54",17505200
9480,-20,100,"bu","14:20:54",17504200
9480,-20,100,"bu","14:20:54",17504100
9480,-20,2400,"bu","14:20:54",17504000
9470,-30,200,"sd","14:20:49",17501600
9470,-30,200,"sd","14:20:48",17501400
9480,-20,2000,"bu","14:20:47",17501200
9480,-20,600,"bu","14:20:46",17499200
9470,-30,200,"sd","14:20:46",17498600
9470,-30,200,"bu","14:20:34",17498400
9470,-30,400,"bu","14:20:34",17498200
9470,-30,3600,"bu","14:20:34",17497800
9470,-30,20000,"bu","14:20:30",17494200
9470,-30,14000,"bu","14:20:26",17474200
9470,-30,100,"bu","14:20:26",17460200
9470,-30,10000,"bu","14:20:26",17460100
9470,-30,100,"bu","14:20:26",17450100
9470,-30,5800,"bu","14:20:26",17450000
9470,-30,4200,"bu","14:20:23",17444200
9470,-30,200,"bu","14:20:23",17440000
9470,-30,3800,"bu","14:20:23",17439800
9460,-40,1000,"sd","14:20:16",17436000
9460,-40,500,"bu","14:20:15",17435000
9460,-40,500,"bu","14:20:14",17434500
9460,-40,100,"bu","14:20:13",17434000
9460,-40,4100,"bu","14:20:11",17433900
9460,-40,200,"bu","14:20:11",17429800
9460,-40,3300,"bu","14:20:11",17429600
9460,-40,4100,"bu","14:20:09",17426300
9460,-40,200,"bu","14:20:02",17422200
9450,-50,1000,"sd","14:20:01",17422000
9460,-40,200,"bu","14:19:59",17421000
9460,-40,100,"bu","14:19:59",17420800
9460,-40,2000,"bu","14:19:54",17420700
9460,-40,100,"bu","14:19:53",17418700
9460,-40,100,"bu","14:19:53",17418600
9460,-40,100,"bu","14:19:53",17418500
9460,-40,100,"bu","14:19:53",17418400
9460,-40,400,"bu","14:19:53",17418300
9450,-50,1400,"sd","14:19:50",17417900
9450,-50,500,"sd","14:19:50",17416500
9450,-50,500,"sd","14:19:50",17416000
9450,-50,1900,"sd","14:19:50",17415500
9450,-50,600,"sd","14:19:50",17413600
9450,-50,1200,"sd","14:19:50",17413000
9450,-50,4500,"sd","14:19:50",17411800
9460,-40,19600,"bu","14:19:47",17407300
9460,-40,1000,"bu","14:19:47",17387700
9460,-40,200,"bu","14:19:47",17386700
9460,-40,100,"bu","14:19:47",17386500
9460,-40,100,"bu","14:19:47",17386400
9460,-40,1000,"bu","14:19:47",17386300
9450,-50,100,"bu","14:19:33",17385300
9450,-50,2000,"bu","14:19:33",17385200
9450,-50,800,"bu","14:19:33",17383200
9450,-50,1200,"bu","14:19:28",17382400
9450,-50,1000,"bu","14:19:28",17381200
9450,-50,900,"bu","14:19:28",17380200
9450,-50,10000,"bu","14:19:28",17379300
9450,-50,1000,"bu","14:19:28",17369300
9450,-50,200,"bu","14:19:28",17368300
9450,-50,500,"bu","14:19:28",17368100
9450,-50,200,"bu","14:19:28",17367600
9450,-50,100,"bu","14:19:28",17367400
9450,-50,400,"bu","14:19:28",17367300
9450,-50,500,"bu","14:19:28",17366900
9450,-50,100,"bu","14:19:28",17366400
9450,-50,100,"bu","14:19:28",17366300
9450,-50,2000,"bu","14:19:28",17366200
9450,-50,400,"bu","14:19:28",17364200
9450,-50,11400,"bu","14:19:28",17363800
9440,-60,200,"sd","14:19:26",17352400
9440,-60,4500,"sd","14:19:19",17352200
9440,-60,100,"sd","14:19:19",17347700
9440,-60,400,"sd","14:19:19",17347600
9440,-60,600,"sd","14:19:16",17347200
9440,-60,400,"sd","14:19:16",17346600
9440,-60,200,"bu","14:19:08",17346200
9440,-60,9400,"bu","14:19:08",17346000
9440,-60,600,"bu","14:19:08",17336600
9440,-60,400,"bu","14:19:08",17336000
9440,-60,100,"bu","14:19:07",17335600
9440,-60,2000,"bu","14:19:05",17335500
9440,-60,1000,"bu","14:19:04",17333500
9440,-60,1500,"bu","14:19:00",17332500
9440,-60,500,"bu","14:19:00",17331000
9440,-60,500,"bu","14:18:50",17330500
9440,-60,200,"bu","14:18:50",17330000
9440,-60,100,"bu","14:18:50",17329800
9440,-60,9200,"bu","14:18:50",17329700
9440,-60,100,"bu","14:18:50",17320500
9440,-60,100,"bu","14:18:49",17320400
9430,-70,800,"sd","14:18:45",17320300
9440,-60,600,"bu","14:18:45",17319500
9440,-60,300,"bu","14:18:45",17318900
9430,-70,600,"sd","14:18:41",17318600
9440,-60,200,"bu","14:18:40",17318000
9430,-70,100,"sd","14:18:36",17317800
9440,-60,1000,"bu","14:18:35",17317700
9440,-60,1000,"bu","14:18:35",17316700
9430,-70,200,"sd","14:18:29",17315700
9440,-60,500,"bu","14:18:27",17315500
9440,-60,2000,"bu","14:18:27",17315000
9440,-60,500,"bu","14:18:24",17313000
9440,-60,200,"bu","14:18:24",17312500
9440,-60,200,"bu","14:18:24",17312300
9440,-60,1000,"bu","14:18:22",17312100
9440,-60,100,"bu","14:18:20",17311100
9440,-60,1000,"bu","14:18:20",17311000
9440,-60,100,"bu","14:18:16",17310000
9440,-60,1000,"bu","14:18:13",17309900
9440,-60,500,"bu","14:18:10",17308900
9440,-60,400,"sd","14:18:09",17308400
9440,-60,100,"sd","14:18:07",17308000
9430,-70,4700,"sd","14:18:02",17307900
9440,-60,300,"sd","14:18:02",17303200
9440,-60,1000,"sd","14:18:02",17302900
9450,-50,1000,"bu","14:18:02",17301900
9440,-60,100,"bu","14:17:57",17300900
9440,-60,100,"bu","14:17:57",17300800
9440,-60,6900,"bu","14:17:57",17300700
9430,-70,3900,"sd","14:17:57",17293800
9430,-70,800,"sd","14:17:57",17289900
9430,-70,500,"sd","14:17:57",17289100
9430,-70,1000,"sd","14:17:57",17288600
9430,-70,10000,"sd","14:17:57",17287600
9430,-70,3800,"sd","14:17:57",17277600
9440,-60,100,"bu","14:17:56",17273800
9440,-60,5500,"bu","14:17:55",17273700
9440,-60,2000,"bu","14:17:53",17268200
9440,-60,1000,"bu","14:17:52",17266200
9430,-70,1200,"sd","14:17:51",17265200
9430,-70,1000,"sd","14:17:51",17264000
9430,-70,2800,"sd","14:17:51",17263000
9430,-70,2200,"sd","14:17:51",17260200
9430,-70,1300,"sd","14:17:51",17258000
9440,-60,1000,"bu","14:17:50",17256700
9440,-60,1700,"bu","14:17:49",17255700
9430,-70,500,"sd","14:17:49",17254000
9440,-60,1800,"bu","14:17:49",17253500
9440,-60,100,"bu","14:17:49",17251700
9440,-60,100,"bu","14:17:49",17251600
9440,-60,1000,"bu","14:17:49",17251500
9430,-70,300,"sd","14:17:47",17250500
9430,-70,2000,"sd","14:17:45",17250200
9430,-70,100,"sd","14:17:41",17248200
9430,-70,500,"bu","14:17:40",17248100
9430,-70,100,"bu","14:17:40",17247600
9430,-70,100,"bu","14:17:40",17247500
9430,-70,1000,"bu","14:17:40",17247400
9430,-70,1000,"bu","14:17:40",17246400
9430,-70,3200,"bu","14:17:40",17245400
9430,-70,1000,"bu","14:17:40",17242200
9430,-70,1500,"bu","14:17:40",17241200
9430,-70,1000,"bu","14:17:40",17239700
9430,-70,600,"bu","14:17:40",17238700
9430,-70,1000,"bu","14:17:38",17238100
9430,-70,1000,"bu","14:17:36",17237100
9430,-70,500,"bu","14:17:35",17236100
9430,-70,1000,"bu","14:17:35",17235600
9430,-70,1000,"bu","14:17:28",17234600
9420,-80,100,"bu","14:17:23",17233600
9420,-80,100,"bu","14:17:23",17233500
9420,-80,700,"bu","14:17:23",17233400
9420,-80,200,"bu","14:17:23",17232700
9420,-80,200,"bu","14:17:20",17232500
9420,-80,100,"bu","14:17:18",17232300
9410,-90,1000,"bu","14:17:09",17232200
9410,-90,100,"bu","14:17:09",17231200
9410,-90,100,"bu","14:17:09",17231100
9410,-90,200,"bu","14:17:09",17231000
9410,-90,5400,"bu","14:17:09",17230800
9410,-90,1000,"bu","14:17:08",17225400
9410,-90,700,"bu","14:17:07",17224400
9410,-90,800,"bu","14:17:07",17223700
9410,-90,700,"bu","14:17:06",17222900
9410,-90,1000,"bu","14:17:05",17222200
9410,-90,500,"bu","14:17:04",17221200
9410,-90,200,"bu","14:17:03",17220700
9410,-90,1000,"bu","14:17:03",17220500
9410,-90,400,"bu","14:17:02",17219500
9410,-90,200,"bu","14:17:01",17219100
9410,-90,100,"bu","14:17:01",17218900
9400,-100,100,"sd","14:17:01",17218800
9410,-90,200,"bu","14:17:01",17218700
9410,-90,200,"bu","14:17:00",17218500
9410,-90,300,"bu","14:17:00",17218300
9410,-90,1000,"bu","14:16:59",17218000
9410,-90,100,"bu","14:16:58",17217000
9410,-90,5000,"bu","14:16:57",17216900
9410,-90,10000,"bu","14:16:57",17211900
9410,-90,500,"bu","14:16:57",17201900
9410,-90,8000,"bu","14:16:56",17201400
9400,-100,300,"sd","14:16:55",17193400
9410,-90,3700,"bu","14:16:54",17193100
9410,-90,100,"bu","14:16:53",17189400
9410,-90,15600,"bu","14:16:52",17189300
9410,-90,3000,"bu","14:16:52",17173700
9400,-100,300,"sd","14:16:44",17170700
9400,-100,700,"sd","14:16:44",17170400
9400,-100,200,"bu","14:16:35",17169700
9400,-100,400,"bu","14:16:35",17169500
9400,-100,14700,"bu","14:16:35",17169100
9400,-100,100,"bu","14:16:35",17154400
9400,-100,500,"bu","14:16:35",17154300
9400,-100,5000,"bu","14:16:35",17153800
9400,-100,4700,"bu","14:16:33",17148800
9400,-100,100,"bu","14:16:33",17144100
9400,-100,1000,"bu","14:16:33",17144000
9400,-100,700,"bu","14:16:33",17143000
9400,-100,1000,"bu","14:16:33",17142300
9400,-100,600,"bu","14:16:33",17141300
9400,-100,500,"bu","14:16:33",17140700
9400,-100,1000,"bu","14:16:33",17140200
9400,-100,10400,"bu","14:16:33",17139200
9400,-100,100,"bu","14:16:33",17128800
9400,-100,1000,"bu","14:16:32",17128700
9400,-100,700,"bu","14:16:32",17127700
9400,-100,2000,"bu","14:16:32",17127000
9400,-100,4400,"bu","14:16:31",17125000
9400,-100,600,"bu","14:16:31",17120600
9400,-100,800,"bu","14:16:31",17120000
9400,-100,100,"bu","14:16:30",17119200
9400,-100,100,"bu","14:16:30",17119100
9400,-100,4000,"bu","14:16:30",17119000
9400,-100,800,"bu","14:16:30",17115000
9400,-100,1000,"bu","14:16:30",17114200
9400,-100,100,"bu","14:16:29",17113200
9400,-100,500,"bu","14:16:28",17113100
9400,-100,2000,"bu","14:16:27",17112600
9400,-100,600,"bu","14:16:26",17110600
9400,-100,2000,"bu","14:16:26",17110000
9400,-100,400,"bu","14:16:26",17108000
9400,-100,100,"bu","14:16:25",17107600
9400,-100,1000,"bu","14:16:25",17107500
9400,-100,100,"bu","14:16:25",17106500
9400,-100,1000,"bu","14:16:25",17106400
9400,-100,200,"bu","14:16:25",17105400
9400,-100,10000,"bu","14:16:25",17105200
9400,-100,7400,"bu","14:16:25",17095200
9400,-100,200,"bu","14:16:25",17087800
9400,-100,1000,"bu","14:16:24",17087600
9400,-100,300,"bu","14:16:22",17086600
9400,-100,100,"bu","14:16:21",17086300
9400,-100,100,"bu","14:16:21",17086200
9400,-100,100,"bu","14:16:21",17086100
9400,-100,500,"bu","14:16:21",17086000
9400,-100,400,"bu","14:16:21",17085500
9400,-100,100,"bu","14:16:19",17085100
9400,-100,900,"bu","14:16:19",17085000
9400,-100,1200,"bu","14:16:15",17084100
9400,-100,100,"bu","14:16:15",17082900
9400,-100,2000,"bu","14:16:15",17082800
9400,-100,2000,"bu","14:16:12",17080800
9400,-100,6000,"bu","14:16:12",17078800
9400,-100,1900,"bu","14:16:12",17072800
9400,-100,5000,"bu","14:16:08",17070900
9390,-110,300,"sd","14:16:02",17065900
9390,-110,600,"sd","14:16:02",17065600
9390,-110,200,"sd","14:16:02",17065000
9390,-110,800,"sd","14:16:02",17064800
9390,-110,100,"sd","14:16:02",17064000
9400,-100,300,"bu","14:16:02",17063900
9400,-100,1000,"bu","14:16:02",17063600
9400,-100,14600,"bu","14:16:01",17062600
9400,-100,1000,"bu","14:16:01",17048000
9400,-100,300,"bu","14:16:01",17047000
9400,-100,1500,"bu","14:16:01",17046700
9400,-100,2300,"bu","14:16:01",17045200
9400,-100,10000,"bu","14:16:01",17042900
9400,-100,300,"bu","14:16:01",17032900
9400,-100,1000,"bu","14:15:58",17032600
9400,-100,1000,"bu","14:15:57",17031600
9400,-100,500,"bu","14:15:54",17030600
9400,-100,2000,"bu","14:15:46",17030100
9390,-110,200,"sd","14:15:39",17028100
9390,-110,600,"sd","14:15:39",17027900
9400,-100,1000,"bu","14:15:38",17027300
9390,-110,500,"bu","14:15:36",17026300
9390,-110,1000,"bu","14:15:36",17025800
9390,-110,500,"bu","14:15:36",17024800
9390,-110,1000,"bu","14:15:36",17024300
9390,-110,1000,"bu","14:15:36",17023300
9390,-110,400,"bu","14:15:36",17022300
9390,-110,100,"bu","14:15:36",17021900
9390,-110,400,"bu","14:15:34",17021800
9390,-110,100,"bu","14:15:33",17021400
9390,-110,100,"bu","14:15:33",17021300
9390,-110,100,"bu","14:15:33",17021200
9390,-110,100,"bu","14:15:33",17021100
9390,-110,1000,"bu","14:15:33",17021000
9390,-110,5600,"bu","14:15:33",17020000
9390,-110,29400,"bu","14:15:31",17014400
9390,-110,500,"bu","14:15:31",16985000
9390,-110,100,"bu","14:15:31",16984500
9390,-110,1000,"bu","14:15:30",16984400
9390,-110,500,"bu","14:15:30",16983400
9380,-120,17700,"sd","14:15:30",16982900
9390,-110,1500,"bu","14:15:29",16965200
9380,-120,400,"sd","14:15:27",16963700
9390,-110,1000,"bu","14:15:26",16963300
9390,-110,1000,"bu","14:15:25",16962300
9390,-110,1000,"bu","14:15:24",16961300
9380,-120,1500,"sd","14:15:21",16960300
9390,-110,100,"bu","14:15:19",16958800
9390,-110,500,"bu","14:15:14",16958700
9390,-110,3000,"bu","14:15:12",16958200
9390,-110,300,"bu","14:15:08",16955200
9380,-120,1000,"bu","14:15:07",16954900
9380,-120,200,"bu","14:15:07",16953900
9380,-120,100,"bu","14:15:07",16953700
9380,-120,5600,"bu","14:15:07",16953600
9380,-120,500,"bu","14:15:07",16948000
9380,-120,700,"bu","14:15:07",16947500
9380,-120,300,"bu","14:15:06",16946800
9380,-120,3700,"bu","14:15:04",16946500
9380,-120,100,"bu","14:15:04",16942800
9380,-120,36200,"bu","14:15:04",16942700
9370,-130,200,"sd","14:14:57",16906500
9370,-130,800,"sd","14:14:57",16906300
9380,-120,100,"bu","14:14:53",16905500
9380,-120,3000,"bu","14:14:52",16905400
9370,-130,1000,"sd","14:14:50",16902400
9370,-130,5000,"sd","14:14:49",16901400
9370,-130,1600,"bu","14:14:38",16896400
9370,-130,10000,"bu","14:14:38",16894800
9370,-130,1600,"bu","14:14:38",16884800
9370,-130,1000,"bu","14:14:38",16883200
9370,-130,2900,"bu","14:14:37",16882200
9370,-130,2000,"bu","14:14:37",16879300
9370,-130,100,"bu","14:14:37",16877300
9360,-140,500,"sd","14:14:36",16877200
9360,-140,500,"sd","14:14:35",16876700
9370,-130,200,"bu","14:14:35",16876200
9370,-130,1000,"bu","14:14:35",16876000
9370,-130,1100,"bu","14:14:35",16875000
9370,-130,5000,"bu","14:14:35",16873900
9370,-130,100,"bu","14:14:35",16868900
9370,-130,2500,"bu","14:14:35",16868800
9370,-130,8700,"bu","14:14:35",16866300
9370,-130,2000,"bu","14:14:34",16857600
9370,-130,5000,"bu","14:14:34",16855600
9360,-140,2000,"sd","14:14:34",16850600
9360,-140,100,"sd","14:14:33",16848600
9360,-140,1500,"sd","14:14:27",16848500
9360,-140,200,"sd","14:14:27",16847000
9360,-140,500,"sd","14:14:27",16846800
9360,-140,10000,"sd","14:14:27",16846300
9360,-140,1000,"sd","14:14:27",16836300
9360,-140,2900,"sd","14:14:27",16835300
9360,-140,2900,"sd","14:14:27",16832400
9360,-140,800,"sd","14:14:18",16829500
9370,-130,1000,"bu","14:14:18",16828700
9360,-140,1300,"sd","14:14:17",16827700
9360,-140,300,"sd","14:14:17",16826400
9360,-140,500,"sd","14:14:17",16826100
9360,-140,500,"sd","14:14:17",16825600
9360,-140,400,"sd","14:14:17",16825100
9370,-130,3000,"bu","14:14:11",16824700
9360,-140,4600,"sd","14:14:10",16821700
9360,-140,200,"sd","14:14:10",16817100
9360,-140,100,"sd","14:14:10",16816900
9360,-140,1000,"sd","14:14:10",16816800
9360,-140,1000,"sd","14:14:10",16815800
9360,-140,500,"sd","14:14:10",16814800
9360,-140,300,"sd","14:14:10",16814300
9360,-140,100,"sd","14:14:10",16814000
9360,-140,500,"sd","14:14:10",16813900
9360,-140,1700,"sd","14:14:10",16813400
9370,-130,300,"bu","14:14:10",16811700
9370,-130,100,"bu","14:14:10",16811400
9370,-130,100,"bu","14:14:10",16811300
9360,-140,6000,"sd","14:14:06",16811200
9360,-140,300,"sd","14:14:05",16805200
9360,-140,3000,"sd","14:14:05",16804900
9360,-140,1700,"sd","14:14:05",16801900
9360,-140,300,"sd","14:14:03",16800200
9360,-140,100,"sd","14:14:03",16799900
9360,-140,200,"sd","14:14:03",16799800
9360,-140,100,"sd","14:14:02",16799600
9370,-130,100,"bu","14:14:01",16799500
9360,-140,100,"sd","14:14:01",16799400
9370,-130,1000,"bu","14:14:00",16799300
9360,-140,100,"bu","14:13:55",16798300
9360,-140,1000,"bu","14:13:52",16798200
9360,-140,500,"bu","14:13:49",16797200
9360,-140,500,"sd","14:13:49",16796700
9360,-140,100,"sd","14:13:49",16796200
9360,-140,1000,"sd","14:13:49",16796100
9360,-140,700,"sd","14:13:49",16795100
9360,-140,500,"sd","14:13:49",16794400
9360,-140,500,"sd","14:13:49",16793900
9360,-140,500,"sd","14:13:49",16793400
9360,-140,500,"sd","14:13:49",16792900
9360,-140,500,"sd","14:13:48",16792400
9360,-140,3000,"sd","14:13:48",16791900
9360,-140,1000,"sd","14:13:48",16788900
9360,-140,200,"sd","14:13:48",16787900
9360,-140,1000,"sd","14:13:48",16787700
9360,-140,300,"sd","14:13:48",16786700
9360,-140,200,"sd","14:13:48",16786400
9360,-140,300,"sd","14:13:48",16786200
9360,-140,1000,"sd","14:13:48",16785900
9360,-140,100,"sd","14:13:48",16784900
9360,-140,1000,"sd","14:13:48",16784800
9360,-140,1000,"sd","14:13:48",16783800
9360,-140,100,"sd","14:13:48",16782800
9360,-140,500,"sd","14:13:48",16782700
9360,-140,300,"sd","14:13:48",16782200
9360,-140,400,"sd","14:13:48",16781900
9360,-140,1500,"sd","14:13:48",16781500
9360,-140,200,"sd","14:13:48",16780000
9360,-140,100,"sd","14:13:48",16779800
9360,-140,800,"sd","14:13:48",16779700
9360,-140,300,"sd","14:13:48",16778900
9360,-140,300,"sd","14:13:48",16778600
9360,-140,700,"sd","14:13:48",16778300
9360,-140,100,"sd","14:13:48",16777600
9360,-140,1000,"sd","14:13:48",16777500
9360,-140,8200,"sd","14:13:48",16776500
9370,-130,100,"bu","14:13:47",16768300
9370,-130,500,"bu","14:13:44",16768200
9360,-140,2000,"sd","14:13:44",16767700
9360,-140,1000,"sd","14:13:42",16765700
9360,-140,4700,"sd","14:13:42",16764700
9370,-130,200,"bu","14:13:41",16760000
9370,-130,600,"bu","14:13:41",16759800
9370,-130,1200,"bu","14:13:41",16759200
9370,-130,100,"bu","14:13:41",16758000
9370,-130,700,"bu","14:13:40",16757900
9370,-130,300,"bu","14:13:40",16757200
9360,-140,2000,"sd","14:13:40",16756900
9370,-130,100,"bu","14:13:40",16754900
9360,-140,8200,"sd","14:13:39",16754800
9370,-130,100,"bu","14:13:38",16746600
9370,-130,100,"bu","14:13:38",16746500
9360,-140,100,"sd","14:13:38",16746400
9360,-140,1000,"sd","14:13:36",16746300
9370,-130,200,"bu","14:13:35",16745300
9360,-140,1500,"sd","14:13:35",16745100
9370,-130,2500,"bu","14:13:33",16743600
9360,-140,4000,"sd","14:13:33",16741100
9360,-140,1000,"sd","14:13:31",16737100
9360,-140,3500,"sd","14:13:26",16736100
9370,-130,800,"bu","14:13:24",16732600
9360,-140,3000,"sd","14:13:19",16731800
9370,-130,3000,"bu","14:13:18",16728800
9360,-140,5000,"sd","14:13:12",16725800
9370,-130,100,"bu","14:13:11",16720800
9370,-130,1500,"bu","14:13:10",16720700
9370,-130,200,"bu","14:13:09",16719200
9370,-130,1000,"bu","14:13:08",16719000
9370,-130,100,"bu","14:13:08",16718000
9370,-130,2400,"bu","14:13:07",16717900
9370,-130,1600,"bu","14:13:07",16715500
9370,-130,100,"bu","14:13:07",16713900
9370,-130,300,"sd","14:13:03",16713800
9380,-120,100,"bu","14:13:00",16713500
9380,-120,500,"bu","14:13:00",16713400
9380,-120,400,"bu","14:12:58",16712900
9360,-140,4800,"sd","14:12:54",16712500
9360,-140,6000,"sd","14:12:54",16707700
9370,-130,2000,"sd","14:12:54",16701700
9370,-130,300,"sd","14:12:54",16699700
9370,-130,100,"sd","14:12:54",16699400
9370,-130,100,"sd","14:12:54",16699300
9370,-130,2600,"sd","14:12:54",16699200
9370,-130,5000,"sd","14:12:54",16696600
9370,-130,5000,"sd","14:12:54",16691600
9370,-130,100,"sd","14:12:54",16686600
9370,-130,500,"sd","14:12:54",16686500
9370,-130,14000,"sd","14:12:54",16686000
9370,-130,200,"sd","14:12:54",16672000
9370,-130,100,"sd","14:12:54",16671800
9370,-130,9200,"sd","14:12:54",16671700
9380,-120,100,"bu","14:12:45",16662500
9370,-130,800,"sd","14:12:43",16662400
9370,-130,400,"sd","14:12:43",16661600
9380,-120,1000,"bu","14:12:42",16661200
9370,-130,100,"sd","14:12:39",16660200
9370,-130,200,"sd","14:12:39",16660100
9380,-120,500,"bu","14:12:38",16659900
9380,-120,8100,"bu","14:12:26",16659400
9380,-120,9000,"bu","14:12:26",16651300
9380,-120,500,"bu","14:12:26",16642300
9380,-120,5000,"bu","14:12:26",16641800
9380,-120,5000,"bu","14:12:26",16636800
9380,-120,400,"bu","14:12:26",16631800
9370,-130,100,"sd","14:12:22",16631400
9380,-120,900,"bu","14:12:19",16631300
9370,-130,100,"sd","14:12:17",16630400
9380,-120,8700,"sd","14:12:16",16630300
9380,-120,500,"sd","14:12:14",16621600
9380,-120,100,"sd","14:12:12",16621100
9380,-120,2000,"bu","14:12:04",16621000
9380,-120,2000,"bu","14:12:04",16619000
9380,-120,700,"bu","14:12:04",16617000
9360,-140,3000,"sd","14:11:58",16616300
9360,-140,300,"sd","14:11:57",16613300
9360,-140,100,"sd","14:11:57",16613000
9370,-130,100,"sd","14:11:57",16612900
9380,-120,500,"bu","14:11:56",16612800
9380,-120,3000,"bu","14:11:56",16612300
9380,-120,100,"bu","14:11:53",16609300
9380,-120,500,"bu","14:11:51",16609200
9380,-120,900,"bu","14:11:47",16608700
9380,-120,100,"bu","14:11:47",16607800
9380,-120,1000,"bu","14:11:46",16607700
9380,-120,300,"bu","14:11:43",16606700
9380,-120,200,"bu","14:11:43",16606400
9380,-120,100,"bu","14:11:42",16606200
9350,-150,18600,"sd","14:11:41",16606100
9350,-150,200,"sd","14:11:41",16587500
9350,-150,300,"sd","14:11:41",16587300
9350,-150,1000,"sd","14:11:41",16587000
9350,-150,500,"sd","14:11:41",16586000
9350,-150,300,"sd","14:11:41",16585500
9350,-150,1000,"sd","14:11:41",16585200
9350,-150,500,"sd","14:11:41",16584200
9350,-150,1500,"sd","14:11:41",16583700
9350,-150,100,"sd","14:11:41",16582200
9350,-150,21000,"sd","14:11:41",16582100
9350,-150,3000,"sd","14:11:41",16561100
9350,-150,5000,"sd","14:11:41",16558100
9350,-150,1000,"sd","14:11:41",16553100
9350,-150,3300,"sd","14:11:41",16552100
9350,-150,10000,"sd","14:11:41",16548800
9360,-140,500,"sd","14:11:41",16538800
9360,-140,5000,"sd","14:11:41",16538300
9360,-140,500,"sd","14:11:41",16533300
9360,-140,100,"sd","14:11:41",16532800
9360,-140,100,"sd","14:11:41",16532700
9360,-140,1000,"sd","14:11:41",16532600
9360,-140,10000,"sd","14:11:41",16531600
9360,-140,500,"sd","14:11:41",16521600
9360,-140,1000,"sd","14:11:41",16521100
9360,-140,100,"sd","14:11:41",16520100
9360,-140,200,"sd","14:11:41",16520000
9360,-140,100,"sd","14:11:41",16519800
9360,-140,20000,"sd","14:11:41",16519700
9360,-140,500,"sd","14:11:41",16499700
9360,-140,1000,"sd","14:11:41",16499200
9360,-140,500,"sd","14:11:41",16498200
9360,-140,300,"sd","14:11:41",16497700
9360,-140,200,"sd","14:11:41",16497400
9360,-140,200,"sd","14:11:41",16497200
9360,-140,200,"sd","14:11:41",16497000
9360,-140,500,"sd","14:11:41",16496800
9360,-140,1000,"sd","14:11:41",16496300
9360,-140,100,"sd","14:11:41",16495300
9360,-140,2100,"sd","14:11:41",16495200
9360,-140,200,"sd","14:11:41",16493100
9360,-140,300,"sd","14:11:41",16492900
9360,-140,100,"sd","14:11:41",16492600
9360,-140,3000,"sd","14:11:41",16492500
9360,-140,500,"sd","14:11:41",16489500
9360,-140,1200,"sd","14:11:41",16489000
9360,-140,500,"sd","14:11:41",16487800
9360,-140,1100,"sd","14:11:41",16487300
9360,-140,200,"sd","14:11:41",16486200
9360,-140,2000,"sd","14:11:41",16486000
9360,-140,2000,"sd","14:11:41",16484000
9360,-140,3000,"sd","14:11:41",16482000
9360,-140,100,"sd","14:11:41",16479000
9360,-140,3900,"sd","14:11:41",16478900
9360,-140,100,"sd","14:11:41",16475000
9370,-130,300,"sd","14:11:41",16474900
9360,-140,2400,"sd","14:11:41",16474600
9370,-130,1000,"sd","14:11:41",16472200
9370,-130,1000,"sd","14:11:41",16471200
9370,-130,100,"sd","14:11:41",16470200
9370,-130,200,"sd","14:11:41",16470100
9370,-130,1000,"sd","14:11:41",16469900
9370,-130,200,"sd","14:11:41",16468900
9370,-130,5600,"sd","14:11:41",16468700
9370,-130,300,"sd","14:11:41",16463100
9370,-130,5000,"sd","14:11:41",16462800
9370,-130,7000,"sd","14:11:41",16457800
9370,-130,200,"sd","14:11:41",16450800
9370,-130,100,"sd","14:11:41",16450600
9370,-130,1000,"sd","14:11:41",16450500
9370,-130,200,"sd","14:11:41",16449500
9370,-130,100,"sd","14:11:41",16449300
9370,-130,3000,"sd","14:11:41",16449200
9370,-130,100,"sd","14:11:41",16446200
9370,-130,1000,"sd","14:11:41",16446100
9370,-130,100,"sd","14:11:41",16445100
9370,-130,1000,"sd","14:11:41",16445000
9370,-130,1000,"sd","14:11:41",16444000
9370,-130,100,"sd","14:11:41",16443000
9370,-130,1000,"sd","14:11:41",16442900
9370,-130,2000,"sd","14:11:41",16441900
9370,-130,29300,"sd","14:11:41",16439900
9380,-120,1000,"bu","14:11:41",16410600
9370,-130,100,"sd","14:11:39",16409600
9380,-120,100,"bu","14:11:38",16409500
9380,-120,200,"bu","14:11:37",16409400
9380,-120,500,"bu","14:11:36",16409200
9380,-120,1000,"bu","14:11:35",16408700
9380,-120,3000,"sd","14:11:33",16407700
9380,-120,100,"sd","14:11:33",16404700
9380,-120,3800,"sd","14:11:33",16404600
9380,-120,4800,"sd","14:11:30",16400800
9380,-120,100,"bu","14:11:30",16396000
9380,-120,1300,"bu","14:11:30",16395900
9380,-120,500,"bu","14:11:27",16394600
9380,-120,5000,"bu","14:11:27",16394100
9380,-120,600,"sd","14:11:24",16389100
9380,-120,100,"sd","14:11:24",16388500
9380,-120,3200,"sd","14:11:24",16388400
9380,-120,300,"sd","14:11:24",16385200
9380,-120,1000,"sd","14:11:24",16384900
9380,-120,2200,"sd","14:11:24",16383900
9380,-120,200,"sd","14:11:23",16381700
9380,-120,2700,"sd","14:11:22",16381500
9380,-120,600,"sd","14:11:18",16378800
9380,-120,400,"sd","14:11:18",16378200
9380,-120,3000,"sd","14:11:11",16377800
9380,-120,20000,"sd","14:11:07",16374800
9390,-110,200,"bu","14:11:05",16354800
9380,-120,900,"sd","14:11:01",16354600
9380,-120,2500,"sd","14:11:01",16353700
9380,-120,200,"sd","14:11:01",16351200
9380,-120,5000,"sd","14:11:01",16351000
9380,-120,100,"sd","14:11:01",16346000
9380,-120,100,"sd","14:11:01",16345900
9380,-120,1000,"sd","14:11:01",16345800
9380,-120,1500,"sd","14:11:01",16344800
9380,-120,300,"sd","14:11:01",16343300
9380,-120,500,"sd","14:11:01",16343000
9380,-120,100,"sd","14:11:01",16342500
9380,-120,8700,"sd","14:11:01",16342400
9390,-110,1000,"bu","14:10:58",16333700
9380,-120,1300,"sd","14:10:56",16332700
9380,-120,200,"sd","14:10:56",16331400
9380,-120,500,"sd","14:10:56",16331200
9380,-120,100,"sd","14:10:56",16330700
9380,-120,200,"sd","14:10:56",16330600
9380,-120,100,"sd","14:10:56",16330400
9380,-120,1000,"sd","14:10:56",16330300
9380,-120,500,"sd","14:10:56",16329300
9380,-120,400,"sd","14:10:56",16328800
9390,-110,700,"bu","14:10:53",16328400
9390,-110,100,"bu","14:10:53",16327700
9390,-110,9200,"bu","14:10:53",16327600
9390,-110,800,"bu","14:10:52",16318400
9390,-110,300,"bu","14:10:52",16317600
9390,-110,900,"bu","14:10:52",16317300
9390,-110,1000,"bu","14:10:52",16316400
9390,-110,1000,"bu","14:10:52",16315400
9380,-120,200,"sd","14:10:45",16314400
9390,-110,10000,"bu","14:10:44",16314200
9380,-120,9400,"sd","14:10:44",16304200
9380,-120,100,"sd","14:10:44",16294800
9380,-120,2000,"sd","14:10:44",16294700
9380,-120,1500,"sd","14:10:44",16292700
9380,-120,500,"sd","14:10:44",16291200
9380,-120,2000,"sd","14:10:44",16290700
9380,-120,9500,"sd","14:10:44",16288700
9390,-110,3000,"bu","14:10:41",16279200
9390,-110,1800,"bu","14:10:36",16276200
9390,-110,200,"bu","14:10:34",16274400
9390,-110,100,"bu","14:10:34",16274200
9390,-110,1000,"bu","14:10:32",16274100
9390,-110,200,"sd","14:10:31",16273100
9390,-110,800,"sd","14:10:31",16272900
9390,-110,4200,"sd","14:10:29",16272100
9390,-110,300,"sd","14:10:29",16267900
9390,-110,100,"sd","14:10:29",16267600
9390,-110,300,"sd","14:10:29",16267500
9390,-110,1600,"sd","14:10:29",16267200
9390,-110,100,"sd","14:10:27",16265600
9390,-110,4000,"sd","14:10:24",16265500
9390,-110,1000,"sd","14:10:24",16261500
9390,-110,2200,"sd","14:10:23",16260500
9390,-110,5000,"sd","14:10:20",16258300
9390,-110,6100,"sd","14:10:11",16253300
9390,-110,1000,"sd","14:10:11",16247200
9390,-110,9000,"sd","14:10:11",16246200
9390,-110,600,"sd","14:10:09",16237200
9390,-110,400,"sd","14:10:09",16236600
9390,-110,500,"sd","14:10:08",16236200
9390,-110,1000,"bu","14:10:07",16235700
9390,-110,1600,"bu","14:10:07",16234700
9390,-110,2900,"bu","14:10:07",16233100
9390,-110,500,"bu","14:10:07",16230200
9390,-110,100,"bu","14:10:05",16229700
9380,-120,500,"sd","14:10:04",16229600
9390,-110,500,"bu","14:10:03",16229100
9380,-120,1500,"sd","14:10:02",16228600
9390,-110,3900,"sd","14:10:02",16227100
9390,-110,500,"bu","14:10:00",16223200
9390,-110,500,"bu","14:10:00",16222700
9390,-110,100,"bu","14:10:00",16222200
9390,-110,1000,"bu","14:10:00",16222100
9390,-110,1000,"bu","14:09:58",16221100
9390,-110,4000,"bu","14:09:56",16220100
9390,-110,100,"bu","14:09:56",16216100
9390,-110,100,"bu","14:09:56",16216000
9390,-110,5800,"bu","14:09:56",16215900
9390,-110,1600,"bu","14:09:54",16210100
9380,-120,6000,"sd","14:09:54",16208500
9380,-120,100,"sd","14:09:52",16202500
9380,-120,100,"sd","14:09:50",16202400
9390,-110,20000,"bu","14:09:47",16202300
9380,-120,100,"sd","14:09:47",16182300
9380,-120,800,"sd","14:09:38",16182200
9390,-110,2000,"bu","14:09:38",16181400
9380,-120,100,"sd","14:09:37",16179400
9380,-120,1000,"sd","14:09:36",16179300
9380,-120,3000,"sd","14:09:34",16178300
9380,-120,300,"sd","14:09:31",16175300
9380,-120,13000,"sd","14:09:31",16175000
9380,-120,2000,"bu","14:09:31",16162000
9380,-120,100,"bu","14:09:28",16160000
9380,-120,300,"bu","14:09:28",16159900
9380,-120,5200,"bu","14:09:28",16159600
9380,-120,100,"bu","14:09:26",16154400
9380,-120,100,"bu","14:09:25",16154300
9380,-120,200,"bu","14:09:24",16154200
9380,-120,1000,"sd","14:09:22",16154000
9380,-120,400,"sd","14:09:22",16153000
9380,-120,600,"sd","14:09:21",16152600
9380,-120,2400,"sd","14:09:21",16152000
9390,-110,1000,"bu","14:09:20",16149600
9380,-120,2600,"sd","14:09:18",16148600
9380,-120,2000,"sd","14:09:18",16146000
9380,-120,1500,"sd","14:09:18",16144000
9380,-120,1000,"sd","14:09:18",16142500
9380,-120,2000,"sd","14:09:18",16141500
9380,-120,1100,"sd","14:09:18",16139500
9380,-120,1000,"sd","14:09:18",16138400
9380,-120,100,"sd","14:09:18",16137400
9380,-120,5000,"sd","14:09:18",16137300
9380,-120,200,"sd","14:09:18",16132300
9380,-120,500,"sd","14:09:18",16132100
9380,-120,800,"sd","14:09:18",16131600
9380,-120,1300,"sd","14:09:18",16130800
9380,-120,900,"sd","14:09:18",16129500
9380,-120,100,"sd","14:09:17",16128600
9380,-120,100,"sd","14:09:17",16128500
9380,-120,500,"sd","14:09:17",16128400
9380,-120,300,"sd","14:09:17",16127900
9380,-120,700,"sd","14:09:10",16127600
9390,-110,600,"bu","14:09:10",16126900
9380,-120,200,"sd","14:09:10",16126300
9380,-120,1000,"sd","14:09:04",16126100
9380,-120,2800,"sd","14:09:02",16125100
9380,-120,1000,"sd","14:09:02",16122300
9380,-120,1000,"sd","14:09:02",16121300
9380,-120,100,"sd","14:09:02",16120300
9380,-120,100,"sd","14:09:02",16120200
9380,-120,1000,"sd","14:09:02",16120100
9380,-120,6000,"sd","14:09:01",16119100
9380,-120,3000,"sd","14:08:59",16113100
9380,-120,15000,"sd","14:08:58",16110100
9380,-120,500,"sd","14:08:57",16095100
9380,-120,2000,"sd","14:08:56",16094600
9380,-120,1000,"sd","14:08:55",16092600
9380,-120,20000,"sd","14:08:54",16091600
9380,-120,500,"sd","14:08:52",16071600
9380,-120,17200,"sd","14:08:52",16071100
9380,-120,5000,"sd","14:08:50",16053900
9380,-120,500,"sd","14:08:46",16048900
9380,-120,800,"sd","14:08:45",16048400
9380,-120,2000,"sd","14:08:43",16047600
9380,-120,600,"sd","14:08:43",16045600
9380,-120,1000,"bu","14:08:42",16045000
9380,-120,12400,"bu","14:08:42",16044000
9380,-120,2000,"bu","14:08:42",16031600
9380,-120,500,"bu","14:08:42",16029600
9380,-120,700,"bu","14:08:42",16029100
9380,-120,8300,"bu","14:08:42",16028400
9370,-130,600,"bu","14:08:41",16020100
9370,-130,400,"bu","14:08:40",16019500
9370,-130,5000,"bu","14:08:40",16019100
9370,-130,2600,"bu","14:08:40",16014100
9370,-130,1000,"bu","14:08:40",16011500
9370,-130,800,"bu","14:08:40",16010500
9370,-130,5000,"bu","14:08:37",16009700
9360,-140,1100,"sd","14:08:36",16004700
9360,-140,200,"sd","14:08:36",16003600
9360,-140,100,"sd","14:08:36",16003400
9360,-140,100,"sd","14:08:36",16003300
9370,-130,500,"unknown","14:08:34",16003200
9370,-130,100,"unknown","14:08:34",16002700
9360,-140,400,"sd","14:08:32",16002600
9360,-140,100,"sd","14:08:32",16002200
9380,-120,600,"bu","14:08:32",16002100
9380,-120,3300,"bu","14:08:32",16001500
9380,-120,800,"bu","14:08:32",15998200
9370,-130,200,"bu","14:08:32",15997400
9370,-130,100,"bu","14:08:32",15997200
9370,-130,100,"bu","14:08:31",15997100
9370,-130,5000,"bu","14:08:30",15997000
9370,-130,1300,"bu","14:08:27",15992000
9370,-130,200,"bu","14:08:25",15990700
9370,-130,100,"bu","14:08:24",15990500
9370,-130,1000,"bu","14:08:24",15990400
9370,-130,500,"sd","14:08:24",15989400
9370,-130,100,"sd","14:08:24",15988900
9370,-130,100,"sd","14:08:24",15988800
9370,-130,20500,"sd","14:08:24",15988700
9370,-130,1400,"sd","14:08:23",15968200
9370,-130,500,"sd","14:08:23",15966800
9370,-130,500,"sd","14:08:23",15966300
9370,-130,3000,"sd","14:08:22",15965800
9370,-130,3000,"sd","14:08:22",15962800
9370,-130,300,"sd","14:08:22",15959800
9370,-130,800,"sd","14:08:21",15959500
9370,-130,100,"sd","14:08:21",15958700
9370,-130,100,"sd","14:08:21",15958600
9380,-120,200,"bu","14:08:16",15958500
9380,-120,1700,"bu","14:08:16",15958300
9370,-130,4000,"sd","14:08:14",15956600
9380,-120,500,"bu","14:08:14",15952600
9380,-120,500,"bu","14:08:13",15952100
9370,-130,2100,"sd","14:08:13",15951600
9370,-130,2000,"sd","14:08:13",15949500
9370,-130,1100,"sd","14:08:13",15947500
9370,-130,100,"sd","14:08:13",15946400
9370,-130,2900,"sd","14:08:10",15946300
9370,-130,400,"sd","14:08:10",15943400
9370,-130,200,"sd","14:08:10",15943000
9370,-130,200,"sd","14:08:10",15942800
9370,-130,300,"sd","14:08:10",15942600
9370,-130,800,"sd","14:08:10",15942300
9370,-130,100,"sd","14:08:10",15941100
9370,-130,400,"sd","14:08:10",15941500
9380,-120,200,"bu","14:08:10",15941000
9380,-120,100,"bu","14:08:09",15940800
9380,-120,100,"sd","14:08:09",15940700
9380,-120,1000,"sd","14:08:09",15940600
9380,-120,900,"sd","14:08:09",15939600
9380,-120,100,"sd","14:08:08",15938700
9380,-120,200,"sd","14:08:08",15938600
9380,-120,200,"sd","14:08:08",15938400
9380,-120,500,"sd","14:08:08",15938200
9380,-120,200,"sd","14:08:08",15937700
9380,-120,10000,"sd","14:08:08",15937500
9380,-120,400,"sd","14:08:08",15927500
9380,-120,500,"sd","14:08:08",15927100
9380,-120,3700,"sd","14:08:08",15926600
9380,-120,10000,"sd","14:08:06",15922900
9380,-120,10100,"sd","14:08:06",15912900
9380,-120,1800,"sd","14:08:05",15902800
9380,-120,9500,"sd","14:08:05",15901000
9380,-120,1700,"sd","14:08:04",15891500
9380,-120,13200,"sd","14:08:00",15889800
9380,-120,1000,"sd","14:08:00",15876600
9380,-120,5000,"sd","14:08:00",15875600
9380,-120,1800,"sd","14:08:00",15870600
9380,-120,500,"sd","14:08:00",15868800
9380,-120,500,"sd","14:08:00",15868300
9380,-120,100,"sd","14:08:00",15867800
9380,-120,200,"sd","14:08:00",15867700
9380,-120,2200,"sd","14:08:00",15867500
9380,-120,500,"sd","14:08:00",15865300
9380,-120,1100,"sd","14:08:00",15864800
9380,-120,300,"sd","14:08:00",15863700
9380,-120,400,"sd","14:08:00",15863400
9380,-120,3200,"sd","14:08:00",15863000
9380,-120,200,"sd","14:08:00",15859800
9380,-120,100,"sd","14:08:00",15859600
9380,-120,1000,"sd","14:08:00",15859500
9380,-120,1800,"sd","14:08:00",15858500
9380,-120,800,"sd","14:08:00",15856700
9380,-120,2000,"sd","14:08:00",15855900
9380,-120,5000,"sd","14:08:00",15853900
9380,-120,1000,"sd","14:08:00",15848900
9380,-120,2500,"sd","14:08:00",15847900
9380,-120,300,"sd","14:08:00",15845400
9380,-120,300,"sd","14:08:00",15845100
9380,-120,5000,"sd","14:08:00",15844800
9380,-120,8200,"sd","14:08:00",15839800
9380,-120,1800,"sd","14:08:00",15831600
9380,-120,1200,"sd","14:07:56",15829800
9380,-120,15000,"sd","14:07:56",15828600
9380,-120,5000,"sd","14:07:56",15813600
9380,-120,200,"sd","14:07:56",15808600
9380,-120,5000,"sd","14:07:56",15808400
9380,-120,200,"sd","14:07:56",15803400
9380,-120,200,"sd","14:07:56",15803200
9380,-120,100,"sd","14:07:56",15803000
9380,-120,2000,"sd","14:07:56",15802900
9380,-120,100,"sd","14:07:56",15800900
9380,-120,200,"sd","14:07:56",15800800
9380,-120,300,"sd","14:07:56",15800600
9380,-120,100,"sd","14:07:56",15800300
9380,-120,400,"sd","14:07:56",15800200
9380,-120,300,"sd","14:07:56",15799800
9390,-110,300,"bu","14:07:53",15799500
9390,-110,1000,"bu","14:07:53",15799200
9390,-110,1000,"bu","14:07:53",15798200
9390,-110,1000,"bu","14:07:53",15797200
9390,-110,1700,"bu","14:07:53",15796200
9390,-110,1000,"sd","14:07:51",15794500
9390,-110,200,"sd","14:07:51",15793500
9390,-110,1000,"sd","14:07:51",15793300
9390,-110,300,"sd","14:07:51",15792300
9390,-110,100,"sd","14:07:51",15792000
9390,-110,100,"sd","14:07:51",15791900
9390,-110,100,"sd","14:07:51",15791800
9390,-110,100,"sd","14:07:51",15791700
9390,-110,400,"sd","14:07:51",15791600
9390,-110,600,"sd","14:07:50",15791200
9390,-110,400,"sd","14:07:50",15790600
9390,-110,100,"sd","14:07:50",15790200
9390,-110,300,"sd","14:07:50",15790100
9390,-110,700,"sd","14:07:50",15789800
9390,-110,100,"sd","14:07:50",15789100
9390,-110,200,"sd","14:07:50",15789000
9390,-110,3800,"sd","14:07:49",15788800
9390,-110,200,"sd","14:07:49",15785000
9390,-110,900,"sd","14:07:49",15784800
9390,-110,100,"sd","14:07:49",15783900
9390,-110,4500,"sd","14:07:47",15783800
9390,-110,1000,"sd","14:07:47",15779300
9390,-110,200,"sd","14:07:47",15778300
9390,-110,1100,"sd","14:07:47",15778100
9390,-110,200,"sd","14:07:47",15777000
9390,-110,100,"sd","14:07:47",15776800
9390,-110,300,"sd","14:07:47",15776700
9390,-110,100,"sd","14:07:47",15776400
9390,-110,100,"sd","14:07:47",15776300
9390,-110,4000,"sd","14:07:47",15776200
9390,-110,400,"sd","14:07:47",15772200
9390,-110,9600,"sd","14:07:46",15771800
9390,-110,100,"sd","14:07:46",15762200
9390,-110,300,"sd","14:07:46",15762100
9390,-110,300,"sd","14:07:46",15761800
9390,-110,500,"sd","14:07:46",15761500
9390,-110,100,"sd","14:07:46",15761000
9390,-110,1000,"sd","14:07:46",15760900
9390,-110,400,"sd","14:07:46",15759900
9390,-110,200,"sd","14:07:46",15759500
9390,-110,100,"sd","14:07:46",15759300
9390,-110,100,"sd","14:07:46",15759200
9390,-110,2100,"sd","14:07:46",15759100
9390,-110,500,"sd","14:07:41",15757000
9390,-110,400,"sd","14:07:39",15756500
9390,-110,100,"sd","14:07:39",15756100
9390,-110,3000,"sd","14:07:39",15756000
9390,-110,2500,"sd","14:07:39",15753000
9400,-100,100,"bu","14:07:39",15750500
9390,-110,1000,"sd","14:07:38",15750400
9390,-110,6500,"sd","14:07:36",15749400
9390,-110,500,"sd","14:07:36",15742900
9390,-110,200,"sd","14:07:36",15742400
9390,-110,100,"sd","14:07:36",15742200
9390,-110,100,"sd","14:07:36",15742100
9390,-110,200,"sd","14:07:36",15742000
9390,-110,300,"sd","14:07:36",15741800
9390,-110,200,"sd","14:07:36",15741500
9390,-110,200,"sd","14:07:36",15741300
9390,-110,100,"sd","14:07:36",15741100
9390,-110,1000,"sd","14:07:36",15740400
9390,-110,600,"sd","14:07:36",15741000
9400,-100,200,"sd","14:07:34",15739400
9400,-100,3900,"sd","14:07:34",15739200
9400,-100,6100,"sd","14:07:34",15735300
9400,-100,100,"sd","14:07:34",15729200
9400,-100,1400,"sd","14:07:34",15729100
9400,-100,500,"sd","14:07:34",15727700
9400,-100,1900,"sd","14:07:34",15727200
9400,-100,3100,"sd","14:07:34",15725300
9400,-100,100,"sd","14:07:34",15722200
9400,-100,1100,"sd","14:07:34",15722100
9400,-100,1000,"sd","14:07:34",15721000
9400,-100,5000,"sd","14:07:34",15720000
9400,-100,500,"sd","14:07:34",15715000
9400,-100,2800,"sd","14:07:34",15714500
9400,-100,100,"sd","14:07:34",15711700
9400,-100,6000,"sd","14:07:34",15711600
9400,-100,500,"sd","14:07:34",15705600
9400,-100,10000,"sd","14:07:34",15705100
9400,-100,1000,"sd","14:07:34",15695100
9400,-100,1000,"sd","14:07:34",15694100
9400,-100,100,"sd","14:07:34",15693100
9400,-100,2000,"sd","14:07:34",15693000
9400,-100,3700,"sd","14:07:34",15691000
9400,-100,1300,"sd","14:07:34",15687300
9400,-100,5400,"sd","14:07:34",15686000
9400,-100,3300,"sd","14:07:34",15680600
9400,-100,6700,"sd","14:07:33",15677300
9400,-100,1000,"sd","14:07:33",15670600
9400,-100,200,"sd","14:07:33",15669600
9400,-100,700,"sd","14:07:33",15669400
9400,-100,200,"sd","14:07:33",15668700
9400,-100,1200,"sd","14:07:33",15668500
9400,-100,600,"sd","14:07:33",15667300
9400,-100,200,"sd","14:07:33",15666700
9400,-100,5000,"sd","14:07:33",15666500
9400,-100,100,"sd","14:07:33",15661500
9400,-100,200,"sd","14:07:33",15661400
9400,-100,1400,"sd","14:07:33",15661200
9400,-100,500,"sd","14:07:33",15659800
9400,-100,100,"sd","14:07:33",15659300
9400,-100,200,"sd","14:07:33",15659200
9400,-100,1000,"sd","14:07:33",15659000
9400,-100,700,"sd","14:07:33",15658000
9400,-100,300,"sd","14:07:32",15657300
9400,-100,1000,"sd","14:07:32",15657000
9400,-100,700,"sd","14:07:32",15656000
9400,-100,1000,"sd","14:07:32",15655300
9400,-100,200,"sd","14:07:32",15654300
9400,-100,500,"sd","14:07:32",15654100
9400,-100,300,"sd","14:07:32",15653600
9400,-100,1000,"sd","14:07:32",15653300
9400,-100,5000,"sd","14:07:32",15652300
9400,-100,5000,"sd","14:07:32",15647300
9400,-100,2000,"sd","14:07:32",15642300
9400,-100,200,"sd","14:07:32",15640300
9400,-100,2000,"sd","14:07:32",15640100
9400,-100,800,"sd","14:07:32",15638100
9400,-100,500,"sd","14:07:32",15637300
9400,-100,700,"sd","14:07:32",15636800
9400,-100,300,"sd","14:07:32",15636100
9400,-100,500,"sd","14:07:31",15635800
9400,-100,1000,"sd","14:07:31",15635300
9400,-100,1300,"sd","14:07:31",15634300
9400,-100,1700,"sd","14:07:31",15633000
9400,-100,7400,"sd","14:07:30",15631300
9400,-100,100,"sd","14:07:30",15623900
9400,-100,800,"sd","14:07:29",15623800
9400,-100,500,"sd","14:07:29",15623000
9400,-100,800,"sd","14:07:29",15622500
9400,-100,700,"sd","14:07:29",15621700
9400,-100,100,"sd","14:07:29",15621000
9400,-100,100,"sd","14:07:29",15620900
9400,-100,1000,"sd","14:07:29",15620800
9400,-100,900,"sd","14:07:28",15619800
9400,-100,400,"sd","14:07:28",15618900
9400,-100,100,"sd","14:07:28",15618500
9400,-100,200,"sd","14:07:28",15618400
9400,-100,400,"sd","14:07:28",15618200
9400,-100,100,"sd","14:07:27",15617800
9400,-100,500,"sd","14:07:27",15617700
9400,-100,100,"sd","14:07:27",15617200
9400,-100,100,"sd","14:07:27",15617100
9400,-100,400,"sd","14:07:27",15617000
9400,-100,300,"sd","14:07:27",15616600
9400,-100,10000,"sd","14:07:27",15616300
9400,-100,2000,"sd","14:07:27",15606300
9400,-100,200,"sd","14:07:27",15604300
9400,-100,200,"sd","14:07:27",15604100
9400,-100,1000,"sd","14:07:27",15603900
9400,-100,100,"sd","14:07:27",15602900
9400,-100,100,"sd","14:07:27",15602800
9400,-100,1000,"sd","14:07:27",15602700
9400,-100,300,"sd","14:07:27",15601700
9400,-100,600,"sd","14:07:27",15601400
9400,-100,9400,"sd","14:07:26",15600800
9400,-100,1000,"sd","14:07:26",15591400
9400,-100,2000,"sd","14:07:26",15590400
9400,-100,100,"sd","14:07:26",15588400
9400,-100,1000,"sd","14:07:26",15588300
9400,-100,500,"sd","14:07:26",15587300
9400,-100,50000,"sd","14:07:26",15586800
9400,-100,100,"sd","14:07:26",15536800
9400,-100,2000,"sd","14:07:26",15536700
9400,-100,1000,"sd","14:07:26",15534700
9400,-100,300,"sd","14:07:26",15533700
9400,-100,500,"sd","14:07:26",15533400
9400,-100,1000,"sd","14:07:26",15532900
9400,-100,500,"sd","14:07:26",15531900
9400,-100,8700,"sd","14:07:26",15531400
9400,-100,1300,"sd","14:07:26",15522700
9400,-100,500,"sd","14:07:26",15521400
9400,-100,100,"sd","14:07:26",15520900
9400,-100,700,"sd","14:07:26",15520800
9400,-100,300,"sd","14:07:25",15520100
9400,-100,300,"sd","14:07:25",15519800
9400,-100,100,"sd","14:07:25",15519500
9400,-100,2300,"sd","14:07:25",15519400
9400,-100,2700,"sd","14:07:25",15517100
9400,-100,100,"sd","14:07:25",15514400
9400,-100,1000,"sd","14:07:25",15514300
9400,-100,500,"sd","14:07:25",15513300
9400,-100,500,"sd","14:07:25",15512800
9400,-100,2000,"sd","14:07:25",15512300
9400,-100,1000,"sd","14:07:25",15510300
9400,-100,1100,"sd","14:07:25",15509300
9400,-100,500,"sd","14:07:25",15508200
9400,-100,100,"sd","14:07:25",15507700
9400,-100,1000,"sd","14:07:25",15507600
9400,-100,500,"sd","14:07:25",15506600
9400,-100,2200,"sd","14:07:25",15506100
9400,-100,1000,"sd","14:07:25",15503900
9400,-100,3000,"sd","14:07:25",15502900
9400,-100,2000,"sd","14:07:25",15499900
9400,-100,10000,"sd","14:07:25",15497900
9400,-100,300,"sd","14:07:25",15487900
9400,-100,500,"sd","14:07:25",15487600
9400,-100,20000,"sd","14:07:25",15487100
9400,-100,500,"sd","14:07:25",15467100
9400,-100,1000,"sd","14:07:25",15466600
9400,-100,400,"sd","14:07:25",15465600
9400,-100,1000,"sd","14:07:25",15465200
9400,-100,1000,"sd","14:07:25",15464200
9400,-100,10000,"sd","14:07:25",15463200
9400,-100,1000,"sd","14:07:25",15453200
9400,-100,100,"sd","14:07:25",15452200
9400,-100,200,"sd","14:07:25",15452100
9400,-100,100,"sd","14:07:25",15451900
9400,-100,200,"sd","14:07:25",15451800
9400,-100,1100,"sd","14:07:25",15451600
9400,-100,1500,"sd","14:07:25",15450500
9400,-100,2000,"sd","14:07:25",15449000
9400,-100,500,"sd","14:07:25",15447000
9400,-100,500,"sd","14:07:25",15446500
9400,-100,600,"sd","14:07:25",15446000
9400,-100,1000,"sd","14:07:25",15445400
9400,-100,7000,"sd","14:07:25",15444400
9400,-100,1000,"sd","14:07:25",15437400
9400,-100,1000,"sd","14:07:25",15436400
9400,-100,15000,"sd","14:07:25",15435400
9400,-100,1000,"sd","14:07:25",15420400
9400,-100,1700,"sd","14:07:25",15419400
9400,-100,100,"sd","14:07:25",15417700
9400,-100,500,"sd","14:07:25",15417600
9400,-100,500,"sd","14:07:25",15417100
9400,-100,500,"sd","14:07:25",15416600
9400,-100,1000,"sd","14:07:24",15416100
9400,-100,800,"sd","14:07:24",15415100
9410,-90,300,"bu","14:07:23",15414300
9400,-100,1200,"sd","14:07:23",15414000
9400,-100,100,"sd","14:07:22",15412800
9400,-100,2000,"sd","14:07:22",15412700
9400,-100,1000,"sd","14:07:21",15410700
9400,-100,500,"sd","14:07:20",15409700
9400,-100,100,"sd","14:07:20",15409200
9400,-100,3300,"sd","14:07:20",15409100
9400,-100,1000,"sd","14:07:20",15405800
9400,-100,700,"sd","14:07:20",15404800
9400,-100,100,"sd","14:07:19",15404100
9400,-100,2200,"sd","14:07:19",15404000
9400,-100,1000,"sd","14:07:19",15401800
9400,-100,1900,"sd","14:07:19",15400800
9400,-100,100,"sd","14:07:19",15398900
9400,-100,900,"sd","14:07:19",15398800
9400,-100,100,"sd","14:07:19",15397900
9400,-100,300,"sd","14:07:19",15397800
9400,-100,1000,"sd","14:07:19",15397500
9400,-100,200,"sd","14:07:19",15396500
9400,-100,500,"sd","14:07:19",15396300
9400,-100,300,"sd","14:07:19",15395800
9400,-100,3000,"sd","14:07:19",15395500
9400,-100,100,"sd","14:07:19",15392500
9400,-100,1000,"sd","14:07:19",15392400
9400,-100,3000,"sd","14:07:19",15391400
9400,-100,1000,"sd","14:07:19",15388400
9400,-100,500,"sd","14:07:19",15387400
9400,-100,500,"sd","14:07:19",15386900
9400,-100,100,"sd","14:07:19",15386400
9400,-100,1000,"sd","14:07:19",15386300
9400,-100,1800,"sd","14:07:19",15385300
9400,-100,100,"sd","14:07:19",15383500
9400,-100,1000,"sd","14:07:19",15383400
9400,-100,300,"sd","14:07:19",15382400
9400,-100,600,"sd","14:07:19",15382100
9400,-100,1000,"sd","14:07:19",15381500
9400,-100,3900,"sd","14:07:19",15380500
9400,-100,100,"sd","14:07:19",15376600
9400,-100,900,"sd","14:07:17",15376500
9400,-100,100,"sd","14:07:17",15375600
9400,-100,500,"sd","14:07:17",15375500
9400,-100,1000,"sd","14:07:17",15375000
9400,-100,200,"sd","14:07:17",15374000
9400,-100,300,"sd","14:07:17",15373800
9400,-100,300,"sd","14:07:17",15373500
9400,-100,200,"sd","14:07:16",15373200
9400,-100,100,"sd","14:07:16",15373000
9400,-100,400,"sd","14:07:16",15372900
9400,-100,5000,"sd","14:07:16",15372500
9400,-100,500,"sd","14:07:16",15367500
9400,-100,500,"sd","14:07:16",15367000
9400,-100,1000,"sd","14:07:16",15366500
9400,-100,200,"sd","14:07:16",15365500
9400,-100,400,"sd","14:07:16",15365300
9400,-100,500,"sd","14:07:16",15364900
9400,-100,2000,"sd","14:07:16",15364400
9400,-100,500,"sd","14:07:16",15362400
9400,-100,15700,"sd","14:07:16",15361900
9400,-100,2000,"sd","14:07:16",15346200
9400,-100,200,"sd","14:07:16",15344200
9400,-100,200,"sd","14:07:16",15344000
9400,-100,7400,"sd","14:07:16",15343800
9400,-100,1000,"sd","14:07:16",15336400
9400,-100,200,"sd","14:07:16",15335400
9400,-100,100,"sd","14:07:16",15335200
9400,-100,500,"sd","14:07:16",15335100
9400,-100,5000,"sd","14:07:16",15334600
9400,-100,4500,"sd","14:07:16",15329600
9400,-100,1000,"sd","14:07:16",15325100
9400,-100,10000,"sd","14:07:16",15324100
9400,-100,600,"sd","14:07:16",15314100
9400,-100,1000,"sd","14:07:16",15313500
9400,-100,1300,"sd","14:07:16",15312500
9400,-100,400,"sd","14:07:16",15311200
9400,-100,500,"sd","14:07:16",15310800
9400,-100,2000,"sd","14:07:16",15310300
9400,-100,200,"sd","14:07:16",15308300
9400,-100,200,"sd","14:07:16",15308100
9400,-100,200,"sd","14:07:16",15307900
9400,-100,1200,"sd","14:07:16",15307700
9400,-100,100,"sd","14:07:16",15306500
9400,-100,500,"sd","14:07:16",15306400
9400,-100,1700,"sd","14:07:16",15305900
9400,-100,1500,"sd","14:07:16",15304200
9400,-100,200,"sd","14:07:16",15302700
9400,-100,5000,"sd","14:07:16",15302500
9400,-100,200,"sd","14:07:16",15297500
9400,-100,10000,"sd","14:07:16",15297300
9400,-100,10100,"sd","14:07:16",15287300
9400,-100,1300,"sd","14:07:16",15277200
9400,-100,300,"sd","14:07:16",15275900
9400,-100,900,"sd","14:07:16",15275600
9400,-100,200,"sd","14:07:16",15274700
9400,-100,5100,"sd","14:07:16",15274500
9400,-100,10100,"sd","14:07:16",15269400
9400,-100,300,"sd","14:07:16",15259300
9400,-100,1000,"sd","14:07:16",15259000
9400,-100,300,"sd","14:07:16",15258000
9400,-100,1100,"sd","14:07:16",15257700
9400,-100,1000,"sd","14:07:16",15256600
9400,-100,12900,"sd","14:07:16",15255600
9400,-100,1900,"sd","14:07:16",15242700
9400,-100,100,"sd","14:07:16",15240800
9400,-100,200,"sd","14:07:16",15240700
9400,-100,500,"sd","14:07:16",15240500
9400,-100,500,"sd","14:07:16",15240000
9400,-100,10000,"sd","14:07:16",15239500
9400,-100,2000,"sd","14:07:16",15229500
9400,-100,500,"sd","14:07:16",15227500
9400,-100,500,"sd","14:07:16",15227000
9400,-100,1500,"sd","14:07:16",15226500
9400,-100,5000,"sd","14:07:16",15225000
9400,-100,500,"sd","14:07:16",15220000
9400,-100,500,"sd","14:07:16",15219500
9400,-100,100,"sd","14:07:16",15219000
9400,-100,5000,"sd","14:07:16",15218900
9400,-100,1000,"sd","14:07:16",15213900
9400,-100,300,"sd","14:07:16",15212900
9400,-100,5000,"sd","14:07:16",15212600
9400,-100,1000,"sd","14:07:16",15207600
9400,-100,1100,"sd","14:07:16",15206600
9400,-100,2000,"sd","14:07:16",15205500
9400,-100,2000,"sd","14:07:16",15203500
9400,-100,10000,"sd","14:07:16",15201500
9400,-100,200,"sd","14:07:16",15191500
9400,-100,500,"sd","14:07:16",15191300
9400,-100,1000,"sd","14:07:16",15190800
9400,-100,200,"sd","14:07:16",15189800
9400,-100,500,"sd","14:07:16",15189600
9400,-100,2000,"sd","14:07:16",15189100
9400,-100,200,"sd","14:07:16",15187100
9400,-100,10000,"sd","14:07:16",15186900
9400,-100,300,"sd","14:07:16",15176900
9400,-100,3400,"sd","14:07:16",15176600
9400,-100,1600,"sd","14:07:16",15173200
9400,-100,1000,"sd","14:07:16",15171600
9400,-100,100,"sd","14:07:16",15170600
9400,-100,5000,"sd","14:07:16",15170500
9400,-100,200,"sd","14:07:16",15165500
9400,-100,4800,"sd","14:07:15",15165300
9400,-100,500,"sd","14:07:15",15160500
9400,-100,300,"sd","14:07:15",15160000
9400,-100,500,"sd","14:07:15",15159700
9400,-100,1000,"sd","14:07:15",15159200
9400,-100,300,"sd","14:07:15",15158200
9400,-100,1000,"sd","14:07:15",15157900
9400,-100,1600,"sd","14:07:15",15156900
9400,-100,400,"sd","14:07:15",15155300
9400,-100,500,"sd","14:07:15",15154900
9400,-100,200,"sd","14:07:15",15154400
9400,-100,1000,"sd","14:07:15",15154200
9400,-100,500,"sd","14:07:15",15153200
9400,-100,5000,"sd","14:07:15",15152700
9400,-100,1000,"sd","14:07:15",15147700
9400,-100,100,"sd","14:07:15",15146700
9400,-100,1300,"sd","14:07:15",15146600
9400,-100,2000,"sd","14:07:14",15145300
9400,-100,300,"sd","14:07:14",15143300
9400,-100,1700,"sd","14:07:14",15143000
9400,-100,10000,"sd","14:07:11",15141300
9400,-100,19700,"sd","14:07:10",15131300
9400,-100,300,"sd","14:07:10",15111600
9400,-100,400,"sd","14:07:07",15111300
9400,-100,2900,"sd","14:07:07",15110900
9400,-100,100,"sd","14:07:07",15108000
9400,-100,500,"sd","14:07:07",15107900
9400,-100,1000,"sd","14:07:07",15107400
9400,-100,2000,"sd","14:07:07",15106400
9400,-100,1000,"sd","14:07:07",15104400
9400,-100,100,"sd","14:07:04",15103400
9400,-100,100,"sd","14:07:04",15103300
9400,-100,100,"sd","14:06:53",15103200
9400,-100,500,"sd","14:06:53",15103100
9400,-100,400,"sd","14:06:53",15102600
9400,-100,500,"sd","14:06:53",15102200
9400,-100,100,"sd","14:06:53",15101700
9400,-100,100,"sd","14:06:53",15101600
9400,-100,200,"sd","14:06:53",15101500
9400,-100,200,"sd","14:06:53",15101300
9400,-100,2400,"sd","14:06:53",15101100
9410,-90,10000,"bu","14:06:50",15098700
9410,-90,300,"bu","14:06:49",15088700
9410,-90,100,"sd","14:06:37",15088400
9410,-90,2000,"sd","14:06:37",15088300
9410,-90,300,"sd","14:06:37",15086300
9410,-90,10000,"sd","14:06:37",15086000
9410,-90,300,"sd","14:06:37",15076000
9410,-90,1000,"sd","14:06:37",15075700
9410,-90,100,"sd","14:06:37",15074700
9410,-90,100,"sd","14:06:37",15074600
9410,-90,10000,"sd","14:06:37",15074500
9410,-90,2000,"sd","14:06:37",15064500
9410,-90,800,"sd","14:06:37",15062500
9410,-90,1000,"sd","14:06:37",15061700
9410,-90,5000,"sd","14:06:37",15060700
9410,-90,100,"sd","14:06:37",15055700
9410,-90,500,"sd","14:06:37",15055600
9410,-90,200,"sd","14:06:37",15055100
9410,-90,1000,"sd","14:06:37",15054900
9410,-90,2000,"sd","14:06:37",15053900
9410,-90,200,"sd","14:06:37",15051900
9410,-90,100,"sd","14:06:37",15051700
9410,-90,100,"sd","14:06:34",15051600
9410,-90,8900,"sd","14:06:34",15051500
9410,-90,1000,"sd","14:06:34",15042600
9410,-90,100,"sd","14:06:34",15041600
9410,-90,1000,"sd","14:06:34",15041500
9410,-90,800,"sd","14:06:34",15040500
9410,-90,400,"sd","14:06:34",15039700
9410,-90,100,"sd","14:06:34",15039300
9410,-90,300,"sd","14:06:34",15039200
9410,-90,1300,"sd","14:06:34",15038900
9410,-90,6100,"sd","14:06:34",15037600
9410,-90,3800,"sd","14:06:31",15031500
9410,-90,400,"sd","14:06:31",15027700
9410,-90,5800,"sd","14:06:31",15027300
9410,-90,4200,"sd","14:06:27",15021500
9410,-90,300,"sd","14:06:27",15017300
9410,-90,500,"sd","14:06:24",15017000
9410,-90,500,"sd","14:06:24",15016500
9410,-90,100,"sd","14:06:24",15016000
9410,-90,5900,"sd","14:06:24",15015900
9410,-90,900,"sd","14:06:23",15010000
9410,-90,13200,"sd","14:06:22",15009100
9410,-90,100,"sd","14:06:22",14995900
9410,-90,3000,"sd","14:06:22",14995800
9410,-90,200,"sd","14:06:22",14992800
9410,-90,500,"sd","14:06:22",14992600
9410,-90,10000,"sd","14:06:22",14992100
9410,-90,300,"sd","14:06:22",14982100
9410,-90,2700,"sd","14:06:22",14981800
9420,-80,1500,"bu","14:06:15",14979100
9420,-80,1000,"bu","14:06:12",14977600
9420,-80,3500,"bu","14:06:10",14976600
9420,-80,500,"bu","14:06:10",14973100
9420,-80,1000,"bu","14:06:10",14972600
9420,-80,500,"bu","14:06:10",14971600
9420,-80,200,"bu","14:06:02",14971100
9410,-90,2300,"sd","14:05:58",14970900
9410,-90,5000,"sd","14:05:58",14968600
9410,-90,2700,"sd","14:05:58",14963600
9420,-80,100,"bu","14:05:55",14960900
9420,-80,200,"bu","14:05:52",14960800
9420,-80,1000,"bu","14:05:38",14960600
9420,-80,3500,"bu","14:05:36",14959600
9410,-90,1000,"sd","14:05:35",14956100
9420,-80,100,"bu","14:05:31",14955100
9420,-80,200,"bu","14:05:27",14955000
9420,-80,1000,"sd","14:05:23",14954800
9420,-80,500,"sd","14:05:23",14953800
9420,-80,10000,"sd","14:05:23",14953300
9420,-80,100,"sd","14:05:23",14943300
9420,-80,500,"sd","14:05:23",14943200
9420,-80,1100,"sd","14:05:23",14942700
9420,-80,400,"sd","14:05:21",14941600
9420,-80,100,"sd","14:05:21",14941200
9420,-80,200,"sd","14:05:21",14941100
9420,-80,1000,"sd","14:05:21",14940900
9420,-80,200,"sd","14:05:21",14939900
9420,-80,100,"sd","14:05:21",14939700
9420,-80,900,"sd","14:05:20",14939600
9420,-80,6000,"sd","14:05:20",14938700
9420,-80,200,"sd","14:05:20",14932700
9420,-80,100,"sd","14:05:20",14932500
9420,-80,2300,"sd","14:05:20",14932400
9420,-80,100,"sd","14:05:20",14930100
9420,-80,10800,"sd","14:05:20",14930000
9420,-80,10000,"sd","14:05:20",14919200
9420,-80,300,"sd","14:05:20",14909200
9420,-80,2000,"sd","14:05:20",14908900
9420,-80,1000,"sd","14:05:20",14906900
9420,-80,6900,"sd","14:05:20",14905900
9420,-80,300,"sd","14:05:20",14899000
9420,-80,2000,"sd","14:05:20",14898700
9420,-80,300,"sd","14:05:20",14896700
9420,-80,16800,"sd","14:05:20",14896400
9430,-70,1000,"bu","14:05:10",14879600
9420,-80,4200,"sd","14:05:09",14878600
9420,-80,500,"sd","14:05:09",14874400
9420,-80,2300,"sd","14:05:09",14873900
9430,-70,100,"bu","14:05:06",14871600
9420,-80,1700,"sd","14:05:02",14871500
9420,-80,1000,"sd","14:05:02",14869800
9420,-80,3000,"sd","14:05:02",14868800
9420,-80,4300,"sd","14:05:02",14865800
9420,-80,300,"sd","14:05:00",14861500
9430,-70,1000,"bu","14:04:54",14861200
9420,-80,5400,"sd","14:04:52",14860200
9420,-80,200,"sd","14:04:52",14854800
9420,-80,1800,"sd","14:04:41",14854600
9420,-80,200,"sd","14:04:41",14852800
9420,-80,100,"sd","14:04:33",14852600
9420,-80,2000,"sd","14:04:30",14852500
9430,-70,10000,"bu","14:04:24",14850500
9430,-70,500,"bu","14:04:22",14840500
9420,-80,1000,"sd","14:04:14",14840000
9420,-80,900,"sd","14:04:10",14839000
9420,-80,4100,"sd","14:04:10",14838100
9420,-80,2000,"sd","14:04:08",14834000
9430,-70,500,"bu","14:04:06",14832000
9420,-80,5000,"sd","14:04:05",14831500
9420,-80,8900,"sd","14:04:03",14826500
9420,-80,1100,"sd","14:04:03",14817600
9420,-80,5000,"sd","14:04:02",14816500
9430,-70,1800,"bu","14:04:01",14811500
9430,-70,8200,"bu","14:04:01",14809700
9430,-70,200,"bu","14:03:58",14801500
9430,-70,10000,"bu","14:03:53",14801300
9430,-70,1600,"sd","14:03:51",14791300
9430,-70,2400,"sd","14:03:49",14789700
9430,-70,100,"sd","14:03:49",14787300
9430,-70,400,"sd","14:03:49",14787200
9430,-70,200,"sd","14:03:49",14786800
9430,-70,500,"sd","14:03:49",14786600
9430,-70,300,"sd","14:03:49",14786100
9430,-70,1000,"sd","14:03:49",14785800
9430,-70,100,"sd","14:03:49",14784800
9430,-70,10000,"sd","14:03:48",14784700
9430,-70,300,"sd","14:03:41",14774700
9430,-70,700,"sd","14:03:41",14774400
9430,-70,1200,"sd","14:03:41",14773700
9430,-70,100,"sd","14:03:41",14772500
9430,-70,13300,"sd","14:03:41",14772400
9430,-70,400,"sd","14:03:40",14759100
9430,-70,30000,"sd","14:03:39",14758700
9440,-60,500,"bu","14:03:35",14728700
9440,-60,500,"bu","14:03:32",14728200
9440,-60,300,"bu","14:03:31",14727700
9430,-70,1000,"sd","14:03:30",14727400
9430,-70,4200,"sd","14:03:24",14726400
9430,-70,100,"sd","14:03:24",14722200
9430,-70,1000,"sd","14:03:20",14722100
9430,-70,500,"sd","14:03:20",14721100
9430,-70,3800,"sd","14:03:20",14720600
9430,-70,100,"sd","14:03:15",14716800
9430,-70,4600,"sd","14:03:13",14716700
9430,-70,700,"sd","14:03:13",14712100
9430,-70,200,"sd","14:03:06",14711400
9430,-70,4000,"sd","14:03:06",14711200
9430,-70,100,"sd","14:03:04",14707200
9430,-70,3000,"sd","14:02:55",14707100
9430,-70,400,"sd","14:02:51",14704100
9430,-70,3000,"sd","14:02:45",14703700
9440,-60,100,"bu","14:02:36",14700700
9430,-70,300,"sd","14:02:33",14700600
9440,-60,500,"bu","14:02:30",14700300
9440,-60,100,"bu","14:02:25",14699800
9440,-60,200,"bu","14:02:22",14699700
9440,-60,3700,"bu","14:02:14",14699500
9440,-60,100,"bu","14:02:12",14695800
9440,-60,1000,"sd","14:02:11",14695700
9440,-60,500,"sd","14:02:11",14694700
9440,-60,500,"sd","14:02:11",14694200
9440,-60,500,"sd","14:02:05",14693700
9440,-60,7900,"sd","14:02:05",14693200
9440,-60,10000,"sd","14:02:01",14685300
9450,-50,100,"bu","14:01:43",14675300
9440,-60,400,"sd","14:01:43",14675200
9440,-60,1000,"sd","14:01:41",14674800
9440,-60,700,"sd","14:01:37",14673800
9440,-60,300,"sd","14:01:37",14673100
9440,-60,1000,"sd","14:01:37",14672800
9440,-60,1000,"sd","14:01:32",14671800
9430,-70,9500,"sd","14:01:22",14670800
9430,-70,100,"sd","14:01:22",14661300
9430,-70,400,"sd","14:01:22",14661200
9450,-50,9600,"bu","14:01:15",14660800
9450,-50,1000,"bu","14:01:15",14651200
9450,-50,500,"bu","14:01:15",14650200
9440,-60,3000,"bu","14:01:15",14649700
9440,-60,1600,"bu","14:01:15",14646700
9440,-60,1400,"bu","14:01:13",14645100
9440,-60,2000,"bu","14:01:13",14643700
9440,-60,500,"bu","14:01:13",14641700
9440,-60,100,"bu","14:01:11",14641200
9440,-60,4900,"bu","14:01:11",14641100
9440,-60,1000,"bu","14:01:04",14636200
9440,-60,7400,"bu","14:01:03",14635200
9440,-60,2000,"bu","14:01:02",14627800
9440,-60,300,"bu","14:00:59",14625800
9440,-60,4400,"bu","14:00:57",14625500
9440,-60,2600,"bu","14:00:57",14621100
9440,-60,100,"bu","14:00:57",14618500
9440,-60,5000,"bu","14:00:46",14618400
9440,-60,1000,"bu","14:00:42",14613400
9440,-60,1000,"bu","14:00:40",14612400
9440,-60,100,"bu","14:00:38",14611400
9440,-60,200,"bu","14:00:20",14611300
9440,-60,100,"bu","14:00:20",14611100
9440,-60,100,"bu","14:00:20",14611000
9440,-60,100,"bu","14:00:20",14610900
9430,-70,400,"sd","14:00:20",14610800
9430,-70,2000,"bu","14:00:15",14610400
9430,-70,2200,"bu","14:00:15",14608400
9430,-70,200,"bu","14:00:14",14606200
9420,-80,1000,"sd","14:00:14",14606000
9430,-70,100,"bu","14:00:13",14605000
9430,-70,1000,"bu","14:00:09",14604900
9430,-70,1000,"bu","13:59:57",14603900
9430,-70,100,"bu","13:59:55",14602900
9430,-70,1700,"bu","13:59:55",14602800
9430,-70,500,"bu","13:59:55",14601100
9420,-80,1400,"sd","13:59:55",14600600
9430,-70,100,"bu","13:59:54",14599200
9430,-70,900,"bu","13:59:53",14599100
9420,-80,2500,"sd","13:59:51",14598200
9430,-70,400,"bu","13:59:50",14595700
9430,-70,4600,"bu","13:59:50",14595300
9430,-70,3000,"bu","13:59:50",14590700
9430,-70,12400,"bu","13:59:50",14587700
9430,-70,400,"bu","13:59:48",14575300
9430,-70,2000,"bu","13:59:43",14574900
9430,-70,100,"bu","13:59:43",14572900
9430,-70,500,"bu","13:59:43",14572800
9430,-70,3200,"bu","13:59:43",14572300
9430,-70,27200,"bu","13:59:43",14569100
9430,-70,100,"bu","13:59:40",14541900
9430,-70,1000,"bu","13:59:36",14541800
9420,-80,1000,"sd","13:59:35",14540800
9430,-70,700,"bu","13:59:34",14539800
9430,-70,800,"bu","13:59:33",14539100
9430,-70,1000,"bu","13:59:33",14538300
9420,-80,1000,"sd","13:59:30",14537300
9430,-70,2000,"bu","13:59:29",14536300
9430,-70,2000,"bu","13:59:19",14534300
9420,-80,10000,"sd","13:59:18",14532300
9430,-70,15000,"bu","13:59:16",14522300
9420,-80,500,"bu","13:59:00",14507300
9420,-80,3000,"bu","13:59:00",14506800
9420,-80,2000,"bu","13:59:00",14503800
9420,-80,1500,"bu","13:59:00",14501800
9410,-90,5000,"sd","13:58:57",14500300
9410,-90,1300,"sd","13:58:54",14495300
9410,-90,1000,"sd","13:58:54",14494000
9410,-90,100,"sd","13:58:54",14493000
9410,-90,100,"sd","13:58:54",14492900
9410,-90,1300,"sd","13:58:54",14492800
9410,-90,200,"sd","13:58:54",14491500
9410,-90,4000,"sd","13:58:54",14491300
9410,-90,400,"sd","13:58:40",14487300
9410,-90,100,"sd","13:58:40",14486900
9420,-80,500,"bu","13:58:35",14486800
9420,-80,1200,"sd","13:58:25",14486300
9420,-80,5100,"sd","13:58:23",14485100
9420,-80,6300,"bu","13:58:18",14480000
9420,-80,500,"bu","13:58:18",14473700
9420,-80,500,"bu","13:58:18",14473200
9420,-80,1200,"bu","13:58:18",14472700
9420,-80,200,"bu","13:58:18",14471500
9410,-90,9900,"bu","13:58:11",14471300
9410,-90,10000,"bu","13:58:08",14461400
9410,-90,1000,"bu","13:58:08",14451400
9410,-90,33000,"bu","13:58:04",14450400
9410,-90,300,"bu","13:58:04",14417400
9410,-90,500,"bu","13:58:04",14417100
9410,-90,1000,"bu","13:58:04",14416600
9410,-90,3200,"bu","13:58:04",14415600
9410,-90,3000,"bu","13:58:02",14412400
9410,-90,100,"bu","13:58:02",14409400
9410,-90,1600,"bu","13:58:02",14409300
9410,-90,300,"bu","13:57:59",14407700
9410,-90,1800,"bu","13:57:56",14407400
9410,-90,1000,"sd","13:57:52",14405600
9410,-90,1000,"sd","13:57:52",14404600
9410,-90,8000,"sd","13:57:52",14403600
9410,-90,10000,"sd","13:57:52",14395600
9420,-80,200,"bu","13:57:52",14385600
9420,-80,200,"bu","13:57:51",14385400
9420,-80,500,"bu","13:57:50",14385200
9410,-90,2000,"sd","13:57:45",14384700
9410,-90,1000,"sd","13:57:45",14382700
9410,-90,200,"sd","13:57:45",14381700
9410,-90,1000,"sd","13:57:45",14381500
9410,-90,500,"sd","13:57:45",14380500
9410,-90,1000,"sd","13:57:45",14380000
9410,-90,100,"sd","13:57:45",14379000
9410,-90,100,"sd","13:57:45",14378900
9410,-90,1500,"sd","13:57:45",14378800
9410,-90,1000,"sd","13:57:45",14377300
9410,-90,10000,"sd","13:57:45",14376300
9410,-90,100,"sd","13:57:45",14366300
9410,-90,5000,"sd","13:57:45",14366200
9410,-90,1000,"sd","13:57:45",14361200
9410,-90,1000,"sd","13:57:45",14360200
9410,-90,500,"sd","13:57:45",14359200
9410,-90,10000,"sd","13:57:45",14358700
9410,-90,1000,"sd","13:57:45",14348700
9410,-90,2100,"sd","13:57:45",14347700
9410,-90,10000,"sd","13:57:45",14345600
9410,-90,100,"sd","13:57:45",14335600
9410,-90,2000,"sd","13:57:45",14335500
9410,-90,500,"sd","13:57:45",14333500
9410,-90,3000,"sd","13:57:45",14333000
9410,-90,700,"sd","13:57:45",14330000
9410,-90,40000,"sd","13:57:45",14329300
9410,-90,1000,"sd","13:57:45",14289300
9410,-90,100,"sd","13:57:45",14288300
9410,-90,200,"sd","13:57:45",14288200
9410,-90,100,"sd","13:57:45",14288000
9410,-90,400,"sd","13:57:45",14287900
9410,-90,400,"sd","13:57:45",14287500
9410,-90,5000,"sd","13:57:45",14287100
9410,-90,100,"sd","13:57:45",14282100
9410,-90,200,"sd","13:57:45",14282000
9410,-90,1000,"sd","13:57:45",14281800
9410,-90,100,"sd","13:57:45",14280800
9410,-90,1000,"sd","13:57:45",14280700
9410,-90,2800,"sd","13:57:45",14279700
9410,-90,500,"sd","13:57:45",14276900
9410,-90,1000,"sd","13:57:45",14276400
9410,-90,10000,"sd","13:57:45",14275400
9410,-90,1000,"sd","13:57:45",14265400
9410,-90,20000,"sd","13:57:45",14264400
9410,-90,800,"sd","13:57:45",14244400
9410,-90,2100,"sd","13:57:45",14243600
9410,-90,100,"sd","13:57:45",14241500
9410,-90,200,"sd","13:57:45",14241400
9410,-90,10000,"sd","13:57:45",14241200
9410,-90,100,"sd","13:57:45",14231200
9410,-90,2000,"sd","13:57:45",14231100
9410,-90,200,"sd","13:57:45",14229100
9410,-90,10000,"sd","13:57:45",14228900
9410,-90,1000,"sd","13:57:45",14218900
9410,-90,200,"sd","13:57:45",14217900
9410,-90,200,"sd","13:57:45",14217700
9410,-90,500,"sd","13:57:45",14217500
9410,-90,100,"sd","13:57:45",14217000
9410,-90,2000,"sd","13:57:45",14216900
9410,-90,1000,"sd","13:57:45",14214900
9410,-90,1200,"sd","13:57:45",14213900
9410,-90,1000,"sd","13:57:45",14212700
9410,-90,1000,"sd","13:57:45",14211700
9410,-90,3000,"sd","13:57:45",14210700
9410,-90,500,"sd","13:57:45",14207700
9410,-90,500,"sd","13:57:45",14207200
9410,-90,1000,"sd","13:57:45",14206700
9410,-90,500,"sd","13:57:45",14205700
9410,-90,100,"sd","13:57:45",14205200
9410,-90,2000,"sd","13:57:45",14205100
9410,-90,5000,"sd","13:57:45",14203100
9410,-90,200,"sd","13:57:45",14198100
9410,-90,100,"sd","13:57:45",14197900
9410,-90,300,"sd","13:57:45",14197800
9410,-90,10000,"sd","13:57:45",14197500
9410,-90,200,"sd","13:57:45",14187500
9410,-90,5000,"sd","13:57:45",14187300
9410,-90,10000,"sd","13:57:45",14182300
9410,-90,27600,"sd","13:57:45",14172300
9420,-80,2000,"sd","13:57:39",14144700
9420,-80,100,"sd","13:57:39",14142700
9420,-80,2000,"sd","13:57:39",14142600
9420,-80,2000,"bu","13:57:37",14140600
9420,-80,500,"bu","13:57:37",14138600
9420,-80,4000,"bu","13:57:37",14138100
9420,-80,1500,"bu","13:57:37",14134100
9420,-80,100,"bu","13:57:37",14132600
9420,-80,10000,"bu","13:57:36",14132500
9410,-90,2100,"sd","13:57:34",14122500
9420,-80,500,"bu","13:57:34",14120400
9420,-80,5000,"bu","13:57:32",14119900
9410,-90,200,"sd","13:57:32",14114900
9410,-90,100,"sd","13:57:30",14114700
9410,-90,400,"sd","13:57:30",14114600
9410,-90,500,"sd","13:57:30",14114200
9410,-90,1000,"sd","13:57:30",14113700
9410,-90,200,"sd","13:57:30",14112700
9410,-90,500,"sd","13:57:30",14112500
9410,-90,7300,"sd","13:57:30",14112000
9420,-80,1000,"bu","13:57:30",14104700
9420,-80,500,"bu","13:57:28",14103700
9420,-80,100,"bu","13:57:27",14103200
9420,-80,100,"sd","13:57:23",14103100
9420,-80,500,"sd","13:57:23",14103000
9420,-80,200,"sd","13:57:23",14102500
9420,-80,100,"sd","13:57:23",14102300
9420,-80,400,"sd","13:57:23",14102200
9420,-80,9600,"sd","13:57:17",14101800
9420,-80,400,"sd","13:57:17",14092200
9420,-80,1000,"sd","13:57:17",14091800
9420,-80,1000,"sd","13:57:17",14090800
9420,-80,200,"sd","13:57:17",14089800
9420,-80,5000,"sd","13:57:17",14089600
9420,-80,1000,"bu","13:57:11",14084600
9420,-80,1000,"bu","13:57:08",14083600
9410,-90,100,"sd","13:57:08",14082600
9420,-80,2000,"bu","13:57:02",14082500
9420,-80,2000,"bu","13:57:00",14080500
9420,-80,1000,"bu","13:56:58",14078500
9420,-80,1000,"bu","13:56:57",14077500
9420,-80,5300,"bu","13:56:56",14076500
9420,-80,700,"bu","13:56:56",14071200
9420,-80,9000,"bu","13:56:54",14070500
9420,-80,4800,"bu","13:56:54",14061500
9420,-80,200,"bu","13:56:53",14056700
9420,-80,500,"bu","13:56:52",14056500
9420,-80,100,"sd","13:56:52",14056000
9420,-80,3500,"sd","13:56:52",14055900
9420,-80,100,"sd","13:56:52",14052400
9420,-80,81100,"sd","13:56:52",14052300
9420,-80,2000,"sd","13:56:51",13971200
9420,-80,10500,"sd","13:56:45",13969200
9420,-80,400,"bu","13:56:42",13958700
9420,-80,100,"bu","13:56:39",13958300
9420,-80,500,"bu","13:56:36",13958200
9420,-80,500,"bu","13:56:33",13957700
9420,-80,1200,"bu","13:56:33",13957200
9420,-80,4000,"bu","13:56:33",13956000
9420,-80,1000,"bu","13:56:33",13952000
9420,-80,13800,"bu","13:56:33",13951000
9410,-90,700,"sd","13:56:31",13937200
9410,-90,100,"sd","13:56:29",13936500
9420,-80,500,"bu","13:56:27",13936400
9420,-80,100,"bu","13:56:26",13935900
9420,-80,500,"bu","13:56:20",13935800
9420,-80,100,"bu","13:56:20",13935300
9420,-80,100,"bu","13:56:20",13935200
9410,-90,700,"sd","13:56:12",13935100
9420,-80,2900,"bu","13:56:10",13934400
9420,-80,7100,"bu","13:56:10",13931500
9420,-80,200,"bu","13:56:09",13924400
9420,-80,200,"bu","13:56:08",13924200
9420,-80,1000,"bu","13:55:57",13924000
9420,-80,100,"bu","13:55:56",13923000
9420,-80,100,"bu","13:55:56",13922900
9420,-80,100,"bu","13:55:52",13922800
9420,-80,100,"bu","13:55:45",13922700
9420,-80,1000,"bu","13:55:41",13922600
9420,-80,1000,"bu","13:55:36",13921600
9420,-80,1000,"sd","13:55:35",13920600
9420,-80,300,"sd","13:55:35",13919600
9420,-80,2000,"sd","13:55:35",13919300
9420,-80,500,"sd","13:55:35",13917300
9420,-80,500,"sd","13:55:35",13916800
9420,-80,5000,"sd","13:55:35",13916300
9420,-80,2000,"sd","13:55:35",13911300
9420,-80,100,"sd","13:55:35",13909300
9420,-80,1000,"sd","13:55:35",13909200
9420,-80,100,"sd","13:55:35",13908200
9420,-80,100,"sd","13:55:35",13908100
9420,-80,1000,"sd","13:55:35",13908000
9420,-80,3000,"sd","13:55:35",13907000
9420,-80,500,"sd","13:55:35",13904000
9420,-80,6000,"sd","13:55:35",13903500
9420,-80,10000,"sd","13:55:35",13897500
9420,-80,1000,"sd","13:55:35",13887500
9420,-80,2000,"sd","13:55:35",13886500
9420,-80,3000,"sd","13:55:35",13884500
9440,-60,1000,"bu","13:55:23",13881500
9430,-70,5000,"sd","13:55:20",13880500
9430,-70,100,"sd","13:55:20",13875500
9430,-70,4000,"sd","13:55:20",13875400
9430,-70,1000,"sd","13:55:20",13871400
9430,-70,100,"sd","13:55:07",13870400
9430,-70,100,"sd","13:55:07",13870300
9430,-70,600,"sd","13:55:04",13870200
9430,-70,300,"sd","13:54:57",13869600
9440,-60,5000,"bu","13:54:53",13869300
9440,-60,100,"bu","13:54:53",13864300
9440,-60,9200,"bu","13:54:53",13864200
9430,-70,500,"bu","13:54:53",13855000
9430,-70,900,"bu","13:54:53",13854500
9430,-70,100,"bu","13:54:44",13853600
9410,-90,5300,"sd","13:54:43",13853500
9420,-80,2800,"sd","13:54:43",13848200
9420,-80,100,"sd","13:54:43",13845400
9420,-80,100,"sd","13:54:43",13845300
9420,-80,5000,"sd","13:54:43",13845200
9420,-80,1000,"sd","13:54:43",13840200
9420,-80,100,"sd","13:54:43",13839200
9420,-80,600,"sd","13:54:43",13839100
9440,-60,3600,"bu","13:54:37",13838500
9430,-70,300,"bu","13:54:37",13834900
9430,-70,100,"unknown","13:54:28",13834600
9440,-60,7200,"bu","13:54:25",13834500
9440,-60,200,"bu","13:54:25",13827300
9420,-80,5400,"bu","13:54:22",13827100
9420,-80,300,"bu","13:54:15",13821700
9410,-90,800,"sd","13:54:13",13821400
9410,-90,100,"sd","13:54:13",13820600
9410,-90,100,"sd","13:54:13",13820500
9420,-80,200,"bu","13:54:07",13820400
9420,-80,2000,"bu","13:54:06",13820200
9420,-80,2000,"bu","13:54:06",13818200
9420,-80,2000,"bu","13:54:06",13816200
9420,-80,2000,"bu","13:54:06",13814200
9420,-80,500,"bu","13:54:06",13812200
9420,-80,1600,"bu","13:54:06",13811700
9420,-80,2000,"bu","13:54:06",13810100
9420,-80,500,"sd","13:54:06",13808100
9420,-80,200,"sd","13:54:06",13807600
9420,-80,500,"sd","13:54:06",13807400
9420,-80,1000,"sd","13:54:06",13806900
9420,-80,100,"sd","13:54:06",13805900
9420,-80,500,"sd","13:54:06",13805800
9420,-80,1100,"sd","13:54:06",13805300
9420,-80,3000,"sd","13:54:06",13804200
9420,-80,1000,"sd","13:54:06",13801200
9420,-80,1000,"sd","13:54:06",13800200
9420,-80,2100,"sd","13:54:06",13799200
9420,-80,100,"sd","13:54:06",13797100
9420,-80,1500,"sd","13:54:06",13797000
9420,-80,41000,"sd","13:54:06",13795500
9420,-80,500,"sd","13:54:06",13754500
9420,-80,1500,"sd","13:54:06",13754000
9420,-80,5000,"sd","13:54:06",13752500
9420,-80,300,"sd","13:54:06",13747500
9420,-80,1000,"sd","13:54:06",13747200
9420,-80,1100,"sd","13:54:06",13746200
9420,-80,100,"sd","13:54:06",13745100
9420,-80,100,"sd","13:54:06",13745000
9420,-80,1000,"sd","13:54:06",13744900
9420,-80,2100,"sd","13:54:06",13743900
9420,-80,2100,"sd","13:54:06",13741800
9420,-80,3000,"sd","13:54:06",13739700
9420,-80,100,"sd","13:54:06",13736700
9420,-80,200,"sd","13:54:06",13736600
9420,-80,50000,"sd","13:54:06",13736400
9420,-80,600,"sd","13:54:06",13686400
9420,-80,500,"sd","13:54:06",13685800
9420,-80,200,"sd","13:54:06",13685300
9420,-80,7000,"sd","13:54:06",13685100
9420,-80,5000,"sd","13:54:06",13678100
9420,-80,100,"sd","13:54:06",13673100
9420,-80,2000,"sd","13:54:06",13673000
9420,-80,3100,"sd","13:54:06",13671000
9420,-80,4000,"sd","13:54:06",13667900
9420,-80,1000,"sd","13:54:06",13663900
9420,-80,500,"sd","13:54:06",13662900
9420,-80,1000,"sd","13:54:06",13662400
9420,-80,5000,"sd","13:54:06",13661400
9420,-80,3000,"sd","13:54:06",13656400
9420,-80,200,"sd","13:54:06",13653400
9420,-80,100,"sd","13:54:06",13653200
9420,-80,4000,"sd","13:54:06",13653100
9420,-80,3000,"sd","13:54:06",13649100
9420,-80,5000,"sd","13:54:06",13646100
9420,-80,1300,"sd","13:54:06",13641100
9420,-80,2000,"sd","13:54:06",13639800
9420,-80,30200,"sd","13:54:06",13637800
9430,-70,2000,"sd","13:54:06",13607600
9430,-70,100,"sd","13:54:06",13605600
9430,-70,100,"sd","13:54:06",13605500
9430,-70,10000,"sd","13:54:06",13605400
9430,-70,20000,"sd","13:54:06",13595400
9430,-70,300,"sd","13:54:06",13575400
9430,-70,100,"sd","13:54:06",13575100
9430,-70,400,"sd","13:54:06",13575000
9430,-70,500,"sd","13:54:06",13574600
9430,-70,3000,"sd","13:54:06",13574100
9430,-70,1000,"sd","13:54:06",13571100
9430,-70,10000,"sd","13:54:06",13570100
9430,-70,3000,"sd","13:54:06",13560100
9430,-70,1000,"sd","13:54:06",13557100
9430,-70,2000,"sd","13:54:06",13556100
9430,-70,100,"sd","13:54:06",13554100
9430,-70,500,"sd","13:54:06",13554000
9430,-70,10000,"sd","13:54:06",13553500
9430,-70,1000,"sd","13:54:06",13543500
9430,-70,10000,"sd","13:54:06",13542500
9430,-70,100,"sd","13:54:06",13532500
9430,-70,1000,"sd","13:54:06",13532400
9430,-70,200,"sd","13:54:06",13531400
9430,-70,200,"sd","13:54:06",13531200
9430,-70,1000,"sd","13:54:06",13531000
9430,-70,1000,"sd","13:54:06",13530000
9430,-70,1000,"sd","13:54:06",13529000
9430,-70,100,"sd","13:54:06",13528000
9430,-70,100,"sd","13:54:06",13527900
9430,-70,1000,"sd","13:54:06",13527800
9430,-70,500,"sd","13:54:06",13526800
9430,-70,200,"sd","13:54:06",13526300
9430,-70,100,"sd","13:53:44",13526100
9430,-70,2500,"sd","13:53:36",13526000
9440,-60,1500,"bu","13:53:32",13523500
9430,-70,2000,"sd","13:53:29",13522000
9440,-60,1000,"bu","13:53:24",13520000
9430,-70,200,"sd","13:53:17",13519000
9430,-70,300,"sd","13:53:17",13518800
9430,-70,100,"sd","13:53:07",13518500
9440,-60,2500,"bu","13:53:04",13518400
9440,-60,1000,"bu","13:53:04",13515900
9440,-60,1500,"bu","13:53:04",13514900
9430,-70,1600,"sd","13:53:02",13513400
9430,-70,100,"sd","13:53:02",13511800
9430,-70,5000,"sd","13:53:02",13511700
9430,-70,900,"sd","13:53:02",13506700
9430,-70,100,"sd","13:52:55",13505800
9440,-60,300,"bu","13:52:50",13505700
9440,-60,1000,"bu","13:52:30",13505400
9440,-60,1000,"bu","13:52:27",13504400
9430,-70,1000,"sd","13:52:23",13503400
9430,-70,100,"sd","13:52:23",13502400
9430,-70,1000,"sd","13:52:23",13502300
9430,-70,1000,"sd","13:52:23",13501300
9430,-70,900,"sd","13:52:23",13500300
9430,-70,1100,"sd","13:52:17",13499400
9430,-70,1000,"sd","13:52:17",13498300
9430,-70,900,"sd","13:52:17",13497300
9430,-70,600,"sd","13:52:14",13496400
9430,-70,5000,"sd","13:52:11",13495800
9430,-70,3500,"sd","13:52:04",13490800
9430,-70,100,"sd","13:52:04",13487300
9430,-70,2000,"sd","13:52:03",13487200
9430,-70,300,"sd","13:52:03",13485200
9430,-70,100,"sd","13:52:03",13484900
9440,-60,500,"bu","13:52:03",13484800
9440,-60,500,"bu","13:52:02",13484300
9440,-60,1000,"bu","13:52:01",13483800
9440,-60,100,"bu","13:51:58",13482800
9440,-60,100,"bu","13:51:57",13482700
9440,-60,1400,"bu","13:51:56",13482600
9440,-60,100,"sd","13:51:54",13481200
9440,-60,2000,"sd","13:51:54",13481100
9450,-50,2000,"sd","13:51:54",13479100
9450,-50,1000,"bu","13:51:50",13477100
9450,-50,4000,"bu","13:51:50",13476100
9450,-50,1000,"sd","13:51:49",13472100
9450,-50,2000,"sd","13:51:49",13471100
9450,-50,1300,"sd","13:51:49",13469100
9450,-50,700,"sd","13:51:49",13467800
9450,-50,1300,"sd","13:51:47",13467100
9450,-50,1000,"sd","13:51:47",13465800
9450,-50,100,"sd","13:51:47",13464800
9450,-50,300,"sd","13:51:47",13464700
9450,-50,200,"sd","13:51:47",13464400
9450,-50,400,"sd","13:51:47",13464200
9450,-50,600,"sd","13:51:46",13463800
9450,-50,100,"sd","13:51:46",13463200
9450,-50,100,"sd","13:51:46",13463100
9450,-50,200,"sd","13:51:46",13463000
9450,-50,3000,"sd","13:51:43",13462800
9450,-50,1800,"sd","13:51:43",13459800
9450,-50,700,"sd","13:51:43",13458000
9450,-50,17500,"sd","13:51:43",13457300
9460,-40,500,"bu","13:51:41",13439800
9450,-50,5800,"sd","13:51:39",13439300
9450,-50,10000,"sd","13:51:32",13433500
9450,-50,6700,"sd","13:51:31",13423500
9450,-50,500,"sd","13:51:31",13416800
9450,-50,200,"sd","13:51:29",13416300
9450,-50,7000,"sd","13:51:26",13416100
9450,-50,2000,"sd","13:51:26",13409100
9450,-50,1000,"sd","13:51:18",13407100
9460,-40,200,"bu","13:51:07",13406100
9450,-50,400,"sd","13:51:03",13405900
9450,-50,2100,"sd","13:51:03",13405500
9450,-50,100,"sd","13:50:59",13403400
9450,-50,100,"sd","13:50:53",13403300
9460,-40,100,"bu","13:50:53",13403200
9460,-40,300,"bu","13:50:50",13403100
9450,-50,100,"sd","13:50:39",13402800
9460,-40,100,"bu","13:50:33",13402700
9450,-50,100,"sd","13:50:28",13402600
9450,-50,700,"sd","13:50:24",13402500
9450,-50,3000,"sd","13:50:15",13401800
9450,-50,400,"sd","13:50:13",13398800
9460,-40,200,"bu","13:50:12",13398400
9450,-50,100,"sd","13:50:12",13398200
9450,-50,200,"sd","13:50:07",13398100
9450,-50,2000,"sd","13:49:56",13397900
9450,-50,1000,"sd","13:49:42",13395900
9450,-50,100,"sd","13:49:41",13394900
9450,-50,5000,"sd","13:49:38",13394800
9450,-50,13400,"sd","13:49:36",13389800
9450,-50,900,"sd","13:49:34",13376400
9450,-50,8000,"bu","13:49:22",13375500
9450,-50,1100,"bu","13:49:22",13367500
9450,-50,1000,"bu","13:49:22",13366400
9450,-50,2000,"bu","13:49:22",13365400
9450,-50,800,"bu","13:49:22",13363400
9450,-50,20000,"bu","13:49:22",13362600
9450,-50,600,"bu","13:49:22",13342600
9450,-50,5000,"bu","13:49:22",13342000
9450,-50,100,"bu","13:49:22",13337000
9450,-50,1400,"bu","13:49:22",13336900
9450,-50,500,"bu","13:49:22",13335500
9450,-50,50000,"bu","13:49:22",13335000
9440,-60,20000,"bu","13:49:22",13285000
9450,-50,4000,"bu","13:49:22",13265000
9440,-60,10000,"bu","13:49:22",13261000
9440,-60,1000,"bu","13:49:22",13251000
9440,-60,100,"bu","13:49:22",13250000
9440,-60,40000,"bu","13:49:22",13249900
9440,-60,500,"bu","13:49:22",13209900
9440,-60,100,"bu","13:49:22",13209400
9440,-60,500,"bu","13:49:22",13209300
9440,-60,1700,"bu","13:49:22",13208800
9440,-60,4200,"bu","13:49:22",13207100
9430,-70,17000,"bu","13:49:22",13202900
9430,-70,100,"bu","13:49:22",13185900
9430,-70,200,"sd","13:49:22",13185800
9430,-70,100,"sd","13:49:22",13185600
9430,-70,1000,"sd","13:49:22",13185500
9430,-70,500,"sd","13:49:22",13184500
9430,-70,300,"sd","13:49:22",13184000
9430,-70,100,"sd","13:49:22",13183700
9430,-70,100,"sd","13:49:22",13183600
9430,-70,1000,"sd","13:49:22",13183500
9430,-70,1500,"sd","13:49:22",13182500
9430,-70,200,"sd","13:49:22",13181000
9430,-70,1000,"sd","13:49:22",13180800
9430,-70,2000,"sd","13:49:22",13179800
9430,-70,1900,"sd","13:49:22",13177800
9430,-70,5000,"sd","13:49:21",13175900
9430,-70,3000,"sd","13:49:20",13170900
9430,-70,100,"sd","13:49:17",13167900
9430,-70,300,"sd","13:49:17",13167800
9430,-70,100,"sd","13:49:15",13167500
9430,-70,100,"sd","13:49:15",13167400
9430,-70,100,"sd","13:49:14",13167300
9430,-70,1000,"sd","13:49:14",13167200
9430,-70,1000,"sd","13:49:14",13166200
9430,-70,100,"sd","13:49:14",13165200
9430,-70,2800,"sd","13:49:14",13165100
9430,-70,6200,"sd","13:49:14",13162300
9430,-70,1000,"sd","13:49:11",13156100
9430,-70,14000,"sd","13:49:11",13155100
9430,-70,1100,"sd","13:49:11",13141100
9430,-70,5100,"sd","13:49:09",13140000
9430,-70,5000,"sd","13:49:09",13134900
9430,-70,100,"sd","13:49:09",13129900
9430,-70,1000,"sd","13:49:09",13129800
9430,-70,1000,"sd","13:49:09",13128800
9430,-70,5000,"sd","13:49:09",13127800
9430,-70,1000,"sd","13:49:09",13122800
9430,-70,1800,"sd","13:49:09",13121800
9430,-70,1000,"sd","13:49:06",13120000
9430,-70,500,"sd","13:48:49",13119000
9430,-70,3000,"sd","13:48:42",13118500
9440,-60,3000,"bu","13:48:42",13115500
9440,-60,6300,"bu","13:48:40",13112500
9440,-60,100,"bu","13:48:40",13106200
9440,-60,100,"bu","13:48:39",13106100
9440,-60,400,"bu","13:48:39",13106000
9430,-70,1900,"sd","13:48:37",13105600
9440,-60,100,"bu","13:48:32",13103700
9440,-60,1000,"bu","13:48:24",13103600
9440,-60,500,"bu","13:48:19",13102600
9440,-60,500,"bu","13:47:57",13102100
9430,-70,20000,"bu","13:47:50",13101600
9430,-70,1000,"bu","13:47:50",13081600
9430,-70,100,"bu","13:47:50",13080600
9430,-70,700,"bu","13:47:50",13080500
9430,-70,1100,"bu","13:47:49",13079800
9430,-70,200,"bu","13:47:46",13078700
9430,-70,3000,"bu","13:47:40",13078500
9430,-70,500,"bu","13:47:38",13075500
9430,-70,100,"bu","13:47:35",13075000
9420,-80,2000,"sd","13:47:34",13074900
9430,-70,100,"bu","13:47:30",13072900
9430,-70,100,"bu","13:47:28",13072800
9430,-70,1000,"bu","13:47:28",13072700
9430,-70,2000,"bu","13:47:24",13071700
9430,-70,300,"bu","13:47:24",13069700
9420,-80,400,"sd","13:47:21",13069400
9430,-70,1000,"bu","13:47:20",13069000
9430,-70,1400,"bu","13:47:19",13068000
9440,-60,1000,"bu","13:47:10",13066600
9420,-80,100,"sd","13:47:07",13065600
9430,-70,1000,"sd","13:47:07",13065500
9430,-70,5000,"sd","13:47:07",13064500
9430,-70,100,"sd","13:47:07",13059500
9430,-70,2000,"sd","13:47:07",13059400
9430,-70,1000,"sd","13:47:07",13057400
9430,-70,5000,"sd","13:47:07",13056400
9430,-70,100,"sd","13:47:07",13051400
9430,-70,2700,"sd","13:47:07",13051300
9430,-70,2000,"sd","13:47:07",13048600
9430,-70,100,"sd","13:47:07",13046600
9430,-70,100,"sd","13:47:07",13046500
9430,-70,500,"sd","13:47:07",13046400
9430,-70,100,"sd","13:47:07",13045900
9430,-70,200,"sd","13:47:05",13045800
9430,-70,200,"sd","13:47:03",13045600
9430,-70,800,"sd","13:47:03",13045400
9430,-70,200,"sd","13:46:45",13044600
9430,-70,9000,"sd","13:46:38",13044400
9430,-70,3000,"sd","13:46:38",13035400
9430,-70,1500,"sd","13:46:38",13032400
9430,-70,1000,"sd","13:46:38",13030900
9430,-70,200,"sd","13:46:38",13029900
9430,-70,10000,"sd","13:46:38",13029700
9430,-70,200,"sd","13:46:38",13019700
9430,-70,100,"sd","13:46:38",13019500
9430,-70,400,"sd","13:46:37",13019400
9430,-70,1000,"sd","13:46:37",13019000
9430,-70,100,"sd","13:46:37",13018000
9430,-70,2500,"sd","13:46:37",13017900
9430,-70,1000,"sd","13:46:32",13015400
9440,-60,600,"bu","13:46:32",13014400
9430,-70,100,"sd","13:46:31",13013800
9430,-70,1500,"sd","13:46:31",13013700
9430,-70,100,"sd","13:46:31",13012200
9430,-70,1300,"sd","13:46:31",13012100
9430,-70,100,"sd","13:46:23",13010800
9440,-60,3700,"bu","13:46:22",13010700
9440,-60,1000,"bu","13:46:22",13007000
9440,-60,100,"bu","13:46:22",13006000
9440,-60,200,"bu","13:46:22",13005900
9430,-70,8000,"sd","13:46:20",13005700
9440,-60,200,"bu","13:46:18",12997700
9430,-70,600,"sd","13:46:14",12997500
9430,-70,200,"sd","13:46:14",12996900
9430,-70,200,"sd","13:46:14",12996700
9430,-70,1000,"sd","13:46:12",12996500
9430,-70,1000,"sd","13:46:12",12995500
