"price","change","match_qtty","side","time","total_vol"
102000,-400,23600,"sd","14:45:00",246900
102200,-200,200,"bu","14:29:41",223300
102200,-200,200,"bu","14:29:41",223100
102000,-400,100,"sd","14:29:31",222900
102000,-400,200,"sd","14:29:31",222800
102000,-400,400,"sd","14:29:13",222600
102000,-400,300,"sd","14:29:03",222200
102200,-200,100,"sd","14:29:03",221900
102200,-200,100,"bu","14:28:38",221800
102000,-400,1000,"bu","14:28:36",221700
102000,-400,100,"bu","14:28:36",220700
101900,-500,400,"sd","14:28:20",220600
101900,-500,900,"sd","14:28:16",220200
101900,-500,100,"sd","14:28:16",219300
101900,-500,100,"sd","14:28:16",219200
101900,-500,100,"sd","14:28:16",219100
101900,-500,200,"sd","14:28:16",219000
101900,-500,500,"sd","14:28:16",218800
101900,-500,200,"sd","14:28:15",218300
101900,-500,100,"sd","14:28:15",218100
101900,-500,400,"sd","14:28:11",218000
101900,-500,300,"sd","14:28:02",217600
101900,-500,100,"sd","14:28:02",217300
101900,-500,200,"sd","14:27:49",217200
101900,-500,100,"sd","14:27:49",217000
101900,-500,100,"sd","14:27:49",216900
102000,-400,300,"bu","14:27:45",216800
101900,-500,100,"sd","14:27:04",216500
101900,-500,100,"sd","14:27:04",216400
101900,-500,200,"sd","14:27:04",216300
102000,-400,200,"bu","14:27:03",216100
102000,-400,100,"bu","14:27:01",215900
101900,-500,100,"sd","14:27:00",215800
101900,-500,100,"sd","14:27:00",215700
101900,-500,200,"sd","14:26:59",215600
102000,-400,300,"bu","14:26:39",215400
102000,-400,1000,"bu","14:26:25",215100
101900,-500,500,"sd","14:25:39",214100
101900,-500,300,"bu","14:25:15",213600
101900,-500,100,"sd","14:25:15",213300
101900,-500,200,"bu","14:25:14",213200
101900,-500,100,"bu","14:25:07",213000
101900,-500,100,"bu","14:25:07",212900
101900,-500,200,"bu","14:24:56",212800
101900,-500,200,"bu","14:24:56",212600
101900,-500,2800,"bu","14:24:56",212400
101900,-500,100,"bu","14:24:46",209600
101900,-500,1000,"bu","14:24:45",209500
102000,-400,100,"bu","14:24:44",208500
102000,-400,400,"bu","14:24:44",208400
102000,-400,400,"bu","14:24:44",208000
102000,-400,400,"bu","14:24:44",207600
102000,-400,400,"bu","14:24:44",207200
102000,-400,400,"bu","14:24:44",206800
102000,-400,400,"bu","14:24:44",206400
101900,-500,100,"bu","14:24:44",206000
101900,-500,900,"bu","14:24:44",205900
101900,-500,100,"bu","14:24:42",205000
101900,-500,200,"bu","14:24:39",204900
101900,-500,800,"bu","14:24:29",204700
101800,-600,500,"sd","14:24:29",203900
101900,-500,200,"bu","14:24:28",203400
101900,-500,100,"sd","14:24:01",203200
101900,-500,100,"sd","14:24:01",203100
101900,-500,200,"sd","14:24:01",203000
101900,-500,800,"bu","14:23:53",202800
101900,-500,100,"sd","14:23:42",202000
101900,-500,100,"sd","14:23:42",201900
101900,-500,500,"sd","14:23:42",201800
101900,-500,500,"sd","14:23:42",201300
101900,-500,100,"sd","14:23:42",200800
101900,-500,100,"sd","14:23:42",200700
101900,-500,400,"sd","14:23:42",200600
101900,-500,100,"sd","14:23:42",200200
101900,-500,100,"sd","14:23:42",200100
101900,-500,100,"sd","14:23:42",200000
101900,-500,100,"sd","14:23:42",199900
101900,-500,200,"sd","14:23:42",199800
101900,-500,800,"sd","14:23:42",199600
101900,-500,1200,"sd","14:23:38",198800
101900,-500,200,"sd","14:23:38",197600
101900,-500,1000,"sd","14:23:38",197400
101900,-500,100,"sd","14:23:38",196400
101900,-500,500,"sd","14:23:38",196300
102000,-400,200,"bu","14:23:26",195800
101900,-500,200,"sd","14:23:15",195600
102000,-400,200,"bu","14:22:35",195400
102000,-400,400,"bu","14:22:33",195200
102000,-400,100,"bu","14:22:02",194800
102000,-400,1000,"bu","14:22:02",194700
102000,-400,100,"bu","14:22:02",193700
102000,-400,300,"bu","14:21:57",193600
102000,-400,300,"bu","14:21:57",193300
102000,-400,400,"bu","14:21:57",193000
102000,-400,400,"bu","14:21:57",192600
102000,-400,400,"bu","14:21:57",192200
102000,-400,200,"bu","14:21:57",191800
102000,-400,100,"bu","14:21:49",191600
102000,-400,200,"bu","14:21:39",191500
102000,-400,300,"bu","14:21:23",191300
102000,-400,100,"bu","14:21:23",191000
102000,-400,400,"bu","14:21:23",190900
102000,-400,200,"bu","14:21:23",190500
102000,-400,200,"bu","14:20:53",190300
102000,-400,100,"bu","14:20:34",190100
102000,-400,400,"bu","14:20:20",190000
102000,-400,400,"bu","14:20:20",189600
102000,-400,200,"bu","14:20:20",189200
102000,-400,200,"bu","14:20:06",189000
102000,-400,200,"bu","14:19:09",188800
102000,-400,500,"bu","14:19:00",188600
102000,-400,200,"bu","14:18:44",188100
102000,-400,100,"bu","14:18:30",187900
102000,-400,100,"bu","14:18:27",187800
102000,-400,100,"bu","14:18:22",187700
102000,-400,200,"bu","14:18:06",187600
102000,-400,400,"bu","14:17:22",187400
102000,-400,400,"bu","14:17:21",187000
102000,-400,500,"bu","14:17:21",186600
102000,-400,200,"bu","14:17:21",186100
102000,-400,1000,"bu","14:16:58",185900
102000,-400,1000,"bu","14:16:52",184900
102000,-400,300,"bu","14:16:39",183900
102000,-400,100,"bu","14:16:39",183600
102000,-400,1000,"bu","14:16:39",183500
102000,-400,100,"bu","14:16:34",182500
102000,-400,1900,"bu","14:16:33",182400
102000,-400,1600,"bu","14:16:33",180500
102000,-400,200,"bu","14:16:32",178900
102000,-400,100,"bu","14:16:17",178700
102000,-400,100,"bu","14:15:52",178600
102000,-400,400,"bu","14:15:34",178500
102000,-400,200,"bu","14:15:31",178100
101900,-500,300,"sd","14:14:43",177900
101900,-500,400,"sd","14:14:43",177600
101900,-500,100,"sd","14:14:43",177200
101900,-500,200,"sd","14:14:43",177100
101900,-500,800,"sd","14:14:32",176900
101900,-500,100,"sd","14:14:32",176100
101900,-500,500,"sd","14:14:32",176000
101900,-500,100,"sd","14:14:32",175500
101900,-500,300,"sd","14:14:32",175400
101900,-500,200,"sd","14:14:32",175100
101900,-500,200,"sd","14:14:26",174900
101900,-500,200,"sd","14:14:11",174700
101900,-500,200,"sd","14:12:35",174500
102100,-300,200,"bu","14:12:25",174300
101900,-500,100,"sd","14:12:19",174100
101900,-500,100,"sd","14:12:19",174000
101900,-500,100,"sd","14:12:06",173900
101900,-500,100,"sd","14:12:06",173800
102000,-400,100,"sd","14:11:54",173700
102000,-400,100,"sd","14:11:54",173600
102000,-400,100,"bu","14:11:49",173500
101900,-500,100,"sd","14:11:47",173400
101900,-500,100,"sd","14:11:47",173300
102000,-400,200,"bu","14:11:47",173200
102000,-400,200,"bu","14:11:41",173000
102000,-400,200,"bu","14:11:35",172800
102000,-400,100,"bu","14:11:26",172600
101900,-500,100,"sd","14:11:25",172500
101900,-500,100,"sd","14:11:25",172400
102000,-400,100,"bu","14:11:09",172300
102000,-400,300,"sd","14:11:06",172200
102000,-400,100,"sd","14:11:06",171900
102000,-400,100,"sd","14:11:06",171800
102000,-400,100,"sd","14:11:06",171700
102000,-400,1000,"sd","14:11:06",171600
102000,-400,100,"sd","14:11:06",170600
102000,-400,200,"sd","14:11:06",170500
102000,-400,200,"sd","14:11:06",170300
102000,-400,100,"sd","14:11:06",170100
102000,-400,100,"sd","14:11:06",170000
102000,-400,1500,"sd","14:11:06",169900
102000,-400,100,"sd","14:11:06",168400
102000,-400,100,"sd","14:11:06",168300
102000,-400,100,"sd","14:11:06",168200
102000,-400,100,"sd","14:11:06",168100
102000,-400,3000,"sd","14:11:06",168000
102100,-300,100,"bu","14:10:55",165000
102100,-300,900,"bu","14:10:55",164900
102000,-400,900,"sd","14:10:08",164000
102000,-400,1100,"sd","14:07:32",163100
102000,-400,100,"sd","14:07:32",162000
102100,-300,100,"bu","14:07:05",161900
102100,-300,200,"bu","14:06:32",161800
102000,-400,2000,"sd","14:06:15",161600
102000,-400,900,"sd","14:04:17",159600
102000,-400,100,"sd","14:04:17",158700
102200,-200,100,"bu","14:03:12",158600
102200,-200,200,"bu","14:02:33",158500
102200,-200,200,"bu","14:02:33",158300
102200,-200,300,"bu","14:02:32",158100
102200,-200,300,"bu","14:02:16",157800
102000,-400,100,"sd","14:01:09",157500
102000,-400,100,"bu","14:00:31",157400
102000,-400,100,"sd","14:00:27",157300
102000,-400,400,"sd","14:00:27",157200
102000,-400,5000,"sd","14:00:27",156800
102000,-400,600,"sd","14:00:27",151800
102000,-400,100,"sd","14:00:27",151200
102000,-400,200,"sd","14:00:27",151100
102000,-400,100,"sd","14:00:27",150900
102000,-400,300,"sd","14:00:27",150800
102000,-400,500,"sd","14:00:27",150500
102000,-400,100,"sd","14:00:27",150000
102000,-400,100,"sd","14:00:27",149900
102000,-400,200,"sd","14:00:27",149800
102000,-400,100,"sd","14:00:27",149600
102000,-400,100,"sd","14:00:27",149500
102000,-400,100,"sd","14:00:27",149400
102000,-400,100,"sd","14:00:27",149300
102000,-400,200,"sd","14:00:27",149200
102000,-400,200,"sd","14:00:27",149000
102000,-400,300,"sd","14:00:27",148800
102000,-400,600,"sd","14:00:27",148500
102000,-400,200,"sd","14:00:27",147900
102000,-400,100,"sd","14:00:27",147700
102000,-400,600,"sd","14:00:27",147600
102000,-400,300,"sd","14:00:27",147000
102000,-400,200,"sd","14:00:27",146700
102000,-400,200,"sd","14:00:27",146500
102000,-400,400,"sd","14:00:27",146300
102000,-400,500,"sd","14:00:27",145900
102000,-400,100,"sd","14:00:27",145400
102000,-400,100,"sd","14:00:27",145300
102000,-400,200,"sd","14:00:27",145200
102000,-400,100,"sd","14:00:27",145000
102000,-400,100,"sd","14:00:27",144900
102000,-400,200,"sd","14:00:27",144800
102000,-400,100,"sd","14:00:27",144600
102000,-400,100,"sd","14:00:27",144500
102000,-400,100,"sd","14:00:27",144400
102000,-400,3800,"sd","14:00:27",144300
102100,-300,400,"sd","14:00:27",140500
102100,-300,700,"sd","14:00:27",140100
102100,-300,400,"bu","13:57:20",139400
102100,-300,1900,"bu","13:57:20",139000
102000,-400,1200,"sd","13:57:10",137100
102000,-400,100,"sd","13:57:10",135900
102000,-400,100,"sd","13:57:10",135800
102000,-400,100,"sd","13:57:10",135700
102100,-300,100,"bu","13:56:44",135600
102100,-300,200,"bu","13:56:28",135500
102100,-300,100,"bu","13:55:36",135300
102000,-400,400,"sd","13:55:27",135200
102000,-400,100,"sd","13:55:27",134800
102000,-400,100,"sd","13:55:27",134700
102100,-300,1000,"bu","13:54:37",134600
102100,-300,1600,"bu","13:54:27",133600
102100,-300,100,"sd","13:53:23",132000
102100,-300,5000,"bu","13:53:07",131900
102000,-400,100,"sd","13:52:21",126900
102200,-200,200,"bu","13:51:50",126800
102000,-400,100,"sd","13:51:42",126600
102100,-300,300,"sd","13:51:42",126500
102200,-200,200,"bu","13:51:09",126200
102200,-200,200,"bu","13:50:20",126000
102200,-200,200,"bu","13:50:16",125800
102200,-200,200,"bu","13:50:13",125600
102200,-200,300,"bu","13:50:06",125400
102200,-200,100,"bu","13:50:06",125100
102100,-300,300,"sd","13:49:14",125000
102000,-400,3000,"sd","13:47:13",124700
102000,-400,1700,"sd","13:47:09",121700
102000,-400,100,"sd","13:47:09",120000
102000,-400,100,"sd","13:47:09",119900
102000,-400,100,"sd","13:47:09",119800
102000,-400,300,"sd","13:47:09",119700
102000,-400,100,"sd","13:47:09",119400
102000,-400,100,"sd","13:47:09",119300
102000,-400,500,"sd","13:47:09",119200
102000,-400,100,"sd","13:47:00",118700
102000,-400,100,"sd","13:47:00",118600
102000,-400,100,"sd","13:47:00",118500
102000,-400,200,"sd","13:47:00",118400
102000,-400,100,"sd","13:47:00",118200
102000,-400,200,"sd","13:47:00",118100
102000,-400,1000,"sd","13:47:00",117900
102000,-400,100,"sd","13:47:00",116900
102000,-400,100,"sd","13:47:00",116800
102000,-400,100,"sd","13:46:56",116700
102000,-400,800,"sd","13:46:56",116600
102000,-400,100,"sd","13:46:56",115800
102000,-400,500,"sd","13:46:56",115700
102000,-400,300,"sd","13:46:56",115200
102000,-400,100,"sd","13:46:56",114900
102000,-400,100,"sd","13:46:56",114800
102100,-300,200,"bu","13:44:37",114700
102000,-400,200,"sd","13:44:33",114500
102100,-300,100,"sd","13:43:47",114300
102100,-300,100,"sd","13:43:47",114200
102100,-300,100,"sd","13:41:53",114100
102100,-300,2900,"sd","13:40:46",114000
102100,-300,100,"sd","13:40:46",111100
102100,-300,400,"sd","13:40:41",111000
102100,-300,200,"sd","13:40:41",110600
102100,-300,200,"sd","13:40:41",110400
102100,-300,1000,"sd","13:40:41",110200
102100,-300,500,"sd","13:40:41",109200
102100,-300,100,"sd","13:40:41",108700
102100,-300,100,"sd","13:40:41",108600
102100,-300,100,"sd","13:40:41",108500
102100,-300,400,"sd","13:40:41",108400
102200,-200,100,"sd","13:38:45",108000
102200,-200,1000,"sd","13:35:41",107900
102200,-200,100,"sd","13:35:41",106900
102200,-200,200,"sd","13:35:41",106800
102200,-200,200,"sd","13:34:08",106600
102300,-100,100,"bu","13:32:35",106400
102200,-200,600,"bu","13:30:16",106300
102200,-200,1000,"bu","13:30:16",105700
102200,-200,2000,"bu","13:30:08",104700
102200,-200,1000,"bu","13:30:08",102700
102100,-300,100,"sd","13:28:59",101700
102100,-300,100,"sd","13:28:59",101600
102100,-300,700,"sd","13:28:59",101500
102100,-300,100,"sd","13:28:59",100800
102100,-300,100,"sd","13:28:19",100700
102100,-300,100,"sd","13:28:19",100600
102100,-300,100,"sd","13:28:19",100500
102200,-200,100,"bu","13:28:09",100400
102200,-200,100,"bu","13:27:48",100300
102200,-200,800,"bu","13:27:31",100200
102200,-200,200,"bu","13:27:31",99400
102100,-300,100,"sd","13:26:07",99200
102100,-300,200,"sd","13:26:07",99100
102100,-300,100,"sd","13:26:07",98900
102100,-300,400,"sd","13:26:07",98800
102100,-300,100,"sd","13:26:07",98400
102200,-200,300,"bu","13:24:53",98300
102200,-200,300,"bu","13:24:50",98000
102200,-200,200,"bu","13:23:16",97700
102300,-100,100,"bu","13:20:32",97500
102000,-400,100,"sd","13:20:14",97400
102000,-400,300,"sd","13:19:46",97300
102100,-300,100,"sd","13:19:46",97000
102000,-400,400,"sd","13:19:22",96900
102000,-400,200,"sd","13:19:12",96500
102100,-300,100,"sd","13:19:12",96300
102100,-300,100,"sd","13:19:12",96200
102300,-100,100,"bu","13:16:04",96100
102000,-400,100,"sd","13:16:01",96000
102000,-400,300,"sd","13:16:01",95900
102000,-400,400,"sd","13:16:01",95600
102000,-400,1600,"sd","13:16:01",95200
102000,-400,100,"sd","13:16:01",93600
102000,-400,200,"sd","13:16:01",93500
102000,-400,500,"sd","13:16:01",93300
102000,-400,100,"sd","13:16:01",92800
102000,-400,500,"sd","13:16:01",92700
102000,-400,100,"sd","13:16:01",92200
102000,-400,100,"sd","13:16:01",92100
102000,-400,100,"sd","13:16:01",92000
102000,-400,100,"sd","13:16:01",91900
102000,-400,100,"sd","13:16:01",91800
102000,-400,100,"sd","13:16:01",91700
102000,-400,100,"sd","13:16:01",91600
102000,-400,100,"sd","13:16:01",91500
102000,-400,100,"sd","13:16:01",91400
102000,-400,1000,"sd","13:16:01",91300
102000,-400,100,"sd","13:16:01",90300
102000,-400,100,"sd","13:16:01",90200
102000,-400,100,"sd","13:16:01",90100
102000,-400,600,"sd","13:16:01",90000
102100,-300,300,"sd","13:16:01",89400
102100,-300,1000,"sd","13:16:01",89100
102100,-300,200,"sd","13:16:01",88100
102100,-300,100,"sd","13:16:01",87900
102100,-300,200,"sd","13:16:01",87800
102100,-300,200,"sd","13:16:01",87600
102200,-200,100,"sd","13:16:01",87400
102200,-200,500,"sd","13:16:01",87300
102200,-200,100,"sd","13:16:01",86800
102200,-200,500,"sd","13:16:01",86700
102200,-200,100,"sd","13:16:01",86200
102200,-200,100,"sd","13:16:01",86100
102200,-200,100,"sd","13:16:01",86000
102200,-200,200,"sd","13:16:01",85900
102200,-200,100,"sd","13:16:01",85700
102200,-200,100,"sd","13:16:01",85600
102300,-100,200,"bu","13:15:45",85500
102300,-100,300,"sd","13:15:06",85300
102300,-100,200,"bu","13:14:51",85000
102300,-100,300,"bu","13:14:47",84800
102200,-200,100,"sd","13:14:01",84500
102200,-200,200,"sd","13:14:01",84400
102200,-200,100,"sd","13:14:01",84200
102200,-200,400,"sd","13:14:01",84100
102300,-100,500,"sd","13:14:01",83700
102300,-100,300,"sd","13:14:01",83200
102300,-100,800,"sd","13:14:01",82900
102300,-100,100,"sd","13:14:01",82100
102300,-100,200,"sd","13:14:01",82000
102300,-100,100,"sd","13:14:01",81800
102300,-100,100,"sd","13:14:01",81700
102300,-100,100,"sd","13:14:01",81600
102400,0,100,"bu","13:13:49",81500
102300,-100,400,"sd","13:13:33",81400
102300,-100,100,"sd","13:12:50",81000
102400,0,500,"bu","13:12:29",80900
102400,0,500,"bu","13:12:29",80400
102400,0,100,"sd","13:10:54",79900
102400,0,100,"sd","13:10:54",79800
102400,0,200,"sd","13:10:54",79700
102400,0,1000,"sd","13:10:54",79500
102400,0,100,"sd","13:10:54",78500
102400,0,100,"sd","13:10:54",78400
102400,0,2200,"sd","13:10:54",78300
102400,0,2000,"sd","13:10:54",76100
102400,0,300,"sd","13:10:54",74100
102400,0,100,"sd","13:10:54",73800
102400,0,100,"sd","13:10:54",73700
102400,0,500,"sd","13:10:54",73600
102500,100,200,"bu","13:10:46",73100
102500,100,400,"bu","13:10:46",72900
102500,100,1000,"sd","13:10:20",72500
102500,100,300,"sd","13:10:20",71500
102500,100,200,"sd","13:10:20",71200
102500,100,200,"sd","13:10:20",71000
102500,100,100,"sd","13:10:20",70800
102600,200,800,"bu","13:07:13",70700
102600,200,600,"bu","13:04:52",69900
102600,200,400,"bu","13:04:29",69300
102600,200,200,"bu","13:04:29",68900
102600,200,300,"bu","13:01:46",68700
102600,200,600,"bu","13:01:45",68400
102600,200,400,"bu","13:01:38",67800
102600,200,500,"bu","13:01:01",67400
102600,200,100,"bu","13:01:01",66900
102600,200,200,"bu","13:00:40",66800
102600,200,600,"bu","13:00:39",66600
102600,200,300,"bu","13:00:36",66000
102500,100,100,"sd","13:00:35",65700
102600,200,300,"bu","13:00:34",65600
102600,200,100,"bu","13:00:03",65300
102600,200,300,"bu","11:28:54",65200
102600,200,100,"bu","11:28:40",64900
102600,200,200,"bu","11:28:40",64800
102600,200,100,"bu","11:28:39",64600
102600,200,200,"bu","11:28:17",64500
102600,200,300,"bu","11:28:01",64300
102600,200,300,"bu","11:27:50",64000
102600,200,300,"bu","11:27:36",63700
102600,200,200,"bu","11:27:22",63400
102600,200,300,"bu","11:27:17",63200
102600,200,300,"bu","11:27:00",62900
102500,100,200,"bu","11:26:44",62600
102500,100,600,"bu","11:26:40",62400
102500,100,300,"bu","11:26:28",61800
102500,100,400,"sd","11:26:17",61500
102500,100,200,"sd","11:26:17",61100
102500,100,300,"sd","11:26:17",60900
102600,200,600,"bu","11:25:57",60600
102600,200,600,"bu","11:24:39",60000
102600,200,300,"bu","11:23:38",59400
102500,100,100,"sd","11:20:24",59100
102500,100,200,"sd","11:20:24",59000
102500,100,100,"sd","11:20:24",58800
102500,100,100,"sd","11:20:24",58700
102500,100,900,"sd","11:20:24",58600
102500,100,100,"sd","11:19:54",57700
102500,100,800,"sd","11:19:42",57600
102500,100,200,"sd","11:19:42",56800
102500,100,400,"sd","11:19:20",56600
102600,200,500,"bu","11:19:19",56200
102600,200,100,"bu","11:19:19",55700
102500,100,200,"sd","11:14:09",55600
102500,100,200,"sd","11:11:39",55400
102500,100,100,"sd","11:11:39",55200
102500,100,100,"sd","11:11:39",55100
102500,100,1000,"sd","11:11:39",55000
102500,100,400,"sd","11:11:39",54000
102500,100,200,"sd","11:11:39",53600
102500,100,1500,"sd","11:11:36",53400
102500,100,100,"sd","11:11:36",51900
102500,100,300,"sd","11:11:36",51800
102500,100,100,"sd","11:11:36",51500
102500,100,400,"sd","11:10:01",51400
102500,100,100,"sd","11:10:01",51000
102500,100,300,"sd","11:04:20",50900
102500,100,400,"sd","11:03:04",50600
102500,100,100,"sd","11:03:04",50200
102600,200,1900,"bu","11:01:47",50100
102600,200,1700,"bu","11:01:47",48200
102600,200,100,"bu","11:01:34",46500
102600,200,200,"bu","11:00:34",46400
102700,300,100,"bu","10:49:30",46200
102700,300,100,"bu","10:44:08",46100
102700,300,500,"bu","10:44:08",46000
102700,300,400,"bu","10:44:07",45500
102700,300,1100,"bu","10:40:18",45100
102700,300,900,"bu","10:40:18",44000
102700,300,500,"bu","10:40:00",43100
102600,200,100,"bu","10:38:47",42600
102600,200,1700,"bu","10:38:47",42500
102600,200,300,"bu","10:38:33",40800
102600,200,300,"bu","10:38:33",40500
102600,200,600,"bu","10:36:14",40200
102600,200,400,"bu","10:35:59",39600
102600,200,200,"bu","10:35:56",39200
102600,200,300,"bu","10:35:39",39000
102600,200,200,"bu","10:35:36",38700
102500,100,100,"bu","10:29:12",38500
102500,100,200,"bu","10:29:12",38400
102500,100,100,"bu","10:25:27",38200
102500,100,4700,"bu","10:23:10",38100
102500,100,500,"bu","10:23:10",33400
102500,100,300,"bu","10:22:59",32900
102500,100,500,"bu","10:21:34",32600
102400,0,100,"sd","10:20:59",32100
102500,100,100,"bu","10:20:46",32000
102500,100,100,"bu","10:20:18",31900
102500,100,300,"bu","10:19:04",31800
102500,100,200,"bu","10:18:47",31500
102500,100,100,"bu","10:18:47",31300
102500,100,600,"bu","10:18:43",31200
102500,100,600,"bu","10:18:14",30600
102500,100,300,"bu","10:18:02",30000
102600,200,400,"sd","10:17:16",29700
102500,100,100,"sd","10:09:22",29300
102700,300,400,"bu","10:08:54",29200
102600,200,200,"bu","10:08:54",28800
102700,300,100,"bu","10:06:04",28600
102700,300,100,"bu","10:03:31",28500
102500,100,100,"bu","10:01:45",28400
102500,100,200,"bu","10:00:05",28300
102300,-100,400,"sd","09:59:54",28100
102300,-100,300,"sd","09:59:54",27700
102400,0,100,"sd","09:59:54",27400
102400,0,200,"sd","09:59:54",27300
102400,0,100,"sd","09:59:54",27100
102400,0,200,"sd","09:59:54",27000
102400,0,200,"sd","09:59:54",26800
102400,0,1500,"sd","09:57:57",26600
102400,0,100,"sd","09:57:57",25100
102400,0,100,"sd","09:57:57",25000
102400,0,2000,"sd","09:57:57",24900
102400,0,200,"sd","09:57:57",22900
102500,100,100,"sd","09:57:57",22700
102500,100,200,"sd","09:57:57",22600
102600,200,200,"sd","09:57:27",22400
102600,200,900,"sd","09:57:27",22100
102600,200,100,"sd","09:57:27",22200
102900,500,200,"bu","09:56:48",21200
102900,500,400,"bu","09:56:48",21000
102900,500,600,"bu","09:55:06",20600
102900,500,600,"bu","09:48:53",20000
102900,500,100,"bu","09:46:35",19400
102900,500,100,"sd","09:44:20",19300
102900,500,200,"sd","09:44:20",19200
103000,600,200,"bu","09:41:45",19000
102900,500,100,"sd","09:41:20",18800
102900,500,100,"sd","09:41:20",18700
103000,600,200,"bu","09:40:52",18600
103000,600,100,"bu","09:39:47",18400
103000,600,2600,"bu","09:39:19",18300
103000,600,400,"bu","09:37:30",15700
103000,600,400,"bu","09:37:30",15300
103000,600,200,"bu","09:36:02",14900
103000,600,200,"bu","09:35:44",14700
102900,500,300,"bu","09:35:07",14500
102900,500,200,"bu","09:35:07",14200
102900,500,200,"bu","09:35:00",14000
102900,500,200,"bu","09:35:00",13800
102900,500,100,"bu","09:34:14",13600
102900,500,500,"bu","09:34:14",13500
102900,500,500,"bu","09:34:09",13000
102900,500,100,"bu","09:34:09",12500
102900,500,600,"bu","09:32:58",12400
102900,500,400,"sd","09:32:54",11800
102900,500,1000,"sd","09:32:52",11400
102900,500,200,"bu","09:32:21",10400
102900,500,300,"bu","09:32:21",10200
102900,500,300,"bu","09:32:21",9900
102900,500,600,"bu","09:30:17",9600
103000,600,600,"sd","09:29:40",9000
103200,800,100,"bu","09:29:15",8400
103200,800,100,"bu","09:29:15",8300
103000,600,100,"sd","09:28:03",8200
103000,600,100,"sd","09:27:13",8100
103000,600,100,"bu","09:27:04",8000
103000,600,100,"bu","09:27:04",7900
103000,600,100,"bu","09:26:54",7800
103000,600,300,"bu","09:26:54",7700
103000,600,100,"bu","09:26:54",7400
102900,500,100,"bu","09:26:54",7300
103000,600,400,"bu","09:18:19",7200
103000,600,400,"bu","09:18:05",6800
103000,600,100,"bu","09:18:02",6400
103000,600,400,"bu","09:18:02",6300
103000,600,100,"bu","09:18:02",5900
103000,600,100,"bu","09:17:36",5800
102900,500,300,"bu","09:17:36",5700
102400,0,200,"bu","09:16:38",5400
102400,0,100,"bu","09:16:38",5200
102400,0,600,"bu","09:16:16",5100
102400,0,300,"bu","09:15:31",4500
102400,0,200,"bu","09:15:31",4200
102400,0,4000,"bu","09:14:59",4000
