"price","change","match_qtty","side","time","total_vol"
4900,-40,16500,"bu","14:45:02",143800
4900,-40,2000,"bu","14:28:23",127300
4870,-70,1100,"sd","14:28:08",125300
4900,-40,200,"bu","14:28:06",124200
4900,-40,200,"bu","14:22:49",124000
4870,-70,1500,"sd","14:16:19",123800
4880,-60,100,"sd","14:16:19",122300
4890,-50,100,"sd","14:14:51",122200
4890,-50,1000,"bu","14:08:15",122100
4870,-70,400,"sd","14:05:38",121100
4870,-70,500,"sd","14:05:32",120700
4890,-50,100,"bu","14:05:17",120200
4890,-50,200,"bu","14:04:51",120100
4890,-50,100,"bu","14:04:51",119900
4890,-50,100,"bu","14:03:20",119800
4890,-50,100,"bu","14:02:20",119700
4890,-50,1000,"bu","14:02:08",119600
4890,-50,500,"bu","13:58:29",118600
4890,-50,200,"bu","13:58:08",118100
4890,-50,200,"sd","13:56:33",117900
4890,-50,4500,"sd","13:56:33",117700
4890,-50,100,"sd","13:55:56",113200
4890,-50,400,"sd","13:55:03",113100
4890,-50,1000,"sd","13:54:48",112700
4890,-50,100,"bu","13:50:05",111700
4860,-80,100,"sd","13:48:16",111600
4900,-40,400,"bu","13:48:06",111500
4900,-40,100,"bu","13:47:21",111100
4900,-40,200,"bu","13:44:49",111000
4900,-40,500,"sd","13:44:15",110800
4900,-40,600,"sd","13:44:15",110300
4900,-40,200,"sd","13:44:15",109700
4900,-40,10000,"sd","13:44:15",109500
4900,-40,500,"sd","13:44:15",99500
4900,-40,1600,"sd","13:44:15",99000
4900,-40,400,"sd","13:43:10",97400
4900,-40,600,"sd","13:43:10",97000
4900,-40,1400,"sd","13:43:01",96400
4900,-40,100,"sd","13:43:01",95000
4900,-40,100,"sd","13:43:01",94900
4900,-40,9300,"sd","13:43:01",94800
4910,-30,1000,"bu","13:42:33",85500
4910,-30,1000,"sd","13:41:22",84500
4900,-40,700,"sd","13:39:25",83500
4900,-40,100,"sd","13:39:25",82800
4900,-40,1000,"sd","13:39:25",82700
4900,-40,500,"sd","13:39:25",81700
4900,-40,500,"sd","13:39:25",81200
4900,-40,500,"sd","13:39:25",80700
4920,-20,100,"bu","13:38:31",80200
4910,-30,100,"bu","13:37:45",80100
4910,-30,100,"bu","13:36:46",80000
4910,-30,1000,"sd","13:36:10",79900
4910,-30,300,"sd","13:36:10",78900
4910,-30,1000,"sd","13:36:10",78600
4920,-20,100,"bu","13:35:21",77600
4920,-20,100,"bu","13:35:21",77500
4920,-20,300,"sd","13:29:28",77400
4920,-20,400,"sd","13:26:31",77100
4930,-10,100,"bu","13:21:41",76700
4920,-20,400,"sd","13:21:39",76600
4920,-20,100,"sd","13:21:38",76200
4920,-20,500,"sd","13:21:38",76100
4920,-20,400,"sd","13:19:44",75600
4920,-20,100,"sd","13:05:24",75200
4920,-20,100,"sd","13:00:00",75100
4920,-20,400,"sd","13:00:00",75000
4920,-20,100,"sd","13:00:00",74600
4920,-20,400,"sd","13:00:00",74500
4920,-20,100,"sd","13:00:00",74100
4920,-20,100,"sd","13:00:00",74000
4920,-20,300,"sd","11:13:47",73900
4930,-10,100,"bu","11:09:16",73600
4930,-10,300,"bu","11:00:02",73500
4930,-10,100,"bu","10:53:41",73200
4930,-10,300,"bu","10:47:21",73100
4930,-10,500,"bu","10:38:58",72800
4930,-10,300,"sd","10:27:29",72300
4930,-10,800,"sd","10:27:29",72000
4930,-10,1000,"bu","10:06:24",71200
4930,-10,100,"bu","10:03:35",70200
4930,-10,100,"sd","09:58:12",70100
4930,-10,20000,"sd","09:56:25",70000
4940,0,500,"sd","09:37:40",50000
4940,0,100,"sd","09:37:40",49500
4940,0,400,"sd","09:36:41",49400
4940,0,20000,"sd","09:35:27",49000
4940,0,27500,"sd","09:33:01",29000
4940,0,200,"sd","09:31:54",1500
4940,0,600,"bu","09:31:46",1300
4940,0,100,"bu","09:22:06",700
4940,0,600,"bu","09:15:00",600
