"price","change","match_qtty","side","time","total_vol"
24800,-350,9700,"unknown","14:45:02",375600
24750,-400,3000,"bu","14:29:47",365900
24700,-450,200,"sd","14:29:30",362900
24700,-450,700,"sd","14:29:30",362700
24750,-400,100,"sd","14:29:13",362000
24750,-400,1900,"sd","14:29:13",361900
24750,-400,100,"sd","14:29:08",360000
24750,-400,1000,"bu","14:27:52",359900
24750,-400,1000,"bu","14:27:36",358900
24750,-400,600,"bu","14:27:05",357900
24750,-400,1000,"sd","14:26:06",357300
24750,-400,1000,"sd","14:26:06",356300
24750,-400,400,"sd","14:26:06",355300
24750,-400,600,"bu","14:25:29",354900
24750,-400,1000,"bu","14:25:19",354300
24750,-400,300,"bu","14:25:16",353300
24700,-450,3300,"sd","14:24:09",353000
24700,-450,100,"sd","14:24:09",349700
24700,-450,100,"sd","14:24:09",349600
24700,-450,100,"sd","14:24:09",349500
24700,-450,100,"sd","14:24:09",349400
24700,-450,200,"sd","14:24:08",349300
24700,-450,200,"sd","14:24:08",349100
24700,-450,100,"sd","14:24:08",348900
24700,-450,100,"sd","14:24:08",348800
24700,-450,700,"sd","14:24:08",348700
24750,-400,100,"sd","14:24:00",348000
24750,-400,1000,"sd","14:24:00",347900
24750,-400,1000,"sd","14:24:00",346900
24700,-450,2100,"sd","14:22:46",345900
24750,-400,500,"sd","14:22:46",343800
24750,-400,3000,"sd","14:22:46",343300
24750,-400,400,"sd","14:22:46",340300
24750,-400,600,"sd","14:20:03",339900
24750,-400,2400,"sd","14:20:03",339300
24750,-400,100,"bu","14:19:34",336900
24750,-400,2000,"bu","14:19:27",336800
24750,-400,200,"bu","14:19:13",334800
24750,-400,100,"sd","14:18:57",334600
24750,-400,300,"sd","14:18:57",334500
24750,-400,1000,"sd","14:18:57",334200
24750,-400,500,"sd","14:18:57",333200
24750,-400,3000,"sd","14:18:57",332700
24750,-400,400,"sd","14:18:57",329700
24750,-400,100,"sd","14:18:57",329300
24750,-400,2300,"sd","14:18:57",329200
24750,-400,400,"sd","14:17:52",326900
24750,-400,300,"sd","14:17:42",326500
24750,-400,100,"sd","14:17:42",326200
24750,-400,100,"sd","14:17:42",326100
24750,-400,100,"sd","14:17:42",326000
24750,-400,200,"sd","14:17:42",325900
24750,-400,100,"sd","14:17:42",325700
24750,-400,200,"sd","14:17:42",325600
24800,-350,400,"sd","14:17:32",325400
24800,-350,100,"sd","14:17:32",325000
24800,-350,400,"sd","14:17:32",324900
24800,-350,100,"sd","14:14:46",324500
24800,-350,100,"sd","14:14:46",324400
24800,-350,100,"sd","14:14:46",324300
24800,-350,1200,"sd","14:14:46",324200
24800,-350,900,"sd","14:14:46",323000
24850,-300,200,"sd","14:14:46",322100
24850,-300,500,"sd","14:14:46",321900
24850,-300,400,"sd","14:14:46",321400
24950,-200,100,"bu","14:12:00",321000
24950,-200,100,"bu","14:11:21",320900
24900,-250,400,"bu","14:11:21",320800
24900,-250,500,"bu","14:11:15",320400
24900,-250,100,"bu","14:11:09",319900
24900,-250,1000,"bu","14:11:03",319800
24900,-250,500,"bu","14:10:57",318800
24900,-250,100,"bu","14:10:52",318300
24900,-250,500,"bu","14:10:41",318200
24850,-300,200,"sd","14:09:52",317700
24900,-250,400,"bu","14:09:18",317500
24900,-250,100,"bu","14:09:18",317100
24900,-250,100,"bu","14:09:15",317000
24900,-250,1000,"sd","14:08:58",316900
24900,-250,100,"sd","14:08:58",315900
24900,-250,100,"sd","14:08:58",315800
24900,-250,500,"sd","14:08:58",315700
24900,-250,100,"sd","14:08:58",315200
24900,-250,100,"sd","14:08:49",315100
24950,-200,100,"bu","14:07:40",315000
24900,-250,500,"sd","14:06:12",314900
24950,-200,100,"bu","14:05:19",314400
24950,-200,1000,"bu","14:03:04",314300
24950,-200,100,"bu","14:02:26",313300
24950,-200,100,"bu","14:02:24",313200
24950,-200,500,"bu","14:02:19",313100
24950,-200,100,"bu","14:02:13",312600
24950,-200,100,"bu","14:02:11",312500
24950,-200,300,"bu","14:02:07",312400
24950,-200,100,"bu","14:02:04",312100
24950,-200,100,"bu","14:02:01",312000
24900,-250,1400,"bu","14:01:24",311900
24900,-250,500,"bu","14:01:18",310500
24900,-250,100,"bu","14:01:14",310000
24900,-250,100,"bu","14:01:03",309900
24900,-250,500,"bu","14:00:26",309800
24800,-350,2100,"sd","14:00:13",309300
24800,-350,500,"sd","14:00:13",307200
24850,-300,1000,"sd","14:00:13",306700
24850,-300,1200,"sd","14:00:13",305700
24850,-300,200,"sd","14:00:13",304500
24800,-350,500,"sd","13:55:56",304300
24800,-350,1500,"sd","13:55:56",303800
24950,-200,500,"bu","13:55:03",302300
24900,-250,200,"bu","13:48:23",301800
24900,-250,100,"sd","13:47:34",301600
24900,-250,300,"bu","13:47:34",301500
24900,-250,100,"bu","13:47:31",301200
24800,-350,1300,"bu","13:46:04",301100
24800,-350,100,"bu","13:46:04",299800
24800,-350,100,"bu","13:45:52",299700
24800,-350,2000,"bu","13:45:44",299600
24900,-250,9900,"bu","13:43:49",297600
24900,-250,10000,"bu","13:43:49",287700
24900,-250,10100,"bu","13:43:49",277700
24800,-350,2000,"bu","13:43:31",267600
24800,-350,15200,"bu","13:43:31",265600
24750,-400,300,"sd","13:42:42",250400
24800,-350,100,"bu","13:42:30",250100
24800,-350,5000,"bu","13:42:27",250000
24800,-350,1600,"sd","13:41:57",245000
24800,-350,3100,"sd","13:41:57",243400
24900,-250,1000,"sd","13:41:35",240300
24900,-250,900,"sd","13:41:35",239300
24950,-200,200,"bu","13:40:28",238400
24950,-200,1500,"bu","13:40:20",238200
24950,-200,100,"bu","13:39:41",236700
24950,-200,600,"bu","13:38:48",236600
24950,-200,3000,"bu","13:38:48",236000
24950,-200,500,"bu","13:38:48",233000
24950,-200,900,"bu","13:38:48",232500
24950,-200,100,"bu","13:37:10",231600
24950,-200,1000,"bu","13:36:57",231500
24950,-200,100,"bu","13:36:57",230500
24950,-200,100,"bu","13:36:39",230400
24900,-250,5000,"bu","13:36:23",230300
24900,-250,100,"bu","13:36:23",225300
24900,-250,500,"bu","13:35:05",225200
24900,-250,100,"bu","13:34:59",224700
24850,-300,1000,"sd","13:34:11",224600
24850,-300,2300,"sd","13:33:53",223600
24850,-300,700,"sd","13:33:53",221300
24850,-300,300,"sd","13:33:48",220600
24900,-250,100,"bu","13:30:09",220300
24900,-250,100,"bu","13:30:05",220200
24900,-250,100,"bu","13:30:02",220100
24900,-250,200,"bu","13:29:59",220000
24800,-350,1900,"sd","13:29:43",219800
24800,-350,900,"sd","13:29:43",217900
24800,-350,300,"sd","13:29:43",217000
24800,-350,1900,"sd","13:29:43",216700
24900,-250,500,"bu","13:27:58",214800
24900,-250,500,"bu","13:27:48",214300
24900,-250,500,"bu","13:27:46",213800
24900,-250,500,"bu","13:27:42",213300
24800,-350,100,"sd","13:26:18",212800
24800,-350,100,"sd","13:26:18",212700
24850,-300,1000,"sd","13:26:18",212600
24800,-350,500,"bu","13:23:50",211600
24800,-350,100,"bu","13:23:27",211100
24800,-350,400,"bu","13:23:20",211000
24800,-350,600,"bu","13:23:20",210600
24750,-400,500,"sd","13:22:27",210000
24750,-400,2000,"sd","13:22:27",209500
24750,-400,200,"sd","13:22:27",207500
24750,-400,200,"sd","13:22:27",207300
24750,-400,100,"sd","13:22:27",207100
24750,-400,2000,"sd","13:22:27",207000
24800,-350,500,"bu","13:22:20",205000
24800,-350,100,"bu","13:22:15",204500
24800,-350,500,"bu","13:22:01",204400
24800,-350,300,"sd","13:21:11",203900
24850,-300,400,"sd","13:21:11",203600
24800,-350,1000,"sd","13:21:11",203200
24800,-350,500,"sd","13:21:11",202200
24800,-350,100,"sd","13:21:11",201700
24800,-350,100,"sd","13:21:11",201600
24800,-350,200,"sd","13:21:11",201500
24800,-350,100,"sd","13:21:11",201300
24900,-250,3500,"bu","13:21:08",201200
24850,-300,200,"sd","13:20:07",197700
24900,-250,100,"bu","13:17:33",197500
24900,-250,100,"bu","13:17:31",197400
24900,-250,100,"bu","13:17:28",197300
24850,-300,800,"bu","13:16:58",197200
24850,-300,1500,"bu","13:16:52",196400
24850,-300,1500,"bu","13:16:50",194900
24800,-350,300,"sd","13:10:24",193400
24800,-350,400,"sd","13:09:19",193100
24800,-350,200,"sd","13:09:19",192700
24800,-350,100,"sd","13:09:19",192500
24800,-350,100,"sd","13:09:19",192400
24800,-350,100,"sd","13:09:19",192300
24800,-350,1000,"sd","13:09:19",192200
24800,-350,100,"sd","13:09:19",191200
24800,-350,700,"sd","13:09:19",191100
24800,-350,100,"sd","13:09:19",190400
24800,-350,500,"sd","13:09:19",190300
24800,-350,300,"sd","13:09:19",189800
24800,-350,2300,"sd","13:09:19",189500
24850,-300,100,"sd","13:09:19",187200
24850,-300,500,"sd","13:09:19",187100
24850,-300,300,"sd","13:09:19",186600
24850,-300,2000,"sd","13:09:19",186300
24850,-300,1000,"sd","13:09:19",184300
24850,-300,100,"sd","13:09:19",183300
24850,-300,100,"sd","13:09:19",183200
24900,-250,100,"bu","13:08:29",183100
24900,-250,1700,"sd","13:08:28",183000
24900,-250,1900,"sd","13:08:27",181300
24900,-250,3100,"sd","13:08:27",179400
24950,-200,100,"bu","13:08:26",176300
24950,-200,300,"bu","13:08:23",176200
24950,-200,1000,"bu","13:07:45",175900
24950,-200,1900,"bu","13:07:44",174900
24950,-200,1100,"bu","13:07:44",173000
24900,-250,900,"sd","13:07:31",171900
24900,-250,100,"sd","13:07:31",171000
24900,-250,100,"sd","13:07:25",170900
24900,-250,1000,"sd","13:07:25",170800
24900,-250,300,"sd","13:07:25",169800
24900,-250,100,"sd","13:07:25",169500
24950,-200,100,"bu","13:06:21",169400
24950,-200,500,"bu","13:06:17",169300
24950,-200,100,"bu","13:06:12",168800
24900,-250,200,"bu","13:05:25",168700
24900,-250,2000,"bu","13:05:17",168500
24900,-250,100,"bu","13:05:07",166500
24900,-250,1500,"bu","13:05:06",166400
24900,-250,1000,"bu","13:05:03",164900
24900,-250,200,"bu","13:05:01",163900
24900,-250,800,"bu","13:05:01",163700
24900,-250,100,"bu","13:05:00",162900
24900,-250,100,"bu","13:04:55",162800
24900,-250,500,"bu","13:04:55",162700
24900,-250,100,"bu","13:04:51",162200
24900,-250,100,"bu","13:04:50",162100
24900,-250,100,"bu","13:04:47",162000
24900,-250,500,"bu","13:04:43",161900
24900,-250,200,"bu","13:04:39",161400
24900,-250,3000,"bu","13:04:34",161200
24900,-250,500,"bu","13:04:29",158200
24900,-250,100,"bu","13:04:29",157700
24900,-250,1800,"bu","13:04:29",157600
24850,-300,1300,"sd","13:04:12",155800
24900,-250,100,"sd","13:03:10",154500
24900,-250,100,"sd","13:03:10",154400
24900,-250,400,"sd","13:02:25",154300
24900,-250,100,"sd","13:02:25",153900
24950,-200,100,"bu","13:01:03",153800
24900,-250,100,"sd","13:00:35",153700
24900,-250,100,"bu","13:00:19",153600
24900,-250,400,"bu","13:00:05",153500
24900,-250,600,"bu","13:00:04",153100
24900,-250,1100,"bu","13:00:04",152500
24900,-250,300,"bu","13:00:04",151400
24900,-250,200,"bu","11:29:04",151100
24850,-300,100,"sd","11:28:04",150900
24850,-300,300,"sd","11:27:59",150800
24850,-300,100,"sd","11:27:59",150500
24850,-300,100,"sd","11:27:59",150400
24900,-250,100,"bu","11:26:15",150300
24900,-250,200,"bu","11:25:33",150200
24900,-250,100,"bu","11:25:29",150000
24850,-300,1000,"sd","11:24:55",149900
24900,-250,300,"bu","11:23:15",148900
24900,-250,100,"bu","11:23:09",148600
24850,-300,900,"bu","11:23:04",148500
24850,-300,1200,"bu","11:22:59",147600
24850,-300,500,"bu","11:22:56",146400
24850,-300,300,"bu","11:22:51",145900
24850,-300,100,"sd","11:22:44",145600
24900,-250,100,"bu","11:21:33",145500
24900,-250,100,"bu","11:21:31",145400
24900,-250,100,"bu","11:21:29",145300
24900,-250,400,"bu","11:21:06",145200
24900,-250,1000,"bu","11:20:37",144800
24900,-250,300,"bu","11:20:32",143800
24850,-300,200,"unknown","11:20:32",143500
24850,-300,200,"bu","11:20:24",143300
24800,-350,1000,"sd","11:20:20",143100
24850,-300,300,"sd","11:20:14",142100
24850,-300,100,"sd","11:20:14",141800
24850,-300,1000,"sd","11:20:14",141700
24850,-300,200,"sd","11:20:14",140700
24900,-250,500,"bu","11:19:50",140500
24900,-250,100,"bu","11:19:20",140000
24900,-250,5000,"sd","11:18:52",139900
24900,-250,900,"bu","11:18:31",134900
24900,-250,200,"bu","11:18:01",134000
24900,-250,500,"bu","11:17:16",133800
24850,-300,500,"sd","11:16:57",133300
24900,-250,400,"bu","11:16:42",132800
24900,-250,100,"bu","11:16:42",132400
24900,-250,100,"bu","11:16:37",132300
24900,-250,200,"bu","11:09:52",132200
24900,-250,200,"bu","11:07:37",132000
24850,-300,300,"bu","11:06:20",131800
24850,-300,100,"bu","11:06:19",131500
24850,-300,100,"bu","11:06:16",131400
24850,-300,1000,"bu","11:06:10",131300
24850,-300,1000,"bu","11:06:06",130300
24800,-350,500,"sd","11:05:31",129300
24900,-250,200,"bu","11:04:56",128800
24850,-300,300,"bu","11:04:56",128600
24850,-300,700,"sd","11:03:44",128300
24850,-300,100,"bu","11:01:57",127600
24850,-300,200,"sd","11:00:36",127500
24850,-300,300,"sd","11:00:36",127300
24850,-300,300,"sd","11:00:36",127000
24850,-300,100,"sd","11:00:36",126700
24850,-300,500,"sd","11:00:36",126600
24900,-250,200,"bu","10:59:00",126100
24900,-250,200,"bu","10:59:00",125900
24900,-250,100,"bu","10:58:53",125700
24900,-250,100,"bu","10:58:51",125600
24900,-250,500,"bu","10:58:47",125500
24900,-250,900,"bu","10:56:58",125000
24900,-250,500,"bu","10:56:58",124100
24900,-250,600,"bu","10:56:58",123600
24900,-250,200,"bu","10:56:28",123000
24900,-250,200,"bu","10:56:22",122800
24850,-300,500,"bu","10:55:45",122600
24850,-300,200,"bu","10:55:40",122100
24850,-300,300,"sd","10:55:34",121900
24850,-300,200,"sd","10:55:24",121600
24850,-300,800,"sd","10:55:24",121400
24850,-300,300,"sd","10:55:12",120600
24900,-250,400,"bu","10:55:07",120300
24900,-250,400,"bu","10:55:03",119900
24900,-250,100,"bu","10:55:03",119500
24850,-300,900,"bu","10:54:57",119400
24850,-300,200,"bu","10:54:53",118500
24850,-300,500,"bu","10:54:49",118300
24850,-300,300,"bu","10:54:43",117800
24850,-300,100,"sd","10:54:43",117500
24900,-250,300,"bu","10:54:11",117400
24900,-250,100,"bu","10:51:48",117100
24850,-300,500,"sd","10:47:55",117000
24850,-300,400,"bu","10:45:32",116500
24850,-300,200,"bu","10:45:21",116100
24850,-300,1000,"bu","10:45:08",115900
24850,-300,100,"bu","10:44:40",114900
24850,-300,300,"sd","10:43:54",114800
24850,-300,200,"bu","10:43:50",114500
24850,-300,200,"bu","10:43:01",114300
24850,-300,500,"bu","10:43:01",114100
24850,-300,100,"bu","10:43:01",113600
24850,-300,2900,"sd","10:41:53",113500
24850,-300,1000,"sd","10:41:53",110600
24850,-300,100,"sd","10:41:53",109600
24900,-250,500,"bu","10:40:01",109500
24900,-250,100,"bu","10:39:53",109000
24900,-250,900,"bu","10:35:14",108900
24900,-250,100,"bu","10:32:27",108000
24900,-250,500,"sd","10:30:56",107900
24900,-250,800,"sd","10:30:56",107400
24950,-200,500,"bu","10:29:49",106600
24900,-250,200,"sd","10:28:42",106100
24900,-250,800,"sd","10:28:42",105900
24900,-250,200,"sd","10:28:01",105100
24900,-250,1000,"sd","10:28:00",104900
24900,-250,200,"sd","10:27:13",103900
24900,-250,400,"sd","10:27:13",103700
24900,-250,1000,"sd","10:22:49",103300
24950,-200,100,"bu","10:19:36",102300
24950,-200,100,"bu","10:19:09",102200
24950,-200,100,"bu","10:18:49",102100
24950,-200,100,"bu","10:18:45",102000
24950,-200,500,"bu","10:18:41",101900
24950,-200,100,"bu","10:18:35",101400
24950,-200,500,"bu","10:18:30",101300
24900,-250,600,"bu","10:18:24",100800
24900,-250,1000,"bu","10:18:03",100200
24900,-250,2400,"bu","10:17:15",99200
24900,-250,100,"bu","10:17:15",96800
24900,-250,500,"bu","10:17:15",96700
24900,-250,300,"bu","10:17:10",96200
24900,-250,500,"bu","10:14:19",95900
24900,-250,500,"bu","10:13:37",95400
24900,-250,1000,"bu","10:13:28",94900
24850,-300,900,"bu","10:11:52",93900
24850,-300,100,"bu","10:10:42",93000
24850,-300,100,"bu","10:10:42",92900
24850,-300,200,"sd","10:07:42",92800
24850,-300,100,"sd","10:07:42",92600
24850,-300,500,"sd","10:07:42",92500
24850,-300,100,"sd","10:07:42",92000
24850,-300,900,"sd","10:07:34",91900
24850,-300,100,"sd","10:07:34",91000
24900,-250,200,"sd","10:04:02",90900
24900,-250,300,"sd","10:03:15",90700
24900,-250,500,"sd","10:03:15",90400
24900,-250,1300,"sd","10:03:15",89900
24900,-250,2000,"sd","10:02:53",88600
24900,-250,1000,"sd","10:02:53",86600
24900,-250,1000,"sd","10:02:37",85600
24900,-250,4000,"sd","10:02:35",84600
24900,-250,1000,"sd","10:02:35",80600
24950,-200,100,"bu","10:00:58",79600
24950,-200,500,"bu","10:00:54",79500
24950,-200,500,"bu","10:00:10",79000
24950,-200,200,"bu","10:00:10",78500
24950,-200,500,"bu","10:00:10",78300
24950,-200,300,"bu","10:00:10",77800
24950,-200,500,"bu","09:58:50",77500
24950,-200,200,"bu","09:55:07",77000
24950,-200,800,"bu","09:55:07",76800
24950,-200,200,"sd","09:53:33",76000
24950,-200,3000,"sd","09:53:15",75800
24950,-200,1000,"bu","09:53:00",72800
24950,-200,800,"bu","09:53:00",71800
24950,-200,200,"sd","09:52:37",71000
25000,-150,1000,"bu","09:52:03",70800
25000,-150,100,"bu","09:49:58",69800
24950,-200,100,"sd","09:49:40",69700
24950,-200,1000,"bu","09:47:08",69600
24950,-200,500,"bu","09:45:51",68600
24950,-200,1000,"bu","09:44:36",68100
24950,-200,500,"bu","09:44:36",67100
24950,-200,100,"bu","09:44:16",66600
24950,-200,400,"bu","09:44:09",66500
24900,-250,100,"bu","09:42:36",66100
24900,-250,1000,"bu","09:42:20",66000
24900,-250,300,"bu","09:41:58",65000
24900,-250,700,"bu","09:41:58",64700
24900,-250,100,"bu","09:41:56",64000
24900,-250,900,"bu","09:41:54",63900
24900,-250,100,"bu","09:41:54",63000
24900,-250,200,"bu","09:41:49",62900
24900,-250,100,"bu","09:41:49",62700
24900,-250,100,"bu","09:36:59",62600
24900,-250,500,"bu","09:35:46",62500
24900,-250,100,"bu","09:34:23",62000
24850,-300,100,"sd","09:34:00",61900
24850,-300,800,"sd","09:32:49",61800
24850,-300,500,"bu","09:32:44",61000
24850,-300,100,"bu","09:32:37",60500
24800,-350,200,"sd","09:32:36",60400
24800,-350,300,"sd","09:32:36",60200
24850,-300,500,"bu","09:32:30",59900
24800,-350,2000,"sd","09:32:24",59400
24900,-250,200,"bu","09:31:20",57400
24900,-250,800,"bu","09:31:20",57200
24850,-300,500,"sd","09:31:10",56400
24850,-300,500,"sd","09:30:06",55900
24850,-300,500,"sd","09:30:06",55400
24850,-300,500,"sd","09:30:06",54900
24900,-250,200,"bu","09:29:49",54400
24900,-250,800,"bu","09:29:49",54200
24900,-250,1000,"bu","09:29:34",53400
24900,-250,200,"sd","09:29:00",52400
24950,-200,100,"bu","09:28:46",52200
24950,-200,100,"bu","09:28:44",52100
24950,-200,300,"bu","09:28:41",52000
24900,-250,1800,"sd","09:28:36",51700
24900,-250,3000,"bu","09:28:36",49900
24900,-250,1200,"sd","09:28:25",46900
24950,-200,100,"bu","09:28:05",45700
24950,-200,900,"bu","09:28:05",45600
24900,-250,800,"bu","09:27:23",44700
24900,-250,200,"bu","09:27:18",43900
24900,-250,1000,"bu","09:27:18",43700
24900,-250,100,"bu","09:27:03",42700
24900,-250,100,"bu","09:26:12",42600
24900,-250,300,"bu","09:26:10",42500
24900,-250,500,"bu","09:26:06",42200
24850,-300,500,"sd","09:25:52",41700
24900,-250,500,"bu","09:25:47",41200
24900,-250,100,"bu","09:24:36",40700
24850,-300,100,"sd","09:24:11",40600
24850,-300,900,"sd","09:24:11",40500
24900,-250,1500,"bu","09:22:53",39600
24850,-300,100,"sd","09:21:35",38100
24850,-300,400,"sd","09:21:35",38000
24900,-250,3900,"sd","09:21:35",37600
24950,-200,1000,"bu","09:20:04",33700
24900,-250,1100,"bu","09:19:11",32700
24900,-250,1000,"bu","09:18:54",31600
24900,-250,100,"bu","09:18:50",30600
24900,-250,500,"bu","09:18:46",30500
24900,-250,300,"bu","09:18:39",30000
24850,-300,1500,"sd","09:18:39",29700
24900,-250,200,"bu","09:18:38",28200
24900,-250,800,"sd","09:18:30",28000
24900,-250,1000,"sd","09:18:25",27200
24950,-200,500,"bu","09:18:13",26200
24950,-200,200,"sd","09:17:44",25700
24950,-200,100,"sd","09:17:29",25500
24950,-200,600,"sd","09:17:22",25400
24950,-200,600,"sd","09:16:40",24800
24950,-200,400,"sd","09:16:40",24200
25000,-150,100,"bu","09:16:28",23800
25000,-150,23700,"sd","09:15:02",23700
