"price","change","match_qtty","side","time","total_vol"
27000,-850,255900,"unknown","14:45:02",2284800
27400,-450,1000,"sd","14:29:40",2028900
27400,-450,1000,"sd","14:29:40",2027900
27400,-450,1000,"sd","14:29:40",2026900
27500,-350,200,"bu","14:29:29",2025900
27500,-350,200,"bu","14:29:29",2025700
27500,-350,1000,"bu","14:29:29",2025500
27500,-350,100,"bu","14:29:29",2024500
27450,-400,400,"bu","14:29:29",2024400
27400,-450,100,"sd","14:29:29",2024000
27400,-450,400,"sd","14:29:27",2023900
27400,-450,100,"sd","14:29:27",2023500
27400,-450,300,"sd","14:29:27",2023400
27400,-450,3000,"sd","14:29:27",2023100
27400,-450,1200,"sd","14:29:27",2020100
27400,-450,4400,"sd","14:29:06",2018900
27400,-450,1000,"sd","14:28:47",2014500
27450,-400,100,"sd","14:28:22",2013500
27450,-400,800,"sd","14:28:22",2013400
27500,-350,600,"sd","14:27:43",2012600
27450,-400,1400,"bu","14:27:37",2012000
27450,-400,7000,"sd","14:27:31",2010600
27450,-400,100,"sd","14:27:31",2003600
27450,-400,900,"sd","14:27:31",2003500
27450,-400,600,"sd","14:27:31",2002600
27450,-400,4200,"sd","14:26:57",2002000
27450,-400,10000,"sd","14:26:57",1997800
27450,-400,300,"sd","14:26:57",1987800
27450,-400,300,"sd","14:26:57",1987500
27500,-350,100,"sd","14:26:57",1987200
27500,-350,100,"sd","14:26:57",1987100
27500,-350,100,"sd","14:26:46",1987000
27500,-350,100,"sd","14:26:46",1986900
27500,-350,5000,"sd","14:26:24",1986800
27500,-350,1000,"sd","14:26:22",1981800
27500,-350,2000,"sd","14:26:15",1980800
27500,-350,1000,"sd","14:25:42",1978800
27500,-350,300,"sd","14:25:33",1977800
27500,-350,100,"bu","14:25:32",1977500
27500,-350,500,"bu","14:25:32",1977400
27500,-350,300,"bu","14:25:09",1976900
27500,-350,8400,"bu","14:25:08",1976600
27500,-350,100,"bu","14:25:08",1968200
27500,-350,1500,"bu","14:25:08",1968100
27500,-350,300,"bu","14:25:01",1966600
27400,-450,1900,"sd","14:24:58",1966300
27450,-400,100,"unknown","14:24:58",1964400
27500,-350,200,"bu","14:24:47",1964300
27500,-350,4000,"bu","14:24:47",1964100
27500,-350,200,"bu","14:24:47",1960100
27500,-350,3000,"bu","14:24:47",1959900
27500,-350,1000,"bu","14:24:47",1956900
27500,-350,100,"bu","14:24:47",1955900
27500,-350,1500,"bu","14:24:47",1955800
27400,-450,800,"sd","14:24:43",1954300
27450,-400,400,"sd","14:24:43",1953500
27450,-400,1000,"sd","14:24:43",1953100
27450,-400,1800,"sd","14:24:43",1952100
27450,-400,200,"bu","14:24:18",1950300
27450,-400,100,"bu","14:24:10",1950100
27450,-400,500,"bu","14:24:10",1950000
27400,-450,2000,"bu","14:23:35",1949500
27400,-450,400,"bu","14:23:35",1947500
27400,-450,1300,"bu","14:23:35",1947100
27400,-450,3700,"bu","14:23:30",1945800
27400,-450,500,"bu","14:23:30",1942100
27400,-450,3000,"bu","14:23:30",1941600
27400,-450,2000,"bu","14:23:30",1938600
27350,-500,400,"bu","14:22:52",1936600
27350,-500,1000,"bu","14:22:27",1936200
27350,-500,200,"bu","14:22:24",1935200
27350,-500,3400,"bu","14:22:24",1935000
27300,-550,3600,"bu","14:22:13",1931600
27300,-550,1400,"bu","14:22:05",1928000
27300,-550,2000,"bu","14:22:05",1926600
27300,-550,6600,"bu","14:22:05",1924600
27250,-600,300,"sd","14:22:03",1918000
27250,-600,300,"sd","14:22:03",1917700
27300,-550,100,"bu","14:22:02",1917400
27300,-550,1000,"bu","14:21:55",1917300
27300,-550,10000,"bu","14:21:52",1916300
27300,-550,3800,"bu","14:21:46",1906300
27300,-550,1300,"bu","14:21:37",1902500
27300,-550,500,"bu","14:21:14",1901200
27300,-550,500,"bu","14:21:01",1900700
27250,-600,700,"sd","14:20:56",1900200
27250,-600,300,"sd","14:20:56",1899500
27300,-550,100,"bu","14:20:53",1899200
27300,-550,100,"bu","14:20:42",1899100
27250,-600,1700,"bu","14:18:08",1899000
27250,-600,300,"bu","14:18:06",1897300
27250,-600,100,"bu","14:17:18",1897000
27250,-600,200,"bu","14:16:33",1896900
27250,-600,3500,"bu","14:15:19",1896700
27250,-600,1500,"bu","14:14:57",1893200
27200,-650,100,"sd","14:14:25",1891700
27250,-600,500,"bu","14:14:21",1891600
27250,-600,500,"bu","14:14:15",1891100
27250,-600,100,"bu","14:13:55",1890600
27250,-600,400,"sd","14:13:55",1890500
27250,-600,100,"sd","14:13:37",1890100
27250,-600,3500,"bu","14:13:04",1890000
27250,-600,100,"bu","14:13:00",1886500
27250,-600,200,"bu","14:12:56",1886400
27250,-600,2200,"bu","14:12:22",1886200
27250,-600,1800,"bu","14:12:22",1884000
27250,-600,100,"bu","14:12:22",1882200
27250,-600,100,"bu","14:12:16",1882100
27250,-600,500,"bu","14:11:15",1882000
27200,-650,800,"bu","14:10:27",1881500
27200,-650,100,"bu","14:10:16",1880700
27200,-650,100,"bu","14:09:59",1880600
27200,-650,1000,"bu","14:09:43",1880500
27200,-650,300,"sd","14:09:35",1879500
27200,-650,2000,"sd","14:09:35",1879200
27200,-650,13400,"sd","14:09:35",1877200
27200,-650,100,"sd","14:09:35",1863800
27200,-650,100,"sd","14:09:35",1863700
27200,-650,1000,"sd","14:09:35",1863600
27200,-650,1000,"sd","14:09:35",1862600
27200,-650,3000,"sd","14:09:35",1861600
27200,-650,2000,"sd","14:09:35",1858600
27200,-650,1000,"sd","14:09:35",1856600
27200,-650,700,"sd","14:09:35",1855600
27200,-650,300,"sd","14:09:11",1854900
27200,-650,200,"sd","14:09:11",1854600
27200,-650,100,"sd","14:08:56",1854400
27250,-600,100,"bu","14:08:53",1854300
27250,-600,300,"bu","14:08:23",1854200
27250,-600,200,"bu","14:08:19",1853900
27250,-600,200,"bu","14:08:07",1853700
27250,-600,500,"sd","14:07:48",1853500
27250,-600,1500,"sd","14:07:15",1853000
27250,-600,500,"sd","14:06:55",1851500
27300,-550,500,"sd","14:06:55",1851000
27250,-600,900,"sd","14:06:55",1850500
27250,-600,100,"sd","14:06:55",1849600
27250,-600,100,"sd","14:06:55",1849500
27300,-550,200,"sd","14:06:55",1849400
27300,-550,200,"sd","14:06:55",1849200
27350,-500,300,"sd","14:06:11",1849000
27350,-500,2200,"sd","14:06:11",1848700
27350,-500,2800,"sd","14:06:11",1846500
27350,-500,200,"sd","14:06:11",1843700
27350,-500,300,"sd","14:05:54",1843500
27350,-500,1200,"sd","14:05:54",1843200
27400,-450,300,"bu","14:05:22",1842000
27400,-450,2000,"bu","14:05:11",1841700
27350,-500,300,"sd","14:05:10",1839700
27400,-450,1000,"bu","14:04:52",1839400
27350,-500,3500,"sd","14:04:45",1838400
27350,-500,5000,"sd","14:04:29",1834900
27400,-450,3200,"bu","14:04:19",1829900
27400,-450,500,"bu","14:04:18",1826700
27400,-450,100,"bu","14:04:18",1826200
27400,-450,900,"unknown","14:04:18",1826100
27450,-400,200,"sd","14:04:14",1825200
27450,-400,4800,"bu","14:03:40",1825000
27450,-400,200,"bu","14:03:05",1820200
27450,-400,4000,"bu","14:02:55",1820000
27450,-400,1000,"bu","14:02:55",1816000
27400,-450,500,"sd","14:02:45",1815000
27400,-450,1000,"sd","14:02:45",1814500
27450,-400,1000,"bu","14:02:35",1813500
27450,-400,800,"bu","14:02:30",1812500
27450,-400,1500,"bu","14:02:25",1811700
27450,-400,300,"bu","14:02:24",1810200
27450,-400,400,"bu","14:02:22",1809900
27450,-400,400,"bu","14:02:22",1809500
27450,-400,400,"bu","14:02:13",1809100
27450,-400,1600,"bu","14:02:13",1808700
27450,-400,1500,"bu","14:02:01",1807100
27450,-400,500,"bu","14:02:01",1805600
27450,-400,2000,"bu","14:02:01",1805100
27400,-450,700,"bu","14:01:56",1803100
27400,-450,300,"bu","14:01:53",1802400
27400,-450,300,"bu","14:01:53",1802100
27400,-450,1700,"bu","14:01:45",1801800
27400,-450,500,"bu","14:01:45",1800100
27350,-500,200,"bu","14:01:45",1799600
27350,-500,3600,"bu","14:01:45",1799400
27350,-500,1400,"bu","14:01:39",1795800
27350,-500,100,"bu","14:01:39",1794400
27350,-500,500,"bu","14:01:29",1794300
27350,-500,3000,"bu","14:01:29",1793800
27350,-500,500,"bu","14:01:29",1790800
27300,-550,100,"bu","14:01:22",1790300
27300,-550,1400,"bu","14:01:22",1790200
27300,-550,200,"bu","14:01:16",1788800
27300,-550,400,"bu","14:01:10",1788600
27300,-550,600,"bu","14:01:09",1788200
27300,-550,1500,"bu","14:01:09",1787600
27300,-550,1300,"bu","14:00:47",1786100
27300,-550,600,"bu","14:00:39",1784800
27300,-550,500,"bu","14:00:38",1784200
27300,-550,2500,"bu","14:00:35",1783700
27300,-550,2000,"bu","14:00:35",1781200
27300,-550,500,"bu","14:00:35",1779200
27250,-600,700,"bu","13:59:55",1778700
27250,-600,100,"bu","13:59:55",1778000
27250,-600,200,"bu","13:59:55",1777900
27250,-600,100,"bu","13:59:49",1777700
27250,-600,1200,"bu","13:59:40",1777600
27200,-650,600,"bu","13:58:20",1776400
27200,-650,200,"bu","13:58:15",1775800
27200,-650,800,"bu","13:58:15",1775600
27200,-650,100,"bu","13:57:49",1774800
27200,-650,2100,"bu","13:57:32",1774700
27200,-650,3000,"bu","13:57:32",1772600
27200,-650,200,"bu","13:57:32",1769600
27200,-650,700,"bu","13:57:32",1769400
27200,-650,500,"bu","13:56:33",1768700
27200,-650,100,"bu","13:54:44",1768200
27200,-650,700,"bu","13:54:02",1768100
27200,-650,300,"bu","13:54:02",1767400
27200,-650,100,"bu","13:53:24",1767100
27200,-650,200,"bu","13:53:13",1767000
27200,-650,100,"bu","13:53:06",1766800
27150,-700,200,"sd","13:51:16",1766700
27150,-700,300,"sd","13:50:41",1766500
27150,-700,1600,"sd","13:50:36",1766200
27150,-700,1300,"sd","13:50:04",1764600
27150,-700,100,"sd","13:50:04",1763300
27150,-700,100,"sd","13:50:04",1763200
27150,-700,100,"sd","13:50:04",1763100
27200,-650,200,"bu","13:49:34",1763000
27200,-650,200,"sd","13:49:19",1762800
27200,-650,400,"sd","13:49:19",1762600
27200,-650,100,"sd","13:49:17",1762200
27200,-650,300,"sd","13:49:17",1762100
27200,-650,600,"sd","13:49:17",1761800
27200,-650,100,"sd","13:49:11",1761200
27200,-650,500,"sd","13:49:11",1761100
27200,-650,400,"sd","13:49:11",1760600
27250,-600,500,"bu","13:48:48",1760200
27250,-600,1000,"sd","13:48:45",1759700
27200,-650,100,"sd","13:48:04",1758700
27300,-550,100,"bu","13:47:55",1758600
27200,-650,100,"sd","13:47:53",1758500
27200,-650,2000,"sd","13:47:53",1758400
27200,-650,500,"sd","13:47:53",1756400
27200,-650,500,"sd","13:47:53",1755900
27200,-650,500,"sd","13:47:53",1755400
27200,-650,200,"sd","13:47:53",1754900
27200,-650,500,"sd","13:47:53",1754700
27200,-650,700,"sd","13:47:53",1754200
27300,-550,100,"bu","13:47:42",1753500
27300,-550,300,"sd","13:47:37",1753400
27350,-500,4000,"bu","13:47:04",1753100
27200,-650,300,"sd","13:46:19",1749100
27200,-650,500,"sd","13:46:19",1748800
27200,-650,700,"sd","13:46:19",1748300
27200,-650,100,"sd","13:45:54",1747600
27300,-550,1700,"sd","13:45:44",1747500
27300,-550,100,"sd","13:45:44",1745800
27300,-550,200,"sd","13:45:44",1745700
27350,-500,200,"bu","13:45:26",1745500
27350,-500,200,"bu","13:45:19",1745300
27350,-500,100,"sd","13:45:18",1745100
27350,-500,200,"sd","13:45:00",1745000
27350,-500,100,"sd","13:45:00",1744800
27350,-500,100,"sd","13:45:00",1744700
27350,-500,100,"sd","13:45:00",1744600
27350,-500,1000,"sd","13:44:30",1744500
27350,-500,500,"sd","13:43:56",1743500
27350,-500,1500,"bu","13:43:31",1743000
27350,-500,500,"bu","13:43:29",1741500
27350,-500,500,"bu","13:43:29",1741000
27300,-550,400,"bu","13:42:54",1740500
27300,-550,200,"bu","13:41:12",1740100
27300,-550,400,"sd","13:41:11",1739900
27300,-550,1000,"bu","13:40:45",1739500
27300,-550,600,"bu","13:40:45",1738500
27300,-550,200,"bu","13:40:30",1737900
27300,-550,100,"bu","13:40:22",1737700
27300,-550,100,"bu","13:40:22",1737600
27300,-550,100,"bu","13:40:22",1737500
27250,-600,300,"sd","13:40:19",1737400
27250,-600,300,"bu","13:40:15",1737100
27200,-650,500,"bu","13:40:06",1736800
27200,-650,1000,"bu","13:40:00",1736300
27200,-650,3000,"bu","13:39:57",1735300
27200,-650,1000,"bu","13:39:29",1732300
27200,-650,2000,"bu","13:39:29",1731300
27150,-700,200,"bu","13:38:22",1729300
27150,-700,500,"bu","13:38:13",1729100
27150,-700,100,"bu","13:38:07",1728600
27150,-700,1000,"bu","13:37:59",1728500
27150,-700,1000,"bu","13:37:43",1727500
27150,-700,1400,"bu","13:37:31",1726500
27150,-700,1000,"bu","13:37:24",1725100
27100,-750,300,"sd","13:36:51",1724100
27100,-750,100,"sd","13:36:51",1723800
27100,-750,500,"sd","13:36:51",1723700
27100,-750,500,"sd","13:36:51",1723200
27150,-700,300,"bu","13:35:45",1722700
27150,-700,200,"bu","13:35:39",1722400
27150,-700,500,"bu","13:35:38",1722200
27150,-700,4600,"bu","13:34:57",1721700
27150,-700,3300,"bu","13:34:57",1717100
27150,-700,700,"bu","13:33:08",1713800
27150,-700,200,"bu","13:33:08",1713100
27150,-700,500,"bu","13:32:45",1712900
27100,-750,100,"sd","13:32:36",1712400
27100,-750,500,"sd","13:32:22",1712300
27100,-750,400,"sd","13:32:21",1711800
27100,-750,400,"sd","13:32:21",1711400
27100,-750,1600,"sd","13:32:19",1711000
27100,-750,200,"sd","13:32:19",1709400
27100,-750,1200,"sd","13:32:19",1709200
27100,-750,400,"sd","13:32:12",1708000
27100,-750,100,"sd","13:32:12",1707600
27100,-750,500,"sd","13:32:01",1707500
27150,-700,300,"bu","13:31:53",1707000
27150,-700,200,"bu","13:31:53",1706700
27150,-700,200,"bu","13:31:41",1706500
27150,-700,100,"bu","13:31:09",1706300
27150,-700,300,"bu","13:30:57",1706200
27100,-750,1000,"sd","13:30:56",1705900
27150,-700,300,"bu","13:30:42",1704900
27100,-750,200,"sd","13:30:41",1704600
27100,-750,700,"sd","13:30:41",1704400
27100,-750,2500,"sd","13:30:36",1703700
27100,-750,100,"sd","13:30:36",1701200
27100,-750,400,"sd","13:30:36",1701100
27100,-750,200,"sd","13:30:28",1700700
27100,-750,100,"sd","13:30:28",1700500
27100,-750,2900,"sd","13:30:18",1700400
27100,-750,100,"sd","13:30:18",1697500
27100,-750,1100,"sd","13:30:18",1697400
27100,-750,700,"sd","13:30:01",1696300
27100,-750,200,"sd","13:29:56",1695600
27100,-750,200,"sd","13:29:56",1695400
27100,-750,100,"sd","13:29:56",1695200
27150,-700,100,"sd","13:28:47",1695100
27150,-700,400,"sd","13:28:47",1695000
27150,-700,200,"sd","13:28:47",1694600
27150,-700,4000,"sd","13:28:42",1694400
27150,-700,400,"sd","13:28:39",1690400
27150,-700,100,"sd","13:28:39",1690000
27150,-700,100,"sd","13:28:22",1689900
27150,-700,900,"sd","13:28:22",1689800
27150,-700,1100,"sd","13:28:21",1688900
27150,-700,1000,"sd","13:28:21",1687800
27150,-700,100,"sd","13:28:21",1686800
27150,-700,700,"sd","13:28:21",1686700
27150,-700,500,"sd","13:28:19",1686000
27150,-700,2000,"sd","13:28:08",1685500
27150,-700,6000,"sd","13:27:35",1683500
27200,-650,1000,"bu","13:27:05",1677500
27150,-700,800,"sd","13:27:03",1676500
27150,-700,100,"sd","13:27:03",1675700
27150,-700,800,"sd","13:27:03",1675600
27150,-700,900,"sd","13:26:57",1674800
27150,-700,500,"sd","13:26:46",1673900
27150,-700,400,"sd","13:26:39",1673400
27200,-650,600,"sd","13:24:47",1673000
27300,-550,100,"bu","13:24:32",1672400
27300,-550,100,"bu","13:24:23",1672300
27300,-550,200,"bu","13:23:08",1672200
27300,-550,100,"bu","13:23:08",1672000
27200,-650,100,"sd","13:22:39",1671900
27300,-550,300,"bu","13:22:10",1671800
27200,-650,300,"sd","13:22:01",1671500
27200,-650,300,"sd","13:22:01",1671200
27200,-650,700,"bu","13:21:49",1670900
27200,-650,300,"bu","13:21:42",1670200
27200,-650,1800,"bu","13:21:42",1669900
27200,-650,300,"bu","13:21:16",1668100
27200,-650,100,"bu","13:21:04",1667800
27200,-650,800,"bu","13:20:57",1667700
27200,-650,100,"bu","13:20:57",1666900
27200,-650,100,"sd","13:20:28",1666800
27200,-650,1800,"sd","13:20:28",1666700
27200,-650,500,"sd","13:20:28",1664900
27200,-650,100,"sd","13:20:28",1664400
27200,-650,100,"sd","13:20:28",1664300
27200,-650,2000,"sd","13:20:28",1664200
27200,-650,200,"sd","13:20:28",1662200
27200,-650,500,"sd","13:20:28",1662000
27200,-650,100,"sd","13:20:28",1661500
27200,-650,500,"sd","13:20:28",1661400
27200,-650,2000,"sd","13:19:47",1660900
27200,-650,2000,"sd","13:19:47",1658900
27200,-650,100,"sd","13:19:47",1656900
27200,-650,900,"sd","13:19:47",1656800
27300,-550,300,"bu","13:19:44",1655900
27300,-550,300,"bu","13:19:37",1655600
27300,-550,100,"bu","13:19:18",1655300
27300,-550,1000,"bu","13:18:16",1655200
27200,-650,1500,"sd","13:16:54",1654200
27300,-550,2900,"bu","13:16:46",1652700
27300,-550,2800,"bu","13:16:46",1649800
27300,-550,1000,"bu","13:16:46",1647000
27200,-650,4000,"sd","13:16:28",1646000
27200,-650,700,"sd","13:15:48",1642000
27250,-600,3300,"bu","13:15:48",1641300
27250,-600,1700,"bu","13:15:48",1638000
27200,-650,2000,"sd","13:15:17",1636300
27300,-550,300,"bu","13:15:05",1634300
27300,-550,200,"bu","13:14:50",1634000
27200,-650,800,"sd","13:14:49",1633800
27300,-550,3500,"bu","13:14:48",1633000
27300,-550,500,"bu","13:14:48",1629500
27300,-550,1000,"bu","13:14:48",1629000
27300,-550,200,"bu","13:14:04",1628000
27250,-600,100,"sd","13:14:00",1627800
27250,-600,100,"bu","13:13:49",1627700
27250,-600,100,"bu","13:13:44",1627600
27250,-600,100,"bu","13:13:44",1627500
27250,-600,300,"bu","13:13:22",1627400
27250,-600,300,"bu","13:13:04",1627100
27250,-600,300,"bu","13:12:50",1626800
27200,-650,100,"sd","13:12:30",1626500
27150,-700,7400,"sd","13:12:23",1626400
27150,-700,1000,"sd","13:12:23",1619000
27200,-650,1600,"sd","13:12:23",1618000
27200,-650,400,"sd","13:12:13",1616400
27200,-650,600,"sd","13:12:13",1616000
27200,-650,1000,"sd","13:11:19",1615400
27200,-650,400,"bu","13:11:16",1614400
27200,-650,100,"bu","13:11:16",1614000
27200,-650,1000,"bu","13:11:16",1613900
27200,-650,500,"bu","13:11:16",1612900
27200,-650,600,"bu","13:11:16",1612400
27200,-650,1000,"bu","13:11:16",1611800
27200,-650,1500,"bu","13:11:16",1610800
27200,-650,300,"bu","13:11:16",1609300
27200,-650,1000,"bu","13:11:11",1609000
27200,-650,100,"bu","13:11:08",1608000
27200,-650,600,"bu","13:11:00",1607900
27200,-650,700,"bu","13:11:00",1607300
27200,-650,200,"bu","13:11:00",1606600
27150,-700,100,"bu","13:10:26",1606400
27150,-700,400,"bu","13:10:26",1606300
27150,-700,400,"bu","13:10:05",1605900
27150,-700,500,"bu","13:10:05",1605500
27150,-700,200,"bu","13:10:05",1605000
27150,-700,500,"bu","13:10:05",1604800
27150,-700,400,"bu","13:10:05",1604300
27150,-700,4600,"bu","13:10:05",1603900
27150,-700,100,"bu","13:10:05",1599300
27150,-700,600,"bu","13:10:05",1599200
27150,-700,1500,"bu","13:10:05",1598600
27150,-700,300,"bu","13:10:05",1597100
27150,-700,2000,"bu","13:10:05",1596800
27150,-700,900,"bu","13:10:05",1594800
27100,-750,4000,"sd","13:09:17",1593900
27100,-750,1300,"sd","13:08:31",1589900
27100,-750,200,"sd","13:08:31",1588600
27100,-750,100,"sd","13:08:31",1588400
27100,-750,300,"sd","13:08:31",1588300
27100,-750,100,"sd","13:08:31",1588000
27100,-750,700,"sd","13:08:31",1587900
27100,-750,100,"sd","13:08:22",1587200
27100,-750,200,"sd","13:08:20",1587100
27100,-750,300,"sd","13:08:05",1586900
27100,-750,200,"bu","13:06:46",1586600
27100,-750,1300,"bu","13:06:46",1586400
27100,-750,500,"bu","13:06:19",1585100
27100,-750,100,"bu","13:06:06",1584600
27050,-800,700,"sd","13:05:30",1584500
27050,-800,1000,"sd","13:05:30",1583800
27050,-800,2000,"sd","13:05:30",1582800
27050,-800,200,"sd","13:05:30",1580800
27050,-800,3100,"sd","13:05:30",1580600
27050,-800,100,"sd","13:04:56",1577500
27150,-700,300,"bu","13:04:46",1577400
27100,-750,1000,"bu","13:04:46",1577100
27100,-750,900,"bu","13:04:46",1576100
27100,-750,1000,"bu","13:04:46",1575200
27100,-750,5000,"bu","13:04:46",1574200
27100,-750,100,"bu","13:04:46",1569200
27100,-750,500,"bu","13:04:46",1569100
27100,-750,1200,"bu","13:04:46",1568600
27050,-800,1000,"sd","13:04:10",1567400
27050,-800,300,"sd","13:03:56",1566400
27050,-800,500,"sd","13:03:35",1566100
27050,-800,500,"sd","13:03:35",1565600
27100,-750,1000,"bu","13:02:41",1565100
27100,-750,300,"bu","13:01:56",1564100
27050,-800,2000,"sd","13:01:36",1563800
27100,-750,1000,"bu","13:01:19",1561800
27050,-800,1000,"sd","13:01:09",1560800
27100,-750,100,"bu","13:00:30",1559800
27100,-750,100,"bu","13:00:30",1559700
27100,-750,100,"bu","13:00:28",1559600
27100,-750,100,"bu","13:00:28",1559500
27150,-700,400,"bu","13:00:15",1559400
27100,-750,100,"bu","13:00:15",1559000
27050,-800,200,"sd","13:00:09",1558900
27050,-800,800,"sd","13:00:09",1558700
27050,-800,100,"sd","13:00:09",1557900
27100,-750,200,"sd","13:00:09",1557800
27100,-750,100,"sd","13:00:09",1557600
27150,-700,200,"bu","13:00:06",1557500
27150,-700,100,"bu","13:00:06",1557300
27150,-700,100,"bu","13:00:06",1557200
27100,-750,2000,"unknown","13:00:03",1557100
27050,-800,200,"sd","13:00:03",1555100
27100,-750,400,"unknown","13:00:02",1554900
27150,-700,500,"bu","13:00:02",1554500
27150,-700,1500,"bu","13:00:02",1554000
27100,-750,500,"unknown","13:00:01",1552500
27100,-750,700,"sd","13:00:01",1552000
27100,-750,100,"sd","13:00:01",1551300
27150,-700,200,"bu","13:00:00",1551200
27150,-700,300,"bu","11:29:56",1551000
27100,-750,500,"bu","11:29:33",1550700
27100,-750,300,"bu","11:29:33",1550200
27100,-750,1200,"bu","11:29:33",1549900
27100,-750,300,"bu","11:29:33",1548700
27100,-750,1000,"bu","11:29:28",1548400
27100,-750,500,"sd","11:29:16",1547400
27100,-750,500,"sd","11:29:09",1546900
27100,-750,300,"sd","11:29:08",1546400
27150,-700,300,"bu","11:29:08",1546100
27100,-750,500,"sd","11:29:04",1545800
27100,-750,3500,"sd","11:29:04",1545300
27100,-750,500,"sd","11:28:47",1541800
27100,-750,300,"sd","11:28:38",1541300
27100,-750,200,"sd","11:27:52",1541000
27100,-750,2000,"bu","11:26:50",1540800
27100,-750,300,"bu","11:26:31",1538800
27100,-750,200,"bu","11:26:30",1538500
27150,-700,200,"bu","11:26:00",1538300
27150,-700,1900,"bu","11:25:16",1538100
27100,-750,100,"bu","11:25:16",1536200
27100,-750,200,"bu","11:25:12",1536100
27100,-750,700,"sd","11:25:12",1535900
27100,-750,2300,"sd","11:25:04",1535200
27100,-750,300,"sd","11:25:04",1532900
27100,-750,300,"sd","11:25:04",1532600
27100,-750,3100,"sd","11:25:04",1532300
27100,-750,500,"sd","11:25:02",1529200
27100,-750,1400,"sd","11:24:40",1528700
27100,-750,100,"sd","11:24:40",1527300
27100,-750,500,"sd","11:24:40",1527200
27100,-750,2000,"sd","11:24:30",1526700
27100,-750,1000,"sd","11:24:26",1524700
27150,-700,500,"bu","11:23:57",1523700
27100,-750,5000,"sd","11:23:51",1523200
27100,-750,1000,"sd","11:23:45",1518200
27150,-700,600,"bu","11:23:32",1517200
27150,-700,400,"bu","11:23:32",1516600
27100,-750,100,"sd","11:23:25",1516200
27150,-700,200,"bu","11:23:21",1516100
27100,-750,400,"sd","11:22:24",1515900
27100,-750,1700,"sd","11:22:24",1515500
27200,-650,300,"bu","11:22:10",1513800
27200,-650,200,"bu","11:22:10",1513500
27100,-750,100,"sd","11:21:53",1513300
27100,-750,200,"sd","11:17:12",1513200
27150,-700,500,"sd","11:17:12",1513000
27150,-700,1300,"sd","11:17:12",1512500
27150,-700,700,"sd","11:16:51",1511200
27150,-700,1200,"sd","11:16:51",1510500
27200,-650,100,"bu","11:16:37",1509300
27150,-700,800,"sd","11:16:15",1509200
27150,-700,500,"sd","11:16:15",1508400
27150,-700,3700,"sd","11:16:15",1507900
27150,-700,1300,"sd","11:15:47",1504200
27150,-700,500,"sd","11:15:47",1502900
27200,-650,1100,"bu","11:15:36",1502400
27200,-650,800,"bu","11:15:36",1501300
27200,-650,500,"bu","11:15:36",1500500
27150,-700,100,"bu","11:15:07",1500000
27150,-700,400,"bu","11:15:07",1499900
27150,-700,100,"bu","11:15:06",1499500
27150,-700,100,"bu","11:15:03",1499400
27150,-700,2800,"bu","11:15:03",1499300
27150,-700,1000,"bu","11:14:52",1496500
27150,-700,100,"bu","11:14:47",1495500
27150,-700,1000,"bu","11:14:29",1495400
27050,-800,3100,"sd","11:13:36",1494400
27050,-800,300,"bu","11:13:29",1491300
27050,-800,5000,"bu","11:13:21",1491000
27050,-800,2000,"bu","11:13:12",1486000
27050,-800,100,"bu","11:13:12",1484000
27050,-800,2600,"sd","11:13:09",1483900
27050,-800,400,"sd","11:13:01",1481300
27150,-700,500,"bu","11:12:58",1480900
27000,-850,7000,"bu","11:12:12",1480400
27000,-850,500,"bu","11:12:12",1473400
27000,-850,100,"bu","11:12:05",1472900
27000,-850,6000,"bu","11:12:05",1472800
27000,-850,100,"bu","11:11:56",1466800
27000,-850,100,"bu","11:11:56",1466700
27000,-850,100,"bu","11:11:56",1466600
27000,-850,4700,"bu","11:11:56",1466500
27000,-850,300,"bu","11:11:53",1461800
27000,-850,200,"bu","11:11:40",1461500
27000,-850,300,"bu","11:11:40",1461300
26900,-950,1600,"sd","11:11:29",1461000
26900,-950,100,"sd","11:11:29",1459400
26900,-950,200,"sd","11:11:29",1459300
26950,-900,100,"sd","11:11:29",1459100
26950,-900,100,"bu","11:11:25",1459000
26900,-950,3000,"bu","11:11:05",1458900
26900,-950,1800,"bu","11:11:05",1455900
26900,-950,2500,"bu","11:11:04",1454100
26900,-950,500,"bu","11:11:00",1451600
26900,-950,100,"bu","11:11:00",1451100
26900,-950,100,"bu","11:10:58",1451000
26900,-950,400,"bu","11:10:58",1450900
26900,-950,100,"bu","11:10:56",1450500
26900,-950,200,"bu","11:10:54",1450400
26900,-950,5000,"bu","11:10:49",1450200
26900,-950,1000,"sd","11:10:41",1445200
26900,-950,300,"sd","11:10:41",1444200
26900,-950,100,"bu","11:10:40",1443900
26900,-950,100,"bu","11:10:40",1443800
26900,-950,4900,"bu","11:10:39",1443700
26900,-950,100,"bu","11:10:39",1438800
26900,-950,200,"bu","11:10:33",1438700
26900,-950,4800,"bu","11:10:33",1438500
26850,-1000,800,"sd","11:10:26",1433700
26900,-950,100,"bu","11:10:22",1432900
26900,-950,100,"bu","11:10:20",1432800
26900,-950,100,"bu","11:10:20",1432700
26900,-950,1000,"bu","11:10:11",1432600
26900,-950,3000,"bu","11:09:58",1431600
26800,-1050,3700,"sd","11:09:35",1428600
26800,-1050,1000,"sd","11:09:35",1424900
26800,-1050,1000,"sd","11:09:35",1423900
26800,-1050,1000,"sd","11:09:35",1422900
26800,-1050,1000,"sd","11:09:35",1421900
26800,-1050,2300,"sd","11:09:35",1420900
26800,-1050,7700,"sd","11:09:34",1418600
26800,-1050,100,"sd","11:09:34",1410900
26800,-1050,400,"sd","11:09:34",1410800
26850,-1000,1000,"sd","11:09:34",1410400
26850,-1000,100,"sd","11:09:34",1409400
26850,-1000,300,"sd","11:09:34",1409300
26850,-1000,100,"sd","11:09:34",1409000
26850,-1000,300,"sd","11:09:34",1408900
26850,-1000,700,"sd","11:09:33",1408600
26850,-1000,100,"sd","11:09:33",1407900
26850,-1000,500,"sd","11:09:33",1407800
26850,-1000,500,"sd","11:09:24",1407300
26850,-1000,1500,"sd","11:09:24",1406800
26850,-1000,800,"sd","11:09:22",1405300
26850,-1000,500,"sd","11:09:22",1404500
26850,-1000,100,"sd","11:09:22",1404000
26850,-1000,2000,"sd","11:09:22",1403900
26850,-1000,1600,"sd","11:09:22",1401900
26850,-1000,400,"sd","11:09:05",1400300
26850,-1000,100,"sd","11:09:05",1399900
26850,-1000,2000,"sd","11:09:05",1399800
26850,-1000,200,"sd","11:09:02",1397800
26850,-1000,300,"sd","11:09:01",1397600
26850,-1000,1000,"sd","11:08:56",1397300
26850,-1000,500,"sd","11:08:45",1396300
26850,-1000,500,"sd","11:08:31",1395800
26850,-1000,1000,"sd","11:08:31",1395300
26900,-950,100,"bu","11:08:27",1394300
26900,-950,200,"bu","11:08:23",1394200
26850,-1000,300,"sd","11:08:19",1394000
26850,-1000,100,"sd","11:08:11",1393700
26900,-950,1000,"bu","11:07:55",1393600
26900,-950,900,"bu","11:07:40",1392600
26900,-950,100,"bu","11:07:23",1391700
26850,-1000,100,"sd","11:07:22",1391600
26850,-1000,900,"sd","11:07:22",1391500
26800,-1050,600,"sd","11:06:56",1390600
26800,-1050,600,"sd","11:06:56",1390000
26800,-1050,100,"sd","11:06:56",1389400
26800,-1050,300,"sd","11:06:56",1389300
26800,-1050,200,"sd","11:06:50",1389000
26800,-1050,1000,"sd","11:06:50",1388800
26800,-1050,200,"sd","11:06:50",1387800
26800,-1050,500,"sd","11:06:50",1387600
26800,-1050,3100,"sd","11:06:50",1387100
26800,-1050,900,"sd","11:06:45",1384000
26850,-1000,100,"sd","11:06:45",1383100
26800,-1050,700,"sd","11:06:27",1383000
26800,-1050,100,"sd","11:06:18",1382300
26850,-1000,1000,"sd","11:06:17",1382200
26800,-1050,3000,"sd","11:06:06",1381200
26800,-1050,500,"sd","11:05:44",1378200
26800,-1050,1000,"sd","11:05:44",1377700
26800,-1050,700,"bu","11:05:41",1376700
26800,-1050,300,"bu","11:05:32",1376000
26800,-1050,200,"bu","11:05:32",1375700
26800,-1050,200,"bu","11:05:29",1375500
26800,-1050,100,"sd","11:05:28",1375300
26800,-1050,1500,"sd","11:05:28",1375200
26800,-1050,500,"sd","11:05:16",1373700
26800,-1050,500,"sd","11:05:16",1373200
26800,-1050,100,"sd","11:05:16",1372700
26800,-1050,500,"sd","11:05:16",1372600
26800,-1050,200,"sd","11:05:16",1372100
26800,-1050,500,"sd","11:05:16",1371900
26800,-1050,200,"sd","11:05:16",1371400
26800,-1050,100,"sd","11:05:16",1371200
26800,-1050,100,"sd","11:05:16",1371100
26800,-1050,300,"sd","11:05:16",1371000
26800,-1050,10000,"sd","11:05:16",1370700
26800,-1050,20000,"sd","11:05:16",1360700
26800,-1050,100,"sd","11:05:16",1340700
26800,-1050,200,"sd","11:05:16",1340600
26800,-1050,3100,"sd","11:05:16",1340400
26800,-1050,2300,"sd","11:05:16",1337300
26800,-1050,100,"sd","11:05:16",1335000
26800,-1050,1000,"sd","11:05:16",1334900
26800,-1050,2500,"sd","11:05:16",1333900
26800,-1050,500,"sd","11:05:16",1331400
26800,-1050,1000,"sd","11:05:16",1330900
26800,-1050,2000,"sd","11:05:16",1329900
26800,-1050,200,"sd","11:05:16",1327900
26850,-1000,2400,"sd","11:05:16",1327700
26850,-1000,100,"sd","11:05:16",1325300
26850,-1000,200,"sd","11:05:16",1325200
26850,-1000,300,"sd","11:05:16",1325000
26850,-1000,300,"sd","11:05:16",1324700
26850,-1000,700,"sd","11:05:16",1324400
26900,-950,2000,"bu","11:05:15",1323700
26850,-1000,900,"sd","11:05:14",1321700
26900,-950,200,"bu","11:05:03",1320800
26850,-1000,1400,"sd","11:04:56",1320600
26850,-1000,600,"sd","11:04:56",1319200
26850,-1000,1400,"sd","11:04:53",1318600
26850,-1000,100,"sd","11:04:53",1317200
26850,-1000,2600,"sd","11:04:53",1317100
26850,-1000,500,"sd","11:04:31",1314500
26850,-1000,1900,"sd","11:04:18",1314000
26850,-1000,100,"sd","11:04:18",1312100
26850,-1000,300,"sd","11:04:18",1312000
26900,-950,100,"bu","11:04:07",1311700
26900,-950,100,"bu","11:03:53",1311600
26900,-950,500,"sd","11:03:51",1311500
26900,-950,300,"sd","11:03:51",1311000
26900,-950,300,"sd","11:03:51",1310700
26900,-950,200,"sd","11:03:51",1310400
26900,-950,200,"sd","11:03:51",1310200
26900,-950,100,"sd","11:03:51",1310000
26900,-950,5000,"sd","11:03:51",1309900
26900,-950,200,"sd","11:03:51",1304900
26900,-950,100,"sd","11:03:51",1304700
26900,-950,300,"sd","11:03:51",1304600
26900,-950,700,"sd","11:03:51",1304300
26900,-950,300,"sd","11:03:51",1303600
26900,-950,1000,"sd","11:03:51",1303300
26900,-950,300,"sd","11:03:51",1302300
26900,-950,1400,"sd","11:03:51",1302000
26900,-950,600,"sd","11:03:50",1300600
26900,-950,1000,"sd","11:03:50",1300000
26900,-950,200,"sd","11:03:50",1299000
26900,-950,100,"sd","11:03:50",1298800
26900,-950,100,"sd","11:03:50",1298700
26950,-900,100,"bu","11:03:49",1298600
26950,-900,100,"bu","11:03:47",1298500
27000,-850,100,"bu","11:03:11",1298400
26950,-900,1200,"sd","11:03:09",1298300
26950,-900,500,"sd","11:03:09",1297100
26950,-900,100,"sd","11:03:09",1296600
26950,-900,200,"sd","11:03:09",1296500
26950,-900,1000,"sd","11:03:09",1296300
27000,-850,100,"bu","11:03:07",1295300
27000,-850,500,"sd","11:03:04",1295200
27000,-850,2200,"sd","11:03:04",1294700
27000,-850,2800,"sd","11:03:04",1292500
27000,-850,700,"sd","11:03:04",1289700
27000,-850,500,"sd","11:03:04",1289000
27000,-850,2000,"sd","11:03:04",1288500
27000,-850,100,"sd","11:03:04",1286500
27000,-850,1900,"sd","11:03:04",1286400
27000,-850,200,"sd","11:03:00",1284500
27000,-850,200,"sd","11:03:00",1284300
27000,-850,300,"sd","11:03:00",1284100
27000,-850,100,"sd","11:03:00",1283800
27000,-850,400,"sd","11:03:00",1283700
27000,-850,600,"sd","11:03:00",1283300
27000,-850,500,"sd","11:03:00",1282700
27000,-850,1000,"sd","11:03:00",1282200
27000,-850,200,"sd","11:03:00",1281200
27000,-850,100,"sd","11:03:00",1281000
27000,-850,1000,"sd","11:03:00",1280900
27000,-850,100,"sd","11:03:00",1279900
27000,-850,200,"sd","11:03:00",1279800
27000,-850,900,"sd","11:03:00",1279600
27000,-850,100,"sd","11:03:00",1278700
27000,-850,100,"sd","11:03:00",1278600
27000,-850,500,"sd","11:03:00",1278500
27000,-850,500,"sd","11:03:00",1278000
27000,-850,500,"sd","11:02:56",1277500
27000,-850,100,"sd","11:02:56",1277000
27000,-850,1200,"sd","11:02:56",1276900
27000,-850,100,"sd","11:02:56",1275700
27000,-850,300,"sd","11:02:56",1275600
27000,-850,500,"sd","11:02:56",1275300
27000,-850,100,"sd","11:02:56",1274800
27000,-850,500,"sd","11:02:56",1274700
27000,-850,600,"sd","11:02:56",1274200
27000,-850,300,"sd","11:02:56",1273600
27000,-850,5000,"sd","11:02:56",1273300
27000,-850,300,"sd","11:02:56",1268300
27000,-850,200,"sd","11:02:56",1268000
27000,-850,3000,"sd","11:02:56",1267800
27000,-850,1000,"sd","11:02:56",1264800
27000,-850,2000,"sd","11:02:56",1263800
27000,-850,1000,"sd","11:02:56",1261800
27000,-850,100,"sd","11:02:56",1260800
27000,-850,1000,"sd","11:02:56",1260700
27000,-850,200,"sd","11:02:56",1259700
27000,-850,1000,"sd","11:02:56",1259500
27000,-850,100,"sd","11:02:56",1258500
27000,-850,100,"sd","11:02:56",1258400
27000,-850,100,"sd","11:02:56",1258300
27000,-850,500,"sd","11:02:56",1258200
27000,-850,100,"sd","11:02:56",1257700
27000,-850,100,"sd","11:02:56",1257600
27000,-850,2400,"sd","11:02:56",1257500
27050,-800,100,"bu","11:02:55",1255100
27000,-850,2000,"sd","11:02:53",1255000
27000,-850,5000,"sd","11:02:51",1253000
27000,-850,500,"sd","11:02:50",1248000
27000,-850,300,"sd","11:02:50",1247500
27000,-850,100,"sd","11:02:49",1247200
27000,-850,600,"sd","11:02:46",1247100
27000,-850,2400,"sd","11:02:46",1246500
27000,-850,600,"sd","11:02:45",1244100
27000,-850,1000,"sd","11:02:45",1243500
27000,-850,2000,"sd","11:02:45",1242500
27000,-850,1000,"sd","11:02:45",1240500
27000,-850,300,"sd","11:02:45",1239500
27000,-850,100,"sd","11:02:45",1239200
27000,-850,400,"sd","11:02:43",1239100
27000,-850,500,"sd","11:02:43",1238700
27000,-850,100,"sd","11:02:43",1238200
27000,-850,900,"sd","11:02:39",1238100
27000,-850,100,"sd","11:02:39",1237200
27000,-850,1000,"sd","11:02:39",1237100
27000,-850,500,"sd","11:02:20",1236100
27000,-850,500,"sd","11:02:20",1235600
27000,-850,1000,"sd","11:02:18",1235100
27000,-850,500,"sd","11:02:11",1234100
27000,-850,100,"sd","11:02:11",1233600
27000,-850,100,"sd","11:02:11",1233500
27000,-850,1000,"sd","11:02:11",1233400
27000,-850,500,"sd","11:02:11",1232400
27000,-850,1400,"sd","11:02:11",1231900
27000,-850,500,"sd","11:02:11",1230500
27000,-850,1000,"sd","11:02:11",1230000
27000,-850,500,"sd","11:02:11",1229000
27000,-850,300,"sd","11:02:11",1228500
27000,-850,400,"sd","11:02:11",1228200
27000,-850,300,"sd","11:02:11",1227800
27000,-850,5000,"sd","11:02:11",1227500
27000,-850,100,"sd","11:02:11",1222500
27000,-850,200,"sd","11:02:11",1222400
27000,-850,100,"sd","11:02:11",1222200
27050,-800,200,"bu","11:02:10",1222100
27050,-800,100,"sd","11:01:46",1221900
27050,-800,2000,"sd","11:01:46",1221800
27050,-800,900,"sd","11:01:46",1219800
27050,-800,600,"sd","11:01:43",1218900
27050,-800,500,"sd","11:01:37",1218300
27050,-800,2000,"sd","11:01:37",1217800
27050,-800,200,"sd","11:01:37",1215800
27050,-800,1500,"sd","11:01:37",1215600
27050,-800,2400,"sd","11:01:37",1214100
27050,-800,300,"sd","11:01:37",1211700
27050,-800,700,"sd","11:01:37",1211400
27050,-800,500,"sd","11:01:33",1210700
27050,-800,2500,"sd","11:01:20",1210200
27050,-800,1300,"sd","11:01:11",1207700
27050,-800,300,"sd","11:01:11",1206400
27050,-800,500,"sd","11:01:11",1206100
27050,-800,500,"sd","11:01:11",1205600
27050,-800,200,"sd","11:01:11",1205100
27050,-800,300,"sd","11:01:11",1204900
27050,-800,1700,"sd","11:01:11",1204600
27050,-800,2000,"sd","11:01:11",1202900
27050,-800,5000,"sd","11:01:11",1200900
27050,-800,5300,"sd","11:01:11",1195900
27050,-800,500,"sd","11:00:46",1190600
27050,-800,500,"sd","11:00:44",1190100
27050,-800,5000,"sd","11:00:43",1189600
27050,-800,6200,"sd","11:00:33",1184600
27050,-800,500,"sd","11:00:23",1178400
27050,-800,100,"sd","11:00:12",1177900
27050,-800,1900,"sd","10:59:18",1177800
27050,-800,100,"sd","10:59:18",1175900
27050,-800,900,"sd","10:59:18",1175800
27050,-800,200,"sd","10:59:18",1174900
27050,-800,3000,"sd","10:59:18",1174700
27100,-750,900,"sd","10:59:18",1171700
27100,-750,100,"sd","10:59:10",1170800
27100,-750,100,"sd","10:59:10",1170700
27100,-750,100,"sd","10:59:10",1170600
27100,-750,100,"sd","10:59:10",1170500
27100,-750,100,"sd","10:59:10",1170400
27100,-750,300,"sd","10:59:06",1170300
27150,-700,200,"sd","10:59:06",1170000
27100,-750,500,"sd","10:58:53",1169800
27150,-700,500,"sd","10:58:53",1169300
27150,-700,1500,"bu","10:58:50",1168800
27100,-750,500,"sd","10:58:12",1167300
27100,-750,1000,"sd","10:58:12",1166800
27100,-750,1000,"sd","10:58:07",1165800
27100,-750,100,"sd","10:58:07",1164800
27100,-750,100,"sd","10:58:07",1164700
27100,-750,100,"sd","10:58:07",1164600
27100,-750,100,"sd","10:58:07",1164500
27100,-750,300,"sd","10:58:07",1164400
27100,-750,700,"sd","10:58:07",1164100
27100,-750,100,"sd","10:58:07",1163400
27100,-750,500,"sd","10:58:07",1163300
27100,-750,300,"sd","10:57:51",1162800
27100,-750,100,"sd","10:57:51",1162500
27100,-750,5000,"sd","10:57:51",1162400
27100,-750,2000,"sd","10:57:51",1157400
27100,-750,200,"sd","10:57:51",1155400
27100,-750,5000,"sd","10:57:51",1155200
27100,-750,500,"sd","10:57:51",1150200
27100,-750,1900,"sd","10:57:51",1149700
27100,-750,100,"sd","10:57:49",1147800
27150,-700,400,"sd","10:57:34",1147700
27150,-700,600,"bu","10:57:06",1147300
27150,-700,1100,"sd","10:57:04",1146700
27150,-700,300,"sd","10:57:04",1145600
27150,-700,2000,"sd","10:56:54",1145300
27150,-700,1000,"sd","10:56:46",1143300
27150,-700,4200,"bu","10:56:23",1142300
27150,-700,400,"bu","10:56:23",1138100
27150,-700,200,"bu","10:56:12",1137700
27150,-700,1000,"bu","10:55:51",1137500
27150,-700,200,"sd","10:55:47",1136500
27150,-700,1800,"sd","10:55:47",1136300
27150,-700,500,"sd","10:55:47",1134500
27150,-700,100,"sd","10:55:47",1134000
27150,-700,1500,"sd","10:55:47",1133900
27150,-700,1000,"sd","10:55:47",1132400
27150,-700,400,"sd","10:55:47",1131400
27150,-700,2900,"sd","10:55:47",1131000
27150,-700,2100,"sd","10:54:59",1128100
27150,-700,200,"sd","10:54:59",1126000
27150,-700,700,"sd","10:54:59",1125800
27200,-650,300,"bu","10:54:43",1125100
27200,-650,1000,"sd","10:54:25",1124800
27200,-650,700,"sd","10:54:25",1123800
27200,-650,700,"sd","10:54:13",1123100
27200,-650,500,"sd","10:54:07",1122400
27200,-650,100,"sd","10:54:04",1121900
27200,-650,700,"sd","10:54:03",1121800
27200,-650,1000,"sd","10:54:00",1121100
27200,-650,4000,"sd","10:53:58",1120100
27200,-650,2000,"sd","10:53:51",1116100
27200,-650,300,"bu","10:53:23",1114100
27200,-650,100,"sd","10:52:41",1113800
27200,-650,600,"sd","10:52:41",1113700
27200,-650,100,"sd","10:52:31",1113100
27200,-650,200,"bu","10:52:23",1113000
27200,-650,100,"sd","10:51:58",1112800
27200,-650,500,"sd","10:51:58",1112700
27200,-650,5000,"sd","10:51:58",1112200
27200,-650,1000,"sd","10:51:58",1107200
27200,-650,1000,"sd","10:51:58",1106200
27200,-650,2200,"sd","10:51:58",1105200
27250,-600,100,"bu","10:51:53",1103000
27200,-650,100,"sd","10:51:41",1102900
27250,-600,2800,"bu","10:51:21",1102800
27250,-600,200,"bu","10:51:21",1100000
27200,-650,4500,"sd","10:51:03",1099800
27200,-650,500,"sd","10:50:51",1095300
27250,-600,300,"bu","10:50:43",1094800
27200,-650,1000,"sd","10:50:40",1094500
27200,-650,200,"sd","10:50:19",1093500
27200,-650,1500,"sd","10:50:17",1093300
27200,-650,100,"sd","10:50:17",1091800
27200,-650,100,"sd","10:50:17",1091700
27200,-650,700,"sd","10:50:17",1091600
27200,-650,100,"sd","10:49:28",1090900
27200,-650,100,"sd","10:49:28",1090800
27200,-650,500,"sd","10:49:28",1090700
27200,-650,100,"sd","10:49:28",1090200
27200,-650,200,"sd","10:49:28",1090100
27200,-650,700,"sd","10:49:28",1089900
27200,-650,100,"sd","10:49:28",1089200
27200,-650,900,"sd","10:48:57",1089100
27200,-650,100,"sd","10:48:57",1088200
27200,-650,400,"sd","10:48:56",1088100
27200,-650,600,"sd","10:48:56",1087700
27200,-650,1800,"sd","10:48:53",1087100
27200,-650,100,"sd","10:48:53",1085300
27200,-650,2000,"sd","10:48:53",1085200
27200,-650,2000,"sd","10:48:34",1083200
27200,-650,1000,"sd","10:48:02",1081200
27250,-600,100,"bu","10:47:26",1080200
27250,-600,100,"sd","10:47:19",1080100
27250,-600,100,"sd","10:47:19",1080000
27250,-600,800,"sd","10:47:19",1079900
27250,-600,500,"sd","10:47:18",1079100
27250,-600,700,"sd","10:46:34",1078600
27250,-600,200,"sd","10:46:34",1077900
27250,-600,100,"sd","10:46:34",1077700
27250,-600,2400,"bu","10:45:42",1077600
27250,-600,100,"sd","10:45:33",1075200
27250,-600,1500,"sd","10:45:33",1075100
27300,-550,900,"bu","10:45:13",1073600
27300,-550,100,"bu","10:45:13",1072700
27250,-600,600,"sd","10:45:07",1072600
27250,-600,2500,"bu","10:45:00",1072000
27250,-600,400,"bu","10:45:00",1069500
27250,-600,500,"bu","10:44:58",1069100
27250,-600,100,"bu","10:44:57",1068600
27250,-600,300,"bu","10:44:46",1068500
27250,-600,100,"bu","10:44:32",1068200
27250,-600,100,"bu","10:44:22",1068100
27250,-600,100,"bu","10:44:14",1068000
27200,-650,300,"bu","10:44:05",1067900
27200,-650,100,"bu","10:44:05",1067600
27200,-650,500,"bu","10:44:05",1067500
27200,-650,500,"bu","10:44:01",1067000
27200,-650,700,"bu","10:44:00",1066500
27200,-650,200,"bu","10:43:57",1065800
27200,-650,300,"bu","10:43:57",1065600
27200,-650,200,"bu","10:43:55",1065300
27200,-650,300,"bu","10:43:51",1065100
27200,-650,1200,"bu","10:43:42",1064800
27200,-650,500,"bu","10:43:41",1063600
27200,-650,200,"bu","10:43:39",1063100
27200,-650,500,"bu","10:43:29",1062900
27200,-650,500,"bu","10:43:27",1062400
27200,-650,200,"bu","10:43:26",1061900
27200,-650,1000,"bu","10:43:16",1061700
27200,-650,100,"bu","10:43:10",1060700
27200,-650,400,"bu","10:43:10",1060600
27200,-650,400,"bu","10:43:10",1060200
27200,-650,600,"bu","10:43:01",1059800
27200,-650,400,"bu","10:43:01",1059200
27200,-650,300,"bu","10:42:58",1058800
27150,-700,2000,"bu","10:42:43",1058500
27150,-700,300,"bu","10:42:43",1056500
27150,-700,300,"bu","10:42:43",1056200
27150,-700,200,"bu","10:42:37",1055900
27150,-700,200,"bu","10:42:35",1055700
27150,-700,1800,"bu","10:42:35",1055500
27150,-700,300,"bu","10:42:30",1053700
27150,-700,1900,"bu","10:42:29",1053400
27150,-700,300,"bu","10:42:29",1051500
27150,-700,100,"bu","10:42:29",1051200
27150,-700,5000,"bu","10:42:29",1051100
27150,-700,2700,"bu","10:42:29",1046100
27100,-750,800,"bu","10:42:26",1043400
27100,-750,500,"sd","10:42:20",1042600
27100,-750,100,"sd","10:42:20",1042100
27100,-750,500,"sd","10:42:20",1042000
27100,-750,2000,"sd","10:42:20",1041500
27100,-750,1000,"sd","10:42:20",1039500
27100,-750,100,"sd","10:42:20",1038500
27150,-700,2000,"bu","10:42:10",1038400
27150,-700,300,"bu","10:42:09",1036400
27150,-700,300,"bu","10:42:08",1036100
27150,-700,3300,"bu","10:42:04",1035800
27150,-700,300,"bu","10:41:56",1032500
27150,-700,3000,"bu","10:41:52",1032200
27150,-700,300,"bu","10:41:51",1029200
27150,-700,300,"bu","10:41:45",1028900
27150,-700,200,"bu","10:41:43",1028600
27100,-750,3000,"bu","10:41:36",1028400
27100,-750,600,"bu","10:41:36",1025400
27100,-750,1500,"bu","10:41:36",1024800
27100,-750,300,"bu","10:41:29",1023300
27100,-750,100,"bu","10:41:25",1023000
27100,-750,100,"bu","10:41:24",1022900
27100,-750,300,"bu","10:41:21",1022800
27100,-750,2000,"bu","10:41:19",1022500
27100,-750,700,"bu","10:41:18",1020500
27100,-750,200,"bu","10:41:18",1019800
27100,-750,500,"bu","10:41:06",1019600
27100,-750,300,"bu","10:41:03",1019100
27100,-750,300,"bu","10:40:57",1018800
27100,-750,1000,"bu","10:40:55",1018500
27100,-750,200,"sd","10:40:43",1017500
27100,-750,1000,"sd","10:40:43",1017300
27100,-750,100,"sd","10:40:43",1016300
27100,-750,1400,"sd","10:40:43",1016200
27150,-700,300,"bu","10:40:38",1014800
27100,-750,1600,"sd","10:40:31",1014500
27100,-750,1000,"sd","10:40:31",1012900
27100,-750,1000,"sd","10:40:31",1011900
27100,-750,2600,"sd","10:40:31",1010900
27150,-700,300,"bu","10:39:58",1008300
27100,-750,200,"sd","10:39:52",1008000
27100,-750,1000,"sd","10:39:52",1007800
27100,-750,1000,"sd","10:39:52",1006800
27100,-750,500,"sd","10:39:52",1005800
27100,-750,2000,"sd","10:39:52",1005300
27100,-750,300,"sd","10:39:52",1003300
27100,-750,700,"sd","10:39:49",1003000
27100,-750,6000,"sd","10:39:49",1002300
27100,-750,100,"sd","10:39:49",996300
27100,-750,2000,"sd","10:39:49",996200
27100,-750,500,"sd","10:39:49",994200
27100,-750,300,"sd","10:39:49",993700
27100,-750,1000,"sd","10:39:49",993400
27100,-750,500,"sd","10:39:49",992400
27100,-750,100,"sd","10:39:49",991900
27100,-750,1000,"sd","10:39:49",991800
27100,-750,300,"sd","10:39:49",990800
27100,-750,300,"sd","10:39:49",990500
27100,-750,100,"sd","10:39:49",990200
27100,-750,3000,"sd","10:39:49",990100
27100,-750,100,"sd","10:39:49",987100
27150,-700,100,"bu","10:39:29",987000
27150,-700,1000,"sd","10:39:25",986900
27150,-700,100,"sd","10:39:25",985900
27150,-700,500,"sd","10:39:25",985800
27150,-700,500,"sd","10:39:16",985300
27150,-700,500,"sd","10:39:16",984800
27150,-700,500,"sd","10:39:13",984300
27150,-700,500,"sd","10:39:13",983800
27200,-650,300,"bu","10:39:11",983300
27150,-700,200,"sd","10:39:05",983000
27150,-700,800,"sd","10:39:05",982800
27150,-700,200,"sd","10:39:03",982000
27150,-700,800,"sd","10:39:03",981800
27150,-700,3400,"sd","10:39:01",981000
27200,-650,300,"bu","10:38:56",977600
27150,-700,500,"sd","10:38:53",977300
27200,-650,1000,"bu","10:38:52",976800
27150,-700,5300,"sd","10:38:48",975800
27150,-700,3000,"sd","10:38:48",970500
27150,-700,500,"sd","10:38:48",967500
27150,-700,4200,"sd","10:38:48",967000
27150,-700,800,"sd","10:38:31",962800
27150,-700,1000,"sd","10:38:31",962000
27200,-650,1000,"bu","10:38:28",961000
27200,-650,300,"bu","10:38:24",960000
27200,-650,2000,"sd","10:38:18",959700
27200,-650,500,"sd","10:38:18",957700
27200,-650,500,"sd","10:38:18",957200
27200,-650,5000,"sd","10:38:18",956700
27200,-650,1000,"sd","10:38:18",951700
27200,-650,100,"sd","10:38:18",950700
27200,-650,1000,"sd","10:38:18",950600
27200,-650,200,"sd","10:38:18",949600
27200,-650,10000,"sd","10:38:18",949400
27200,-650,1100,"sd","10:38:18",939400
27200,-650,1900,"sd","10:38:10",938300
27200,-650,300,"sd","10:38:10",936400
27200,-650,500,"sd","10:38:10",936100
27200,-650,100,"sd","10:38:10",935600
27200,-650,1000,"sd","10:38:10",935500
27200,-650,100,"sd","10:38:10",934500
27250,-600,300,"bu","10:38:01",934400
27200,-650,200,"sd","10:38:00",934100
27200,-650,200,"sd","10:38:00",933900
27200,-650,300,"sd","10:37:44",933700
27200,-650,1000,"sd","10:37:44",933400
27200,-650,500,"sd","10:37:44",932400
27200,-650,500,"sd","10:37:44",931900
27200,-650,800,"sd","10:37:44",931400
27250,-600,2000,"bu","10:37:37",930600
27200,-650,1000,"sd","10:37:37",928600
27200,-650,200,"sd","10:37:07",927600
27200,-650,100,"sd","10:37:07",927400
27200,-650,100,"sd","10:37:07",927300
27200,-650,500,"sd","10:37:07",927200
27200,-650,100,"sd","10:37:07",926700
27200,-650,400,"sd","10:36:51",926600
27200,-650,200,"sd","10:36:51",926200
27200,-650,100,"sd","10:36:51",926000
27200,-650,2300,"sd","10:36:51",925900
27250,-600,1900,"bu","10:36:49",923600
27250,-600,1000,"bu","10:36:48",921700
27200,-650,100,"sd","10:36:47",920700
27200,-650,600,"sd","10:36:30",920600
27200,-650,100,"sd","10:36:30",920000
27200,-650,1300,"sd","10:36:30",919900
27250,-600,100,"sd","10:35:41",918600
27250,-600,1000,"sd","10:35:41",918500
27250,-600,100,"sd","10:35:41",917500
27250,-600,400,"sd","10:35:41",917400
27250,-600,100,"sd","10:35:41",917000
27250,-600,4000,"sd","10:35:41",916900
27250,-600,1000,"sd","10:35:06",912900
27250,-600,1000,"sd","10:35:05",911900
27250,-600,700,"sd","10:34:11",910900
27250,-600,4300,"sd","10:34:01",910200
27250,-600,500,"sd","10:34:01",905900
27250,-600,200,"sd","10:34:01",905400
27250,-600,500,"sd","10:34:01",905200
27250,-600,1000,"sd","10:34:01",904700
27250,-600,200,"sd","10:34:01",903700
27250,-600,100,"sd","10:34:01",903500
27250,-600,500,"sd","10:34:01",903400
27250,-600,700,"sd","10:34:01",902900
27250,-600,100,"sd","10:34:01",902200
27250,-600,4000,"sd","10:34:01",902100
27250,-600,500,"sd","10:34:01",898100
27250,-600,500,"sd","10:34:01",897600
27250,-600,1000,"sd","10:34:01",897100
27250,-600,100,"sd","10:34:01",896100
27250,-600,2200,"sd","10:34:01",896000
27250,-600,3600,"sd","10:34:01",893800
27300,-550,100,"sd","10:33:48",890200
27300,-550,300,"sd","10:33:48",890100
27300,-550,100,"sd","10:33:46",889800
27250,-600,10000,"sd","10:33:36",889700
27250,-600,1600,"sd","10:33:29",879700
27300,-550,100,"sd","10:33:29",878100
27300,-550,5000,"sd","10:33:29",878000
27300,-550,3300,"sd","10:33:29",873000
27300,-550,600,"sd","10:33:26",869700
27350,-500,100,"sd","10:32:32",869100
27350,-500,1900,"bu","10:32:26",869000
27300,-550,1100,"sd","10:32:22",867100
27350,-500,500,"bu","10:31:59",866000
27350,-500,1000,"bu","10:31:29",865500
27350,-500,500,"bu","10:31:29",864500
27300,-550,500,"bu","10:31:24",864000
27300,-550,200,"sd","10:31:22",863500
27300,-550,10000,"sd","10:31:22",863300
27300,-550,5000,"sd","10:31:22",853300
27300,-550,2000,"sd","10:31:22",848300
27300,-550,1000,"sd","10:31:22",846300
27300,-550,100,"sd","10:31:22",845300
27300,-550,2000,"sd","10:31:22",845200
27300,-550,200,"sd","10:31:22",843200
27300,-550,100,"sd","10:31:22",843000
27300,-550,100,"sd","10:31:22",842900
27300,-550,2000,"sd","10:31:22",842800
27300,-550,100,"sd","10:31:22",840800
27350,-500,1500,"sd","10:31:07",840700
27350,-500,2000,"sd","10:30:33",839200
27350,-500,500,"bu","10:30:30",837200
27350,-500,4500,"sd","10:30:10",836700
27350,-500,5500,"bu","10:30:04",832200
27350,-500,1000,"bu","10:30:02",826700
27350,-500,100,"sd","10:29:46",825700
27350,-500,2000,"sd","10:29:46",825600
27350,-500,500,"sd","10:29:46",823600
27350,-500,100,"sd","10:29:46",823100
27350,-500,100,"sd","10:29:46",823000
27350,-500,700,"sd","10:29:46",822900
27350,-500,300,"sd","10:29:27",822200
27350,-500,1100,"sd","10:29:27",821900
27350,-500,5900,"bu","10:27:21",820800
27350,-500,400,"bu","10:27:15",814900
27350,-500,100,"sd","10:26:54",814500
27350,-500,2000,"sd","10:26:54",814400
27350,-500,1000,"sd","10:26:54",812400
27400,-450,300,"bu","10:26:16",811400
27300,-550,100,"sd","10:26:08",811100
27300,-550,200,"sd","10:26:08",811000
27300,-550,500,"sd","10:26:08",810800
27300,-550,200,"sd","10:26:08",810300
27300,-550,400,"sd","10:26:08",810100
27350,-500,200,"sd","10:26:08",809700
27350,-500,400,"sd","10:26:08",809500
27400,-450,600,"bu","10:25:57",809100
27400,-450,200,"bu","10:25:49",808500
27400,-450,3800,"bu","10:25:37",808300
27400,-450,100,"bu","10:25:37",804500
27400,-450,2900,"bu","10:25:37",804400
27400,-450,500,"bu","10:25:37",801500
27400,-450,500,"bu","10:25:37",801000
27400,-450,800,"bu","10:25:37",800500
27400,-450,1400,"bu","10:25:37",799700
27350,-500,100,"bu","10:25:16",798300
27350,-500,100,"bu","10:25:16",798200
27350,-500,400,"bu","10:25:16",798100
27350,-500,2000,"bu","10:25:05",797700
27350,-500,1500,"bu","10:24:51",795700
27350,-500,1500,"bu","10:24:28",794200
27350,-500,600,"bu","10:24:24",792700
27350,-500,1000,"sd","10:24:18",792100
27350,-500,2000,"sd","10:24:18",791100
27350,-500,500,"sd","10:24:18",789100
27350,-500,500,"sd","10:24:18",788600
27400,-450,600,"bu","10:24:18",788100
27400,-450,200,"bu","10:24:16",787500
27400,-450,600,"bu","10:23:57",787300
27350,-500,500,"sd","10:23:04",786700
27400,-450,600,"bu","10:23:04",786200
27400,-450,1600,"bu","10:22:58",785600
27400,-450,400,"bu","10:22:58",784000
27400,-450,600,"bu","10:22:57",783600
27400,-450,600,"bu","10:22:42",783000
27350,-500,2000,"bu","10:22:20",782400
27350,-500,200,"bu","10:22:20",780400
27350,-500,500,"bu","10:21:55",780200
27350,-500,500,"bu","10:21:55",779700
27300,-550,100,"sd","10:21:55",779200
27350,-500,1000,"bu","10:21:21",779100
27350,-500,4900,"sd","10:20:46",778100
27350,-500,100,"sd","10:20:46",773200
27300,-550,2500,"sd","10:20:33",773100
27300,-550,100,"sd","10:20:33",770600
27300,-550,100,"sd","10:20:33",770500
27350,-500,300,"sd","10:20:33",770400
27350,-500,200,"sd","10:20:29",770100
27350,-500,2000,"sd","10:20:29",769900
27350,-500,800,"sd","10:20:29",767900
27400,-450,1400,"bu","10:20:27",767100
27400,-450,1000,"bu","10:20:27",765700
27400,-450,1000,"bu","10:20:27",764700
27400,-450,100,"bu","10:20:27",763700
27400,-450,1500,"bu","10:20:27",763600
27350,-500,200,"sd","10:20:07",762100
27350,-500,300,"sd","10:20:07",761900
27300,-550,200,"sd","10:19:18",761600
27300,-550,1000,"sd","10:19:18",761400
27300,-550,3000,"sd","10:19:18",760400
27300,-550,100,"sd","10:19:18",757400
27300,-550,200,"sd","10:19:18",757300
27300,-550,5000,"sd","10:19:18",757100
27300,-550,500,"sd","10:19:18",752100
27300,-550,500,"sd","10:19:18",751600
27300,-550,200,"sd","10:19:18",751100
27300,-550,1000,"sd","10:19:18",750900
27300,-550,100,"sd","10:19:18",749900
27300,-550,500,"sd","10:19:18",749800
27300,-550,3400,"sd","10:19:18",749300
27350,-500,500,"sd","10:19:18",745900
27350,-500,2000,"sd","10:19:18",745400
27350,-500,1000,"sd","10:19:18",743400
27350,-500,500,"sd","10:19:18",742400
27350,-500,2500,"sd","10:19:18",741900
27400,-450,1000,"bu","10:19:16",739400
27350,-500,2300,"bu","10:18:33",738400
27350,-500,200,"bu","10:18:33",736100
27350,-500,300,"bu","10:18:30",735900
27350,-500,400,"bu","10:18:30",735600
27350,-500,600,"bu","10:18:12",735200
27350,-500,2000,"bu","10:18:12",734600
27350,-500,400,"bu","10:18:12",732600
27350,-500,5000,"bu","10:18:08",732200
27350,-500,300,"bu","10:18:04",727200
27300,-550,600,"sd","10:18:04",726900
27300,-550,500,"sd","10:18:04",726300
27300,-550,200,"sd","10:18:04",725800
27300,-550,500,"sd","10:18:04",725600
27300,-550,200,"sd","10:18:04",725100
27350,-500,200,"bu","10:18:00",724900
27300,-550,200,"sd","10:17:41",724700
27350,-500,100,"bu","10:17:06",724500
27350,-500,200,"bu","10:16:59",724400
27350,-500,300,"bu","10:16:59",724200
27350,-500,500,"bu","10:16:43",723900
27350,-500,500,"bu","10:16:34",723400
27350,-500,700,"bu","10:16:21",722900
27350,-500,900,"bu","10:16:21",722200
27350,-500,100,"bu","10:16:14",721300
27350,-500,200,"bu","10:16:07",721200
27350,-500,200,"sd","10:16:06",721000
27350,-500,600,"sd","10:16:06",720800
27350,-500,1500,"sd","10:15:54",720200
27350,-500,2000,"bu","10:15:39",718700
27350,-500,900,"bu","10:15:39",716700
27350,-500,600,"bu","10:15:31",715800
27350,-500,200,"sd","10:15:19",715200
27350,-500,500,"sd","10:15:19",715000
27350,-500,200,"sd","10:15:19",714500
27350,-500,1000,"sd","10:15:19",714300
27350,-500,1300,"sd","10:15:19",713300
27350,-500,8700,"sd","10:14:55",712000
27350,-500,100,"sd","10:14:55",703300
27350,-500,100,"sd","10:14:55",703200
27350,-500,300,"sd","10:14:55",703100
27350,-500,200,"sd","10:14:55",702800
27350,-500,300,"sd","10:14:55",702600
27350,-500,300,"sd","10:14:55",702300
27350,-500,2200,"sd","10:14:55",702000
27350,-500,500,"sd","10:14:55",699800
27350,-500,2000,"sd","10:14:55",699300
27350,-500,300,"sd","10:14:55",697300
27400,-450,1000,"bu","10:14:52",697000
27400,-450,200,"bu","10:14:43",696000
27400,-450,1000,"bu","10:14:25",695800
27400,-450,300,"bu","10:14:19",694800
27400,-450,1000,"bu","10:14:06",694500
27350,-500,700,"sd","10:13:18",693500
27350,-500,300,"sd","10:13:18",692800
27350,-500,200,"sd","10:12:43",692500
27350,-500,1300,"sd","10:12:43",692300
27400,-450,300,"bu","10:12:06",691000
27400,-450,100,"bu","10:11:57",690700
27400,-450,200,"bu","10:11:52",690600
27400,-450,200,"bu","10:11:49",690400
27400,-450,500,"bu","10:11:45",690200
27400,-450,2000,"bu","10:11:42",689700
27400,-450,700,"bu","10:11:26",687700
27400,-450,200,"bu","10:11:26",687000
27400,-450,100,"bu","10:11:26",686800
27400,-450,500,"bu","10:11:26",686700
27400,-450,500,"bu","10:11:26",686200
27350,-500,5500,"sd","10:10:50",685700
27350,-500,200,"sd","10:10:33",680200
27350,-500,1600,"sd","10:10:33",680000
27350,-500,2000,"sd","10:10:33",678400
27350,-500,1700,"sd","10:10:33",676400
27350,-500,300,"bu","10:09:59",674700
27300,-550,400,"sd","10:09:44",674400
27300,-550,100,"sd","10:09:44",674000
27300,-550,100,"bu","10:09:40",673900
27300,-550,300,"bu","10:09:40",673800
27250,-600,500,"bu","10:09:27",673500
27250,-600,200,"bu","10:09:27",673000
27250,-600,4100,"bu","10:09:27",672800
27200,-650,700,"sd","10:09:24",668700
27200,-650,500,"sd","10:09:24",668000
27200,-650,100,"sd","10:09:24",667500
27200,-650,200,"sd","10:09:24",667400
27200,-650,100,"sd","10:09:24",667200
27200,-650,300,"sd","10:09:24",667100
27200,-650,500,"sd","10:09:24",666800
27200,-650,900,"sd","10:09:24",666300
27200,-650,100,"sd","10:09:24",665400
27200,-650,1500,"sd","10:09:24",665300
27200,-650,500,"sd","10:09:24",663800
27200,-650,100,"sd","10:09:24",663300
27200,-650,500,"sd","10:09:24",663200
27200,-650,500,"sd","10:09:24",662700
27200,-650,1000,"sd","10:09:24",662200
27200,-650,500,"sd","10:09:24",661200
27250,-600,100,"bu","10:09:21",660700
27200,-650,500,"sd","10:08:52",660600
27250,-600,500,"bu","10:08:51",660100
27250,-600,100,"bu","10:08:48",659600
27250,-600,200,"bu","10:08:40",659500
27200,-650,2000,"sd","10:08:39",659300
27200,-650,3400,"sd","10:08:39",657300
27200,-650,1000,"sd","10:08:39",653900
27200,-650,1000,"sd","10:08:39",652900
27200,-650,700,"sd","10:08:39",651900
27200,-650,300,"sd","10:08:20",651200
27200,-650,100,"sd","10:08:20",650900
27250,-600,100,"sd","10:08:20",650800
27200,-650,600,"sd","10:08:10",650700
27200,-650,500,"sd","10:08:06",650100
27200,-650,1500,"sd","10:07:56",649600
27250,-600,1000,"bu","10:07:55",648100
27200,-650,2000,"sd","10:07:53",647100
27250,-600,1400,"bu","10:07:49",645100
27250,-600,200,"bu","10:07:47",643700
27200,-650,200,"sd","10:07:44",643500
27200,-650,300,"sd","10:07:44",643300
27200,-650,300,"sd","10:07:38",643000
27200,-650,3000,"sd","10:07:38",642700
27200,-650,1000,"sd","10:07:38",639700
27200,-650,5000,"sd","10:07:38",638700
27200,-650,200,"sd","10:07:38",633700
27250,-600,200,"sd","10:07:38",633500
27250,-600,3500,"sd","10:07:38",633300
27250,-600,100,"sd","10:07:38",629800
27250,-600,400,"sd","10:07:38",629700
27250,-600,1300,"sd","10:07:38",629300
27300,-550,300,"bu","10:07:16",628000
27300,-550,500,"bu","10:07:13",627700
27300,-550,500,"bu","10:07:00",627200
27250,-600,1700,"sd","10:06:58",626700
27250,-600,300,"sd","10:06:58",625000
27250,-600,3000,"sd","10:06:53",624700
27250,-600,1700,"sd","10:06:51",621700
27250,-600,5000,"sd","10:06:51",620000
27250,-600,200,"sd","10:06:51",615000
27250,-600,100,"sd","10:06:51",614800
27300,-550,1000,"sd","10:06:51",614700
27300,-550,1100,"sd","10:06:49",613700
27350,-500,100,"bu","10:06:39",612600
27300,-550,1000,"sd","10:06:30",612500
27300,-550,2000,"sd","10:06:30",611500
27300,-550,1000,"sd","10:06:30",609500
27300,-550,500,"sd","10:06:30",608500
27300,-550,300,"sd","10:06:30",608000
27300,-550,200,"sd","10:06:30",607700
27300,-550,400,"sd","10:06:26",607500
27300,-550,700,"sd","10:06:26",607100
27300,-550,1000,"sd","10:06:26",606400
27300,-550,1000,"sd","10:06:26",605400
27300,-550,3000,"sd","10:06:26",604400
27300,-550,10000,"sd","10:06:26",601400
27300,-550,500,"sd","10:06:26",591400
27300,-550,500,"sd","10:06:26",590900
27300,-550,700,"sd","10:06:26",590400
27300,-550,5000,"sd","10:06:26",589700
27300,-550,5000,"sd","10:06:26",584700
27300,-550,800,"sd","10:06:26",579700
27300,-550,200,"sd","10:06:26",578900
27300,-550,5000,"sd","10:06:26",578700
27300,-550,300,"sd","10:06:26",573700
27300,-550,100,"sd","10:06:26",573400
27300,-550,1000,"sd","10:06:26",573300
27300,-550,4100,"sd","10:06:26",572300
27300,-550,500,"sd","10:06:26",568200
27300,-550,1000,"sd","10:06:26",567700
27300,-550,400,"sd","10:06:26",566700
27300,-550,500,"sd","10:06:26",566300
27300,-550,1000,"sd","10:06:26",565800
27300,-550,1000,"sd","10:06:26",564800
27350,-500,200,"sd","10:06:16",563800
27350,-500,400,"sd","10:06:16",563600
27350,-500,500,"sd","10:06:16",563200
27350,-500,100,"sd","10:06:16",562700
27350,-500,5000,"sd","10:06:16",562600
27350,-500,100,"sd","10:06:16",557600
27350,-500,300,"sd","10:06:15",557500
27400,-450,100,"bu","10:05:37",557200
27400,-450,400,"bu","10:04:54",557100
27400,-450,100,"bu","10:04:54",556700
27350,-500,100,"sd","10:04:36",556600
27350,-500,2000,"sd","10:04:25",556500
27350,-500,400,"sd","10:04:23",554500
27400,-450,100,"bu","10:04:22",554100
27400,-450,300,"bu","10:04:12",554000
27400,-450,4700,"bu","10:04:12",553700
27400,-450,200,"bu","10:04:04",549000
27400,-450,100,"bu","10:03:54",548800
27400,-450,100,"bu","10:03:54",548700
27400,-450,4000,"sd","10:03:41",548600
27400,-450,1000,"sd","10:03:41",544600
27400,-450,100,"sd","10:03:41",543600
27400,-450,100,"sd","10:03:41",543500
27400,-450,3700,"sd","10:03:41",543400
27400,-450,5000,"sd","10:03:33",539700
27400,-450,1000,"sd","10:03:08",534700
27400,-450,300,"sd","10:02:47",533700
27350,-500,4500,"bu","10:02:20",533400
27350,-500,2600,"bu","10:02:20",528900
27350,-500,500,"bu","10:02:18",526300
27350,-500,1000,"bu","10:02:15",525800
27350,-500,300,"bu","10:02:14",524800
27350,-500,100,"bu","10:02:13",524500
27350,-500,100,"bu","10:02:08",524400
27300,-550,6900,"sd","10:02:05",524300
27300,-550,3000,"sd","10:02:05",517400
27300,-550,1000,"sd","10:02:05",514400
27300,-550,100,"sd","10:02:05",513400
27350,-500,200,"bu","10:01:59",513300
27350,-500,300,"bu","10:01:48",513100
27350,-500,5000,"sd","10:01:39",512800
27350,-500,100,"sd","10:01:39",507800
27350,-500,1000,"sd","10:01:39",507700
27350,-500,1000,"sd","10:01:39",506700
27350,-500,100,"sd","10:01:39",505700
27350,-500,100,"sd","10:01:39",505600
27350,-500,1000,"sd","10:01:39",505500
27350,-500,200,"sd","10:01:39",504500
27350,-500,1800,"sd","10:01:39",504300
27350,-500,8200,"sd","10:01:39",502500
27400,-450,1400,"sd","10:01:39",494300
27400,-450,200,"bu","10:01:38",492900
27400,-450,400,"bu","10:01:38",492700
27400,-450,600,"sd","10:01:25",492300
27400,-450,400,"sd","10:01:14",491700
27400,-450,4700,"sd","10:01:03",491300
27400,-450,5300,"sd","10:00:44",486600
27400,-450,100,"sd","10:00:44",481300
27400,-450,9600,"sd","10:00:44",481200
27450,-400,400,"bu","10:00:23",471600
27450,-400,200,"bu","10:00:23",471200
27450,-400,300,"bu","10:00:23",471000
27450,-400,100,"bu","10:00:23",470700
27400,-450,400,"bu","10:00:21",470600
27400,-450,100,"bu","10:00:19",470200
27400,-450,500,"sd","10:00:17",470100
27400,-450,100,"sd","10:00:17",469600
27400,-450,100,"sd","10:00:17",469500
27400,-450,500,"sd","10:00:17",469400
27400,-450,100,"sd","10:00:17",468900
27400,-450,100,"sd","10:00:17",468800
27400,-450,5000,"sd","10:00:17",468700
27400,-450,100,"sd","10:00:17",463700
27400,-450,200,"sd","10:00:17",463600
27400,-450,100,"sd","10:00:17",463400
27400,-450,100,"sd","10:00:17",463300
27400,-450,300,"sd","10:00:17",463200
27400,-450,100,"sd","10:00:17",462900
27400,-450,100,"sd","10:00:17",462800
27400,-450,200,"sd","10:00:17",462700
27400,-450,100,"sd","10:00:17",462500
27400,-450,1900,"sd","10:00:05",462400
27400,-450,100,"sd","10:00:05",460500
27450,-400,100,"bu","10:00:02",460400
27450,-400,500,"bu","09:59:55",460300
27450,-400,1200,"bu","09:59:43",459800
27400,-450,1500,"sd","09:59:12",458600
27400,-450,300,"sd","09:59:12",457100
27450,-400,100,"bu","09:59:06",456800
27450,-400,400,"bu","09:59:06",456700
27450,-400,2500,"bu","09:59:06",456300
27450,-400,100,"bu","09:58:55",453800
27450,-400,500,"bu","09:58:47",453700
27450,-400,2700,"bu","09:58:42",453200
27450,-400,200,"bu","09:58:40",450500
27450,-400,700,"bu","09:58:34",450300
27450,-400,2000,"bu","09:58:33",449600
27450,-400,5000,"bu","09:58:25",447600
27450,-400,100,"bu","09:58:20",442600
27450,-400,500,"bu","09:58:04",442500
27450,-400,100,"bu","09:58:01",442000
27450,-400,700,"bu","09:57:57",441900
27450,-400,5000,"bu","09:57:53",441200
27450,-400,200,"bu","09:57:53",436200
27450,-400,100,"bu","09:57:53",436000
27450,-400,100,"bu","09:57:53",435900
27450,-400,3000,"sd","09:57:53",435800
27450,-400,300,"sd","09:57:53",432800
27450,-400,2000,"sd","09:57:53",432500
27450,-400,100,"sd","09:57:53",430500
27450,-400,300,"sd","09:57:53",430400
27450,-400,500,"sd","09:57:53",430100
27450,-400,6900,"sd","09:57:53",429600
27500,-350,100,"bu","09:57:30",422700
27450,-400,100,"sd","09:57:27",422600
27500,-350,3000,"bu","09:57:06",422500
27450,-400,2500,"sd","09:56:59",419500
27500,-350,400,"bu","09:56:49",417000
27500,-350,100,"bu","09:56:49",416600
27450,-400,500,"sd","09:56:49",416500
27450,-400,400,"sd","09:56:49",416000
27450,-400,100,"sd","09:56:49",415600
27500,-350,100,"bu","09:56:34",415500
27500,-350,500,"bu","09:56:33",415400
27450,-400,300,"sd","09:56:16",414900
27450,-400,500,"bu","09:55:55",414600
27400,-450,400,"sd","09:55:38",414100
27400,-450,300,"bu","09:55:27",413700
27400,-450,200,"bu","09:55:25",413400
27400,-450,1000,"bu","09:55:25",413200
27400,-450,1800,"bu","09:55:25",412200
27400,-450,100,"bu","09:55:24",410400
27400,-450,500,"bu","09:55:23",410300
27350,-500,200,"sd","09:55:22",409800
27350,-500,200,"sd","09:55:22",409600
27400,-450,200,"bu","09:55:20",409400
27400,-450,500,"bu","09:55:20",409200
27400,-450,500,"bu","09:55:18",408700
27400,-450,1000,"bu","09:55:17",408200
27400,-450,5400,"bu","09:55:11",407200
27400,-450,1000,"bu","09:55:11",401800
27400,-450,1900,"bu","09:55:11",400800
27400,-450,3700,"bu","09:55:11",398900
27400,-450,300,"bu","09:55:09",395200
27400,-450,700,"bu","09:55:09",394900
27400,-450,1000,"bu","09:55:09",394200
27400,-450,600,"bu","09:55:06",393200
27400,-450,1000,"bu","09:55:03",392600
27400,-450,100,"bu","09:55:01",391600
27400,-450,500,"bu","09:55:00",391500
27400,-450,1000,"bu","09:54:55",391000
27400,-450,100,"bu","09:54:52",390000
27400,-450,200,"bu","09:54:31",389900
27400,-450,2000,"bu","09:54:27",389700
27400,-450,100,"bu","09:54:10",387700
27400,-450,1000,"bu","09:54:04",387600
27350,-500,11400,"sd","09:54:00",386600
27350,-500,500,"sd","09:54:00",375200
27350,-500,200,"sd","09:54:00",374700
27350,-500,500,"sd","09:54:00",374500
27350,-500,100,"sd","09:54:00",374000
27350,-500,100,"sd","09:54:00",373900
27350,-500,100,"sd","09:54:00",373800
27350,-500,2000,"sd","09:54:00",373700
27350,-500,400,"sd","09:54:00",371700
27350,-500,4700,"sd","09:54:00",371300
27400,-450,100,"bu","09:53:47",366600
27400,-450,100,"bu","09:53:40",366500
27350,-500,300,"sd","09:53:39",366400
27350,-500,200,"sd","09:53:39",366100
27400,-450,2200,"bu","09:53:28",365900
27400,-450,400,"bu","09:53:28",363700
27350,-500,100,"sd","09:53:19",363300
27350,-500,100,"sd","09:53:19",363200
27350,-500,100,"sd","09:53:19",363100
27350,-500,1700,"sd","09:53:19",363000
27350,-500,1300,"sd","09:53:01",361300
27350,-500,200,"sd","09:52:40",360000
27350,-500,1000,"sd","09:52:35",359800
27350,-500,500,"sd","09:52:23",358800
27400,-450,100,"bu","09:52:20",358300
27350,-500,300,"sd","09:52:20",358200
27350,-500,100,"sd","09:52:20",357900
27400,-450,300,"bu","09:52:15",357800
27350,-500,700,"sd","09:52:15",357500
27350,-500,1000,"sd","09:52:15",356800
27350,-500,100,"sd","09:52:15",355800
27350,-500,300,"sd","09:52:15",355700
27350,-500,800,"sd","09:52:15",355400
27400,-450,1000,"bu","09:52:07",354600
27350,-500,100,"sd","09:52:04",353600
27400,-450,100,"bu","09:51:59",353500
27400,-450,1200,"bu","09:51:48",353400
27400,-450,2000,"bu","09:51:48",352200
27400,-450,1800,"bu","09:51:48",350200
27350,-500,2600,"sd","09:51:28",348400
27350,-500,800,"sd","09:51:19",345800
27350,-500,500,"sd","09:51:19",345000
27350,-500,1000,"sd","09:51:19",344500
27350,-500,500,"sd","09:51:19",343500
27350,-500,100,"sd","09:51:19",343000
27350,-500,500,"sd","09:51:19",342900
27350,-500,100,"sd","09:51:19",342400
27350,-500,300,"sd","09:51:19",342300
27350,-500,500,"sd","09:51:19",342000
27350,-500,700,"sd","09:51:19",341500
27350,-500,900,"sd","09:50:57",340800
27350,-500,1400,"sd","09:50:46",339900
27350,-500,500,"sd","09:50:46",338500
27350,-500,100,"sd","09:50:46",338000
27400,-450,200,"sd","09:50:41",337900
27400,-450,500,"sd","09:50:41",337700
27400,-450,100,"sd","09:50:41",337200
27400,-450,100,"sd","09:50:41",337100
27400,-450,100,"sd","09:50:41",337000
27400,-450,100,"sd","09:50:41",336900
27400,-450,200,"sd","09:50:41",336800
27400,-450,200,"sd","09:50:41",336600
27400,-450,100,"sd","09:50:41",336400
27400,-450,500,"sd","09:50:41",336300
27400,-450,800,"sd","09:50:41",335800
27400,-450,1000,"sd","09:50:41",335000
27400,-450,200,"sd","09:50:41",334000
27400,-450,100,"sd","09:50:41",333800
27400,-450,500,"sd","09:50:39",333700
27400,-450,1500,"sd","09:50:39",333200
27400,-450,1500,"sd","09:50:32",331700
27400,-450,300,"sd","09:50:32",330200
27400,-450,8000,"sd","09:50:32",329900
27400,-450,2000,"sd","09:50:32",321900
27400,-450,500,"sd","09:50:32",319900
27400,-450,700,"sd","09:50:32",319400
27400,-450,100,"sd","09:50:28",318700
27400,-450,1000,"sd","09:50:27",318600
27400,-450,3200,"sd","09:50:24",317600
27400,-450,500,"sd","09:50:24",314400
27400,-450,1000,"sd","09:50:24",313900
27400,-450,300,"sd","09:50:24",312900
27400,-450,700,"sd","09:50:10",312600
27400,-450,3000,"sd","09:50:10",311900
27400,-450,300,"sd","09:50:10",308900
27400,-450,400,"sd","09:50:02",308600
27400,-450,100,"sd","09:50:02",308200
27400,-450,100,"sd","09:50:02",308100
27400,-450,400,"sd","09:50:02",308000
27400,-450,1500,"sd","09:49:57",307600
27400,-450,3000,"sd","09:49:57",306100
27450,-400,500,"sd","09:49:57",303100
27400,-450,1000,"sd","09:49:49",302600
27400,-450,1000,"sd","09:49:30",301600
27400,-450,1000,"sd","09:49:30",300600
27450,-400,400,"sd","09:48:57",299600
27450,-400,100,"sd","09:48:57",299200
27450,-400,500,"sd","09:48:57",299100
27450,-400,300,"sd","09:48:57",298600
27500,-350,700,"sd","09:48:30",298300
27450,-400,700,"sd","09:48:25",297600
27450,-400,1000,"sd","09:48:25",296900
27450,-400,600,"sd","09:48:25",295900
27450,-400,500,"sd","09:48:25",295300
27450,-400,500,"sd","09:48:25",294800
27450,-400,1000,"sd","09:48:25",294300
27450,-400,5000,"sd","09:48:25",293300
27450,-400,100,"sd","09:48:25",288300
27450,-400,500,"sd","09:48:25",288200
27500,-350,100,"sd","09:48:25",287700
27500,-350,200,"sd","09:48:22",287600
27500,-350,500,"sd","09:48:22",287400
27500,-350,3500,"sd","09:48:22",286900
27500,-350,1000,"sd","09:48:11",283400
27500,-350,500,"sd","09:48:05",282400
27550,-300,200,"bu","09:48:04",281900
27500,-350,200,"sd","09:48:04",281700
27500,-350,1500,"sd","09:48:04",281500
27500,-350,200,"sd","09:48:03",280000
27500,-350,1800,"sd","09:47:42",279800
27500,-350,2900,"sd","09:47:38",278000
27500,-350,1000,"sd","09:47:38",275100
27500,-350,1100,"sd","09:47:38",274100
27500,-350,2400,"sd","09:47:28",273000
27500,-350,600,"sd","09:47:28",270600
27500,-350,400,"sd","09:47:23",270000
27550,-300,100,"bu","09:46:28",269600
27550,-300,700,"bu","09:46:05",269500
27550,-300,400,"bu","09:46:02",268800
27550,-300,100,"bu","09:46:02",268400
27500,-350,100,"sd","09:46:01",268300
27500,-350,1000,"sd","09:46:01",268200
27500,-350,100,"sd","09:46:01",267200
27500,-350,200,"sd","09:46:01",267100
27500,-350,2000,"sd","09:46:01",266900
27500,-350,100,"sd","09:46:01",264900
27500,-350,700,"sd","09:46:01",264800
27500,-350,500,"sd","09:46:01",264100
27500,-350,1000,"sd","09:46:01",263600
27500,-350,2000,"sd","09:46:01",262600
27500,-350,9200,"sd","09:46:01",260600
27500,-350,500,"sd","09:46:01",251400
27550,-300,100,"sd","09:45:50",250900
27550,-300,100,"sd","09:45:50",250800
27550,-300,1000,"sd","09:45:50",250700
27550,-300,200,"sd","09:45:47",249700
27550,-300,500,"sd","09:45:47",249500
27550,-300,100,"sd","09:45:47",249000
27550,-300,500,"sd","09:45:47",248900
27550,-300,100,"sd","09:45:47",248400
27550,-300,200,"sd","09:45:47",248300
27550,-300,6200,"sd","09:45:39",248100
27550,-300,1000,"sd","09:45:26",241900
27600,-250,100,"bu","09:45:14",240900
27600,-250,100,"bu","09:45:03",240800
27600,-250,200,"sd","09:44:44",240700
27600,-250,300,"sd","09:44:41",240500
27600,-250,100,"sd","09:44:18",240200
27600,-250,3000,"sd","09:43:58",240100
27600,-250,800,"bu","09:43:57",237100
27600,-250,200,"bu","09:43:57",236300
27600,-250,400,"bu","09:43:57",236100
27600,-250,1600,"bu","09:43:45",235700
27600,-250,3400,"bu","09:43:45",234100
27600,-250,500,"sd","09:42:24",230700
27600,-250,100,"sd","09:42:24",230200
27600,-250,300,"sd","09:42:24",230100
27600,-250,700,"sd","09:42:24",229800
27600,-250,100,"sd","09:42:24",229100
27600,-250,500,"bu","09:41:48",229000
27600,-250,600,"bu","09:41:48",228500
27600,-250,100,"bu","09:41:48",227900
27550,-300,3000,"sd","09:41:33",227800
27550,-300,600,"bu","09:41:26",224800
27550,-300,500,"bu","09:41:20",224200
27550,-300,100,"sd","09:41:18",223700
27550,-300,100,"sd","09:41:18",223600
27550,-300,200,"sd","09:41:18",223500
27550,-300,300,"sd","09:40:44",223300
27600,-250,100,"bu","09:40:33",223000
27600,-250,100,"bu","09:40:19",222900
27600,-250,200,"sd","09:39:26",222800
27600,-250,200,"sd","09:39:26",222600
27600,-250,100,"sd","09:39:26",222400
27600,-250,700,"sd","09:39:26",222300
27600,-250,2000,"sd","09:39:26",221600
27600,-250,200,"sd","09:39:26",219600
27600,-250,200,"sd","09:39:26",219400
27600,-250,200,"sd","09:39:26",219200
27600,-250,10000,"sd","09:39:26",219000
27650,-200,100,"sd","09:39:10",209000
27650,-200,200,"sd","09:39:10",208900
27650,-200,100,"sd","09:39:10",208700
27650,-200,10000,"sd","09:39:10",208600
27650,-200,1000,"sd","09:39:10",198600
27650,-200,500,"sd","09:39:10",197600
27650,-200,600,"sd","09:39:10",197100
27650,-200,2800,"sd","09:38:49",196500
27650,-200,500,"sd","09:38:49",193700
27700,-150,100,"bu","09:38:10",193200
27700,-150,2000,"sd","09:37:24",193100
27700,-150,1000,"sd","09:37:11",191100
27700,-150,1000,"sd","09:37:11",190100
27700,-150,100,"sd","09:37:11",189100
27700,-150,1000,"sd","09:37:11",189000
27700,-150,300,"sd","09:37:11",188000
27700,-150,500,"sd","09:37:11",187700
27700,-150,200,"sd","09:37:11",187200
27700,-150,200,"sd","09:37:11",187000
27700,-150,500,"sd","09:37:00",186800
27800,-50,100,"bu","09:36:04",186300
27800,-50,400,"bu","09:35:39",186200
27800,-50,600,"bu","09:35:39",185800
27700,-150,1300,"sd","09:35:34",185200
27700,-150,100,"sd","09:35:34",183900
27700,-150,600,"sd","09:35:34",183800
27800,-50,100,"sd","09:33:39",183200
27800,-50,2000,"bu","09:33:33",183100
27800,-50,1000,"bu","09:33:33",181100
27800,-50,5000,"bu","09:33:33",180100
27800,-50,100,"bu","09:33:33",175100
27750,-100,500,"bu","09:33:33",175000
27750,-100,500,"bu","09:33:33",174500
27750,-100,200,"bu","09:33:33",174000
27750,-100,600,"bu","09:33:33",173800
27750,-100,600,"bu","09:33:12",173200
27700,-150,1400,"sd","09:33:02",172600
27700,-150,3000,"sd","09:33:02",171200
27700,-150,2900,"sd","09:33:02",168200
27750,-100,300,"bu","09:32:44",165300
27750,-100,400,"bu","09:32:13",165000
27700,-150,100,"sd","09:32:06",164600
27750,-100,100,"bu","09:31:53",164500
27750,-100,500,"bu","09:31:53",164400
27750,-100,300,"bu","09:31:30",163900
27750,-100,100,"bu","09:30:44",163600
27750,-100,100,"bu","09:30:34",163500
27750,-100,500,"bu","09:30:34",163400
27750,-100,1400,"bu","09:30:34",162900
27750,-100,1000,"sd","09:29:37",161500
27750,-100,100,"sd","09:29:37",160500
27750,-100,500,"sd","09:29:37",160400
27750,-100,100,"sd","09:29:34",159900
27750,-100,400,"sd","09:29:00",159800
27750,-100,800,"sd","09:29:00",159400
27750,-100,200,"sd","09:28:41",158600
27800,-50,2900,"bu","09:28:14",158400
27800,-50,1000,"bu","09:28:14",155500
27800,-50,500,"bu","09:28:14",154500
27800,-50,1000,"bu","09:28:14",154000
27800,-50,300,"bu","09:28:14",153000
27800,-50,1300,"bu","09:28:14",152700
27800,-50,200,"bu","09:28:04",151400
27800,-50,1000,"bu","09:28:02",151200
27800,-50,1000,"bu","09:27:43",150200
27750,-100,200,"bu","09:26:48",149200
27800,-50,1500,"bu","09:26:48",149000
27800,-50,300,"bu","09:26:48",147500
27800,-50,200,"sd","09:26:23",147200
27800,-50,500,"bu","09:25:41",147000
27800,-50,1000,"bu","09:25:30",146500
27800,-50,100,"bu","09:25:22",145500
27400,-450,200,"sd","09:24:32",145400
27350,-500,300,"bu","09:23:59",145200
27350,-500,1100,"bu","09:23:59",144900
27350,-500,100,"bu","09:23:58",143800
27350,-500,500,"bu","09:23:57",143700
27350,-500,500,"bu","09:23:56",143200
27350,-500,300,"bu","09:23:55",142700
27350,-500,2000,"bu","09:23:53",142400
27300,-550,25000,"bu","09:23:47",140400
27300,-550,15800,"bu","09:23:47",115400
27300,-550,500,"bu","09:23:44",99600
27300,-550,100,"bu","09:23:43",99100
27300,-550,400,"bu","09:23:34",99000
27300,-550,1000,"bu","09:23:32",98600
27300,-550,100,"bu","09:23:32",97600
27300,-550,100,"bu","09:23:28",97500
27300,-550,100,"bu","09:23:24",97400
27300,-550,500,"bu","09:23:17",97300
27500,-350,2000,"bu","09:23:14",96800
27500,-350,2000,"sd","09:23:14",94800
27500,-350,10000,"sd","09:23:14",92800
27500,-350,5000,"sd","09:23:14",82800
27500,-350,5000,"sd","09:23:14",77800
27500,-350,100,"sd","09:23:14",72800
27500,-350,600,"sd","09:23:14",72700
27500,-350,200,"sd","09:23:14",72100
27500,-350,500,"sd","09:23:14",71900
27300,-550,1200,"sd","09:23:14",71400
27400,-450,2000,"sd","09:23:14",70200
27400,-450,1000,"sd","09:23:14",68200
27400,-450,1100,"sd","09:23:14",67200
27500,-350,2900,"sd","09:23:14",65100
27400,-450,1000,"sd","09:23:14",66100
27400,-450,1000,"sd","09:23:14",62200
27550,-300,5000,"sd","09:23:14",61200
27400,-450,1000,"sd","09:23:14",56200
27550,-300,100,"sd","09:23:14",55200
27400,-450,1000,"sd","09:23:14",55100
27600,-250,3000,"sd","09:23:14",54100
27600,-250,300,"sd","09:23:14",51100
27700,-150,100,"sd","09:23:14",50800
27700,-150,300,"sd","09:23:14",50700
27750,-100,500,"sd","09:23:14",50400
27750,-100,400,"sd","09:23:14",49900
27800,-50,10600,"sd","09:23:14",49500
27800,-50,1000,"sd","09:23:14",38900
27800,-50,1000,"sd","09:23:14",37900
27800,-50,1100,"sd","09:23:14",36800
27800,-50,100,"sd","09:23:14",36900
27850,0,500,"sd","09:23:14",35700
27650,-200,300,"sd","09:23:14",35200
27850,0,300,"sd","09:23:14",34900
27650,-200,100,"sd","09:23:14",34600
27700,-150,8000,"sd","09:23:14",34500
27700,-150,3000,"sd","09:23:14",26500
27700,-150,1000,"sd","09:23:14",23500
27700,-150,100,"sd","09:23:14",22500
27850,0,100,"sd","09:23:13",22400
27900,50,100,"bu","09:20:46",22300
27950,100,500,"bu","09:19:33",22200
27950,100,1200,"bu","09:19:19",21700
28000,150,300,"bu","09:15:30",20500
28000,150,200,"sd","09:15:28",20200
28000,150,300,"sd","09:15:07",20000
28000,150,500,"sd","09:15:07",19700
28000,150,100,"sd","09:15:06",19200
28050,200,19100,"bu","09:15:01",19100
