"price","change","match_qtty","side","time","total_vol"
16200,100,568900,"unknown","14:45:01",12702300
16250,150,500,"bu","14:29:55",12133400
16250,150,10000,"bu","14:29:50",12132900
16250,150,500,"bu","14:29:43",12122900
16250,150,2000,"bu","14:29:38",12122400
16250,150,200,"sd","14:29:36",12120400
16250,150,500,"sd","14:29:36",12120200
16250,150,100,"sd","14:29:36",12119700
16250,150,200,"sd","14:29:36",12119600
16250,150,600,"sd","14:29:36",12119400
16250,150,200,"sd","14:29:36",12118800
16250,150,10000,"sd","14:29:36",12118600
16250,150,300,"sd","14:29:36",12108600
16250,150,1100,"sd","14:29:36",12108300
16250,150,5000,"sd","14:29:26",12107200
16300,200,400,"bu","14:29:24",12102200
16300,200,1000,"bu","14:29:24",12101800
16300,200,1400,"bu","14:29:24",12100800
16300,200,1000,"bu","14:29:24",12099400
16300,200,4000,"bu","14:29:24",12098400
16300,200,200,"bu","14:29:24",12094400
16300,200,200,"bu","14:29:24",12094200
16300,200,5000,"bu","14:29:24",12094000
16300,200,500,"bu","14:29:24",12089000
16300,200,500,"bu","14:29:24",12088500
16300,200,600,"bu","14:29:24",12088000
16300,200,800,"bu","14:29:24",12087400
16300,200,200,"bu","14:29:24",12086600
16300,200,300,"bu","14:29:24",12086400
16300,200,500,"bu","14:29:24",12086100
16300,200,1000,"bu","14:29:24",12085600
16300,200,13100,"bu","14:29:24",12084600
16300,200,100,"bu","14:29:24",12071500
16300,200,1000,"bu","14:29:24",12071400
16300,200,1000,"bu","14:29:24",12070400
16300,200,1000,"bu","14:29:24",12069400
16300,200,10000,"bu","14:29:24",12068400
16300,200,3100,"bu","14:29:24",12058400
16300,200,2100,"bu","14:29:24",12055300
16300,200,1000,"bu","14:29:24",12053200
16250,150,200,"sd","14:29:21",12052200
16250,150,500,"sd","14:29:21",12052000
16250,150,300,"sd","14:29:21",12051500
16250,150,700,"sd","14:29:17",12051200
16250,150,1000,"sd","14:29:16",12050500
16250,150,500,"sd","14:29:16",12049500
16250,150,3500,"sd","14:29:16",12049000
16250,150,1500,"sd","14:29:10",12045500
16250,150,15500,"sd","14:29:10",12044000
16300,200,1000,"bu","14:29:10",12028500
16300,200,300,"bu","14:29:10",12027500
16300,200,1000,"bu","14:29:10",12027200
16300,200,100,"bu","14:29:10",12026200
16300,200,200,"bu","14:29:10",12026100
16300,200,3000,"bu","14:29:10",12025900
16300,200,500,"bu","14:29:10",12022900
16300,200,1000,"bu","14:29:10",12022400
16300,200,300,"bu","14:29:10",12021400
16300,200,100,"bu","14:29:10",12021100
16300,200,500,"bu","14:29:10",12021000
16300,200,15100,"bu","14:29:10",12020500
16300,200,1000,"bu","14:29:10",12005400
16300,200,100,"bu","14:29:10",12004400
16300,200,1000,"bu","14:29:10",12004300
16300,200,1000,"bu","14:29:10",12003300
16300,200,10000,"bu","14:29:10",12002300
16300,200,400,"bu","14:29:10",11992300
16300,200,1000,"bu","14:29:10",11991900
16300,200,100,"bu","14:29:10",11990900
16300,200,300,"bu","14:29:10",11990800
16300,200,500,"bu","14:29:10",11990500
16300,200,100,"bu","14:29:10",11990000
16300,200,2000,"bu","14:29:10",11989900
16300,200,500,"bu","14:29:10",11987900
16300,200,1500,"bu","14:29:10",11987400
16300,200,1000,"bu","14:29:10",11985900
16300,200,500,"bu","14:29:10",11984900
16300,200,200,"bu","14:29:10",11984400
16300,200,300,"bu","14:29:10",11984200
16300,200,1000,"bu","14:29:10",11983900
16300,200,4000,"bu","14:29:10",11982900
16300,200,400,"bu","14:29:10",11978900
16300,200,100,"bu","14:29:08",11978500
16300,200,200,"bu","14:29:08",11978400
16250,150,1000,"sd","14:29:06",11978200
16250,150,3500,"bu","14:29:03",11977200
16250,150,300,"bu","14:29:03",11973700
16200,100,800,"sd","14:29:01",11973400
16250,150,1200,"bu","14:28:59",11972600
16250,150,200,"bu","14:28:59",11971400
16250,150,100,"bu","14:28:59",11971200
16250,150,10000,"bu","14:28:59",11971100
16250,150,1000,"bu","14:28:59",11961100
16250,150,1000,"bu","14:28:59",11960100
16250,150,1000,"bu","14:28:59",11959100
16250,150,1000,"bu","14:28:59",11958100
16250,150,500,"bu","14:28:59",11957100
16250,150,100,"bu","14:28:59",11956600
16250,150,13900,"bu","14:28:59",11956500
16250,150,2000,"bu","14:28:57",11942600
16250,150,1900,"bu","14:28:56",11940600
16250,150,5000,"bu","14:28:54",11938700
16250,150,2000,"bu","14:28:54",11933700
16250,150,3000,"bu","14:28:51",11931700
16200,100,200,"sd","14:28:50",11928700
16250,150,100,"bu","14:28:50",11928500
16200,100,100,"sd","14:28:48",11928400
16250,150,200,"bu","14:28:47",11928300
16200,100,7000,"sd","14:28:45",11928100
16250,150,900,"bu","14:28:43",11921100
16250,150,500,"bu","14:28:41",11920200
16250,150,100,"bu","14:28:41",11919700
16250,150,100,"bu","14:28:41",11919600
16250,150,1000,"bu","14:28:41",11919500
16250,150,100,"bu","14:28:41",11918500
16250,150,200,"bu","14:28:41",11918400
16200,100,500,"sd","14:28:35",11918200
16250,150,900,"bu","14:28:33",11917700
16250,150,19100,"bu","14:28:33",11916800
16250,150,900,"bu","14:28:29",11897700
16250,150,500,"bu","14:28:29",11896800
16250,150,5000,"bu","14:28:29",11896300
16250,150,500,"bu","14:28:29",11891300
16250,150,500,"bu","14:28:29",11890800
16250,150,12600,"bu","14:28:29",11890300
16250,150,2000,"bu","14:28:28",11877700
16250,150,400,"bu","14:28:27",11875700
16250,150,1600,"bu","14:28:27",11875300
16200,100,5500,"sd","14:28:18",11873700
16250,150,400,"bu","14:28:15",11868200
16250,150,200,"bu","14:28:15",11867800
16250,150,200,"bu","14:28:15",11867600
16250,150,600,"bu","14:28:15",11867400
16250,150,400,"bu","14:28:15",11866800
16250,150,500,"bu","14:28:14",11866400
16250,150,100,"bu","14:28:14",11865900
16250,150,1000,"bu","14:28:12",11865800
16250,150,3000,"bu","14:28:05",11864800
16250,150,2000,"bu","14:28:04",11861800
16250,150,7000,"bu","14:28:01",11859800
16250,150,2000,"bu","14:28:01",11852800
16250,150,41000,"bu","14:28:01",11850800
16250,150,100,"bu","14:27:56",11809800
16200,100,100,"sd","14:27:53",11809700
16250,150,200,"bu","14:27:52",11809600
16250,150,400,"bu","14:27:41",11809400
16200,100,900,"sd","14:27:41",11809000
16250,150,4000,"bu","14:27:39",11808100
16250,150,800,"bu","14:27:33",11804100
16250,150,2000,"bu","14:27:22",11803300
16250,150,9300,"bu","14:27:22",11801300
16250,150,100,"bu","14:27:22",11792000
16250,150,3500,"bu","14:27:22",11791900
16250,150,2000,"bu","14:27:22",11788400
16250,150,100,"bu","14:27:22",11786400
16250,150,100,"bu","14:27:22",11786300
16250,150,1500,"bu","14:27:22",11786200
16250,150,10000,"bu","14:27:22",11784700
16250,150,10000,"bu","14:27:22",11774700
16250,150,3000,"bu","14:27:22",11764700
16250,150,6100,"bu","14:27:22",11761700
16250,150,2000,"bu","14:27:22",11755600
16250,150,10000,"bu","14:27:22",11753600
16250,150,300,"bu","14:27:22",11743600
16250,150,10000,"bu","14:27:22",11743300
16250,150,43900,"bu","14:27:16",11733300
16250,150,5000,"bu","14:27:16",11689400
16250,150,1100,"bu","14:27:16",11684400
16200,100,500,"sd","14:27:15",11683300
16200,100,1300,"sd","14:27:09",11682800
16200,100,100,"sd","14:27:08",11681500
16250,150,10200,"bu","14:27:07",11681400
16200,100,2700,"sd","14:26:50",11671200
16200,100,200,"sd","14:26:50",11668500
16200,100,1000,"sd","14:26:50",11668300
16200,100,300,"sd","14:26:50",11667300
16200,100,300,"sd","14:26:50",11667000
16200,100,10000,"sd","14:26:50",11666700
16200,100,200,"sd","14:26:50",11656700
16200,100,100,"sd","14:26:50",11656500
16200,100,1000,"sd","14:26:50",11656400
16200,100,20500,"sd","14:26:50",11655400
16200,100,14700,"sd","14:26:50",11634900
16250,150,300,"bu","14:26:38",11620200
16200,100,100,"sd","14:26:33",11619900
16250,150,38400,"bu","14:26:33",11619800
16250,150,10400,"bu","14:26:33",11581400
16250,150,1200,"bu","14:26:33",11571000
16200,100,3000,"sd","14:26:13",11569800
16250,150,1300,"bu","14:26:08",11566800
16250,150,7500,"bu","14:26:08",11565500
16250,150,5000,"bu","14:26:08",11558000
16250,150,2700,"bu","14:26:08",11553000
16250,150,1000,"bu","14:26:08",11550300
16250,150,10000,"bu","14:26:08",11549300
16250,150,100,"bu","14:26:08",11539300
16250,150,1000,"bu","14:26:08",11539200
16250,150,2700,"bu","14:26:08",11538200
16250,150,6000,"bu","14:25:53",11535500
16250,150,1000,"bu","14:25:50",11529500
16250,150,20000,"sd","14:25:49",11528500
16250,150,300,"sd","14:25:49",11508500
16250,150,100,"sd","14:25:46",11508200
16250,150,300,"sd","14:25:46",11508100
16250,150,300,"sd","14:25:43",11507800
16250,150,100,"sd","14:25:38",11507500
16250,150,400,"sd","14:25:38",11507400
16250,150,100,"sd","14:25:29",11507000
16200,100,2200,"sd","14:25:24",11506900
16200,100,200,"sd","14:25:24",11504700
16200,100,40600,"sd","14:25:24",11504500
16250,150,400,"sd","14:25:24",11463900
16250,150,100000,"sd","14:25:24",11463500
16250,150,2700,"sd","14:25:24",11363500
16250,150,3900,"sd","14:25:24",11360800
16250,150,10000,"sd","14:25:20",11356900
16250,150,10000,"sd","14:25:16",11346900
16250,150,1000,"bu","14:25:15",11336900
16250,150,1500,"bu","14:25:15",11335900
16250,150,2000,"bu","14:25:15",11334400
16250,150,1500,"bu","14:25:15",11332400
16250,150,100,"bu","14:25:15",11330900
16250,150,300,"bu","14:25:14",11330800
16250,150,300,"bu","14:25:14",11330500
16250,150,4400,"bu","14:25:14",11330200
16250,150,600,"bu","14:25:13",11325800
16250,150,100,"bu","14:25:13",11325200
16250,150,500,"bu","14:25:13",11325100
16250,150,100,"bu","14:25:13",11324600
16250,150,18700,"bu","14:25:13",11324500
16250,150,1000,"bu","14:25:13",11305800
16250,150,10300,"bu","14:25:11",11304800
16250,150,100,"bu","14:25:11",11294500
16250,150,500,"bu","14:25:11",11294400
16250,150,200,"bu","14:25:11",11293900
16250,150,3000,"bu","14:25:11",11293700
16250,150,3500,"bu","14:25:11",11290700
16250,150,500,"bu","14:25:11",11287200
16250,150,200,"bu","14:25:11",11286700
16250,150,1700,"bu","14:25:11",11286500
16250,150,3300,"bu","14:25:06",11284800
16250,150,10000,"bu","14:25:06",11281500
16250,150,500,"bu","14:25:06",11271500
16250,150,9000,"bu","14:25:06",11271000
16250,150,1500,"bu","14:25:06",11262000
16250,150,300,"bu","14:25:06",11260500
16250,150,100,"bu","14:25:06",11260200
16250,150,300,"bu","14:25:06",11260100
16250,150,5000,"bu","14:25:06",11259800
16250,150,100,"bu","14:25:06",11254800
16250,150,10000,"bu","14:25:06",11254700
16250,150,9700,"bu","14:25:06",11244700
16250,150,200,"bu","14:25:06",11235000
16250,150,300,"bu","14:25:01",11234800
16250,150,4700,"bu","14:25:01",11234500
16200,100,400,"sd","14:24:58",11229800
16200,100,200,"sd","14:24:42",11229400
16250,150,5300,"bu","14:24:42",11229200
16250,150,200,"bu","14:24:42",11223900
16250,150,1000,"bu","14:24:42",11223700
16250,150,500,"bu","14:24:42",11222700
16250,150,3000,"bu","14:24:42",11222200
16200,100,2000,"sd","14:24:29",11219200
16200,100,3000,"sd","14:24:23",11217200
16250,150,400,"bu","14:24:21",11214200
16200,100,600,"sd","14:24:08",11213800
16200,100,1500,"sd","14:24:05",11213200
16200,100,1700,"sd","14:24:02",11211700
16200,100,300,"sd","14:24:02",11210000
16200,100,200,"sd","14:23:54",11209700
16250,150,4100,"bu","14:23:50",11209500
16200,100,300,"bu","14:23:50",11205400
16200,100,600,"bu","14:23:50",11205100
16200,100,400,"bu","14:23:42",11204500
16200,100,100,"bu","14:23:40",11204100
16150,50,2500,"sd","14:23:39",11204000
16200,100,1000,"bu","14:23:39",11201500
16200,100,7900,"bu","14:23:35",11200500
16200,100,12100,"bu","14:23:35",11192600
16200,100,2000,"sd","14:23:33",11180500
16200,100,3000,"sd","14:23:33",11178500
16200,100,2000,"sd","14:23:33",11175500
16200,100,700,"sd","14:23:33",11173500
16200,100,2000,"sd","14:23:33",11172800
16200,100,200,"sd","14:23:33",11170800
16200,100,1500,"sd","14:23:33",11170600
16200,100,600,"sd","14:23:33",11169100
16200,100,2000,"sd","14:23:33",11168500
16200,100,13900,"sd","14:23:33",11166500
16200,100,4800,"sd","14:23:32",11152600
16200,100,1300,"sd","14:23:29",11147800
16200,100,100,"sd","14:23:29",11146500
16200,100,1900,"sd","14:23:29",11146400
16200,100,500,"sd","14:23:29",11144500
16200,100,1000,"sd","14:23:29",11144000
16200,100,200,"sd","14:23:29",11143000
16200,100,3000,"sd","14:23:27",11142800
16200,100,2200,"sd","14:23:27",11139800
16200,100,1400,"sd","14:23:27",11137600
16200,100,500,"sd","14:23:27",11136200
16200,100,400,"sd","14:23:27",11135700
16200,100,1500,"sd","14:23:27",11135300
16200,100,1000,"sd","14:23:27",11133800
16200,100,800,"sd","14:23:16",11132800
16200,100,200,"sd","14:23:16",11132000
16200,100,4000,"sd","14:23:15",11131800
16200,100,6000,"sd","14:23:02",11127800
16200,100,3300,"sd","14:23:00",11121800
16200,100,1000,"sd","14:23:00",11118500
16200,100,5000,"sd","14:23:00",11117500
16200,100,300,"sd","14:23:00",11112500
16200,100,25000,"sd","14:23:00",11112200
16200,100,100,"sd","14:23:00",11087200
16200,100,9300,"sd","14:23:00",11087100
16250,150,100,"bu","14:22:51",11077800
16200,100,100,"sd","14:22:43",11077700
16250,150,200,"bu","14:22:40",11077600
16250,150,100,"bu","14:22:40",11077400
16200,100,100,"sd","14:22:40",11077300
16250,150,400,"bu","14:22:34",11077200
16250,150,600,"bu","14:22:34",11076800
16250,150,200,"bu","14:22:33",11076200
16250,150,1000,"bu","14:22:33",11076000
16250,150,1000,"bu","14:22:33",11075000
16250,150,100,"bu","14:22:33",11074000
16250,150,400,"bu","14:22:33",11073900
16250,150,200,"bu","14:22:33",11073500
16250,150,500,"bu","14:22:33",11073300
16250,150,2000,"bu","14:22:33",11072800
16250,150,500,"bu","14:22:33",11070800
16250,150,300,"bu","14:22:33",11070300
16250,150,700,"bu","14:22:33",11070000
16250,150,500,"bu","14:22:33",11069300
16250,150,200,"bu","14:22:33",11068800
16200,100,10500,"sd","14:22:27",11068600
16200,100,6000,"sd","14:22:27",11058100
16200,100,200,"sd","14:22:27",11052100
16200,100,21800,"sd","14:22:27",11051900
16200,100,100,"sd","14:22:24",11030100
16250,150,300,"bu","14:22:22",11030000
16250,150,100,"bu","14:22:22",11029700
16250,150,1000,"bu","14:22:22",11029600
16250,150,100,"bu","14:22:20",11028600
16250,150,200,"bu","14:22:17",11028500
16250,150,1600,"bu","14:22:14",11028300
16250,150,1400,"bu","14:22:14",11026700
16250,150,400,"bu","14:22:12",11025300
16250,150,1000,"bu","14:22:12",11024900
16250,150,100,"bu","14:22:12",11023900
16250,150,18600,"bu","14:22:12",11023800
16250,150,100,"bu","14:22:12",11005200
16250,150,8000,"bu","14:22:12",11005100
16250,150,400,"bu","14:22:12",10997100
16250,150,300,"bu","14:22:12",10996700
16250,150,200,"bu","14:22:12",10996400
16250,150,2000,"bu","14:22:12",10996200
16250,150,2000,"bu","14:22:12",10994200
16250,150,300,"bu","14:22:12",10992200
16250,150,500,"bu","14:22:12",10991900
16250,150,3000,"bu","14:22:12",10991400
16250,150,300,"bu","14:22:12",10988400
16250,150,500,"bu","14:22:12",10988100
16250,150,2000,"bu","14:22:12",10987600
16250,150,100,"bu","14:22:12",10985600
16250,150,500,"bu","14:22:12",10985500
16250,150,1700,"bu","14:22:12",10985000
16250,150,8000,"bu","14:22:12",10983300
16250,150,400,"bu","14:22:10",10975300
16250,150,1000,"bu","14:22:01",10974900
16250,150,100,"bu","14:22:00",10973900
16250,150,400,"bu","14:22:00",10973800
16250,150,300,"bu","14:21:52",10973400
16250,150,200,"bu","14:21:52",10973100
16250,150,100,"bu","14:21:52",10972900
16250,150,400,"bu","14:21:52",10972800
16250,150,10000,"bu","14:21:42",10972400
16250,150,1000,"bu","14:21:42",10962400
16250,150,700,"bu","14:21:42",10961400
16250,150,500,"bu","14:21:42",10960700
16250,150,300,"bu","14:21:42",10960200
16250,150,1000,"bu","14:21:42",10959900
16250,150,100,"bu","14:21:42",10958900
16250,150,200,"bu","14:21:42",10958800
16250,150,200,"bu","14:21:42",10958600
16250,150,600,"bu","14:21:42",10958400
16250,150,800,"bu","14:21:42",10957800
16250,150,4600,"bu","14:21:42",10957000
16250,150,8200,"bu","14:21:37",10952400
16250,150,2000,"bu","14:21:37",10944200
16250,150,200,"bu","14:21:37",10942200
16250,150,1500,"bu","14:21:37",10942000
16250,150,500,"bu","14:21:37",10940500
16250,150,1000,"bu","14:21:37",10940000
16250,150,500,"bu","14:21:37",10939000
16250,150,11100,"bu","14:21:37",10938500
16200,100,200,"sd","14:21:34",10927400
16200,100,100,"sd","14:21:31",10927200
16200,100,100,"sd","14:21:30",10927100
16200,100,100,"sd","14:21:28",10927000
16200,100,3000,"sd","14:21:28",10926900
16250,150,300,"bu","14:21:28",10923900
16200,100,100,"sd","14:21:25",10923600
16200,100,500,"sd","14:21:21",10923500
16200,100,4000,"sd","14:21:18",10923000
16200,100,500,"sd","14:21:18",10919000
16200,100,500,"sd","14:21:17",10918500
16200,100,2000,"sd","14:21:14",10918000
16200,100,2000,"sd","14:21:11",10916000
16200,100,1300,"sd","14:21:10",10914000
16200,100,1500,"sd","14:21:08",10912700
16200,100,700,"bu","14:21:06",10911200
16200,100,500,"bu","14:21:06",10910500
16200,100,19000,"bu","14:21:06",10910000
16200,100,2500,"bu","14:21:06",10891000
16200,100,500,"bu","14:21:03",10888500
16200,100,10000,"bu","14:21:03",10888000
16200,100,1000,"bu","14:21:00",10878000
16200,100,600,"bu","14:21:00",10877000
16200,100,400,"sd","14:21:00",10876400
16200,100,1600,"sd","14:20:57",10876000
16200,100,10000,"sd","14:20:57",10874400
16200,100,1500,"sd","14:20:57",10864400
16200,100,1000,"sd","14:20:57",10862900
16200,100,5900,"sd","14:20:57",10861900
16200,100,1000,"sd","14:20:56",10856000
16200,100,3100,"sd","14:20:51",10855000
16200,100,1000,"sd","14:20:51",10851900
16200,100,900,"sd","14:20:51",10850900
16200,100,100,"sd","14:20:50",10850000
16200,100,300,"sd","14:20:50",10849900
16200,100,700,"sd","14:20:45",10849600
16200,100,2000,"sd","14:20:45",10848900
16200,100,200,"sd","14:20:45",10846900
16200,100,100,"sd","14:20:45",10846700
16200,100,3000,"sd","14:20:40",10846600
16200,100,1800,"sd","14:20:35",10843600
16200,100,7600,"sd","14:20:31",10841800
16200,100,1000,"sd","14:20:31",10834200
16200,100,1400,"sd","14:20:31",10833200
16200,100,400,"sd","14:20:30",10831800
16200,100,600,"sd","14:20:23",10831400
16200,100,1000,"sd","14:20:20",10830800
16200,100,3100,"sd","14:20:19",10829800
16200,100,800,"sd","14:20:16",10826700
16200,100,2000,"sd","14:20:07",10825900
16200,100,100,"sd","14:20:07",10823900
16200,100,600,"sd","14:20:04",10823800
16200,100,7000,"sd","14:20:04",10823200
16200,100,500,"sd","14:20:04",10816200
16200,100,2000,"sd","14:20:04",10815700
16200,100,200,"sd","14:20:04",10813700
16200,100,1100,"sd","14:20:04",10813500
16200,100,900,"sd","14:20:04",10812400
16200,100,300,"sd","14:20:04",10811500
16200,100,1000,"sd","14:20:04",10811200
16200,100,4300,"sd","14:20:04",10810200
16200,100,2000,"sd","14:20:04",10805900
16200,100,200,"sd","14:20:04",10803900
16200,100,500,"sd","14:20:04",10803700
16200,100,100,"sd","14:20:04",10803200
16200,100,100,"sd","14:20:04",10803100
16200,100,500,"sd","14:20:04",10803000
16200,100,200,"sd","14:20:04",10802500
16200,100,1000,"sd","14:20:04",10802300
16200,100,400,"sd","14:20:04",10801300
16200,100,9200,"sd","14:20:04",10800900
16200,100,10900,"sd","14:20:04",10791700
16200,100,5000,"sd","14:19:44",10780800
16200,100,4100,"sd","14:19:38",10775800
16200,100,900,"sd","14:19:38",10771700
16200,100,8000,"sd","14:19:34",10770800
16200,100,200,"sd","14:19:29",10762800
16200,100,500,"sd","14:19:26",10762600
16200,100,700,"sd","14:19:25",10762100
16250,150,15000,"bu","14:19:24",10761400
16200,100,100,"sd","14:19:19",10746400
16200,100,2000,"sd","14:19:19",10746300
16200,100,500,"sd","14:19:17",10744300
16200,100,400,"sd","14:19:15",10743800
16200,100,5000,"sd","14:19:12",10743400
16200,100,5000,"sd","14:19:07",10738400
16200,100,10000,"bu","14:19:06",10733400
16200,100,6700,"bu","14:19:06",10723400
16200,100,9600,"bu","14:19:03",10716700
16200,100,3000,"sd","14:19:00",10707100
16200,100,1000,"sd","14:19:00",10704100
16200,100,10000,"sd","14:19:00",10703100
16200,100,100,"sd","14:19:00",10693100
16200,100,5000,"sd","14:19:00",10693000
16200,100,5000,"sd","14:19:00",10688000
16200,100,9600,"sd","14:19:00",10683000
16200,100,3000,"sd","14:18:51",10673400
16200,100,1500,"bu","14:18:47",10670400
16200,100,900,"bu","14:18:47",10668900
16200,100,10000,"bu","14:18:47",10668000
16200,100,100,"bu","14:18:46",10658000
16200,100,3300,"bu","14:18:45",10657900
16200,100,300,"bu","14:18:45",10654600
16200,100,1000,"bu","14:18:43",10654300
16200,100,2000,"bu","14:18:41",10653300
16200,100,500,"sd","14:18:40",10651300
16200,100,1300,"sd","14:18:40",10650800
16200,100,500,"bu","14:18:39",10649500
16200,100,1000,"bu","14:18:39",10649000
16200,100,200,"bu","14:18:39",10648000
16200,100,100,"bu","14:18:39",10647800
16200,100,20700,"bu","14:18:38",10647700
16200,100,4300,"bu","14:18:38",10627000
16200,100,5000,"bu","14:18:37",10622700
16200,100,1000,"bu","14:18:36",10617700
16200,100,4000,"bu","14:18:33",10616700
16200,100,5000,"bu","14:18:28",10612700
16200,100,4700,"bu","14:18:28",10607700
16200,100,100,"bu","14:18:25",10603000
16200,100,500,"bu","14:18:24",10602900
16200,100,6900,"bu","14:18:23",10602400
16200,100,500,"bu","14:18:23",10595500
16200,100,1200,"bu","14:18:23",10595000
16200,100,16400,"bu","14:18:23",10593800
16200,100,1900,"bu","14:18:19",10577400
16200,100,200,"bu","14:18:19",10575500
16200,100,1500,"bu","14:18:14",10575300
16200,100,2000,"bu","14:18:14",10573800
16200,100,1000,"bu","14:18:14",10571800
16200,100,7000,"bu","14:18:14",10570800
16200,100,13500,"bu","14:18:14",10563800
16150,50,5300,"sd","14:18:11",10550300
16200,100,11500,"bu","14:18:10",10545000
16200,100,38500,"bu","14:18:10",10533500
16150,50,1500,"sd","14:18:09",10495000
16200,100,500,"bu","14:18:09",10493500
16200,100,1000,"bu","14:18:06",10493000
16200,100,100,"bu","14:18:06",10492000
16200,100,1000,"bu","14:18:06",10491900
16200,100,200,"bu","14:18:06",10490900
16200,100,700,"bu","14:18:06",10490700
16150,50,500,"sd","14:18:03",10490000
16200,100,3300,"bu","14:18:02",10489500
16200,100,1000,"bu","14:18:02",10486200
16200,100,300,"bu","14:18:02",10485200
16200,100,10000,"bu","14:18:02",10484900
16200,100,6200,"bu","14:18:02",10474900
16200,100,10000,"bu","14:18:02",10468700
16200,100,200,"bu","14:18:02",10458700
16200,100,500,"bu","14:18:02",10458500
16200,100,200,"bu","14:18:02",10458000
16200,100,500,"bu","14:18:02",10457800
16200,100,600,"bu","14:18:02",10457300
16200,100,2000,"bu","14:18:02",10456700
16200,100,200,"bu","14:18:02",10454700
16200,100,14000,"bu","14:18:02",10454500
16200,100,1000,"bu","14:18:02",10440500
16150,50,5000,"sd","14:18:00",10439500
16200,100,6000,"bu","14:17:59",10434500
16200,100,200,"bu","14:17:59",10428500
16200,100,1000,"bu","14:17:59",10428300
16200,100,100,"bu","14:17:59",10427300
16200,100,600,"bu","14:17:59",10427200
16200,100,500,"bu","14:17:59",10426600
16200,100,100,"bu","14:17:59",10426100
16200,100,3700,"bu","14:17:59",10426000
16200,100,17800,"bu","14:17:57",10422300
16200,100,100,"bu","14:17:57",10404500
16200,100,2200,"bu","14:17:57",10404400
16200,100,200,"bu","14:17:45",10402200
16200,100,1000,"bu","14:17:43",10402000
16200,100,500,"bu","14:17:36",10401000
16200,100,20000,"bu","14:17:34",10400500
16150,50,5000,"sd","14:17:31",10380500
16200,100,100,"bu","14:17:29",10375500
16150,50,2500,"sd","14:17:26",10375400
16150,50,1500,"sd","14:17:26",10372900
16200,100,2000,"bu","14:17:13",10371400
16200,100,2000,"bu","14:17:13",10369400
16150,50,500,"sd","14:16:48",10367400
16150,50,200,"sd","14:16:48",10366900
16150,50,300,"sd","14:16:48",10366700
16150,50,400,"sd","14:16:42",10366400
16200,100,3000,"bu","14:16:38",10366000
16200,100,3000,"bu","14:16:38",10363000
16200,100,400,"bu","14:16:37",10360000
16200,100,100,"bu","14:16:37",10359600
16200,100,1000,"bu","14:16:21",10359500
16150,50,300,"sd","14:16:19",10358500
16150,50,700,"sd","14:16:19",10358200
16150,50,300,"sd","14:16:17",10357500
16150,50,600,"sd","14:16:17",10357200
16150,50,500,"sd","14:16:17",10356600
16150,50,700,"sd","14:16:17",10356100
16150,50,200,"sd","14:16:17",10355400
16150,50,1000,"sd","14:16:17",10355200
16150,50,500,"sd","14:16:17",10354200
16150,50,200,"sd","14:16:17",10353700
16150,50,1000,"sd","14:16:17",10353500
16200,100,900,"bu","14:16:15",10352500
16200,100,1100,"bu","14:16:15",10351600
16200,100,700,"bu","14:16:12",10350500
16200,100,200,"bu","14:16:10",10349800
16200,100,100,"bu","14:16:04",10349600
16200,100,5000,"bu","14:16:03",10349500
16200,100,5000,"bu","14:15:53",10344500
16200,100,700,"bu","14:15:41",10339500
16200,100,2000,"bu","14:15:36",10338800
16200,100,200,"bu","14:15:36",10336800
16200,100,100,"bu","14:15:36",10336600
16200,100,200,"bu","14:15:36",10336500
16200,100,100,"bu","14:15:32",10336300
16200,100,1000,"bu","14:15:31",10336200
16200,100,400,"bu","14:15:30",10335200
16200,100,600,"bu","14:15:30",10334800
16200,100,1400,"bu","14:15:25",10334200
16200,100,400,"bu","14:15:25",10332800
16200,100,6000,"bu","14:15:25",10332400
16200,100,100,"bu","14:15:24",10326400
16200,100,10000,"bu","14:15:02",10326300
16200,100,200,"bu","14:15:02",10316300
16200,100,2000,"sd","14:14:59",10316100
16200,100,900,"sd","14:14:59",10314100
16200,100,200,"sd","14:14:59",10313200
16200,100,600,"sd","14:14:59",10313000
16200,100,3000,"sd","14:14:55",10312400
16200,100,1000,"sd","14:14:53",10309400
16200,100,100,"sd","14:14:51",10308400
16200,100,1100,"sd","14:14:51",10308300
16200,100,2000,"sd","14:14:51",10307200
16200,100,1000,"sd","14:14:51",10305200
16200,100,800,"sd","14:14:51",10304200
16200,100,1000,"sd","14:14:45",10303400
16200,100,1000,"sd","14:14:44",10302400
16200,100,200,"sd","14:14:40",10301400
16200,100,100,"sd","14:14:40",10301200
16200,100,400,"sd","14:14:39",10301100
16200,100,1000,"sd","14:14:39",10300700
16200,100,20000,"sd","14:14:39",10299700
16200,100,1000,"sd","14:14:39",10279700
16200,100,100,"sd","14:14:39",10278700
16200,100,7500,"sd","14:14:39",10278600
16200,100,2000,"sd","14:14:30",10271100
16200,100,30000,"sd","14:14:16",10269100
16200,100,100,"sd","14:14:10",10239100
16200,100,100,"bu","14:14:07",10239000
16200,100,2000,"bu","14:14:07",10238900
16200,100,200,"bu","14:14:07",10236900
16200,100,500,"bu","14:14:07",10236700
16200,100,1500,"bu","14:14:07",10236200
16200,100,900,"bu","14:14:07",10234700
16200,100,200,"bu","14:14:07",10233800
16200,100,800,"bu","14:14:06",10233600
16200,100,200,"bu","14:14:06",10232800
16200,100,900,"bu","14:14:02",10232600
16200,100,2000,"bu","14:13:59",10231700
16200,100,300,"bu","14:13:57",10229700
16200,100,200,"bu","14:13:55",10229400
16200,100,500,"bu","14:13:54",10229200
16200,100,1000,"bu","14:13:52",10228700
16200,100,100,"bu","14:13:52",10227700
16200,100,300,"bu","14:13:49",10227600
16200,100,25000,"bu","14:13:48",10227300
16200,100,100,"bu","14:13:46",10202300
16200,100,400,"bu","14:13:45",10202200
16200,100,100,"bu","14:13:43",10201800
16200,100,19100,"bu","14:13:43",10201700
16200,100,500,"bu","14:13:43",10182600
16200,100,1900,"bu","14:13:43",10182100
16200,100,3500,"bu","14:13:43",10180200
16200,100,900,"bu","14:13:36",10176700
16200,100,3600,"bu","14:13:35",10175800
16200,100,1000,"bu","14:13:34",10172200
16150,50,300,"sd","14:13:32",10171200
16150,50,200,"sd","14:13:32",10170900
16200,100,1000,"bu","14:13:30",10170700
16200,100,10000,"bu","14:13:30",10169700
16200,100,8000,"bu","14:13:30",10159700
16200,100,1000,"bu","14:13:30",10151700
16200,100,1000,"bu","14:13:21",10150700
16200,100,1400,"bu","14:13:15",10149700
16200,100,100,"bu","14:13:11",10148300
16200,100,1600,"bu","14:13:11",10148200
16200,100,3400,"bu","14:13:11",10146600
16200,100,1600,"bu","14:13:11",10143200
16200,100,300,"sd","14:13:07",10141600
16200,100,1100,"sd","14:13:03",10141300
16200,100,600,"sd","14:13:03",10140200
16200,100,200,"sd","14:13:03",10139600
16200,100,1000,"sd","14:13:03",10139400
16200,100,400,"sd","14:13:03",10138400
16200,100,3900,"sd","14:13:03",10138000
16200,100,1000,"sd","14:13:03",10134100
16200,100,800,"sd","14:13:03",10133100
16200,100,1000,"sd","14:13:03",10132300
16200,100,100,"sd","14:13:03",10131300
16200,100,500,"sd","14:13:03",10131200
16200,100,100,"sd","14:13:03",10130700
16200,100,100,"sd","14:13:03",10130600
16200,100,200,"sd","14:13:03",10130500
16200,100,1400,"sd","14:12:59",10130300
16200,100,8600,"sd","14:12:59",10128900
16200,100,2000,"sd","14:12:58",10120300
16200,100,2500,"sd","14:12:57",10118300
16200,100,100,"sd","14:12:51",10115800
16200,100,500,"sd","14:12:50",10115700
16200,100,5000,"sd","14:12:47",10115200
16200,100,500,"sd","14:12:41",10110200
16200,100,3700,"sd","14:12:36",10109700
16200,100,5300,"sd","14:12:36",10106000
16200,100,1000,"sd","14:12:27",10100700
16200,100,500,"sd","14:12:26",10099700
16200,100,3000,"bu","14:12:20",10099200
16200,100,200,"bu","14:12:20",10096200
16200,100,2800,"bu","14:12:19",10096000
16200,100,10000,"bu","14:12:19",10093200
16200,100,1000,"bu","14:12:19",10083200
16200,100,6200,"bu","14:12:19",10082200
16200,100,100,"bu","14:12:19",10076000
16200,100,2000,"bu","14:12:16",10075900
16200,100,300,"bu","14:12:15",10073900
16200,100,500,"bu","14:12:13",10073600
16200,100,900,"bu","14:12:12",10073100
16200,100,600,"bu","14:12:12",10072200
16200,100,1000,"bu","14:12:08",10071600
16200,100,300,"bu","14:12:08",10070600
16200,100,1400,"bu","14:12:07",10070300
16200,100,1600,"bu","14:12:07",10068900
16200,100,100,"bu","14:12:07",10067300
16200,100,1000,"bu","14:12:06",10067200
16200,100,1200,"bu","14:12:03",10066200
16200,100,13100,"bu","14:12:01",10065000
16200,100,16900,"bu","14:12:01",10051900
16200,100,200,"bu","14:11:58",10035000
16200,100,100,"bu","14:11:55",10034800
16200,100,1500,"bu","14:11:37",10034700
16200,100,1300,"bu","14:11:36",10033200
16200,100,500,"bu","14:11:36",10031900
16200,100,700,"bu","14:11:36",10031400
16200,100,1000,"bu","14:11:36",10030700
16200,100,2800,"bu","14:11:36",10029700
16200,100,100,"bu","14:11:36",10026900
16200,100,1200,"bu","14:11:33",10026800
16200,100,900,"bu","14:11:32",10025600
16200,100,1100,"bu","14:11:32",10024700
16200,100,100,"bu","14:11:30",10023600
16200,100,100,"bu","14:11:29",10023500
16200,100,300,"bu","14:11:28",10023400
16200,100,100,"bu","14:11:25",10023100
16200,100,20000,"bu","14:11:24",10023000
16200,100,2000,"bu","14:11:24",10003000
16200,100,2000,"bu","14:11:23",10001000
16200,100,100,"bu","14:11:19",9999000
16200,100,14000,"bu","14:11:18",9998900
16200,100,500,"sd","14:11:12",9984900
16200,100,100,"sd","14:11:12",9984400
16200,100,300,"sd","14:11:12",9984300
16250,150,2700,"bu","14:11:11",9984000
16250,150,12300,"bu","14:11:11",9981300
16200,100,700,"sd","14:11:10",9969000
16200,100,1200,"sd","14:11:10",9968300
16200,100,500,"sd","14:11:10",9967100
16200,100,500,"sd","14:11:10",9966600
16200,100,1000,"sd","14:11:10",9966100
16200,100,500,"sd","14:11:10",9965100
16200,100,1000,"sd","14:11:10",9964600
16200,100,4600,"sd","14:11:10",9963600
16200,100,400,"sd","14:11:08",9959000
16200,100,400,"sd","14:11:08",9958600
16200,100,200,"sd","14:11:08",9958200
16200,100,3000,"sd","14:11:05",9958000
16200,100,500,"sd","14:11:05",9955000
16200,100,2000,"sd","14:11:02",9954500
16200,100,2500,"sd","14:11:02",9952500
16200,100,1000,"sd","14:11:00",9950000
16200,100,3000,"sd","14:10:58",9949000
16200,100,2000,"sd","14:10:57",9946000
16200,100,2900,"sd","14:10:57",9944000
16200,100,5000,"sd","14:10:57",9941100
16200,100,2100,"sd","14:10:57",9936100
16200,100,1000,"sd","14:10:50",9934000
16200,100,1000,"sd","14:10:49",9933000
16200,100,900,"sd","14:10:48",9932000
16200,100,4000,"sd","14:10:48",9931100
16200,100,100,"sd","14:10:48",9927100
16200,100,2000,"sd","14:10:48",9927000
16200,100,1300,"sd","14:10:48",9925000
16200,100,1200,"sd","14:10:48",9923700
16200,100,100,"sd","14:10:48",9922500
16200,100,100,"sd","14:10:48",9922400
16200,100,200,"sd","14:10:48",9922300
16200,100,100,"sd","14:10:48",9922100
16200,100,100,"sd","14:10:32",9922000
16200,100,100,"sd","14:10:28",9921900
16200,100,200,"sd","14:10:28",9921800
16200,100,200,"sd","14:10:28",9921600
16200,100,500,"sd","14:10:25",9921400
16200,100,300,"sd","14:10:19",9920900
16200,100,1000,"sd","14:10:19",9920600
16200,100,4700,"sd","14:10:19",9919600
16200,100,300,"sd","14:10:19",9914900
16200,100,100,"sd","14:10:19",9914600
16200,100,1000,"sd","14:10:19",9914500
16200,100,800,"sd","14:10:19",9913500
16200,100,1000,"sd","14:10:19",9912700
16200,100,100,"sd","14:10:19",9911700
16200,100,500,"sd","14:10:19",9911600
16200,100,1000,"sd","14:10:19",9911100
16200,100,5200,"sd","14:10:19",9910100
16200,100,2000,"sd","14:10:18",9904900
16200,100,7200,"sd","14:10:16",9902900
16200,100,2000,"sd","14:10:16",9895700
16200,100,4000,"sd","14:10:15",9893700
16200,100,200,"sd","14:10:09",9889700
16200,100,1200,"sd","14:10:09",9889500
16200,100,3200,"sd","14:10:07",9888300
16200,100,1000,"sd","14:10:07",9885100
16200,100,100,"sd","14:10:07",9884100
16200,100,900,"sd","14:10:07",9884000
16200,100,900,"sd","14:10:07",9883100
16200,100,500,"sd","14:10:07",9882200
16200,100,1000,"sd","14:10:07",9881700
16200,100,9200,"sd","14:10:07",9880700
16200,100,2700,"sd","14:10:07",9871500
16200,100,1000,"sd","14:10:07",9868800
16200,100,3500,"sd","14:10:07",9867800
16200,100,200,"sd","14:10:07",9864300
16200,100,10000,"sd","14:10:07",9864100
16200,100,1000,"sd","14:10:07",9854100
16200,100,800,"sd","14:10:07",9853100
16200,100,3200,"sd","14:10:06",9852300
16200,100,100,"sd","14:10:06",9849100
16200,100,500,"sd","14:10:06",9849000
16200,100,1700,"sd","14:10:06",9848500
16200,100,1300,"sd","14:10:06",9846800
16200,100,3600,"sd","14:10:02",9845500
16200,100,100,"sd","14:09:49",9841900
16200,100,100,"sd","14:09:27",9841800
16200,100,100,"sd","14:09:27",9841700
16200,100,900,"sd","14:09:27",9841600
16200,100,900,"sd","14:09:27",9840700
16200,100,200,"sd","14:09:15",9839800
16200,100,300,"sd","14:09:14",9839600
16200,100,1000,"sd","14:09:13",9839300
16200,100,1000,"sd","14:09:08",9838300
16200,100,2000,"sd","14:09:03",9837300
16200,100,500,"sd","14:08:53",9835300
16200,100,400,"sd","14:08:41",9834800
16200,100,100,"sd","14:08:41",9834400
16200,100,1900,"sd","14:08:41",9834300
16200,100,100,"sd","14:08:41",9832400
16200,100,500,"sd","14:08:40",9832300
16200,100,1300,"sd","14:08:09",9831800
16200,100,800,"sd","14:08:09",9830500
16200,100,4000,"sd","14:08:09",9829700
16200,100,1500,"sd","14:08:06",9825700
16200,100,1400,"sd","14:08:04",9824200
16200,100,900,"sd","14:08:00",9822800
16250,150,400,"bu","14:07:49",9821900
16200,100,2200,"sd","14:07:43",9821500
16200,100,800,"sd","14:07:43",9819300
16200,100,200,"sd","14:07:33",9818500
16200,100,300,"sd","14:07:33",9818300
16200,100,100,"sd","14:07:33",9818000
16250,150,100,"bu","14:07:30",9817900
16250,150,100,"bu","14:07:28",9817800
16200,100,100,"sd","14:07:25",9817700
16200,100,2800,"sd","14:07:25",9817600
16200,100,3900,"sd","14:07:25",9814800
16200,100,1000,"sd","14:07:25",9810900
16200,100,3000,"sd","14:07:25",9809900
16200,100,1000,"sd","14:07:25",9806900
16200,100,200,"sd","14:07:25",9805900
16200,100,1000,"sd","14:07:25",9805700
16200,100,10000,"sd","14:07:25",9804700
16200,100,100,"sd","14:07:25",9794700
16200,100,700,"sd","14:07:25",9794600
16200,100,10000,"sd","14:07:25",9793900
16200,100,6000,"sd","14:07:25",9783900
16200,100,200,"sd","14:07:25",9777900
16200,100,1500,"sd","14:07:18",9777700
16250,150,500,"bu","14:07:01",9776200
16200,100,10000,"sd","14:06:58",9775700
16250,150,5000,"bu","14:06:55",9765700
16200,100,10300,"sd","14:06:21",9760700
16250,150,5000,"bu","14:06:21",9750400
16250,150,100,"bu","14:06:21",9745400
16250,150,1000,"bu","14:06:08",9745300
16250,150,500,"bu","14:06:00",9744300
16250,150,100,"bu","14:05:49",9743800
16200,100,10000,"sd","14:05:47",9743700
16200,100,1000,"sd","14:05:34",9733700
16200,100,100,"sd","14:05:34",9732700
16200,100,1600,"sd","14:05:30",9732600
16200,100,600,"sd","14:05:26",9731000
16200,100,100,"sd","14:05:25",9730400
16200,100,1000,"bu","14:05:24",9730300
16200,100,5000,"bu","14:05:24",9729300
16200,100,100,"bu","14:05:24",9724300
16200,100,1000,"bu","14:05:24",9724200
16200,100,1500,"bu","14:05:24",9723200
16200,100,14700,"bu","14:05:24",9721700
16200,100,1000,"bu","14:05:24",9707000
16200,100,7300,"bu","14:05:24",9706000
16200,100,1000,"bu","14:05:24",9698700
16200,100,500,"bu","14:05:24",9697700
16200,100,3700,"bu","14:05:24",9697200
16200,100,9000,"bu","14:05:24",9693500
16200,100,1000,"bu","14:05:24",9684500
16200,100,300,"bu","14:05:24",9683500
16200,100,200,"bu","14:05:24",9683200
16200,100,2000,"bu","14:05:24",9683000
16200,100,400,"bu","14:05:24",9681000
16200,100,300,"bu","14:05:24",9680600
16200,100,100,"bu","14:05:24",9680300
16200,100,2100,"bu","14:05:21",9680200
16200,100,500,"bu","14:05:21",9678100
16200,100,1500,"bu","14:05:20",9677600
16200,100,500,"bu","14:05:20",9676100
16200,100,4000,"bu","14:05:20",9675600
16200,100,300,"bu","14:05:20",9671600
16200,100,4000,"bu","14:05:20",9671300
16200,100,200,"bu","14:05:20",9667300
16200,100,700,"bu","14:05:20",9667100
16200,100,300,"bu","14:05:20",9666400
16200,100,100,"bu","14:05:20",9666100
16200,100,3400,"bu","14:05:20",9666000
16200,100,500,"bu","14:05:20",9662600
16200,100,500,"bu","14:05:17",9662100
16200,100,1200,"bu","14:05:16",9661600
16200,100,900,"bu","14:05:12",9660400
16200,100,2100,"bu","14:05:12",9659500
16200,100,100,"bu","14:05:12",9657400
16200,100,2800,"bu","14:05:10",9657300
16200,100,1000,"bu","14:05:10",9654500
16200,100,500,"bu","14:05:10",9653500
16200,100,1400,"bu","14:05:10",9653000
16200,100,200,"bu","14:05:10",9651600
16200,100,1400,"bu","14:05:09",9651400
16200,100,5000,"bu","14:05:09",9650000
16200,100,1600,"bu","14:05:09",9645000
16200,100,8400,"bu","14:05:07",9643400
16200,100,1600,"bu","14:05:07",9635000
16200,100,400,"bu","14:05:07",9633400
16200,100,500,"bu","14:05:06",9633000
16200,100,100,"bu","14:05:06",9632500
16200,100,900,"bu","14:05:05",9632400
16200,100,2000,"bu","14:05:05",9631500
16200,100,1000,"bu","14:05:05",9629500
16200,100,6100,"bu","14:05:05",9628500
16150,50,2000,"sd","14:04:56",9622400
16200,100,100,"bu","14:04:56",9620400
16200,100,2000,"bu","14:04:55",9620300
16150,50,100,"sd","14:04:54",9618300
16200,100,1800,"bu","14:04:52",9618200
16200,100,500,"bu","14:04:52",9616400
16200,100,10000,"bu","14:04:52",9615900
16200,100,7700,"bu","14:04:52",9605900
16200,100,100,"bu","14:04:50",9598200
16200,100,500,"bu","14:04:44",9598100
16200,100,1700,"bu","14:04:43",9597600
16200,100,200,"bu","14:04:43",9595900
16200,100,400,"bu","14:04:43",9595700
16150,50,600,"sd","14:04:39",9595300
16150,50,3000,"sd","14:04:39",9594700
16150,50,26200,"sd","14:04:39",9591700
16200,100,1100,"bu","14:04:37",9565500
16200,100,900,"bu","14:04:37",9564400
16200,100,500,"bu","14:04:35",9563500
16150,50,1000,"sd","14:04:33",9563000
16200,100,5000,"bu","14:04:31",9562000
16200,100,11600,"bu","14:04:22",9557000
16200,100,10000,"bu","14:04:22",9545400
16200,100,200,"bu","14:04:22",9535400
16200,100,100,"bu","14:04:22",9535200
16200,100,8100,"bu","14:04:22",9535100
16150,50,300,"sd","14:04:20",9527000
16150,50,200,"sd","14:04:20",9526700
16150,50,5000,"sd","14:04:19",9526500
16150,50,500,"sd","14:04:04",9521500
16150,50,500,"sd","14:04:04",9521000
16150,50,300,"sd","14:03:57",9520500
16150,50,500,"sd","14:03:29",9520200
16150,50,400,"sd","14:03:20",9519700
16150,50,4200,"sd","14:03:13",9519300
16150,50,500,"sd","14:03:13",9515100
16150,50,100,"sd","14:03:02",9514600
16200,100,1000,"bu","14:03:00",9514500
16200,100,200,"bu","14:02:36",9513500
16200,100,200,"bu","14:02:27",9513300
16150,50,300,"sd","14:02:15",9513100
16150,50,3000,"sd","14:02:15",9512800
16150,50,500,"sd","14:02:15",9509800
16150,50,12500,"sd","14:02:15",9509300
16150,50,100,"sd","14:02:15",9496800
16150,50,1000,"sd","14:02:15",9496700
16150,50,300,"sd","14:02:15",9495700
16150,50,1000,"sd","14:02:15",9495400
16150,50,200,"sd","14:02:15",9494400
16150,50,1700,"sd","14:02:15",9494200
16150,50,600,"sd","14:02:15",9492500
16150,50,800,"sd","14:02:15",9491900
16150,50,400,"sd","14:02:15",9491100
16150,50,500,"sd","14:02:15",9490700
16150,50,1300,"sd","14:02:15",9490200
16150,50,1000,"sd","14:02:15",9488900
16150,50,100,"sd","14:02:15",9487900
16150,50,1700,"sd","14:02:15",9487800
16200,100,500,"bu","14:02:14",9486100
16150,50,2000,"sd","14:02:14",9485600
16200,100,1100,"bu","14:02:11",9483600
16150,50,2000,"sd","14:01:25",9482500
16200,100,700,"bu","14:01:24",9480500
16200,100,500,"bu","14:01:12",9479800
16200,100,3000,"bu","14:01:09",9479300
16200,100,8700,"bu","14:01:07",9476300
16200,100,10000,"bu","14:01:07",9467600
16200,100,1300,"bu","14:01:07",9457600
16200,100,3000,"bu","14:01:03",9456300
16200,100,3700,"bu","14:01:00",9453300
16200,100,200,"bu","14:01:00",9449600
16200,100,100,"bu","14:01:00",9449400
16200,100,100,"bu","14:01:00",9449300
16200,100,3000,"bu","14:01:00",9449200
16200,100,4900,"bu","14:00:58",9446200
16200,100,100,"bu","14:00:58",9441300
16200,100,500,"bu","14:00:52",9441200
16200,100,2000,"bu","14:00:49",9440700
16200,100,3000,"bu","14:00:41",9438700
16200,100,2000,"bu","14:00:40",9435700
16150,50,1000,"sd","14:00:27",9433700
16200,100,1000,"bu","14:00:26",9432700
16200,100,1400,"bu","14:00:15",9431700
16200,100,300,"bu","14:00:15",9430300
16200,100,1000,"bu","14:00:15",9430000
16200,100,100,"bu","14:00:15",9429000
16200,100,2800,"bu","14:00:15",9428900
16150,50,500,"sd","13:59:47",9426100
16200,100,100,"bu","13:59:47",9425600
16200,100,2000,"bu","13:59:46",9425500
16150,50,700,"sd","13:59:46",9423500
16200,100,100,"bu","13:59:46",9422800
16200,100,1000,"bu","13:59:45",9422700
16200,100,1000,"bu","13:59:43",9421700
16200,100,1000,"bu","13:59:33",9420700
16200,100,200,"bu","13:59:28",9419700
16200,100,400,"bu","13:59:20",9419500
16150,50,100,"sd","13:59:15",9419100
16150,50,3000,"sd","13:59:15",9419000
16150,50,200,"sd","13:59:15",9416000
16150,50,900,"sd","13:59:15",9415800
16150,50,10000,"sd","13:59:15",9414900
16150,50,400,"sd","13:59:15",9404900
16150,50,2100,"sd","13:59:15",9404500
16150,50,500,"sd","13:59:15",9402400
16150,50,1000,"sd","13:59:15",9401900
16150,50,1100,"sd","13:59:15",9400900
16150,50,3000,"sd","13:59:15",9399800
16150,50,200,"sd","13:59:15",9396800
16150,50,500,"sd","13:59:15",9396600
16200,100,1000,"bu","13:58:44",9396100
16200,100,4000,"bu","13:58:41",9395100
16150,50,300,"sd","13:58:36",9391100
16150,50,300,"sd","13:58:31",9390800
16150,50,100,"sd","13:58:31",9390500
16150,50,300,"sd","13:58:28",9390400
16200,100,200,"bu","13:58:20",9390100
16200,100,300,"bu","13:58:07",9389900
16150,50,5700,"sd","13:57:56",9389600
16150,50,1600,"sd","13:57:56",9383900
16150,50,17700,"sd","13:57:56",9382300
16150,50,500,"sd","13:57:52",9364600
16150,50,1000,"sd","13:57:41",9364100
16150,50,300,"sd","13:57:32",9363100
16150,50,500,"sd","13:57:31",9362800
16150,50,1500,"sd","13:57:31",9362300
16150,50,500,"sd","13:57:13",9360800
16200,100,300,"bu","13:57:13",9360300
16200,100,3000,"bu","13:57:09",9360000
16150,50,3000,"sd","13:57:07",9357000
16150,50,1000,"sd","13:56:53",9354000
16150,50,1200,"sd","13:56:38",9353000
16150,50,6500,"sd","13:56:28",9351800
16200,100,500,"bu","13:56:24",9345300
16150,50,500,"sd","13:56:16",9344800
16150,50,9000,"sd","13:56:04",9344300
16150,50,2300,"sd","13:56:04",9335300
16150,50,6800,"sd","13:56:04",9333000
16150,50,100,"sd","13:56:04",9326200
16150,50,1000,"sd","13:56:04",9326100
16150,50,10000,"sd","13:56:04",9325100
16150,50,500,"sd","13:56:04",9315100
16150,50,500,"sd","13:56:04",9314600
16150,50,2000,"sd","13:56:01",9314100
16150,50,700,"sd","13:55:41",9312100
16150,50,2000,"sd","13:55:41",9311400
16150,50,200,"sd","13:55:41",9309400
16150,50,800,"sd","13:55:41",9309200
16150,50,500,"sd","13:55:41",9308400
16150,50,10000,"sd","13:55:41",9307900
16150,50,100,"sd","13:55:41",9297900
16150,50,100,"sd","13:55:41",9297800
16150,50,2000,"sd","13:55:41",9297700
16150,50,1000,"sd","13:55:41",9295700
16150,50,5000,"sd","13:55:41",9294700
16150,50,500,"sd","13:55:41",9289700
16150,50,200,"sd","13:55:41",9289200
16150,50,3000,"sd","13:55:41",9289000
16150,50,500,"sd","13:55:41",9286000
16150,50,20000,"sd","13:55:41",9285500
16150,50,3400,"sd","13:55:41",9265500
16200,100,200,"bu","13:55:37",9262100
16200,100,3000,"bu","13:55:37",9261900
16200,100,200,"bu","13:55:19",9258900
16150,50,6600,"sd","13:55:12",9258700
16150,50,2000,"sd","13:55:12",9252100
16150,50,1400,"sd","13:55:12",9250100
16200,100,1000,"bu","13:54:57",9248700
16200,100,100,"bu","13:54:53",9247700
16200,100,1000,"bu","13:54:53",9247600
16150,50,100,"sd","13:54:52",9246600
16200,100,1600,"bu","13:54:48",9246500
16200,100,400,"bu","13:54:48",9244900
16200,100,1000,"bu","13:54:40",9244500
16200,100,3600,"bu","13:54:34",9243500
16200,100,1000,"bu","13:54:34",9239900
16200,100,200,"bu","13:54:34",9238900
16200,100,26100,"bu","13:54:34",9238700
16150,50,500,"sd","13:54:06",9212600
16200,100,500,"sd","13:54:04",9212100
16200,100,1000,"sd","13:54:04",9211600
16200,100,100,"sd","13:54:04",9210600
16200,100,500,"sd","13:54:04",9210500
16200,100,2000,"sd","13:54:04",9210000
16200,100,26000,"sd","13:54:04",9208000
16200,100,100,"sd","13:54:04",9182000
16200,100,500,"sd","13:54:04",9181900
16200,100,1000,"sd","13:54:04",9181400
16200,100,5700,"sd","13:54:04",9180400
16200,100,1000,"sd","13:54:04",9174700
16200,100,100,"sd","13:54:04",9173700
16200,100,100,"sd","13:54:04",9173600
16200,100,500,"sd","13:54:04",9173500
16200,100,100,"sd","13:54:04",9173000
16200,100,200,"sd","13:54:04",9172900
16200,100,4500,"sd","13:54:04",9172700
16200,100,5000,"sd","13:54:03",9168200
16200,100,500,"sd","13:54:03",9163200
16200,100,1000,"sd","13:54:03",9162700
16200,100,500,"sd","13:53:58",9161700
16200,100,2000,"sd","13:53:58",9161200
16200,100,5000,"sd","13:53:58",9159200
16200,100,500,"sd","13:53:58",9154200
16200,100,100,"sd","13:53:58",9153700
16200,100,300,"sd","13:53:58",9153600
16200,100,200,"sd","13:53:58",9153300
16200,100,1400,"sd","13:53:58",9153100
16200,100,1000,"sd","13:53:55",9151700
16200,100,500,"sd","13:53:55",9150700
16200,100,500,"sd","13:53:55",9150200
16200,100,3000,"sd","13:53:55",9149700
16200,100,200,"sd","13:53:55",9146700
16200,100,100,"sd","13:53:55",9146500
16200,100,2900,"sd","13:53:55",9146400
16200,100,300,"sd","13:53:55",9143500
16200,100,500,"sd","13:53:55",9143200
16200,100,2000,"sd","13:53:55",9142700
16200,100,100,"sd","13:53:55",9140700
16200,100,3500,"sd","13:53:55",9140600
16200,100,9600,"sd","13:53:55",9137100
16200,100,4300,"sd","13:53:55",9127500
16200,100,5000,"sd","13:53:55",9123200
16200,100,1500,"sd","13:53:55",9118200
16200,100,5000,"sd","13:53:55",9116700
16200,100,10000,"sd","13:53:55",9111700
16200,100,3000,"sd","13:53:51",9101700
16200,100,100,"sd","13:53:48",9098700
16200,100,200,"sd","13:53:47",9098600
16200,100,100,"sd","13:53:37",9098400
16200,100,2300,"sd","13:53:28",9098300
16200,100,200,"sd","13:53:28",9096000
16200,100,600,"sd","13:53:26",9095800
16250,150,1000,"bu","13:53:25",9095200
16250,150,1000,"bu","13:53:18",9094200
16200,100,400,"sd","13:53:10",9093200
16200,100,200,"sd","13:53:10",9092800
16200,100,100,"sd","13:53:10",9092600
16200,100,19300,"sd","13:53:10",9092500
16250,150,1700,"bu","13:53:05",9073200
16250,150,2000,"bu","13:53:05",9071500
16250,150,100,"bu","13:53:05",9069500
16250,150,100,"bu","13:53:05",9069400
16250,150,500,"bu","13:53:05",9069300
16250,150,1000,"bu","13:53:05",9068800
16250,150,500,"bu","13:53:05",9067800
16250,150,100,"bu","13:53:05",9067300
16250,150,1000,"bu","13:53:05",9067200
16250,150,100,"bu","13:53:05",9066200
16250,150,3000,"bu","13:53:05",9066100
16250,150,5000,"bu","13:53:05",9063100
16250,150,200,"bu","13:53:05",9058100
16250,150,6000,"bu","13:53:05",9057900
16250,150,200,"bu","13:53:05",9051900
16250,150,3000,"bu","13:53:05",9051700
16250,150,4900,"bu","13:53:05",9048700
16250,150,600,"bu","13:53:05",9043800
16200,100,700,"sd","13:52:51",9043200
16200,100,500,"sd","13:52:46",9042500
16200,100,2000,"sd","13:52:46",9042000
16200,100,500,"sd","13:52:46",9040000
16250,150,300,"bu","13:52:46",9039500
16200,100,300,"sd","13:52:40",9039200
16250,150,100,"bu","13:52:33",9038900
16250,150,500,"bu","13:52:33",9038800
16250,150,200,"bu","13:52:33",9038300
16200,100,100,"sd","13:52:32",9038100
16250,150,1900,"bu","13:52:32",9038000
16250,150,700,"bu","13:52:30",9036100
16250,150,2000,"bu","13:52:26",9035400
16250,150,200,"bu","13:52:26",9033400
16250,150,500,"bu","13:52:26",9033200
16250,150,300,"bu","13:52:26",9032700
16250,150,5700,"bu","13:52:24",9032400
16250,150,1100,"bu","13:52:24",9026700
16250,150,100,"bu","13:52:13",9025600
16250,150,4900,"bu","13:52:13",9025500
16250,150,100,"bu","13:52:04",9020600
16250,150,2100,"bu","13:52:04",9020500
16250,150,2000,"bu","13:52:02",9018400
16200,100,1000,"sd","13:52:00",9016400
16200,100,3100,"sd","13:52:00",9015400
16200,100,300,"sd","13:52:00",9012300
16200,100,2000,"sd","13:52:00",9012000
16200,100,700,"sd","13:52:00",9010000
16200,100,5000,"sd","13:52:00",9009300
16200,100,100,"sd","13:52:00",9004300
16250,150,2000,"bu","13:51:54",9004200
16250,150,1900,"bu","13:51:54",9002200
16250,150,100,"bu","13:51:54",9000300
16250,150,2000,"bu","13:51:54",9000200
16250,150,100,"bu","13:51:54",8998200
16250,150,900,"bu","13:51:54",8998100
16250,150,2800,"bu","13:51:37",8997200
16250,150,200,"bu","13:51:37",8994400
16250,150,300,"bu","13:51:34",8994200
16250,150,100,"bu","13:51:34",8993900
16250,150,100,"bu","13:51:34",8993800
16250,150,1000,"bu","13:51:32",8993700
16250,150,19000,"bu","13:51:32",8992700
16250,150,1000,"bu","13:51:14",8973700
16250,150,5000,"bu","13:51:05",8972700
16250,150,200,"bu","13:51:05",8967700
16250,150,100,"bu","13:51:05",8967500
16250,150,300,"bu","13:51:05",8967400
16250,150,3000,"bu","13:51:05",8967100
16250,150,100,"bu","13:51:05",8964100
16250,150,300,"bu","13:51:05",8964000
16250,150,1000,"bu","13:51:05",8963700
16250,150,600,"bu","13:51:02",8962700
16250,150,100,"bu","13:51:02",8962100
16250,150,100,"bu","13:51:02",8962000
16250,150,500,"bu","13:51:02",8961900
16250,150,200,"bu","13:51:02",8961400
16250,150,100,"bu","13:50:52",8961200
16250,150,200,"bu","13:50:35",8961100
16250,150,300,"bu","13:50:35",8960900
16250,150,200,"bu","13:50:33",8960600
16250,150,400,"bu","13:50:33",8960400
16250,150,100,"bu","13:50:25",8960000
16250,150,200,"bu","13:50:16",8959900
16200,100,4900,"sd","13:50:14",8959700
16200,100,1000,"sd","13:50:14",8954800
16200,100,800,"sd","13:50:14",8953800
16200,100,3300,"sd","13:50:14",8953000
16250,150,200,"bu","13:50:10",8949700
16200,100,3300,"sd","13:50:10",8949500
16200,100,1700,"sd","13:50:10",8946200
16200,100,300,"sd","13:50:10",8944500
16200,100,26700,"sd","13:50:10",8944200
16200,100,2000,"sd","13:50:10",8917500
16250,150,100,"bu","13:50:00",8915500
16250,150,4900,"bu","13:50:00",8915400
16200,100,300,"sd","13:49:57",8910500
16200,100,100,"sd","13:49:53",8910200
16200,100,5000,"sd","13:49:50",8910100
16200,100,300,"sd","13:49:49",8905100
16200,100,1800,"sd","13:49:41",8904800
16200,100,5000,"sd","13:49:41",8903000
16200,100,200,"sd","13:49:41",8898000
16250,150,100,"bu","13:49:34",8897800
16250,150,100,"bu","13:49:34",8897700
16250,150,100,"bu","13:49:34",8897600
16200,100,400,"sd","13:49:32",8897500
16200,100,200,"sd","13:49:29",8897100
16200,100,100,"sd","13:49:24",8896900
16200,100,100,"sd","13:49:22",8896800
16200,100,600,"sd","13:49:22",8896700
16200,100,1000,"sd","13:49:22",8896100
16200,100,8400,"sd","13:49:14",8895100
16200,100,200,"sd","13:49:14",8886700
16200,100,1000,"sd","13:49:14",8886500
16200,100,200,"sd","13:49:14",8885500
16200,100,100,"sd","13:49:14",8885300
16200,100,100,"sd","13:49:14",8885200
16200,100,2300,"sd","13:49:14",8885100
16200,100,300,"sd","13:49:03",8882800
16200,100,800,"sd","13:48:58",8882500
16250,150,200,"bu","13:48:55",8881700
16250,150,800,"bu","13:48:55",8881500
16200,100,1600,"sd","13:48:32",8880700
16200,100,400,"sd","13:48:32",8879100
16200,100,2000,"sd","13:48:17",8878700
16200,100,5000,"sd","13:48:13",8876700
16200,100,100,"sd","13:47:59",8871700
16200,100,300,"sd","13:47:54",8871600
16250,150,1200,"bu","13:47:53",8871300
16250,150,500,"bu","13:47:53",8870100
16250,150,5800,"bu","13:47:53",8869600
16200,100,100,"sd","13:47:52",8863800
16250,150,2000,"bu","13:47:44",8863700
16250,150,1100,"bu","13:47:38",8861700
16250,150,100,"bu","13:47:30",8860600
16250,150,700,"bu","13:47:16",8860500
16200,100,1500,"sd","13:47:13",8859800
16250,150,300,"bu","13:46:25",8858300
16250,150,100,"bu","13:46:25",8858000
16250,150,500,"bu","13:46:25",8857900
16250,150,500,"bu","13:46:25",8857400
16250,150,600,"bu","13:46:25",8856900
16200,100,600,"sd","13:46:25",8856300
16250,150,100,"bu","13:46:11",8855700
16200,100,400,"sd","13:46:09",8855600
16250,150,100,"bu","13:46:09",8855200
16200,100,400,"sd","13:46:09",8855100
16200,100,100,"sd","13:46:09",8854700
16200,100,10000,"sd","13:46:09",8854600
16200,100,6000,"sd","13:46:08",8844600
16200,100,7000,"sd","13:46:08",8838600
16200,100,400,"sd","13:46:08",8831600
16200,100,200,"sd","13:46:08",8831200
16200,100,500,"sd","13:46:08",8831000
16200,100,2400,"sd","13:46:08",8830500
16200,100,500,"sd","13:46:07",8828100
16200,100,100,"sd","13:45:53",8827600
16250,150,200,"bu","13:45:51",8827500
16200,100,1000,"sd","13:45:49",8827300
16200,100,400,"sd","13:45:47",8826300
16200,100,100,"sd","13:45:45",8825900
16200,100,500,"sd","13:45:33",8825800
16200,100,100,"sd","13:45:33",8825300
16200,100,3000,"sd","13:45:24",8825200
16200,100,1000,"sd","13:45:21",8822200
16200,100,400,"sd","13:45:15",8821200
16200,100,500,"sd","13:45:11",8820800
16200,100,400,"sd","13:45:06",8820300
16200,100,100,"sd","13:45:06",8819900
16200,100,200,"sd","13:45:01",8819800
16200,100,100,"sd","13:44:56",8819600
16200,100,5000,"sd","13:44:53",8819500
16200,100,1800,"sd","13:44:39",8814500
16200,100,3200,"sd","13:44:39",8812700
16200,100,800,"sd","13:44:37",8809500
16200,100,200,"sd","13:44:37",8808700
16200,100,200,"bu","13:44:22",8808500
16200,100,100,"bu","13:44:22",8808300
16200,100,2000,"bu","13:44:22",8808200
16200,100,500,"bu","13:44:22",8806200
16200,100,100,"bu","13:44:22",8805700
16200,100,1300,"bu","13:44:22",8805600
16200,100,100,"bu","13:44:20",8804300
16200,100,900,"bu","13:44:18",8804200
16200,100,100,"bu","13:44:18",8803300
16200,100,100,"bu","13:44:18",8803200
16200,100,400,"bu","13:44:18",8803100
16200,100,1000,"bu","13:44:18",8802700
16200,100,3000,"bu","13:44:18",8801700
16200,100,1600,"bu","13:44:18",8798700
16200,100,2900,"bu","13:44:18",8797100
16200,100,1100,"bu","13:44:17",8794200
16200,100,2000,"bu","13:44:17",8793100
16200,100,100,"bu","13:44:17",8791100
16200,100,1000,"bu","13:44:17",8791000
16200,100,600,"bu","13:44:17",8790000
16200,100,300,"bu","13:44:17",8789400
16200,100,500,"bu","13:44:17",8789100
16200,100,3000,"bu","13:44:17",8788600
16200,100,1800,"bu","13:44:17",8785600
16200,100,1600,"bu","13:44:17",8783800
16200,100,300,"bu","13:44:15",8782200
16200,100,1100,"bu","13:44:14",8781900
16200,100,500,"bu","13:44:14",8780800
16200,100,3400,"bu","13:44:14",8780300
16200,100,1600,"bu","13:44:13",8776900
16200,100,1000,"bu","13:44:13",8775300
16200,100,300,"bu","13:44:13",8774300
16200,100,500,"bu","13:44:13",8774000
16200,100,1600,"bu","13:44:13",8773500
16200,100,5000,"bu","13:44:11",8771900
16200,100,1400,"bu","13:44:11",8766900
16200,100,500,"bu","13:44:11",8765500
16200,100,100,"bu","13:44:11",8765000
16200,100,1000,"bu","13:44:11",8764900
16200,100,100,"bu","13:44:10",8763900
16200,100,9900,"bu","13:44:10",8763800
16200,100,100,"bu","13:44:09",8753900
16200,100,100,"bu","13:44:09",8753800
16200,100,300,"bu","13:44:09",8753700
16200,100,1000,"bu","13:44:07",8753400
16200,100,1000,"bu","13:44:07",8752400
16200,100,200,"bu","13:44:07",8751400
16200,100,800,"bu","13:44:07",8751200
16200,100,500,"bu","13:44:07",8750400
16200,100,2000,"bu","13:44:07",8749900
16200,100,1000,"bu","13:44:07",8747900
16200,100,1000,"bu","13:44:07",8746900
16200,100,100,"bu","13:44:07",8745900
16200,100,500,"bu","13:44:07",8745800
16200,100,500,"bu","13:44:07",8745300
16200,100,500,"bu","13:44:07",8744800
16200,100,200,"bu","13:44:07",8744300
16200,100,1100,"bu","13:44:07",8744100
16200,100,1800,"bu","13:44:07",8743000
16200,100,500,"bu","13:44:07",8741200
16200,100,500,"bu","13:44:07",8740700
16200,100,4800,"bu","13:44:07",8740200
16200,100,500,"bu","13:44:07",8735400
16200,100,100,"bu","13:44:07",8734900
16200,100,800,"bu","13:44:07",8734800
16200,100,100,"bu","13:44:07",8734000
16200,100,500,"bu","13:44:07",8733900
16200,100,1500,"bu","13:44:07",8733400
16200,100,100,"bu","13:44:07",8731900
16200,100,500,"bu","13:44:07",8731800
16200,100,2900,"bu","13:44:07",8731300
16200,100,17100,"bu","13:44:05",8728400
16200,100,200,"bu","13:44:05",8711300
16200,100,1000,"bu","13:44:05",8711100
16200,100,10000,"bu","13:44:05",8710100
16200,100,1700,"bu","13:44:05",8700100
16200,100,3000,"bu","13:44:04",8698400
16200,100,2000,"bu","13:44:04",8695400
16200,100,1000,"bu","13:43:41",8693400
16200,100,200,"bu","13:43:40",8692400
16200,100,3000,"bu","13:43:40",8692200
16200,100,100,"bu","13:43:40",8689200
16200,100,100,"bu","13:43:40",8689100
16200,100,500,"bu","13:43:40",8689000
16200,100,100,"bu","13:43:40",8688500
16200,100,1000,"bu","13:43:40",8688400
16200,100,400,"bu","13:43:40",8687400
16200,100,1300,"bu","13:43:40",8687000
16200,100,2300,"bu","13:43:40",8685700
16200,100,2700,"bu","13:43:40",8683400
16200,100,100,"bu","13:43:40",8680700
16200,100,300,"bu","13:43:40",8680600
16200,100,600,"bu","13:43:39",8680300
16200,100,5000,"bu","13:43:39",8679700
16200,100,1300,"bu","13:43:39",8674700
16150,50,100,"sd","13:43:34",8673400
16200,100,5000,"bu","13:43:30",8673300
16150,50,1200,"sd","13:43:28",8668300
16200,100,200,"bu","13:42:51",8667100
16200,100,100,"bu","13:42:35",8666900
16200,100,200,"bu","13:42:35",8666800
16200,100,100,"bu","13:42:30",8666600
16150,50,500,"sd","13:42:27",8666500
16200,100,13100,"bu","13:42:02",8666000
16200,100,4500,"bu","13:42:02",8652900
16200,100,100,"bu","13:42:02",8648400
16200,100,500,"bu","13:42:02",8648300
16200,100,1000,"bu","13:42:02",8647800
16200,100,200,"bu","13:42:02",8646800
16200,100,600,"bu","13:42:02",8646600
16200,100,2400,"bu","13:41:40",8646000
16200,100,2600,"bu","13:41:40",8643600
16150,50,3000,"sd","13:41:31",8641000
16150,50,100,"sd","13:41:24",8638000
16150,50,3800,"sd","13:41:22",8637900
16150,50,1500,"sd","13:40:51",8634100
16150,50,2600,"sd","13:40:46",8632600
16150,50,400,"sd","13:40:46",8630000
16150,50,3900,"sd","13:40:45",8629600
16150,50,600,"sd","13:40:45",8625700
16150,50,1100,"sd","13:40:33",8625100
16150,50,100,"sd","13:40:33",8624000
16150,50,100,"sd","13:40:33",8623900
16150,50,500,"sd","13:40:33",8623800
16150,50,200,"sd","13:40:33",8623300
16150,50,1500,"sd","13:40:33",8623100
16150,50,800,"sd","13:40:33",8621600
16150,50,800,"sd","13:40:33",8620800
16150,50,2900,"sd","13:40:33",8620000
16150,50,100,"sd","13:40:30",8617100
16150,50,500,"sd","13:40:30",8617000
16150,50,2400,"sd","13:40:30",8616500
16150,50,500,"sd","13:40:29",8614100
16150,50,1000,"sd","13:40:21",8613600
16150,50,1100,"sd","13:40:20",8612600
16150,50,100,"sd","13:40:20",8611500
16150,50,100,"sd","13:40:20",8611400
16150,50,400,"sd","13:40:13",8611300
16150,50,300,"sd","13:40:12",8610900
16150,50,500,"sd","13:40:12",8610600
16150,50,2000,"sd","13:40:12",8610100
16150,50,400,"sd","13:40:12",8608100
16150,50,700,"sd","13:40:12",8607700
16150,50,1000,"sd","13:40:12",8607000
16150,50,2000,"sd","13:40:12",8606000
16150,50,100,"sd","13:40:12",8604000
16150,50,500,"sd","13:40:12",8603900
16150,50,2100,"sd","13:40:12",8603400
16150,50,100,"sd","13:40:09",8601300
16150,50,100,"sd","13:39:45",8601200
16150,50,2100,"sd","13:39:41",8601100
16150,50,600,"sd","13:39:19",8599000
16150,50,100,"sd","13:39:19",8598400
16150,50,300,"sd","13:39:19",8598300
16150,50,200,"sd","13:39:19",8598000
16150,50,100,"sd","13:39:03",8597800
16150,50,400,"sd","13:38:52",8597700
16150,50,1000,"sd","13:38:52",8597300
16150,50,1000,"sd","13:38:52",8596300
16150,50,100,"sd","13:38:52",8595300
16150,50,3000,"sd","13:38:42",8595200
16150,50,900,"sd","13:38:39",8592200
16200,100,800,"bu","13:38:30",8591300
16150,50,300,"sd","13:38:29",8590500
16150,50,500,"sd","13:38:24",8590200
16150,50,200,"bu","13:38:24",8589700
16150,50,1000,"bu","13:38:22",8589500
16150,50,1000,"bu","13:38:21",8588500
16150,50,1000,"bu","13:38:20",8587500
16150,50,1000,"bu","13:38:20",8586500
16150,50,1000,"bu","13:38:20",8585500
16150,50,500,"bu","13:38:11",8584500
16150,50,2000,"bu","13:38:08",8584000
16150,50,400,"bu","13:38:06",8582000
16150,50,2000,"bu","13:38:05",8581600
16150,50,100,"bu","13:38:01",8579600
16150,50,500,"bu","13:37:59",8579500
16150,50,18300,"bu","13:37:58",8579000
16150,50,1200,"sd","13:37:55",8560700
16150,50,500,"bu","13:37:54",8559500
16150,50,100,"bu","13:37:52",8559000
16150,50,1200,"sd","13:37:51",8558900
16150,50,100,"sd","13:37:51",8557700
16150,50,800,"sd","13:37:51",8557600
16150,50,100,"sd","13:37:51",8556800
16150,50,5000,"sd","13:37:51",8556700
16150,50,5000,"sd","13:37:51",8551700
16150,50,2000,"sd","13:37:51",8546700
16150,50,500,"sd","13:37:51",8544700
16150,50,4700,"sd","13:37:51",8544200
16150,50,2000,"sd","13:37:33",8539500
16150,50,5000,"sd","13:37:26",8537500
16150,50,500,"sd","13:37:26",8532500
16150,50,300,"sd","13:37:26",8532000
16150,50,7500,"sd","13:37:26",8531700
16150,50,1000,"bu","13:37:24",8524200
16100,0,1400,"sd","13:37:14",8523200
16150,50,500,"sd","13:37:04",8521800
16150,50,2000,"sd","13:37:04",8521300
16150,50,200,"sd","13:37:04",8519300
16150,50,2800,"bu","13:37:03",8519100
16150,50,4000,"bu","13:37:00",8516300
16150,50,100,"sd","13:36:59",8512300
16150,50,100,"sd","13:36:59",8512200
16150,50,100,"sd","13:36:59",8512100
16150,50,100,"sd","13:36:59",8512000
16150,50,500,"sd","13:36:59",8511900
16150,50,100,"sd","13:36:59",8511400
16150,50,500,"sd","13:36:59",8511300
16150,50,1000,"sd","13:36:59",8510800
16150,50,100,"sd","13:36:59",8509800
16150,50,5000,"sd","13:36:59",8509700
16150,50,1900,"sd","13:36:59",8504700
16150,50,3700,"sd","13:36:59",8502800
16150,50,500,"sd","13:36:56",8499100
16150,50,1800,"sd","13:36:55",8498600
16150,50,1000,"sd","13:36:55",8496800
16150,50,200,"sd","13:36:55",8495800
16150,50,2000,"sd","13:36:53",8495600
16150,50,2000,"sd","13:36:50",8493600
16150,50,500,"sd","13:36:35",8491600
16150,50,1000,"sd","13:36:33",8491100
16150,50,100,"sd","13:36:30",8490100
16150,50,4000,"bu","13:36:26",8490000
16150,50,200,"bu","13:36:26",8486000
16150,50,300,"bu","13:36:24",8485800
16150,50,100,"bu","13:36:24",8485500
16150,50,900,"bu","13:36:24",8485400
16150,50,500,"bu","13:36:24",8484500
16150,50,5000,"bu","13:36:24",8484000
16150,50,500,"bu","13:36:24",8479000
16150,50,100,"bu","13:36:24",8478500
16150,50,900,"bu","13:36:23",8478400
16150,50,100,"bu","13:36:23",8477500
16150,50,100,"bu","13:36:22",8477400
16150,50,400,"bu","13:36:19",8477300
16150,50,200,"bu","13:36:19",8476900
16150,50,200,"bu","13:36:12",8476700
16150,50,600,"bu","13:36:12",8476500
16150,50,1600,"bu","13:36:12",8475900
16150,50,700,"bu","13:36:11",8474300
16150,50,900,"bu","13:36:11",8473600
16150,50,14600,"bu","13:36:11",8472700
16150,50,1000,"bu","13:36:11",8458100
16150,50,12800,"bu","13:36:11",8457100
16150,50,5000,"bu","13:36:11",8444300
16150,50,1000,"bu","13:36:11",8439300
16100,0,8800,"sd","13:36:11",8438300
16150,50,1000,"bu","13:36:08",8429500
16150,50,200,"bu","13:36:05",8428500
16150,50,300,"bu","13:36:05",8428300
16150,50,500,"bu","13:36:05",8428000
16150,50,1000,"bu","13:36:05",8427500
16150,50,500,"bu","13:36:05",8426500
16150,50,2400,"bu","13:36:05",8426000
16100,0,3000,"sd","13:35:51",8423600
16100,0,200,"sd","13:35:51",8420600
16150,50,100,"bu","13:35:47",8420400
16100,0,1000,"sd","13:35:45",8420300
16150,50,100,"bu","13:35:44",8419300
16100,0,1000,"sd","13:35:41",8419200
16100,0,500,"sd","13:35:21",8418200
16100,0,500,"sd","13:35:21",8417700
16100,0,1000,"sd","13:35:13",8417200
16100,0,300,"sd","13:35:12",8416200
16100,0,700,"sd","13:35:12",8415900
16100,0,300,"sd","13:35:07",8415200
16100,0,1000,"sd","13:35:07",8414900
16100,0,1000,"sd","13:35:07",8413900
16100,0,200,"sd","13:35:07",8412900
16100,0,1500,"sd","13:35:07",8412700
16100,0,1000,"sd","13:35:01",8411200
16100,0,200,"sd","13:34:18",8410200
16150,50,400,"bu","13:34:15",8410000
16150,50,500,"bu","13:34:15",8409600
16150,50,400,"bu","13:34:15",8409100
16150,50,3000,"bu","13:34:15",8408700
16150,50,700,"bu","13:34:15",8405700
16100,0,1500,"sd","13:34:04",8405000
16150,50,500,"bu","13:34:04",8403500
16150,50,100,"bu","13:33:59",8403000
16150,50,200,"bu","13:33:57",8402900
16150,50,1500,"bu","13:33:57",8402700
16150,50,500,"bu","13:33:50",8401200
16150,50,200,"bu","13:33:45",8400700
16150,50,100,"bu","13:33:34",8400500
16150,50,300,"bu","13:33:34",8400400
16150,50,200,"bu","13:33:32",8400100
16150,50,2000,"bu","13:33:32",8399900
16150,50,200,"bu","13:33:32",8397900
16150,50,100,"bu","13:33:32",8397700
16150,50,100,"bu","13:33:32",8397600
16150,50,2200,"bu","13:33:32",8397500
16150,50,5200,"bu","13:33:32",8395300
16100,0,800,"sd","13:33:30",8390100
16100,0,100,"sd","13:33:30",8389300
16100,0,100,"sd","13:33:30",8389200
16150,50,4800,"bu","13:33:23",8389100
16150,50,2000,"bu","13:33:23",8384300
16150,50,1000,"bu","13:33:23",8382300
16150,50,2000,"bu","13:33:23",8381300
16150,50,200,"bu","13:33:23",8379300
16150,50,1000,"bu","13:33:11",8379100
16150,50,100,"bu","13:33:09",8378100
16150,50,100,"bu","13:33:08",8378000
16150,50,100,"bu","13:33:05",8377900
16100,0,900,"sd","13:33:03",8377800
16100,0,300,"sd","13:33:03",8376900
16150,50,100,"bu","13:33:01",8376600
16150,50,100,"bu","13:32:51",8376500
16150,50,500,"bu","13:32:47",8376400
16150,50,500,"bu","13:32:30",8375900
16150,50,200,"bu","13:32:29",8375400
16150,50,100,"bu","13:32:24",8375200
16150,50,100,"bu","13:32:18",8375100
16150,50,500,"bu","13:32:16",8375000
16150,50,1300,"bu","13:32:13",8374500
16150,50,100,"sd","13:32:13",8373200
16150,50,400,"sd","13:32:12",8373100
16150,50,900,"sd","13:32:11",8372700
16150,50,7500,"sd","13:32:11",8371800
16150,50,2500,"sd","13:32:11",8364300
16150,50,800,"sd","13:32:11",8361800
16200,100,300,"bu","13:32:10",8361000
16150,50,1200,"sd","13:32:08",8360700
16150,50,300,"sd","13:32:08",8359500
16150,50,500,"sd","13:32:08",8359200
16150,50,300,"sd","13:32:07",8358700
16150,50,200,"sd","13:32:07",8358400
16150,50,100,"sd","13:32:06",8358200
16150,50,2400,"sd","13:32:06",8358100
16150,50,300,"sd","13:32:06",8355700
16150,50,500,"sd","13:32:06",8355400
16150,50,5000,"sd","13:32:06",8354900
16150,50,100,"sd","13:32:06",8349900
16150,50,1700,"sd","13:32:06",8349800
16150,50,400,"sd","13:32:06",8348100
16150,50,500,"sd","13:32:06",8347700
16150,50,2900,"sd","13:32:06",8347200
16150,50,100,"sd","13:32:06",8344300
16150,50,200,"sd","13:32:06",8344200
16150,50,1000,"sd","13:32:06",8344000
16150,50,1000,"sd","13:32:06",8343000
16150,50,1000,"sd","13:32:06",8342000
16150,50,300,"sd","13:32:06",8341000
16150,50,2000,"sd","13:32:06",8340700
16150,50,1500,"sd","13:32:06",8338700
16150,50,7100,"sd","13:31:56",8337200
16150,50,500,"sd","13:31:56",8330100
16150,50,300,"sd","13:31:56",8329600
16150,50,200,"sd","13:31:56",8329300
16150,50,200,"sd","13:31:56",8329100
16150,50,1000,"sd","13:31:56",8328900
16150,50,1000,"sd","13:31:56",8327900
16150,50,10000,"sd","13:31:56",8326900
16150,50,9700,"sd","13:31:56",8316900
16150,50,8000,"sd","13:31:53",8307200
16150,50,1000,"sd","13:31:53",8299200
16150,50,1300,"sd","13:31:52",8298200
16150,50,1000,"sd","13:31:52",8296900
16150,50,100,"sd","13:31:52",8295900
16150,50,5000,"sd","13:31:52",8295800
16150,50,300,"sd","13:31:52",8290800
16150,50,4400,"sd","13:31:52",8290500
16150,50,2000,"sd","13:31:52",8286100
16150,50,100,"sd","13:31:52",8284100
16150,50,1000,"sd","13:31:52",8284000
16150,50,500,"sd","13:31:51",8283000
16150,50,1000,"sd","13:31:51",8282500
16150,50,1500,"sd","13:31:51",8281500
16150,50,200,"sd","13:31:51",8280000
16150,50,200,"sd","13:31:51",8279800
16150,50,500,"sd","13:31:51",8279600
16150,50,900,"sd","13:31:51",8279100
16150,50,100,"sd","13:31:47",8278200
16150,50,7400,"sd","13:31:47",8278100
16200,100,1000,"bu","13:31:38",8270700
16150,50,4300,"sd","13:31:37",8269700
16150,50,12900,"sd","13:31:35",8265400
16150,50,2000,"sd","13:31:35",8252500
16150,50,1400,"sd","13:31:35",8250500
16150,50,5000,"sd","13:31:35",8249100
16150,50,100,"sd","13:31:35",8244100
16150,50,3500,"sd","13:31:35",8244000
16150,50,500,"sd","13:31:35",8240500
16150,50,1000,"sd","13:31:35",8240000
16150,50,600,"sd","13:31:35",8239000
16150,50,5000,"sd","13:31:35",8238400
16150,50,500,"sd","13:31:35",8233400
16150,50,3000,"sd","13:31:35",8232900
16150,50,1000,"sd","13:31:35",8229900
16150,50,3500,"sd","13:31:35",8228900
16150,50,500,"sd","13:31:20",8225400
16200,100,1000,"bu","13:31:17",8224900
16150,50,500,"sd","13:30:58",8223900
16150,50,1000,"sd","13:30:55",8223400
16200,100,9300,"bu","13:30:54",8222400
16200,100,10000,"bu","13:30:54",8213100
16200,100,700,"bu","13:30:54",8203100
16200,100,1000,"bu","13:30:49",8202400
16150,50,3000,"sd","13:30:35",8201400
16150,50,4000,"sd","13:30:17",8198400
16150,50,1000,"sd","13:30:17",8194400
16150,50,100,"sd","13:30:14",8193400
16150,50,1000,"sd","13:30:10",8193300
16150,50,600,"sd","13:30:07",8192300
16150,50,300,"sd","13:30:03",8191700
16150,50,100,"sd","13:29:48",8191400
16150,50,1000,"sd","13:29:47",8191300
16150,50,500,"sd","13:29:32",8190300
16150,50,400,"sd","13:29:21",8189800
16150,50,600,"sd","13:29:21",8189400
16150,50,2100,"sd","13:29:19",8188800
16150,50,700,"sd","13:29:17",8186700
16150,50,1600,"sd","13:29:15",8186000
16150,50,500,"sd","13:29:15",8184400
16150,50,300,"sd","13:29:15",8183900
16150,50,600,"sd","13:29:15",8183600
16150,50,700,"sd","13:29:08",8183000
16150,50,300,"sd","13:29:06",8182300
16150,50,5000,"sd","13:28:56",8182000
16150,50,500,"sd","13:28:56",8177000
16150,50,5000,"sd","13:28:56",8176500
16150,50,1000,"sd","13:28:56",8171500
16150,50,1300,"sd","13:28:56",8170500
16150,50,2400,"sd","13:28:56",8169200
16150,50,500,"sd","13:28:56",8166800
16150,50,200,"sd","13:28:56",8166300
16150,50,100,"sd","13:28:56",8166100
16150,50,6900,"sd","13:28:56",8166000
16150,50,1000,"sd","13:28:56",8159100
16150,50,1100,"sd","13:28:56",8158100
16150,50,500,"sd","13:28:43",8157000
16150,50,500,"sd","13:28:43",8156500
16150,50,1000,"sd","13:28:43",8156000
16200,100,2000,"bu","13:28:25",8155000
16200,100,100,"bu","13:28:01",8153000
16200,100,1900,"bu","13:28:01",8152900
16200,100,200,"bu","13:27:59",8151000
16200,100,200,"bu","13:27:59",8150800
16200,100,500,"bu","13:27:54",8150600
16200,100,400,"bu","13:27:43",8150100
16150,50,500,"sd","13:27:34",8149700
16150,50,500,"sd","13:27:34",8149200
16200,100,100,"bu","13:27:33",8148700
16200,100,200,"bu","13:27:21",8148600
16200,100,300,"bu","13:27:16",8148400
16200,100,1000,"bu","13:27:12",8148100
16200,100,200,"bu","13:27:05",8147100
16150,50,500,"sd","13:26:58",8146900
16150,50,200,"sd","13:26:58",8146400
16150,50,500,"sd","13:26:58",8146200
16150,50,100,"sd","13:26:58",8145700
16150,50,100,"sd","13:26:58",8145600
16150,50,600,"sd","13:26:58",8145500
16150,50,100,"sd","13:26:44",8144900
16150,50,300,"sd","13:26:00",8144800
16150,50,700,"sd","13:26:00",8144500
16150,50,1300,"sd","13:25:58",8143800
16150,50,100,"sd","13:25:58",8142500
16150,50,500,"sd","13:25:58",8142400
16200,100,2000,"bu","13:25:55",8141900
16200,100,1800,"bu","13:25:53",8139900
16150,50,100,"sd","13:25:23",8138100
16150,50,200,"sd","13:25:17",8138000
16200,100,2000,"bu","13:25:16",8137800
16150,50,200,"sd","13:25:12",8135800
16200,100,24200,"bu","13:25:08",8135600
16200,100,200,"bu","13:25:08",8111400
16200,100,7000,"bu","13:25:08",8111200
16200,100,20000,"bu","13:25:08",8104200
16200,100,500,"bu","13:25:08",8084200
16200,100,100,"bu","13:25:08",8083700
16200,100,1000,"bu","13:24:42",8083600
16200,100,900,"bu","13:24:42",8082600
16200,100,500,"bu","13:24:42",8081700
16150,50,800,"sd","13:24:36",8081200
16200,100,1000,"bu","13:24:30",8080400
16200,100,1000,"bu","13:24:30",8079400
16200,100,1000,"bu","13:24:30",8078400
16200,100,800,"bu","13:24:30",8077400
16200,100,1000,"bu","13:24:30",8076600
16200,100,300,"bu","13:24:30",8075600
16150,50,600,"sd","13:24:21",8075300
16150,50,1000,"sd","13:24:21",8074700
16150,50,500,"sd","13:24:21",8073700
16150,50,2000,"sd","13:24:21",8073200
16150,50,1800,"sd","13:24:21",8071200
16150,50,200,"sd","13:24:21",8069400
16150,50,2000,"sd","13:24:21",8069200
16150,50,5000,"sd","13:24:21",8067200
16150,50,1900,"sd","13:24:21",8062200
16200,100,500,"bu","13:24:14",8060300
16200,100,5000,"bu","13:24:11",8059800
16150,50,100,"sd","13:24:11",8054800
16150,50,1000,"sd","13:23:48",8054700
16150,50,300,"sd","13:23:08",8053700
16150,50,500,"sd","13:23:07",8053400
16150,50,4300,"sd","13:23:02",8052900
16200,100,500,"bu","13:22:59",8048600
16150,50,3000,"sd","13:22:58",8048100
16150,50,100,"sd","13:22:36",8045100
16200,100,900,"bu","13:22:27",8045000
16150,50,2000,"sd","13:22:24",8044100
16200,100,1000,"bu","13:22:23",8042100
16200,100,1000,"bu","13:22:12",8041100
16200,100,800,"bu","13:21:49",8040100
16200,100,1000,"bu","13:21:49",8039300
16200,100,200,"bu","13:21:49",8038300
16200,100,800,"bu","13:21:35",8038100
16200,100,1800,"bu","13:21:35",8037300
16200,100,200,"bu","13:21:30",8035500
16200,100,300,"bu","13:21:30",8035300
16200,100,400,"bu","13:21:14",8035000
16150,50,1200,"sd","13:20:47",8034600
16150,50,3000,"sd","13:20:45",8033400
16150,50,200,"sd","13:20:45",8030400
16150,50,1000,"sd","13:20:31",8030200
16150,50,1400,"sd","13:20:26",8029200
16150,50,600,"sd","13:20:26",8027800
16200,100,300,"bu","13:20:23",8027200
16200,100,400,"bu","13:20:23",8026900
16200,100,1000,"bu","13:20:23",8026500
16200,100,100,"bu","13:20:23",8025500
16200,100,200,"bu","13:20:23",8025400
16200,100,100,"bu","13:20:14",8025200
16150,50,500,"sd","13:20:10",8025100
16200,100,2000,"bu","13:20:04",8024600
16150,50,1000,"sd","13:19:59",8022600
16150,50,800,"sd","13:19:47",8021600
16150,50,300,"sd","13:19:40",8020800
16150,50,500,"sd","13:19:28",8020500
16200,100,1700,"sd","13:19:25",8020000
16200,100,300,"sd","13:19:20",8018300
16200,100,500,"sd","13:19:20",8018000
16200,100,200,"sd","13:19:20",8017500
16200,100,100,"sd","13:19:19",8017300
16200,100,100,"sd","13:19:14",8017200
16200,100,300,"sd","13:19:12",8017100
16200,100,500,"bu","13:18:59",8016800
16200,100,300,"bu","13:18:59",8016300
16200,100,500,"bu","13:18:40",8016000
16150,50,2000,"sd","13:18:38",8015500
16200,100,100,"bu","13:18:34",8013500
16200,100,1000,"bu","13:18:34",8013400
16200,100,500,"bu","13:18:34",8012400
16200,100,900,"bu","13:18:34",8011900
16200,100,200,"unknown","13:18:34",8011000
16200,100,3900,"sd","13:18:34",8010800
16200,100,22900,"sd","13:18:34",8006900
16200,100,2000,"sd","13:18:18",7984000
16200,100,17800,"sd","13:18:13",7982000
16200,100,1500,"sd","13:18:13",7964200
16200,100,5000,"bu","13:17:46",7962700
16200,100,200,"bu","13:17:46",7957700
16200,100,200,"bu","13:17:46",7957500
16200,100,400,"bu","13:17:46",7957300
16200,100,1000,"bu","13:17:44",7956900
16200,100,100,"bu","13:17:35",7955900
16200,100,100,"bu","13:17:35",7955800
16200,100,100,"bu","13:17:25",7955700
16200,100,300,"bu","13:17:25",7955600
16200,100,2600,"bu","13:17:25",7955300
16200,100,300,"bu","13:17:16",7952700
16200,100,500,"sd","13:17:13",7952400
16200,100,1000,"sd","13:17:12",7951900
16200,100,300,"sd","13:17:12",7950900
16200,100,1000,"sd","13:17:12",7950600
16200,100,100,"sd","13:17:12",7949600
16200,100,500,"sd","13:17:12",7949500
16200,100,2200,"sd","13:17:12",7949000
16200,100,1500,"sd","13:17:12",7946800
16200,100,100,"sd","13:17:12",7945300
16200,100,1000,"sd","13:17:09",7945200
16200,100,1000,"sd","13:17:07",7944200
16200,100,3000,"sd","13:17:01",7943200
16200,100,100,"sd","13:17:01",7940200
16200,100,2000,"sd","13:16:57",7940100
16200,100,1000,"sd","13:16:55",7938100
16200,100,200,"sd","13:16:50",7937100
16200,100,1000,"sd","13:16:48",7936900
16200,100,300,"sd","13:16:33",7935900
16200,100,800,"sd","13:16:28",7935600
16200,100,1000,"sd","13:16:15",7934800
16200,100,1000,"sd","13:16:04",7933800
16200,100,1000,"sd","13:15:51",7932800
16200,100,1200,"sd","13:15:51",7931800
16200,100,1000,"sd","13:15:48",7930600
16200,100,2000,"sd","13:15:36",7929600
16200,100,5000,"sd","13:15:34",7927600
16200,100,200,"bu","13:15:29",7922600
16200,100,10000,"bu","13:15:28",7922400
16200,100,20000,"bu","13:15:28",7912400
16200,100,1000,"bu","13:15:28",7892400
16200,100,4900,"bu","13:15:28",7891400
16200,100,500,"bu","13:15:23",7886500
16200,100,3400,"bu","13:15:18",7886000
16200,100,1000,"bu","13:15:12",7882600
16200,100,200,"bu","13:15:12",7881600
16200,100,100,"bu","13:15:01",7881400
16200,100,200,"bu","13:15:01",7881300
16200,100,100,"bu","13:14:42",7881100
16150,50,400,"sd","13:14:42",7881000
16150,50,400,"sd","13:14:42",7880600
16150,50,200,"sd","13:14:42",7880200
16200,100,100,"bu","13:14:41",7880000
16200,100,300,"bu","13:14:41",7879900
16200,100,100,"bu","13:14:41",7879600
16200,100,400,"bu","13:14:41",7879500
16200,100,500,"bu","13:14:41",7879100
16200,100,2000,"bu","13:14:41",7878600
16200,100,5000,"bu","13:14:41",7876600
16200,100,1200,"bu","13:14:41",7871600
16200,100,500,"bu","13:14:41",7870400
16200,100,100,"bu","13:14:41",7869900
16200,100,100,"bu","13:14:41",7869800
16200,100,1000,"bu","13:14:41",7869700
16200,100,1000,"bu","13:14:41",7868700
16200,100,300,"bu","13:14:41",7867700
16200,100,10000,"bu","13:14:41",7867400
16200,100,100,"bu","13:14:41",7857400
16200,100,2000,"bu","13:14:41",7857300
16200,100,300,"bu","13:14:41",7855300
16200,100,200,"bu","13:14:41",7855000
16200,100,1000,"bu","13:14:41",7854800
16200,100,100,"bu","13:14:41",7853800
16200,100,500,"bu","13:14:41",7853700
16200,100,400,"bu","13:14:41",7853200
16200,100,600,"bu","13:14:41",7852800
16200,100,2000,"bu","13:14:41",7852200
16200,100,900,"bu","13:14:41",7850200
16200,100,3000,"bu","13:14:41",7849300
16200,100,9900,"bu","13:14:41",7846300
16200,100,700,"bu","13:14:41",7836400
16200,100,500,"bu","13:14:41",7835700
16200,100,1000,"bu","13:14:41",7835200
16200,100,3000,"bu","13:14:41",7834200
16200,100,15000,"bu","13:14:41",7831200
16200,100,500,"bu","13:14:41",7816200
16200,100,10000,"bu","13:14:41",7815700
16200,100,1000,"bu","13:14:41",7805700
16200,100,10000,"bu","13:14:41",7804700
16200,100,1600,"bu","13:14:41",7794700
16200,100,100,"bu","13:14:41",7793100
16200,100,60700,"bu","13:14:41",7793000
16200,100,300,"bu","13:14:41",7732300
16200,100,300,"bu","13:14:41",7732000
16200,100,1100,"bu","13:14:41",7731700
16200,100,100,"bu","13:14:41",7730600
16200,100,500,"bu","13:14:41",7730500
16150,50,200,"sd","13:14:35",7730000
16150,50,10000,"sd","13:14:34",7729800
16150,50,4000,"sd","13:14:28",7719800
16150,50,3000,"sd","13:14:25",7715800
16150,50,1100,"sd","13:14:24",7712800
16150,50,1300,"sd","13:14:19",7711700
16150,50,10000,"sd","13:14:19",7710400
16150,50,500,"sd","13:14:19",7700400
16150,50,1000,"sd","13:14:19",7699900
16150,50,2000,"sd","13:14:19",7698900
16150,50,100,"sd","13:14:19",7696900
16150,50,500,"sd","13:14:19",7696800
16150,50,900,"sd","13:14:19",7696300
16150,50,2000,"sd","13:14:19",7695400
16150,50,100,"sd","13:14:19",7693400
16150,50,900,"sd","13:14:19",7693300
16150,50,200,"sd","13:14:16",7692400
16150,50,900,"sd","13:14:13",7692200
16150,50,4100,"sd","13:14:13",7691300
16150,50,900,"sd","13:14:03",7687200
16150,50,9100,"sd","13:14:03",7686300
16150,50,4000,"sd","13:13:39",7677200
16150,50,2500,"sd","13:13:37",7673200
16150,50,200,"sd","13:13:35",7670700
16150,50,15000,"sd","13:13:28",7670500
16150,50,300,"bu","13:13:22",7655500
16150,50,100,"bu","13:13:22",7655200
16150,50,1300,"bu","13:13:22",7655100
16150,50,500,"bu","13:13:22",7653800
16150,50,2000,"bu","13:13:22",7653300
16150,50,5000,"bu","13:13:22",7651300
16150,50,1000,"bu","13:13:22",7646300
16150,50,9000,"bu","13:13:22",7645300
16150,50,100,"bu","13:13:21",7636300
16150,50,5000,"bu","13:13:20",7636200
16150,50,5900,"bu","13:13:20",7631200
16150,50,4100,"bu","13:13:20",7625300
16150,50,1000,"bu","13:13:18",7621200
16150,50,900,"bu","13:13:17",7620200
16150,50,1600,"bu","13:13:17",7619300
16100,0,2200,"sd","13:13:12",7617700
16100,0,800,"sd","13:13:12",7615500
16150,50,500,"bu","13:13:06",7614700
16150,50,500,"bu","13:13:03",7614200
16150,50,5000,"bu","13:13:02",7613700
16100,0,600,"sd","13:13:02",7608700
16150,50,100,"bu","13:12:56",7608100
16150,50,400,"bu","13:12:54",7608000
16150,50,2800,"bu","13:12:50",7607600
16150,50,600,"bu","13:12:50",7604800
16150,50,100,"bu","13:12:50",7604200
16150,50,5000,"bu","13:12:41",7604100
16150,50,4900,"bu","13:12:39",7599100
16150,50,100,"bu","13:12:38",7594200
16150,50,5000,"bu","13:12:34",7594100
16150,50,1000,"bu","13:12:24",7589100
16150,50,900,"bu","13:12:24",7588100
16150,50,500,"bu","13:12:24",7587200
16150,50,500,"bu","13:12:24",7586700
16200,100,200,"bu","13:12:23",7586200
16150,50,4800,"sd","13:12:22",7586000
16150,50,1200,"sd","13:12:22",7581200
16150,50,400,"sd","13:12:21",7580000
16150,50,1500,"sd","13:12:16",7579600
16150,50,1000,"sd","13:12:15",7578100
16150,50,100,"bu","13:12:14",7577100
16150,50,1000,"bu","13:12:14",7577000
16150,50,100,"bu","13:12:14",7576000
16150,50,500,"sd","13:12:12",7575900
16150,50,300,"sd","13:12:11",7575400
16150,50,100,"sd","13:12:11",7575100
16150,50,10000,"sd","13:12:11",7575000
16150,50,1800,"sd","13:12:11",7565000
16150,50,600,"sd","13:12:11",7563200
16150,50,1600,"sd","13:12:11",7562600
16150,50,1400,"sd","13:12:10",7561000
16150,50,1000,"sd","13:12:10",7559600
16150,50,100,"sd","13:12:10",7558600
16150,50,7500,"sd","13:12:10",7558500
16150,50,2500,"sd","13:12:08",7551000
16150,50,2500,"sd","13:12:08",7548500
16150,50,1000,"sd","13:12:03",7546000
16150,50,2000,"sd","13:12:02",7545000
16150,50,10000,"sd","13:11:59",7543000
16150,50,1000,"sd","13:11:58",7533000
16150,50,1000,"sd","13:11:50",7532000
16150,50,1500,"sd","13:11:41",7531000
16150,50,6600,"bu","13:11:36",7529500
16150,50,1000,"bu","13:11:36",7522900
16150,50,600,"bu","13:11:36",7521900
16150,50,1000,"bu","13:11:36",7521300
16150,50,700,"bu","13:11:36",7520300
16150,50,20000,"bu","13:11:36",7519600
16150,50,1000,"bu","13:11:36",7499600
16150,50,100,"bu","13:11:36",7498600
16100,0,6000,"sd","13:11:30",7498500
16100,0,1600,"sd","13:11:28",7492500
16150,50,3400,"bu","13:11:27",7490900
16150,50,1600,"bu","13:11:27",7487500
16150,50,400,"bu","13:11:27",7485900
16150,50,100,"bu","13:11:27",7485500
16100,0,200,"sd","13:11:25",7485400
16150,50,400,"bu","13:11:23",7485200
16100,0,2000,"sd","13:11:19",7484800
16100,0,8800,"sd","13:11:16",7482800
16100,0,100,"sd","13:11:16",7474000
16100,0,200,"sd","13:11:16",7473900
16100,0,500,"sd","13:11:16",7473700
16100,0,200,"sd","13:11:16",7473200
16100,0,100,"sd","13:11:16",7473000
16100,0,100,"sd","13:11:16",7472900
16100,0,1900,"sd","13:11:07",7472800
16100,0,100,"sd","13:11:07",7470900
16150,50,100,"bu","13:11:06",7470800
16150,50,400,"bu","13:11:06",7470700
16150,50,100,"bu","13:11:06",7470300
16150,50,200,"bu","13:11:06",7470200
16150,50,200,"bu","13:11:04",7470000
16150,50,100,"bu","13:11:01",7469800
16150,50,500,"bu","13:11:01",7469700
16150,50,3000,"bu","13:10:59",7469200
16150,50,5900,"bu","13:10:58",7466200
16150,50,300,"bu","13:10:58",7460300
16150,50,3800,"bu","13:10:58",7460000
16150,50,2000,"bu","13:10:50",7456200
16150,50,1000,"bu","13:10:50",7454200
16150,50,3000,"bu","13:10:50",7453200
16150,50,1500,"bu","13:10:50",7450200
16150,50,2000,"bu","13:10:50",7448700
16150,50,100,"bu","13:10:50",7446700
16150,50,1400,"bu","13:10:50",7446600
16150,50,2000,"bu","13:10:50",7445200
16150,50,2000,"bu","13:10:50",7443200
16150,50,1200,"bu","13:10:50",7441200
16150,50,800,"sd","13:10:49",7440000
16150,50,2200,"sd","13:10:49",7439200
16150,50,2000,"sd","13:10:47",7437000
16150,50,400,"sd","13:10:46",7435000
16150,50,6900,"sd","13:10:46",7434600
16150,50,1000,"sd","13:10:43",7427700
16150,50,500,"sd","13:10:42",7426700
16150,50,1400,"sd","13:10:42",7426200
16150,50,300,"sd","13:10:42",7424800
16150,50,5000,"sd","13:10:42",7424500
16150,50,1000,"sd","13:10:42",7419500
16150,50,400,"sd","13:10:42",7418500
16150,50,700,"sd","13:10:42",7418100
16150,50,21500,"sd","13:10:42",7417400
16150,50,10000,"sd","13:10:42",7395900
16150,50,100,"sd","13:10:42",7385900
16150,50,1000,"sd","13:10:42",7385800
16150,50,2300,"sd","13:10:42",7384800
16150,50,10000,"sd","13:10:42",7382500
16150,50,2000,"sd","13:10:42",7372500
16150,50,4900,"sd","13:10:42",7370500
16150,50,500,"sd","13:10:42",7365600
16150,50,2200,"sd","13:10:42",7365100
16150,50,100,"sd","13:10:42",7362900
16150,50,1300,"sd","13:10:42",7362800
16150,50,700,"sd","13:10:41",7361500
16150,50,300,"sd","13:10:38",7360800
16150,50,500,"sd","13:10:38",7360500
16150,50,200,"sd","13:10:38",7360000
16150,50,100,"sd","13:10:37",7359800
16150,50,200,"sd","13:10:37",7359700
16150,50,500,"sd","13:10:37",7359500
16150,50,1000,"sd","13:10:37",7359000
16150,50,100,"sd","13:10:37",7358000
16150,50,1000,"sd","13:10:37",7357900
16150,50,200,"sd","13:10:36",7356900
16150,50,1800,"sd","13:10:36",7356700
16150,50,100,"sd","13:10:36",7354900
16150,50,1000,"sd","13:10:36",7354800
16150,50,5000,"sd","13:10:36",7353800
16150,50,1000,"sd","13:10:36",7348800
16150,50,100,"sd","13:10:36",7347800
16150,50,300,"sd","13:10:36",7347700
16150,50,200,"sd","13:10:36",7347400
16150,50,2000,"sd","13:10:36",7347200
16150,50,1000,"sd","13:10:36",7345200
16150,50,100,"sd","13:10:36",7344200
16150,50,20000,"sd","13:10:36",7344100
16150,50,1000,"sd","13:10:36",7324100
16150,50,6200,"sd","13:10:36",7323100
16150,50,100,"sd","13:10:34",7316900
16150,50,3500,"sd","13:10:30",7316800
16150,50,100,"sd","13:10:23",7313300
16150,50,3100,"sd","13:10:23",7313200
16150,50,7000,"sd","13:10:23",7310100
16150,50,1000,"sd","13:10:23",7303100
16150,50,300,"sd","13:10:23",7302100
16150,50,200,"sd","13:10:23",7301800
16150,50,1000,"sd","13:10:23",7301600
16150,50,1500,"sd","13:10:23",7300600
16150,50,1900,"sd","13:10:23",7299100
16150,50,300,"sd","13:10:23",7297200
16150,50,1000,"sd","13:10:23",7296900
16150,50,10000,"sd","13:10:23",7295900
16150,50,3000,"sd","13:10:23",7285900
16150,50,4700,"sd","13:10:23",7282900
16150,50,2300,"sd","13:10:20",7278200
16150,50,1400,"sd","13:10:20",7275900
16200,100,1000,"bu","13:10:16",7274500
16200,100,2000,"bu","13:10:14",7273500
16150,50,1600,"sd","13:10:14",7271500
16150,50,400,"sd","13:10:14",7269900
16150,50,9600,"sd","13:10:11",7269500
16150,50,2000,"sd","13:10:11",7259900
16150,50,200,"sd","13:10:11",7257900
16150,50,100,"sd","13:10:11",7257700
16150,50,100,"sd","13:10:11",7257600
16150,50,200,"sd","13:10:11",7257500
16150,50,200,"sd","13:10:11",7257300
16150,50,10000,"sd","13:10:11",7257100
16150,50,5000,"sd","13:10:11",7247100
16150,50,5000,"sd","13:10:11",7242100
16150,50,3300,"sd","13:10:11",7237100
16150,50,4300,"sd","13:10:11",7233800
16150,50,700,"sd","13:10:08",7229500
16150,50,200,"sd","13:10:01",7228800
16150,50,200,"sd","13:09:57",7228600
16150,50,1600,"sd","13:09:55",7228400
16150,50,200,"sd","13:09:54",7226800
16150,50,100,"sd","13:09:54",7226600
16150,50,1100,"sd","13:09:54",7226500
16200,100,4500,"bu","13:09:51",7225400
16150,50,2000,"sd","13:09:44",7220900
16150,50,100,"sd","13:09:43",7218900
16150,50,300,"sd","13:09:43",7218800
16200,100,3000,"bu","13:09:38",7218500
16200,100,100,"bu","13:09:19",7215500
16200,100,5000,"bu","13:09:19",7215400
16200,100,500,"bu","13:09:08",7210400
16200,100,100,"bu","13:09:02",7209900
16150,50,500,"sd","13:08:40",7209800
16200,100,1000,"bu","13:08:40",7209300
16200,100,22000,"sd","13:08:23",7208300
16200,100,1600,"sd","13:08:18",7186300
16200,100,4700,"sd","13:08:17",7184700
16200,100,10000,"bu","13:08:16",7180000
16200,100,1000,"bu","13:08:16",7170000
16200,100,4900,"bu","13:08:16",7169000
16200,100,15800,"bu","13:08:16",7164100
16200,100,200,"sd","13:08:10",7148300
16200,100,900,"sd","13:08:10",7148100
16200,100,200,"sd","13:08:10",7147200
16200,100,1000,"sd","13:08:10",7147000
16200,100,4300,"sd","13:08:10",7146000
16200,100,1500,"sd","13:08:10",7141700
16200,100,1000,"sd","13:08:10",7140200
16200,100,1000,"sd","13:08:10",7139200
16200,100,3200,"sd","13:08:10",7138200
16200,100,700,"sd","13:08:10",7135000
16200,100,200,"sd","13:08:10",7134300
16200,100,100,"sd","13:08:10",7134100
16200,100,100,"sd","13:08:09",7134000
16200,100,900,"sd","13:08:09",7133900
16200,100,500,"sd","13:08:09",7133000
16200,100,14100,"sd","13:08:07",7132500
16200,100,2000,"sd","13:08:07",7118400
16200,100,1000,"sd","13:08:07",7116400
16200,100,2000,"sd","13:08:07",7115400
16200,100,500,"sd","13:08:07",7113400
16200,100,400,"sd","13:08:07",7112900
16200,100,900,"sd","13:08:06",7112500
16200,100,700,"sd","13:08:06",7111600
16200,100,200,"sd","13:08:06",7110900
16200,100,300,"sd","13:08:06",7110700
16200,100,800,"sd","13:08:06",7110400
16200,100,1000,"sd","13:08:05",7109600
16200,100,200,"sd","13:08:05",7108600
16200,100,100,"sd","13:08:05",7108400
16200,100,900,"sd","13:08:02",7108300
16200,100,4100,"sd","13:08:02",7107400
16200,100,200,"sd","13:08:02",7103300
16200,100,2000,"sd","13:08:02",7103100
16200,100,1000,"sd","13:08:02",7101100
16200,100,3000,"sd","13:08:01",7100100
16200,100,1000,"sd","13:08:01",7097100
16200,100,500,"sd","13:07:59",7096100
16200,100,5000,"sd","13:07:57",7095600
16200,100,2000,"sd","13:07:57",7090600
16200,100,500,"sd","13:07:56",7088600
16200,100,1000,"sd","13:07:56",7088100
16200,100,10000,"sd","13:07:56",7087100
16200,100,19700,"sd","13:07:54",7077100
16200,100,300,"sd","13:07:54",7057400
16200,100,700,"sd","13:07:52",7057100
16200,100,100,"sd","13:07:52",7056400
16200,100,100,"sd","13:07:52",7056300
16200,100,5000,"sd","13:07:52",7056200
16200,100,200,"sd","13:07:52",7051200
16200,100,2000,"sd","13:07:52",7051000
16200,100,10000,"sd","13:07:52",7049000
16200,100,1000,"sd","13:07:52",7039000
16200,100,900,"sd","13:07:52",7038000
16200,100,100,"sd","13:07:50",7037100
16200,100,100,"sd","13:07:50",7037000
16200,100,10000,"sd","13:07:50",7036900
16200,100,500,"sd","13:07:50",7026900
16200,100,500,"sd","13:07:50",7026400
16200,100,600,"sd","13:07:50",7025900
16200,100,200,"sd","13:07:50",7025300
16200,100,1000,"sd","13:07:50",7025100
16200,100,8000,"sd","13:07:50",7024100
16200,100,2000,"sd","13:07:50",7016100
16200,100,1000,"sd","13:07:37",7014100
16200,100,2000,"sd","13:07:37",7013100
16200,100,2000,"sd","13:07:37",7011100
16200,100,1000,"sd","13:07:37",7009100
16250,150,200,"bu","13:07:29",7008100
16200,100,3400,"sd","13:07:12",7007900
16200,100,400,"sd","13:06:59",7004500
16200,100,1000,"sd","13:06:50",7004100
16200,100,4000,"sd","13:06:37",7003100
16200,100,4000,"sd","13:06:35",6999100
16200,100,200,"sd","13:06:33",6995100
16200,100,500,"sd","13:06:28",6994900
16200,100,100,"sd","13:06:25",6994400
16200,100,200,"sd","13:06:23",6994300
16200,100,5000,"sd","13:06:16",6994100
16200,100,300,"sd","13:06:14",6989100
16200,100,2000,"sd","13:06:14",6988800
16200,100,700,"sd","13:06:14",6986800
16200,100,200,"sd","13:06:08",6986100
16200,100,3000,"sd","13:06:06",6985900
16200,100,300,"sd","13:05:59",6982900
16200,100,400,"sd","13:05:41",6982600
16250,150,200,"bu","13:05:37",6982200
16250,150,100,"bu","13:05:34",6982000
16200,100,400,"sd","13:05:29",6981900
16250,150,200,"bu","13:05:29",6981500
16200,100,500,"sd","13:05:29",6981300
16200,100,1200,"sd","13:05:29",6980800
16250,150,500,"bu","13:05:21",6979600
16200,100,100,"sd","13:05:21",6979100
16250,150,300,"bu","13:05:10",6979000
16250,150,100,"bu","13:05:08",6978700
16200,100,700,"sd","13:05:07",6978600
16200,100,500,"sd","13:05:07",6977900
16200,100,200,"sd","13:05:07",6977400
16200,100,500,"sd","13:05:07",6977200
16200,100,2100,"sd","13:05:07",6976700
16200,100,500,"sd","13:05:07",6974600
16200,100,200,"sd","13:05:07",6974100
16200,100,300,"sd","13:05:07",6973900
16200,100,100,"sd","13:05:07",6973600
16200,100,1000,"sd","13:05:07",6973500
16200,100,900,"sd","13:05:07",6972500
16200,100,100,"sd","13:05:05",6971600
16200,100,900,"sd","13:05:05",6971500
16200,100,100,"sd","13:05:05",6970600
16200,100,100,"sd","13:05:05",6970500
16200,100,500,"sd","13:05:05",6970400
16200,100,300,"sd","13:05:05",6969900
16250,150,200,"bu","13:04:58",6969600
16250,150,900,"bu","13:04:52",6969400
16200,100,1000,"sd","13:04:50",6968500
16250,150,100,"bu","13:04:46",6967500
16250,150,1000,"bu","13:04:38",6967400
16200,100,1500,"sd","13:04:35",6966400
16200,100,1600,"sd","13:04:26",6964900
16200,100,600,"sd","13:04:18",6963300
16200,100,100,"sd","13:04:18",6962700
16200,100,300,"sd","13:04:18",6962600
16200,100,6000,"sd","13:04:18",6962300
16200,100,2000,"sd","13:04:18",6956300
16200,100,2000,"sd","13:04:18",6954300
16200,100,300,"sd","13:04:18",6952300
16200,100,700,"sd","13:04:18",6952000
16200,100,500,"sd","13:04:18",6951300
16200,100,100,"sd","13:04:18",6950800
16200,100,3000,"sd","13:04:18",6950700
16200,100,2000,"sd","13:04:18",6947700
16200,100,500,"sd","13:04:18",6945700
16200,100,200,"sd","13:04:18",6945200
16200,100,100,"sd","13:04:13",6945000
16200,100,100,"sd","13:04:13",6944900
16200,100,200,"sd","13:04:13",6944800
16200,100,100,"sd","13:04:13",6944600
16200,100,100,"sd","13:04:11",6944500
16200,100,200,"sd","13:04:10",6944400
16200,100,1800,"sd","13:04:04",6944200
16200,100,2000,"sd","13:04:04",6942400
16200,100,2000,"sd","13:04:04",6940400
16200,100,1000,"sd","13:04:04",6938400
16200,100,500,"sd","13:04:04",6937400
16200,100,1000,"sd","13:04:04",6936900
16200,100,1900,"sd","13:04:04",6935900
16200,100,1000,"sd","13:04:04",6934000
16200,100,2000,"sd","13:04:04",6933000
16200,100,1800,"sd","13:04:04",6931000
16200,100,2000,"sd","13:03:55",6929200
16200,100,1000,"sd","13:03:50",6927200
16200,100,200,"sd","13:03:48",6926200
16200,100,500,"sd","13:03:44",6926000
16200,100,3900,"sd","13:03:44",6925500
16200,100,200,"sd","13:03:40",6921600
16200,100,400,"sd","13:03:38",6921400
16200,100,1400,"sd","13:03:38",6921000
16200,100,200,"sd","13:03:38",6919600
16200,100,100,"sd","13:03:29",6919400
16200,100,200,"sd","13:03:29",6919300
16200,100,2800,"sd","13:03:29",6919100
16200,100,2200,"sd","13:03:22",6916300
16200,100,1600,"sd","13:03:22",6914100
16200,100,1000,"sd","13:03:22",6912500
16200,100,500,"sd","13:03:22",6911500
16200,100,700,"sd","13:03:22",6911000
16250,150,5000,"bu","13:03:16",6910300
16250,150,1500,"bu","13:03:08",6905300
16250,150,1000,"bu","13:03:06",6903800
16250,150,2000,"bu","13:03:06",6902800
16200,100,200,"sd","13:02:42",6900800
16200,100,800,"sd","13:02:42",6900600
16250,150,3700,"bu","13:02:29",6899800
16250,150,2000,"bu","13:02:29",6896100
16250,150,5000,"bu","13:02:29",6894100
16250,150,900,"bu","13:02:29",6889100
16250,150,200,"bu","13:02:29",6888200
16250,150,5100,"bu","13:02:29",6888000
16250,150,600,"bu","13:02:29",6882900
16250,150,12500,"bu","13:02:29",6882300
16250,150,200,"bu","13:02:27",6869800
16250,150,600,"bu","13:02:26",6869600
16200,100,1000,"sd","13:02:19",6869000
16250,150,400,"bu","13:02:17",6868000
16250,150,4000,"bu","13:02:01",6867600
16200,100,8200,"sd","13:02:00",6863600
16200,100,200,"sd","13:02:00",6855400
16200,100,200,"sd","13:02:00",6855200
16200,100,2100,"sd","13:02:00",6855000
16250,150,500,"bu","13:01:58",6852900
16250,150,5800,"bu","13:01:56",6852400
16250,150,200,"bu","13:01:56",6846600
16200,100,900,"sd","13:01:48",6846400
16250,150,100,"bu","13:01:42",6845500
16250,150,2000,"bu","13:01:39",6845400
16250,150,900,"bu","13:01:39",6843400
16250,150,100,"bu","13:01:39",6842500
16250,150,200,"bu","13:01:39",6842400
16250,150,2000,"bu","13:01:39",6842200
16250,150,3000,"bu","13:01:39",6840200
16200,100,200,"sd","13:01:33",6837200
16200,100,1500,"sd","13:01:32",6837000
16200,100,100,"sd","13:01:31",6835500
16200,100,200,"sd","13:01:28",6835400
16200,100,1400,"sd","13:01:28",6835200
16200,100,100,"sd","13:01:24",6833800
16200,100,100,"sd","13:01:24",6833700
16200,100,2000,"sd","13:01:23",6833600
16200,100,5000,"sd","13:01:11",6831600
16200,100,500,"sd","13:01:01",6826600
16200,100,100,"sd","13:00:57",6826100
16250,150,500,"bu","13:00:52",6826000
16200,100,500,"sd","13:00:43",6825500
16200,100,4200,"sd","13:00:28",6825000
16250,150,300,"bu","13:00:28",6820800
16250,150,100,"bu","13:00:27",6820500
16250,150,100,"bu","13:00:27",6820400
16250,150,6000,"bu","13:00:26",6820300
16250,150,2000,"bu","13:00:26",6814300
16250,150,4200,"bu","13:00:26",6812300
16250,150,400,"bu","13:00:26",6808100
16250,150,1600,"bu","13:00:26",6807700
16250,150,800,"bu","13:00:25",6806100
16250,150,1000,"bu","13:00:20",6805300
16250,150,1300,"bu","13:00:14",6804300
16250,150,1000,"bu","13:00:13",6803000
16250,150,1000,"bu","13:00:13",6802000
16200,100,1000,"sd","13:00:11",6801000
16200,100,1000,"sd","13:00:08",6800000
16250,150,200,"bu","13:00:08",6799000
16250,150,1000,"bu","13:00:08",6798800
16250,150,1000,"bu","13:00:07",6797800
16250,150,200,"bu","13:00:07",6796800
16250,150,600,"bu","13:00:06",6796600
16250,150,500,"bu","13:00:06",6796000
16250,150,100,"bu","13:00:06",6795500
16200,100,300,"sd","13:00:06",6795400
16250,150,100,"bu","13:00:06",6795100
16250,150,500,"bu","13:00:06",6795000
16250,150,500,"bu","13:00:06",6794500
16250,150,300,"bu","13:00:06",6794000
16250,150,100,"bu","13:00:06",6793700
16250,150,100,"bu","13:00:06",6793600
16250,150,20000,"bu","13:00:06",6793500
16250,150,100000,"bu","13:00:06",6773500
16250,150,100,"bu","13:00:06",6673500
16250,150,500,"bu","13:00:06",6673400
16250,150,15100,"bu","13:00:06",6672900
16250,150,1000,"sd","13:00:06",6657800
16250,150,200,"sd","13:00:06",6656800
16250,150,1000,"sd","13:00:06",6656600
16250,150,200,"sd","13:00:06",6655600
16300,200,4100,"bu","13:00:05",6655400
16300,200,100,"bu","13:00:05",6651300
16300,200,100,"bu","13:00:05",6651200
16300,200,100,"bu","13:00:05",6651100
16250,150,600,"sd","13:00:05",6651000
16300,200,100,"bu","13:00:05",6650400
16300,200,1600,"bu","13:00:04",6650300
16300,200,600,"bu","13:00:04",6648700
16300,200,200,"bu","13:00:04",6648100
16300,200,2000,"bu","13:00:04",6647900
16300,200,100,"bu","13:00:04",6645900
16300,200,200,"bu","13:00:04",6645800
16300,200,700,"bu","13:00:04",6645600
16250,150,2200,"sd","13:00:04",6644900
16250,150,4200,"sd","13:00:03",6642700
16250,150,1000,"sd","13:00:03",6638500
16250,150,600,"sd","13:00:03",6637500
16250,150,800,"sd","13:00:03",6636900
16250,150,1000,"sd","13:00:03",6636100
16250,150,200,"sd","13:00:03",6635100
16250,150,5700,"sd","13:00:03",6634900
16250,150,100,"sd","13:00:03",6629200
16250,150,1800,"sd","13:00:03",6629100
16300,200,7800,"sd","13:00:03",6627300
16250,150,100,"sd","13:00:03",6619500
16250,150,100,"sd","13:00:03",6619400
16300,200,2300,"sd","13:00:03",6619300
16250,150,3700,"sd","13:00:03",6617000
16300,200,1300,"sd","13:00:02",6613300
16300,200,1000,"sd","13:00:02",6612000
16350,250,2100,"bu","13:00:02",6611000
16300,200,100,"sd","13:00:02",6608900
16300,200,200,"sd","13:00:02",6608800
16300,200,7400,"sd","13:00:02",6608600
16300,200,4000,"sd","13:00:02",6601200
16300,200,100,"sd","13:00:02",6597200
16300,200,3000,"sd","13:00:02",6597100
16300,200,2000,"sd","13:00:02",6594100
16300,200,1100,"sd","13:00:02",6592100
16250,150,700,"sd","13:00:02",6591000
16300,200,5900,"sd","13:00:02",6590300
16350,250,500,"bu","13:00:02",6584400
16300,200,100,"sd","13:00:02",6583900
16300,200,2000,"sd","13:00:01",6583800
16300,200,1000,"sd","13:00:01",6581800
16300,200,1000,"sd","13:00:01",6580800
16300,200,100,"sd","13:00:01",6579800
16300,200,100,"sd","13:00:01",6579700
16300,200,100,"sd","13:00:01",6579600
16300,200,700,"sd","13:00:01",6579500
16300,200,18200,"sd","13:00:01",6578800
16300,200,300,"sd","13:00:01",6560600
16300,200,100,"sd","13:00:01",6560300
16300,200,1400,"sd","13:00:01",6560200
16300,200,500,"sd","13:00:01",6558800
16300,200,100,"sd","13:00:01",6558300
16300,200,500,"sd","11:29:59",6558200
16300,200,400,"sd","11:29:40",6557700
16300,200,800,"sd","11:29:23",6557300
16300,200,200,"sd","11:29:23",6556500
16300,200,600,"sd","11:29:23",6556300
16300,200,100,"sd","11:29:23",6555700
16300,200,8300,"sd","11:29:23",6555600
16300,200,2000,"sd","11:29:16",6547300
16300,200,1500,"sd","11:29:14",6545300
16300,200,100,"sd","11:28:25",6543800
16300,200,1300,"sd","11:28:13",6543700
16300,200,1200,"bu","11:27:50",6542400
16300,200,100,"bu","11:27:50",6541200
16300,200,100,"bu","11:27:49",6541100
16300,200,300,"bu","11:27:49",6541000
16300,200,400,"bu","11:27:49",6540700
16300,200,4700,"bu","11:27:49",6540300
16300,200,1000,"bu","11:27:41",6535600
16250,150,200,"sd","11:27:10",6534600
16300,200,4300,"bu","11:27:04",6534400
16300,200,3100,"bu","11:27:04",6530100
16300,200,7000,"bu","11:27:04",6527000
16300,200,5000,"bu","11:27:04",6520000
16300,200,100,"bu","11:27:04",6515000
16300,200,4000,"bu","11:27:04",6514900
16300,200,6000,"bu","11:27:04",6510900
16300,200,3000,"bu","11:27:04",6504900
16300,200,500,"bu","11:27:04",6501900
16300,200,1000,"bu","11:27:04",6501400
16300,200,500,"bu","11:27:04",6500400
16300,200,500,"bu","11:27:04",6499900
16300,200,900,"bu","11:27:04",6499400
16300,200,600,"bu","11:26:58",6498500
16300,200,200,"bu","11:26:58",6497900
