"price","change","match_qtty","side","time","total_vol"
27800,600,500,"bu","14:59:47",444600
27700,500,300,"sd","14:57:26",444100
27800,600,1100,"bu","14:57:24",443800
27800,600,200,"bu","14:53:09",442700
27800,600,400,"bu","14:47:43",442500
27600,400,500,"sd","14:45:53",442100
27600,400,500,"sd","14:45:50",441600
27600,400,800,"bu","14:39:43",441100
27600,400,200,"bu","14:39:18",440300
27600,400,100,"bu","14:35:48",440100
27600,400,300,"sd","14:35:33",440000
27500,300,600,"sd","14:34:44",439700
27500,300,100,"sd","14:33:26",439100
27500,300,20000,"sd","14:32:20",439000
27800,600,200,"bu","14:30:56",419000
27800,600,800,"sd","14:30:18",418800
27800,600,500,"sd","14:30:16",418000
27800,600,200,"sd","14:30:14",417500
27800,600,500,"sd","14:29:36",417300
27800,600,2100,"sd","14:28:54",416800
27800,600,100,"sd","14:28:25",414700
27800,600,3000,"sd","14:28:21",414600
27900,700,300,"bu","14:27:40",411600
27900,700,100,"bu","14:27:24",411300
27900,700,1600,"bu","14:27:13",411200
27900,700,700,"sd","14:26:49",409600
27900,700,1000,"sd","14:26:34",408900
27900,700,100,"sd","14:26:22",407900
27900,700,100,"sd","14:25:36",407800
27900,700,1000,"sd","14:25:22",407700
27900,700,800,"bu","14:25:18",406700
27900,700,2300,"bu","14:25:17",405900
27900,700,100,"bu","14:25:14",403600
27900,700,2700,"bu","14:25:11",403500
27900,700,4600,"bu","14:25:02",400800
27800,600,1000,"sd","14:24:58",396200
27900,700,1000,"bu","14:24:56",395200
27800,600,100,"sd","14:24:48",394200
27800,600,100,"sd","14:24:09",394100
27800,600,100,"sd","14:24:07",394000
27800,600,1000,"sd","14:23:39",393900
27800,600,1000,"sd","14:23:36",392900
27800,600,1400,"bu","14:23:21",391900
27800,600,12700,"bu","14:23:08",390500
27700,500,1000,"sd","14:22:32",377800
27700,500,100,"sd","14:22:30",376800
27700,500,400,"sd","14:21:51",376700
27700,500,1000,"sd","14:21:49",376300
27700,500,200,"sd","14:21:05",375300
27700,500,100,"sd","14:20:58",375100
27700,500,100,"sd","14:20:25",375000
27700,500,100,"sd","14:20:13",374900
27700,500,500,"sd","14:20:08",374800
27700,500,200,"sd","14:19:58",374300
27700,500,200,"sd","14:19:54",374100
27700,500,100,"sd","14:19:10",373900
27700,500,4000,"bu","14:18:48",373800
27700,500,15000,"bu","14:18:33",369800
27700,500,1000,"bu","14:18:14",354800
27700,500,1100,"bu","14:18:11",353800
27700,500,5000,"bu","14:18:04",352700
27700,500,2000,"bu","14:17:59",347700
27700,500,28000,"bu","14:17:50",345700
27700,500,300,"bu","14:17:42",317700
27600,400,200,"sd","14:17:38",317400
27700,500,100,"bu","14:16:47",317200
27600,400,300,"bu","14:16:32",317100
27600,400,1300,"bu","14:16:23",316800
27600,400,10000,"bu","14:15:46",315500
27600,400,700,"bu","14:11:43",305500
27600,400,300,"bu","14:11:10",304800
27600,400,300,"bu","14:10:51",304500
27500,300,200,"sd","14:09:59",304200
27500,300,3000,"sd","14:09:25",304000
27600,400,20000,"bu","14:09:22",301000
27500,300,400,"sd","14:08:45",281000
27500,300,2000,"sd","14:07:08",280600
27500,300,300,"sd","14:06:50",278600
27500,300,1000,"sd","14:06:40",278300
27500,300,100,"sd","14:06:06",277300
27500,300,100,"sd","14:05:08",277200
27500,300,200,"bu","14:04:14",277100
27500,300,1000,"bu","14:02:26",276900
27500,300,2000,"bu","14:02:22",275900
27500,300,10000,"bu","14:00:14",273900
27400,200,1700,"bu","13:59:38",263900
27400,200,3000,"bu","13:54:03",262200
27400,200,1200,"bu","13:53:21",259200
27400,200,500,"unknown","13:46:54",258000
27400,200,500,"sd","13:46:14",257500
27400,200,300,"sd","13:43:59",257000
27400,200,200,"sd","13:41:37",256700
27400,200,100,"sd","13:41:18",256500
27400,200,600,"bu","13:41:06",256400
27300,100,100,"sd","13:40:17",255800
27300,100,100,"sd","13:39:47",255700
27300,100,1000,"sd","13:38:00",255600
27300,100,800,"unknown","13:33:31",254600
27300,100,29200,"bu","13:32:29",253800
27400,200,1000,"sd","13:31:40",224600
27400,200,800,"sd","13:28:17",223600
27400,200,1000,"sd","13:27:06",222800
27400,200,100,"sd","13:21:24",221800
27400,200,100,"sd","13:17:09",221700
27400,200,800,"sd","13:16:52",221600
27400,200,1700,"sd","13:15:15",220800
27400,200,400,"sd","13:15:11",219100
27400,200,800,"sd","13:14:36",218700
27400,200,1000,"sd","13:13:13",217900
27400,200,100,"sd","13:12:30",216900
27400,200,200,"sd","13:11:12",216800
27400,200,1100,"sd","13:10:03",216600
27400,200,3000,"sd","13:08:18",215500
27400,200,400,"sd","13:07:23",212500
27400,200,100,"sd","13:06:54",212100
27400,200,1000,"sd","13:04:52",212000
27400,200,900,"sd","13:03:53",211000
27400,200,1000,"sd","13:02:38",210100
27400,200,100,"bu","13:01:58",209100
27400,200,600,"bu","13:01:16",209000
27400,200,100,"bu","13:01:05",208400
27400,200,2000,"bu","13:00:55",208300
27400,200,7200,"bu","13:00:09",206300
27400,200,5000,"bu","13:00:08",199100
27400,200,100,"sd","11:29:41",194100
27400,200,1500,"sd","11:29:28",194000
27500,300,3600,"bu","11:29:02",192500
27500,300,4100,"bu","11:12:43",188900
27500,300,200,"bu","11:12:01",184800
27500,300,200,"bu","11:10:42",184600
27500,300,7500,"bu","11:07:35",184400
27600,400,2000,"bu","11:00:46",176900
27600,400,2300,"bu","10:56:55",174900
27600,400,200,"sd","10:54:27",172600
27600,400,200,"unknown","10:53:54",172400
27500,300,2600,"sd","10:50:10",172200
27500,300,6000,"sd","10:49:13",169600
27600,400,2000,"sd","10:48:20",163600
27600,400,100,"sd","10:45:45",161600
27600,400,1000,"sd","10:44:05",161500
27600,400,12800,"sd","10:42:58",160500
27600,400,400,"bu","10:42:43",147700
27600,400,1800,"bu","10:39:54",147300
27600,400,1000,"bu","10:34:25",145500
27500,300,100,"sd","10:33:36",144500
27500,300,200,"sd","10:33:09",144400
27500,300,5900,"sd","10:26:41",144200
27500,300,4100,"bu","10:25:59",138300
27600,400,700,"sd","10:24:39",134200
27600,400,1000,"sd","10:24:37",133500
27600,400,2000,"sd","10:24:11",132500
27700,500,200,"sd","10:21:00",130500
27700,500,100,"bu","10:20:45",130300
27700,500,200,"unknown","10:20:07",130200
27700,500,600,"bu","10:19:22",130000
27700,500,5000,"sd","10:18:30",129400
27700,500,600,"sd","10:17:57",124400
27700,500,200,"sd","10:17:47",123800
27700,500,2200,"sd","10:17:46",123600
27700,500,200,"bu","10:17:41",121400
27700,500,5000,"bu","10:17:38",121200
27700,500,3700,"bu","10:17:27",116200
27700,500,200,"bu","10:17:15",112500
27600,400,300,"sd","10:17:07",112300
27600,400,12000,"bu","10:16:55",112000
27600,400,8700,"bu","10:16:44",100000
27600,400,400,"bu","10:16:43",91300
27600,400,100,"bu","10:16:12",90900
27600,400,1000,"bu","10:16:06",90800
27600,400,100,"bu","10:16:00",89800
27600,400,8500,"bu","10:15:35",89700
27500,300,13900,"unknown","10:13:59",81200
27500,300,500,"bu","10:13:43",67300
27500,300,1000,"bu","10:13:19",66800
27400,200,100,"sd","10:11:40",65800
27500,300,100,"bu","10:03:47",65700
27500,300,400,"sd","10:01:37",65600
27500,300,200,"sd","10:00:28",65200
27500,300,300,"sd","10:00:03",65000
27500,300,1000,"sd","09:59:43",64700
27500,300,200,"sd","09:59:24",63700
27500,300,100,"sd","09:59:00",63500
27500,300,100,"sd","09:58:33",63400
27500,300,200,"sd","09:56:38",63300
27500,300,600,"sd","09:56:06",63100
27500,300,5900,"sd","09:56:01",62500
27500,300,1000,"sd","09:55:41",56600
27500,300,1300,"sd","09:53:32",55600
27600,400,800,"bu","09:53:19",54300
27600,400,9000,"bu","09:52:49",53500
27600,400,500,"bu","09:51:50",44500
27600,400,1000,"bu","09:51:42",44000
27500,300,300,"sd","09:51:37",43000
27600,400,2000,"bu","09:51:05",42700
27500,300,2700,"sd","09:50:16",40700
27500,300,4000,"bu","09:50:02",38000
27400,200,1000,"sd","09:49:30",34000
27500,300,200,"bu","09:48:51",33000
27500,300,3000,"bu","09:48:21",32800
27400,200,100,"sd","09:44:42",29800
27400,200,200,"sd","09:43:09",29700
27400,200,500,"bu","09:42:52",29500
27400,200,1000,"bu","09:42:30",29000
27400,200,2000,"bu","09:42:08",28000
27400,200,1000,"bu","09:41:58",26000
27300,100,200,"unknown","09:38:12",25000
27300,100,100,"sd","09:37:34",24800
27300,100,100,"sd","09:35:44",24700
27300,100,500,"sd","09:34:41",24600
27300,100,100,"sd","09:34:26",24100
27300,100,1000,"bu","09:33:59",24000
27300,100,900,"bu","09:33:50",23000
27300,100,1000,"sd","09:33:29",22100
27300,100,200,"sd","09:33:20",21100
27300,100,3400,"sd","09:33:01",20900
27400,200,900,"bu","09:28:20",17500
27400,200,3600,"bu","09:24:38",16600
27500,300,1000,"bu","09:22:42",13000
27500,300,400,"unknown","09:22:02",12000
27500,300,100,"sd","09:21:38",11600
27500,300,200,"sd","09:20:52",11500
27500,300,100,"sd","09:18:53",11300
27600,400,800,"bu","09:18:00",11200
27600,400,200,"bu","09:17:48",10400
27600,400,100,"bu","09:17:17",10200
27600,400,100,"sd","09:16:58",10100
27700,500,100,"bu","09:16:56",10000
27600,400,2000,"sd","09:15:37",9900
27600,400,300,"sd","09:14:19",7900
27700,500,1000,"bu","09:12:36",7600
27600,400,100,"sd","09:12:24",6600
27600,400,1000,"sd","09:12:12",6500
27600,400,1700,"bu","09:11:14",5500
27500,300,1300,"sd","09:11:13",3800
27500,300,100,"sd","09:10:32",2500
27500,300,600,"sd","09:09:59",2400
27500,300,500,"bu","09:09:46",1800
27400,200,400,"sd","09:09:24",1300
27400,200,500,"bu","09:08:46",900
27300,100,200,"sd","09:05:45",400
27200,0,200,"sd","09:00:09",200
