"price","change","match_qtty","side","time","total_vol"
13600,500,26400,"unknown","14:45:02",509700
13600,500,400,"bu","14:29:27",483300
13600,500,100,"bu","14:28:38",482900
13600,500,200,"bu","14:28:32",482800
13550,450,700,"bu","14:28:20",482600
13550,450,100,"sd","14:28:12",481900
13550,450,200,"sd","14:28:12",481800
13550,450,2000,"sd","14:28:12",481600
13600,500,900,"sd","14:28:08",479600
13600,500,1000,"sd","14:28:08",478700
13600,500,1000,"sd","14:28:08",477700
13600,500,200,"sd","14:28:08",476700
13600,500,8100,"sd","14:28:08",476500
13600,500,11200,"sd","14:26:53",468400
13600,500,200,"sd","14:26:45",457200
13600,500,200,"sd","14:26:17",457000
13650,550,500,"sd","14:24:53",456800
13650,550,300,"sd","14:24:53",456300
13650,550,1500,"sd","14:24:53",456000
13650,550,1500,"sd","14:24:53",454500
13650,550,1000,"sd","14:24:49",453000
13650,550,500,"sd","14:23:46",452000
13650,550,300,"bu","14:23:16",451500
13650,550,1000,"bu","14:23:16",451200
13650,550,1000,"bu","14:23:16",450200
13650,550,4700,"bu","14:23:16",449200
13650,550,300,"bu","14:22:42",444500
13650,550,700,"bu","14:22:42",444200
13650,550,1000,"bu","14:21:11",443500
13650,550,1000,"bu","14:20:42",442500
13650,550,500,"bu","14:18:14",441500
13650,550,1800,"bu","14:18:00",441000
13650,550,2200,"bu","14:18:00",439200
13650,550,2000,"bu","14:16:25",437000
13650,550,100,"bu","14:16:17",435000
13650,550,600,"bu","14:15:55",434900
13650,550,100,"sd","14:15:04",434300
13650,550,700,"bu","14:15:01",434200
13650,550,300,"bu","14:14:58",433500
13650,550,200,"bu","14:14:58",433200
13650,550,100,"bu","14:14:54",433000
13650,550,100,"bu","14:14:42",432900
13650,550,1000,"bu","14:14:40",432800
13650,550,100,"bu","14:14:20",431800
13650,550,100,"bu","14:14:13",431700
13650,550,100,"bu","14:14:04",431600
13650,550,900,"bu","14:13:56",431500
13650,550,400,"bu","14:13:55",430600
13650,550,200,"bu","14:13:55",430200
13650,550,1800,"bu","14:13:48",430000
13650,550,200,"bu","14:13:48",428200
13650,550,100,"bu","14:13:39",428000
13600,500,200,"bu","14:13:14",427900
13600,500,100,"bu","14:13:14",427700
13600,500,100,"bu","14:13:14",427600
13600,500,2000,"bu","14:13:14",427500
13600,500,5000,"bu","14:13:14",425500
13600,500,900,"bu","14:13:14",420500
13600,500,300,"bu","14:13:14",419600
13600,500,100,"bu","14:13:14",419300
13600,500,100,"bu","14:13:14",419200
13600,500,300,"bu","14:13:14",419100
13600,500,300,"bu","14:13:14",418800
13600,500,600,"bu","14:13:14",418500
13600,500,300,"bu","14:13:14",417900
13600,500,400,"bu","14:12:27",417600
13600,500,100,"bu","14:11:38",417200
13550,450,1000,"bu","14:10:47",417100
13550,450,1200,"bu","14:10:47",416100
13550,450,100,"bu","14:10:47",414900
13550,450,300,"bu","14:10:47",414800
13550,450,1000,"bu","14:10:47",414500
13550,450,400,"bu","14:10:47",413500
13550,450,100,"bu","14:10:35",413100
13550,450,100,"bu","14:10:35",413000
13550,450,1300,"bu","14:10:35",412900
13550,450,1900,"bu","14:10:35",411600
13550,450,500,"bu","14:10:35",409700
13550,450,100,"bu","14:10:35",409200
13550,450,100,"bu","14:10:35",409100
13550,450,900,"bu","14:10:35",409000
13500,400,200,"sd","14:07:48",408100
13500,400,800,"sd","14:07:48",407900
13500,400,100,"sd","14:07:17",407100
13500,400,200,"sd","14:07:17",407000
13500,400,100,"bu","14:06:06",406800
13500,400,700,"bu","14:06:06",406700
13500,400,800,"bu","14:05:42",406000
13500,400,100,"bu","14:05:42",405200
13500,400,100,"bu","14:05:42",405100
13500,400,100,"bu","14:04:05",405000
13500,400,400,"sd","14:03:59",404900
13500,400,100,"sd","14:03:33",404500
13500,400,1000,"bu","14:00:52",404400
13500,400,1500,"bu","13:59:02",403400
13500,400,100,"bu","13:58:20",401900
13500,400,400,"bu","13:57:24",401800
13500,400,100,"bu","13:56:56",401400
13500,400,100,"bu","13:55:12",401300
13500,400,7000,"sd","13:55:08",401200
13500,400,2000,"sd","13:55:08",394200
13500,400,1000,"sd","13:55:08",392200
13500,400,1900,"sd","13:55:08",391200
13500,400,2000,"sd","13:55:08",389300
13500,400,200,"sd","13:55:08",387300
13500,400,100,"sd","13:50:52",387100
13500,400,100,"sd","13:50:14",387000
13500,400,200,"bu","13:48:17",386900
13500,400,2000,"bu","13:48:17",386700
13500,400,3900,"bu","13:48:17",384700
13500,400,100,"bu","13:48:02",380800
13500,400,1000,"bu","13:47:54",380700
13500,400,200,"bu","13:47:54",379700
13500,400,100,"bu","13:47:54",379500
13500,400,1200,"bu","13:47:54",379400
13500,400,200,"bu","13:45:42",378200
13500,400,300,"bu","13:45:42",378000
13450,350,200,"sd","13:40:22",377700
13450,350,1400,"sd","13:38:47",377500
13450,350,200,"sd","13:38:47",376100
13450,350,200,"sd","13:38:47",375900
13450,350,200,"sd","13:38:47",375700
13450,350,500,"sd","13:38:47",375500
13450,350,200,"sd","13:38:47",375000
13450,350,100,"sd","13:38:47",374800
13450,350,200,"sd","13:38:01",374700
13450,350,400,"sd","13:36:05",374500
13450,350,1800,"sd","13:35:50",374100
13450,350,5000,"sd","13:35:50",372300
13450,350,300,"sd","13:35:50",367300
13450,350,1000,"sd","13:35:49",367000
13450,350,500,"sd","13:35:49",366000
13450,350,1000,"sd","13:35:49",365500
13450,350,100,"sd","13:35:49",364500
13450,350,500,"sd","13:35:49",364400
13450,350,300,"sd","13:35:49",363900
13450,350,2000,"sd","13:35:49",363600
13450,350,5000,"sd","13:35:49",361600
13450,350,10000,"sd","13:35:49",356600
13450,350,2500,"sd","13:35:49",346600
13500,400,2200,"sd","13:35:00",344100
13500,400,800,"sd","13:34:58",341900
13500,400,200,"sd","13:34:58",341100
13500,400,200,"sd","13:33:46",340900
13500,400,500,"sd","13:33:46",340700
13500,400,3300,"sd","13:33:46",340200
13500,400,100,"sd","13:33:00",336900
13500,400,2000,"sd","13:30:44",336800
13500,400,500,"sd","13:30:32",334800
13550,450,100,"bu","13:30:04",334300
13550,450,900,"bu","13:29:30",334200
13550,450,400,"bu","13:29:02",333300
13550,450,700,"bu","13:28:32",332900
13550,450,300,"bu","13:28:32",332200
13550,450,100,"bu","13:27:07",331900
13550,450,300,"bu","13:25:29",331800
13550,450,200,"bu","13:24:56",331500
13500,400,300,"bu","13:24:35",331300
13500,400,1000,"bu","13:24:35",331000
13500,400,1000,"bu","13:24:35",330000
13500,400,1500,"bu","13:24:35",329000
13500,400,3500,"bu","13:24:32",327500
13500,400,1000,"bu","13:24:32",324000
13500,400,500,"bu","13:24:32",323000
13500,400,500,"bu","13:24:08",322500
13500,400,1000,"bu","13:24:08",322000
13500,400,700,"bu","13:24:08",321000
13500,400,500,"bu","13:24:08",320300
13500,400,200,"bu","13:24:08",319800
13500,400,200,"bu","13:24:08",319600
13500,400,400,"bu","13:24:08",319400
13500,400,300,"bu","13:24:08",319000
13500,400,1400,"bu","13:24:08",318700
13450,350,1000,"sd","13:19:16",317300
13450,350,500,"sd","13:18:42",316300
13450,350,200,"sd","13:16:22",315800
13450,350,5000,"sd","13:15:47",315600
13450,350,800,"bu","13:15:45",310600
13450,350,1000,"bu","13:15:44",309800
13450,350,300,"bu","13:15:44",308800
13450,350,100,"bu","13:15:44",308500
13450,350,200,"bu","13:15:44",308400
13450,350,100,"bu","13:15:44",308200
13450,350,200,"bu","13:15:44",308100
13450,350,100,"bu","13:15:44",307900
13450,350,100,"bu","13:15:44",307800
13450,350,2000,"bu","13:14:36",307700
13450,350,1700,"sd","13:12:34",305700
13450,350,1100,"sd","13:12:34",304000
13450,350,900,"sd","13:11:51",302900
13450,350,100,"sd","13:11:51",302000
13450,350,300,"sd","13:10:15",301900
13450,350,500,"sd","13:09:54",301600
13450,350,2700,"sd","13:07:59",301100
13450,350,300,"sd","13:05:33",298400
13450,350,1100,"sd","13:05:16",298100
13450,350,100,"sd","13:05:16",297000
13450,350,100,"sd","13:05:16",296900
13450,350,5100,"sd","13:05:16",296800
13450,350,300,"sd","13:00:20",291700
13450,350,500,"sd","13:00:19",291400
13450,350,500,"sd","13:00:13",290900
13450,350,3600,"sd","13:00:03",290400
13450,350,500,"sd","13:00:03",286800
13450,350,400,"sd","13:00:03",286300
13500,400,200,"bu","13:00:03",285900
13500,400,1400,"bu","13:00:01",285700
13500,400,200,"bu","13:00:01",284300
13500,400,400,"bu","13:00:01",284100
13450,350,100,"bu","13:00:01",283700
13450,350,600,"bu","11:29:30",283600
13400,300,300,"sd","11:27:41",283000
13450,350,400,"bu","11:27:18",282700
13450,350,1300,"bu","11:27:18",282300
13450,350,200,"bu","11:26:51",281000
13450,350,500,"bu","11:25:25",280800
13450,350,600,"sd","11:25:23",280300
13450,350,200,"sd","11:25:23",279700
13450,350,300,"sd","11:25:05",279500
13450,350,1700,"sd","11:25:05",279200
13450,350,1000,"bu","11:23:52",277500
13450,350,1000,"bu","11:23:52",276500
13450,350,900,"sd","11:22:31",275500
13450,350,100,"sd","11:22:31",274600
13450,350,500,"sd","11:22:31",274500
13450,350,100,"sd","11:22:31",274000
13450,350,200,"sd","11:22:31",273900
13450,350,2600,"sd","11:22:31",273700
13450,350,2000,"sd","11:22:31",271100
13450,350,600,"sd","11:22:31",269100
13500,400,100,"bu","11:20:04",268500
13450,350,400,"sd","11:19:57",268400
13450,350,600,"sd","11:19:57",268000
13500,400,200,"bu","11:19:49",267400
13450,350,1000,"sd","11:19:30",267200
13450,350,200,"sd","11:19:20",266200
13450,350,400,"sd","11:19:20",266000
13450,350,400,"sd","11:19:20",265600
13450,350,100,"sd","11:18:28",265200
13500,400,100,"bu","11:17:19",265100
13500,400,200,"bu","11:15:54",265000
13500,400,100,"bu","11:15:54",264800
13500,400,900,"bu","11:12:09",264700
13500,400,200,"bu","11:12:09",263800
13450,350,2000,"bu","11:12:09",263600
13450,350,1900,"bu","11:12:09",261600
13450,350,100,"sd","11:11:55",259700
13450,350,100,"bu","11:09:28",259600
13450,350,1900,"bu","11:07:52",259500
13450,350,2000,"bu","11:05:42",257600
13450,350,400,"bu","11:05:05",255600
13350,250,500,"sd","11:04:03",255200
13350,250,600,"sd","11:04:03",254700
13400,300,400,"sd","11:04:03",254100
13450,350,1500,"sd","11:04:03",253700
13500,400,100,"bu","11:02:53",252200
13450,350,100,"bu","11:02:33",252100
13450,350,100,"bu","11:02:33",252000
13450,350,4900,"bu","11:02:33",251900
13450,350,400,"bu","11:02:33",247000
13450,350,900,"bu","11:02:33",246600
13400,300,100,"bu","11:01:57",245700
13400,300,1000,"bu","10:53:21",245600
13400,300,1000,"bu","10:53:21",244600
13400,300,800,"bu","10:53:21",243600
13350,250,800,"sd","10:49:38",242800
13350,250,200,"sd","10:49:38",242000
13400,300,200,"sd","10:49:27",241800
13400,300,100,"sd","10:48:24",241600
13400,300,800,"sd","10:46:29",241500
13400,300,500,"bu","10:43:52",240700
13400,300,600,"bu","10:43:52",240200
13400,300,3000,"bu","10:38:57",239600
13400,300,1400,"sd","10:38:11",236600
13400,300,2100,"bu","10:34:05",235200
13400,300,300,"bu","10:30:35",233100
13400,300,100,"bu","10:30:35",232800
13400,300,100,"bu","10:30:35",232700
13400,300,1500,"sd","10:20:27",232600
13400,300,2500,"bu","10:18:26",231100
13400,300,1000,"bu","10:18:26",228600
13400,300,2000,"bu","10:18:26",227600
13350,250,100,"bu","10:17:24",225600
13350,250,200,"bu","10:15:13",225500
13350,250,900,"sd","10:14:42",225300
13350,250,400,"sd","10:14:15",224400
13350,250,900,"sd","10:14:15",224000
13350,250,1200,"sd","10:14:15",223100
13350,250,500,"sd","10:14:15",221900
13350,250,100,"sd","10:13:56",221400
13350,250,1400,"sd","10:12:48",221300
13350,250,6700,"sd","10:12:48",219900
13400,300,1100,"bu","10:08:08",213200
13400,300,100,"sd","10:07:57",212100
13400,300,2300,"sd","10:07:57",212000
13400,300,2000,"bu","10:06:31",209700
13400,300,700,"bu","10:06:31",207700
13400,300,1000,"bu","10:06:16",207000
13400,300,100,"bu","10:06:11",206000
13350,250,3300,"sd","10:06:03",205900
13400,300,300,"bu","10:04:12",202600
13400,300,500,"sd","10:02:52",202300
13400,300,800,"sd","10:02:52",201800
13400,300,100,"sd","10:02:52",201000
13400,300,1000,"sd","10:02:52",200900
13400,300,500,"sd","10:02:52",199900
13400,300,500,"sd","10:02:52",199400
13400,300,400,"sd","10:02:52",198900
13400,300,4000,"sd","10:02:52",198500
13400,300,100,"sd","10:02:52",194500
13450,350,100,"sd","10:00:10",194400
13450,350,100,"sd","09:59:53",194300
13450,350,900,"sd","09:59:53",194200
13450,350,800,"sd","09:59:38",193300
13450,350,100,"sd","09:59:38",192500
13450,350,100,"sd","09:59:38",192400
13450,350,200,"bu","09:56:30",192300
13450,350,800,"bu","09:56:30",192100
13450,350,200,"bu","09:56:16",191300
13450,350,800,"bu","09:56:16",191100
13450,350,400,"bu","09:54:48",190300
13400,300,1000,"sd","09:53:15",189900
13400,300,900,"sd","09:53:00",188900
13400,300,100,"sd","09:53:00",188000
13400,300,400,"sd","09:51:13",187900
13400,300,600,"sd","09:51:13",187500
13450,350,100,"sd","09:50:26",186900
13450,350,5000,"sd","09:50:26",186800
13450,350,3000,"sd","09:50:26",181800
13450,350,5000,"sd","09:50:26",178800
13450,350,5000,"sd","09:50:26",173800
13450,350,200,"sd","09:50:26",168800
13450,350,400,"sd","09:50:26",168600
13450,350,100,"sd","09:50:26",168200
13500,400,2200,"bu","09:50:21",168100
13500,400,100,"sd","09:49:06",165900
13500,400,400,"sd","09:49:06",165800
13500,400,2000,"sd","09:49:06",165400
13500,400,1000,"sd","09:49:06",163400
13500,400,2600,"sd","09:49:06",162400
13500,400,400,"sd","09:47:18",159800
13500,400,600,"sd","09:47:18",159400
13500,400,1000,"sd","09:47:12",158800
13550,450,200,"bu","09:47:09",157800
13550,450,300,"bu","09:47:09",157600
13500,400,400,"bu","09:46:48",157300
13550,450,100,"bu","09:46:28",156900
13550,450,100,"bu","09:46:17",156800
13500,400,900,"bu","09:46:17",156700
13500,400,100,"sd","09:46:07",155800
13500,400,2400,"bu","09:46:05",155700
13500,400,700,"bu","09:45:41",153300
13500,400,5000,"sd","09:45:36",152600
13500,400,1000,"sd","09:45:36",147600
13500,400,5900,"sd","09:45:35",146600
13500,400,500,"bu","09:45:15",140700
13500,400,600,"bu","09:45:15",140200
13500,400,100,"bu","09:44:52",139600
13500,400,500,"bu","09:44:37",139500
13500,400,500,"bu","09:44:37",139000
13500,400,500,"bu","09:44:37",138500
13500,400,400,"bu","09:44:37",138000
13500,400,100,"bu","09:44:37",137600
13500,400,600,"bu","09:44:19",137500
13500,400,200,"bu","09:44:19",136900
13450,350,200,"bu","09:44:19",136700
13450,350,600,"bu","09:43:30",136500
13450,350,1200,"bu","09:43:09",135900
13450,350,400,"bu","09:43:09",134700
13450,350,100,"bu","09:43:03",134300
13450,350,1000,"bu","09:42:08",134200
13400,300,400,"bu","09:41:38",133200
13450,350,200,"bu","09:39:48",132800
13450,350,200,"bu","09:38:49",132600
13450,350,5400,"sd","09:38:49",132400
13450,350,100,"bu","09:38:38",127000
13450,350,4500,"bu","09:38:38",126900
13450,350,200,"bu","09:38:33",122400
13450,350,2000,"bu","09:38:26",122200
13450,350,200,"bu","09:38:16",120200
13450,350,500,"bu","09:38:13",120000
13450,350,200,"bu","09:38:09",119500
13450,350,100,"bu","09:37:48",119300
13400,300,200,"bu","09:37:47",119200
13400,300,1600,"bu","09:37:47",119000
13400,300,100,"bu","09:37:40",117400
13400,300,100,"bu","09:37:34",117300
13400,300,100,"bu","09:37:24",117200
13400,300,100,"bu","09:37:14",117100
13400,300,100,"bu","09:37:06",117000
13400,300,100,"bu","09:36:56",116900
13400,300,100,"bu","09:36:47",116800
13400,300,100,"bu","09:36:40",116700
13400,300,100,"bu","09:36:32",116600
13400,300,100,"bu","09:36:23",116500
13400,300,100,"bu","09:36:17",116400
13400,300,200,"bu","09:36:06",116300
13400,300,500,"bu","09:35:59",116100
13400,300,100,"bu","09:35:57",115600
13400,300,100,"bu","09:35:39",115500
13400,300,100,"bu","09:35:23",115400
13400,300,1300,"bu","09:35:18",115300
13400,300,700,"bu","09:35:18",114000
13400,300,100,"bu","09:35:14",113300
13400,300,100,"bu","09:34:57",113200
13400,300,500,"bu","09:34:43",113100
13400,300,100,"sd","09:34:24",112600
13450,350,200,"bu","09:34:22",112500
13400,300,1000,"bu","09:33:42",112300
13400,300,2000,"bu","09:33:42",111300
13400,300,100,"bu","09:33:42",109300
13400,300,8400,"bu","09:33:25",109200
13350,250,5000,"bu","09:33:25",100800
13350,250,1500,"bu","09:33:25",95800
13300,200,100,"bu","09:33:25",94300
13300,200,100,"bu","09:33:25",94200
13300,200,1500,"bu","09:33:25",94100
13300,200,3400,"bu","09:33:25",92600
13200,100,2000,"sd","09:30:44",89200
13200,100,100,"bu","09:30:17",87200
13200,100,2900,"bu","09:28:25",87100
13150,50,2800,"bu","09:28:10",84200
13150,50,500,"bu","09:27:51",81400
13150,50,2000,"bu","09:27:45",80900
13150,50,200,"sd","09:27:41",78900
13150,50,4500,"sd","09:27:41",78700
13200,100,100,"bu","09:27:01",74200
13150,50,500,"bu","09:24:56",74100
13150,50,500,"bu","09:24:49",73600
13150,50,5000,"sd","09:24:27",73100
13150,50,300,"sd","09:24:27",68100
13200,100,1000,"bu","09:24:10",67800
13150,50,4400,"sd","09:23:43",66800
13150,50,1000,"sd","09:23:43",59400
13150,50,3000,"sd","09:23:43",62400
13200,100,800,"sd","09:23:43",58400
13200,100,200,"sd","09:23:43",57600
13200,100,4000,"sd","09:23:43",57400
13200,100,2000,"sd","09:23:43",53400
13200,100,2000,"sd","09:23:43",51400
13250,150,100,"sd","09:23:43",49400
13250,150,1600,"sd","09:23:43",49300
13250,150,900,"sd","09:23:43",47700
13250,150,100,"sd","09:22:09",46800
13250,150,500,"sd","09:22:09",46700
13250,150,800,"sd","09:21:25",46200
13250,150,100,"sd","09:21:06",45400
13250,150,500,"sd","09:21:06",45300
13300,200,500,"bu","09:20:56",44800
13300,200,1000,"sd","09:19:56",44300
13300,200,5100,"sd","09:19:56",43300
13300,200,4900,"unknown","09:18:48",38200
13300,200,1000,"sd","09:18:31",33300
13300,200,2000,"sd","09:18:31",32300
13300,200,2100,"sd","09:18:31",30300
13400,300,10000,"sd","09:16:19",28000
13400,300,200,"sd","09:16:19",28200
13450,350,1300,"sd","09:16:19",18000
13450,350,1000,"bu","09:16:18",16700
13450,350,300,"bu","09:16:18",15700
13450,350,2300,"bu","09:16:18",15400
13450,350,100,"bu","09:16:18",13100
13450,350,300,"bu","09:15:47",13000
13450,350,12700,"bu","09:15:02",12700
