"price","change","match_qtty","side","time","total_vol"
29400,1300,108900,"unknown","14:45:02",2763700
29350,1250,3000,"bu","14:30:00",2654800
29300,1200,100,"bu","14:29:42",2651800
29300,1200,700,"bu","14:29:42",2651700
29300,1200,1000,"bu","14:29:42",2651000
29300,1200,300,"bu","14:29:42",2650000
29300,1200,100,"bu","14:29:41",2649700
29300,1200,100,"bu","14:29:40",2649600
29300,1200,1100,"bu","14:29:40",2649500
29300,1200,400,"bu","14:29:37",2648400
29300,1200,1500,"bu","14:29:37",2648000
29300,1200,200,"bu","14:29:35",2646500
29300,1200,500,"bu","14:29:35",2646300
29300,1200,200,"bu","14:29:35",2645800
29300,1200,100,"bu","14:29:35",2645600
29300,1200,100,"bu","14:29:35",2645500
29300,1200,300,"bu","14:29:35",2645400
29300,1200,100,"bu","14:29:35",2645100
29300,1200,3000,"bu","14:29:33",2645000
29300,1200,500,"bu","14:29:32",2642000
29300,1200,1400,"bu","14:29:30",2641500
29300,1200,600,"bu","14:29:30",2640100
29300,1200,400,"bu","14:29:27",2639500
29300,1200,600,"bu","14:29:27",2639100
29300,1200,400,"bu","14:29:22",2638500
29300,1200,300,"bu","14:29:22",2638100
29300,1200,200,"bu","14:29:22",2637800
29300,1200,1000,"bu","14:29:22",2637600
29300,1200,100,"bu","14:29:22",2636600
29300,1200,900,"bu","14:29:09",2636500
29300,1200,300,"bu","14:29:09",2635600
29300,1200,1700,"bu","14:29:01",2635300
29300,1200,200,"bu","14:29:01",2633600
29300,1200,100,"bu","14:29:01",2633400
29300,1200,3000,"bu","14:29:01",2633300
29300,1200,400,"bu","14:28:59",2630300
29300,1200,4600,"bu","14:28:59",2629900
29300,1200,1000,"bu","14:28:47",2625300
29300,1200,1000,"bu","14:28:45",2624300
29300,1200,3400,"bu","14:28:44",2623300
29300,1200,100,"bu","14:28:44",2619900
29300,1200,100,"bu","14:28:44",2619800
29300,1200,1000,"bu","14:28:44",2619700
29300,1200,400,"bu","14:28:44",2618700
29300,1200,100,"bu","14:28:40",2618300
29300,1200,200,"bu","14:28:40",2618200
29300,1200,700,"bu","14:28:40",2618000
29300,1200,100,"bu","14:28:35",2617300
29300,1200,100,"bu","14:28:35",2617200
29300,1200,100,"bu","14:28:27",2617100
29300,1200,200,"bu","14:28:22",2617000
29250,1150,1000,"sd","14:28:11",2616800
29300,1200,200,"bu","14:28:06",2615800
29300,1200,4400,"bu","14:27:56",2615600
29300,1200,100,"bu","14:27:56",2611200
29300,1200,600,"bu","14:27:56",2611100
29300,1200,3000,"bu","14:27:49",2610500
29250,1150,300,"bu","14:27:39",2607500
29250,1150,100,"sd","14:27:37",2607200
29250,1150,500,"sd","14:27:37",2607100
29250,1150,100,"sd","14:27:37",2606600
29300,1200,1000,"bu","14:27:35",2606500
29300,1200,1200,"bu","14:27:25",2605500
29250,1150,100,"bu","14:27:23",2604300
29250,1150,1000,"sd","14:27:17",2604200
29250,1150,1000,"sd","14:27:14",2603200
29250,1150,4000,"sd","14:27:14",2602200
29300,1200,2900,"bu","14:27:05",2598200
29250,1150,7100,"bu","14:27:05",2595300
29250,1150,1500,"bu","14:27:00",2588200
29250,1150,200,"bu","14:26:54",2586700
29250,1150,100,"sd","14:26:47",2586500
29250,1150,3800,"sd","14:26:47",2586400
29250,1150,1500,"sd","14:26:47",2582600
29250,1150,1500,"sd","14:26:47",2581100
29250,1150,200,"sd","14:26:47",2579600
29250,1150,2800,"sd","14:26:47",2579400
29250,1150,1500,"sd","14:26:47",2576600
29250,1150,500,"sd","14:26:47",2575100
29250,1150,3000,"sd","14:26:47",2574600
29250,1150,200,"sd","14:26:47",2571600
29250,1150,1100,"sd","14:26:47",2571400
29250,1150,200,"sd","14:26:44",2570300
29250,1150,700,"sd","14:26:43",2570100
29250,1150,300,"sd","14:26:36",2569400
29300,1200,1000,"bu","14:26:30",2569100
29250,1150,200,"sd","14:26:29",2568100
29250,1150,100,"sd","14:26:14",2567900
29250,1150,200,"sd","14:26:00",2567800
29250,1150,200,"unknown","14:25:54",2567600
29250,1150,700,"bu","14:25:38",2567400
29250,1150,2000,"sd","14:25:35",2566700
29250,1150,600,"sd","14:25:35",2564700
29250,1150,4100,"sd","14:25:35",2564100
29250,1150,100,"sd","14:25:35",2560000
29250,1150,500,"sd","14:25:35",2559900
29300,1200,1000,"bu","14:25:27",2559400
29300,1200,1300,"bu","14:24:05",2558400
29250,1150,500,"sd","14:23:46",2557100
29250,1150,5000,"sd","14:23:30",2556600
29250,1150,800,"sd","14:23:11",2551600
29250,1150,3700,"sd","14:23:11",2550800
29250,1150,900,"sd","14:23:11",2547100
29250,1150,100,"sd","14:23:11",2546200
29250,1150,900,"sd","14:23:01",2546100
29250,1150,600,"sd","14:23:01",2545200
29250,1150,1000,"sd","14:23:01",2544600
29250,1150,10000,"sd","14:23:01",2543600
29250,1150,500,"sd","14:23:01",2533600
29250,1150,700,"sd","14:23:01",2533100
29250,1150,6300,"sd","14:23:01",2532400
29250,1150,3700,"sd","14:22:50",2526100
29250,1150,700,"sd","14:22:50",2522400
29250,1150,600,"sd","14:22:50",2521700
29250,1150,500,"sd","14:22:45",2521100
29250,1150,100,"sd","14:22:27",2520600
29250,1150,3500,"sd","14:22:14",2520500
29250,1150,100,"sd","14:22:03",2517000
29300,1200,400,"bu","14:21:48",2516900
29250,1150,500,"sd","14:21:48",2516500
29250,1150,300,"sd","14:21:31",2516000
29250,1150,400,"sd","14:21:27",2515700
29250,1150,1100,"sd","14:20:56",2515300
29300,1200,200,"bu","14:20:54",2514200
29300,1200,5300,"bu","14:20:18",2514000
29300,1200,200,"bu","14:20:18",2508700
29300,1200,200,"bu","14:20:18",2508500
29300,1200,400,"bu","14:20:18",2508300
29300,1200,1000,"bu","14:20:18",2507900
29300,1200,100,"bu","14:20:18",2506900
29300,1200,1000,"bu","14:20:18",2506800
29300,1200,500,"bu","14:20:18",2505800
29300,1200,100,"bu","14:20:18",2505300
29300,1200,700,"bu","14:20:18",2505200
29300,1200,100,"bu","14:20:18",2504500
29300,1200,3600,"bu","14:20:18",2504400
29300,1200,100,"bu","14:20:18",2500800
29300,1200,500,"bu","14:20:18",2500700
29300,1200,100,"bu","14:20:18",2500200
29300,1200,200,"bu","14:20:18",2500100
29300,1200,500,"bu","14:20:18",2499900
29300,1200,500,"bu","14:20:18",2499400
29300,1200,500,"bu","14:20:18",2498900
29300,1200,200,"bu","14:20:18",2498400
29300,1200,3000,"bu","14:20:18",2498200
29300,1200,1200,"bu","14:20:18",2495200
29300,1200,500,"bu","14:20:12",2494000
29300,1200,100,"bu","14:20:12",2493500
29300,1200,800,"bu","14:20:12",2493400
29300,1200,200,"bu","14:20:12",2492600
29300,1200,700,"bu","14:20:12",2492400
29300,1200,2300,"bu","14:20:12",2491700
29300,1200,400,"bu","14:20:12",2489400
29250,1150,200,"sd","14:19:59",2489000
29250,1150,1000,"bu","14:19:53",2488800
29250,1150,1000,"bu","14:19:53",2487800
29250,1150,500,"bu","14:19:53",2486800
29250,1150,200,"bu","14:19:53",2486300
29250,1150,2000,"bu","14:19:33",2486100
29250,1150,2800,"bu","14:19:28",2484100
29250,1150,200,"bu","14:19:28",2481300
29250,1150,2800,"bu","14:19:06",2481100
29250,1150,200,"bu","14:19:06",2478300
29250,1150,600,"bu","14:19:04",2478100
29250,1150,1000,"bu","14:19:04",2477500
29250,1150,400,"bu","14:19:04",2476500
29250,1150,100,"bu","14:18:58",2476100
29250,1150,2000,"bu","14:18:58",2476000
29250,1150,900,"bu","14:18:58",2474000
29250,1150,3000,"bu","14:18:26",2473100
29250,1150,6100,"bu","14:17:53",2470100
29250,1150,13900,"bu","14:17:53",2464000
29250,1150,400,"sd","14:17:22",2450100
29250,1150,400,"sd","14:17:22",2449700
29250,1150,2600,"sd","14:17:22",2449300
29250,1150,700,"sd","14:17:22",2446700
29250,1150,1000,"sd","14:17:19",2446000
29250,1150,1300,"sd","14:17:17",2445000
29250,1150,600,"sd","14:17:17",2443700
29250,1150,100,"sd","14:17:09",2443100
29250,1150,8000,"sd","14:17:03",2443000
29250,1150,1000,"sd","14:17:03",2435000
29250,1150,1000,"sd","14:17:03",2434000
29250,1150,1000,"sd","14:17:03",2433000
29300,1200,600,"bu","14:16:58",2432000
29250,1150,100,"sd","14:16:47",2431400
29250,1150,200,"sd","14:16:25",2431300
29250,1150,500,"sd","14:16:03",2431100
29250,1150,2200,"bu","14:15:43",2430600
29200,1100,200,"sd","14:15:36",2428400
29200,1100,300,"sd","14:15:36",2428200
29250,1150,2800,"bu","14:15:34",2427900
29250,1150,200,"bu","14:15:34",2425100
29200,1100,700,"sd","14:15:34",2424900
29200,1100,1300,"sd","14:15:34",2424200
29200,1100,100,"sd","14:15:31",2422900
29250,1150,100,"bu","14:15:30",2422800
29250,1150,4900,"bu","14:15:30",2422700
29250,1150,1000,"bu","14:15:27",2417800
29250,1150,3000,"bu","14:15:13",2416800
29250,1150,100,"bu","14:15:13",2413800
29200,1100,100,"sd","14:14:41",2413700
29250,1150,1000,"bu","14:14:37",2413600
29250,1150,200,"bu","14:14:37",2412600
29250,1150,1200,"bu","14:14:37",2412400
29250,1150,1000,"bu","14:14:37",2411200
29250,1150,1600,"bu","14:14:37",2410200
29250,1150,100,"bu","14:14:29",2408600
29250,1150,200,"bu","14:14:08",2408500
29250,1150,200,"bu","14:14:08",2408300
29250,1150,2000,"bu","14:13:45",2408100
29200,1100,700,"sd","14:13:38",2406100
29200,1100,300,"sd","14:13:20",2405400
29250,1150,900,"bu","14:12:41",2405100
29250,1150,100,"bu","14:12:41",2404200
29250,1150,400,"bu","14:12:26",2404100
29250,1150,500,"bu","14:12:22",2403700
29250,1150,100,"bu","14:12:16",2403200
29250,1150,200,"bu","14:12:16",2403100
29250,1150,700,"bu","14:12:16",2402900
29250,1150,2000,"bu","14:12:14",2402200
29250,1150,5000,"bu","14:11:51",2400200
29250,1150,200,"bu","14:11:44",2395200
29250,1150,4600,"sd","14:11:35",2395000
29250,1150,200,"sd","14:11:35",2390400
29250,1150,10000,"sd","14:11:33",2390200
29250,1150,2000,"bu","14:11:28",2380200
29250,1150,13200,"bu","14:11:28",2378200
29250,1150,1800,"bu","14:11:23",2365000
29250,1150,100,"bu","14:11:23",2363200
29250,1150,100,"bu","14:11:23",2363100
29250,1150,100,"bu","14:11:19",2363000
29250,1150,1000,"bu","14:11:19",2362900
29250,1150,1900,"bu","14:11:19",2361900
29250,1150,500,"bu","14:10:53",2360000
29250,1150,100,"sd","14:10:43",2359500
29250,1150,100,"sd","14:10:43",2359400
29250,1150,7400,"sd","14:10:43",2359300
29250,1150,100,"bu","14:10:16",2351900
29250,1150,1000,"bu","14:10:16",2351800
29250,1150,100,"bu","14:10:16",2350800
29250,1150,500,"bu","14:10:16",2350700
29250,1150,500,"bu","14:10:16",2350200
29250,1150,400,"bu","14:10:16",2349700
29250,1150,200,"bu","14:10:16",2349300
29250,1150,500,"bu","14:10:10",2349100
29250,1150,2000,"bu","14:10:09",2348600
29250,1150,100,"bu","14:10:06",2346600
29250,1150,500,"bu","14:10:04",2346500
29250,1150,100,"bu","14:10:02",2346000
29250,1150,500,"bu","14:09:55",2345900
29250,1150,100,"bu","14:09:52",2345400
29250,1150,600,"bu","14:09:46",2345300
29250,1150,100,"bu","14:09:46",2344700
29250,1150,100,"bu","14:09:46",2344600
29250,1150,200,"bu","14:09:46",2344500
29250,1150,300,"bu","14:09:46",2344300
29250,1150,200,"bu","14:09:46",2344000
29250,1150,800,"bu","14:09:41",2343800
29200,1100,100,"sd","14:09:36",2343000
29250,1150,1000,"bu","14:09:34",2342900
29250,1150,500,"bu","14:09:30",2341900
29250,1150,2000,"bu","14:09:18",2341400
29250,1150,500,"bu","14:09:07",2339400
29250,1150,400,"bu","14:08:58",2338900
29250,1150,1000,"bu","14:08:51",2338500
29250,1150,3600,"bu","14:08:48",2337500
29250,1150,1100,"bu","14:08:48",2333900
29250,1150,300,"bu","14:08:48",2332800
29250,1150,500,"bu","14:08:48",2332500
29250,1150,200,"bu","14:08:48",2332000
29250,1150,1000,"bu","14:08:48",2331800
29250,1150,100,"bu","14:08:48",2330800
29250,1150,100,"bu","14:08:48",2330700
29250,1150,100,"bu","14:08:48",2330600
29250,1150,300,"bu","14:08:48",2330500
29250,1150,300,"bu","14:08:48",2330200
29250,1150,100,"bu","14:08:48",2329900
29250,1150,100,"bu","14:08:48",2329800
29250,1150,500,"bu","14:08:48",2329700
29250,1150,200,"bu","14:08:48",2329200
29250,1150,1500,"bu","14:08:48",2329000
29200,1100,400,"sd","14:08:44",2327500
29250,1150,1000,"bu","14:08:34",2327100
29250,1150,500,"bu","14:08:22",2326100
29250,1150,100,"bu","14:08:12",2325600
29250,1150,1000,"bu","14:08:06",2325500
29250,1150,500,"bu","14:07:49",2324500
29250,1150,2000,"bu","14:07:37",2324000
29250,1150,3400,"bu","14:07:34",2322000
29250,1150,300,"bu","14:07:34",2318600
29250,1150,1300,"bu","14:07:34",2318300
29250,1150,100,"bu","14:06:44",2317000
29200,1100,500,"sd","14:06:01",2316900
29250,1150,200,"bu","14:05:50",2316400
29250,1150,800,"bu","14:05:50",2316200
29200,1100,500,"sd","14:05:48",2315400
29250,1150,500,"bu","14:05:26",2314900
29250,1150,3000,"bu","14:05:19",2314400
29250,1150,1000,"bu","14:05:19",2311400
29250,1150,1000,"bu","14:05:19",2310400
29250,1150,500,"bu","14:05:15",2309400
29250,1150,200,"bu","14:05:08",2308900
29250,1150,2200,"bu","14:04:44",2308700
29250,1150,500,"bu","14:04:35",2306500
29250,1150,500,"bu","14:04:15",2306000
29200,1100,600,"sd","14:04:06",2305500
29200,1100,100,"sd","14:03:39",2304900
29200,1100,4900,"sd","14:03:09",2304800
29200,1100,100,"sd","14:03:09",2299900
29200,1100,500,"sd","14:02:58",2299800
29200,1100,1300,"sd","14:02:39",2299300
29200,1100,100,"sd","14:02:29",2298000
29200,1100,100,"sd","14:01:49",2297900
29200,1100,300,"sd","14:01:49",2297800
29200,1100,300,"sd","14:01:49",2297500
29200,1100,100,"sd","14:01:49",2297200
29200,1100,1000,"sd","14:01:49",2297100
29200,1100,1000,"sd","14:01:49",2296100
29200,1100,200,"sd","14:01:49",2295100
29250,1150,1000,"bu","14:01:46",2294900
29200,1100,100,"sd","14:01:44",2293900
29200,1100,100,"sd","14:01:23",2293800
29200,1100,100,"sd","14:01:23",2293700
29200,1100,100,"sd","14:01:23",2293600
29200,1100,4700,"sd","14:01:23",2293500
29250,1150,1300,"bu","14:01:14",2288800
29200,1100,100,"sd","14:01:09",2287500
29200,1100,200,"sd","14:01:03",2287400
29200,1100,100,"sd","14:00:51",2287200
29200,1100,100,"sd","14:00:34",2287100
29200,1100,100,"sd","14:00:24",2287000
29250,1150,1000,"bu","13:59:49",2286900
29200,1100,200,"sd","13:59:46",2285900
29200,1100,300,"sd","13:59:46",2285700
29200,1100,200,"sd","13:59:42",2285400
29250,1150,100,"bu","13:59:34",2285200
29250,1150,100,"bu","13:59:22",2285100
29250,1150,100,"bu","13:59:14",2285000
29250,1150,2000,"bu","13:58:17",2284900
29250,1150,5000,"bu","13:58:13",2282900
29250,1150,4500,"sd","13:58:06",2277900
29250,1150,500,"bu","13:58:02",2273400
29200,1100,300,"sd","13:57:53",2272900
29200,1100,2000,"sd","13:57:53",2272600
29200,1100,5000,"sd","13:57:53",2270600
29200,1100,100,"sd","13:57:53",2265600
29200,1100,1000,"sd","13:57:53",2265500
29200,1100,700,"sd","13:57:53",2264500
29200,1100,5000,"sd","13:57:53",2263800
29200,1100,1000,"sd","13:57:53",2258800
29200,1100,3000,"sd","13:57:53",2257800
29200,1100,2400,"sd","13:57:53",2254800
29200,1100,3000,"sd","13:57:53",2252400
29200,1100,2100,"sd","13:57:53",2249400
29250,1150,4400,"sd","13:57:53",2247300
29250,1150,600,"bu","13:57:53",2242900
29250,1150,9400,"bu","13:57:50",2242300
29250,1150,10000,"bu","13:57:42",2232900
29250,1150,600,"bu","13:57:38",2222900
29250,1150,300,"sd","13:57:33",2222300
29250,1150,1100,"sd","13:57:31",2222000
29250,1150,100,"sd","13:57:31",2220900
29250,1150,300,"sd","13:57:31",2220800
29250,1150,500,"sd","13:57:26",2220500
29250,1150,200,"sd","13:57:21",2220000
29250,1150,1300,"sd","13:57:21",2219800
29250,1150,1000,"sd","13:57:11",2218500
29250,1150,600,"sd","13:57:05",2217500
29250,1150,100,"sd","13:56:55",2216900
29250,1150,400,"sd","13:56:55",2216800
29250,1150,100,"sd","13:56:50",2216400
29250,1150,400,"sd","13:56:43",2216300
29250,1150,2100,"sd","13:56:41",2215900
29250,1150,600,"sd","13:56:41",2213800
29250,1150,2300,"sd","13:56:41",2213200
29250,1150,500,"sd","13:56:28",2210900
29250,1150,600,"sd","13:56:19",2210400
29250,1150,100,"sd","13:56:02",2209800
29250,1150,500,"bu","13:56:01",2209700
29250,1150,6000,"bu","13:56:01",2209200
29250,1150,5000,"sd","13:55:47",2203200
29250,1150,100,"sd","13:55:47",2198200
29250,1150,2000,"sd","13:55:47",2198100
29250,1150,500,"sd","13:55:47",2196100
29250,1150,6000,"sd","13:55:47",2195600
29250,1150,100,"sd","13:55:47",2189600
29250,1150,100,"sd","13:55:47",2189500
29250,1150,200,"sd","13:55:47",2189400
29250,1150,100,"sd","13:55:42",2189200
29250,1150,1000,"sd","13:55:42",2189100
29250,1150,100,"sd","13:55:42",2188100
29250,1150,800,"sd","13:55:42",2188000
29250,1150,100,"sd","13:55:23",2187200
29250,1150,100,"sd","13:55:02",2187100
29300,1200,300,"bu","13:54:26",2187000
29300,1200,4500,"bu","13:54:22",2186700
29300,1200,200,"bu","13:54:22",2182200
29300,1200,500,"bu","13:54:22",2182000
29300,1200,300,"bu","13:54:22",2181500
29300,1200,500,"bu","13:54:22",2181200
29300,1200,1300,"bu","13:54:22",2180700
29300,1200,700,"bu","13:54:11",2179400
29300,1200,500,"bu","13:54:11",2178700
29300,1200,300,"bu","13:54:11",2178200
29300,1200,300,"bu","13:54:11",2177900
29300,1200,200,"bu","13:54:11",2177600
29300,1200,800,"bu","13:53:35",2177400
29300,1200,500,"bu","13:53:35",2176600
29300,1200,200,"bu","13:53:35",2176100
29300,1200,1000,"bu","13:53:35",2175900
29300,1200,800,"bu","13:53:35",2174900
29250,1150,400,"sd","13:53:32",2174100
29250,1150,1900,"sd","13:53:11",2173700
29250,1150,800,"sd","13:53:11",2171800
29300,1200,100,"bu","13:53:10",2171000
29300,1200,300,"bu","13:53:10",2170900
29300,1200,1000,"bu","13:53:04",2170600
29250,1150,100,"sd","13:52:28",2169600
29300,1200,3000,"bu","13:52:22",2169500
29300,1200,1000,"bu","13:51:48",2166500
29250,1150,500,"sd","13:51:47",2165500
29250,1150,500,"sd","13:51:29",2165000
29250,1150,500,"sd","13:51:14",2164500
29300,1200,900,"bu","13:51:13",2164000
29250,1150,300,"sd","13:51:08",2163100
29250,1150,300,"sd","13:51:08",2162800
29300,1200,2000,"bu","13:51:01",2162500
29300,1200,2400,"sd","13:50:54",2160500
29300,1200,100,"sd","13:50:50",2158100
29300,1200,1500,"bu","13:50:42",2158000
29300,1200,2000,"bu","13:50:42",2156500
29300,1200,200,"bu","13:50:42",2154500
29300,1200,1000,"bu","13:50:42",2154300
29300,1200,500,"bu","13:50:42",2153300
29300,1200,500,"bu","13:50:42",2152800
29300,1200,200,"bu","13:50:42",2152300
29300,1200,1000,"bu","13:50:42",2152100
29300,1200,100,"bu","13:50:42",2151100
29300,1200,5000,"bu","13:50:42",2151000
29300,1200,2000,"bu","13:50:42",2146000
29300,1200,600,"bu","13:50:42",2144000
29300,1200,1100,"bu","13:50:42",2143400
29300,1200,1800,"bu","13:50:42",2142300
29300,1200,8200,"bu","13:50:31",2140500
29300,1200,1800,"bu","13:50:31",2132300
29300,1200,3000,"bu","13:49:26",2130500
29300,1200,200,"bu","13:48:54",2127500
29300,1200,2000,"bu","13:48:54",2127300
29300,1200,500,"bu","13:48:54",2125300
29300,1200,1000,"bu","13:48:54",2124800
29300,1200,1000,"bu","13:48:54",2123800
29300,1200,300,"bu","13:48:54",2122800
29300,1200,2000,"bu","13:48:53",2122500
29300,1200,100,"bu","13:48:42",2120500
29300,1200,500,"bu","13:48:41",2120400
29250,1150,1700,"bu","13:48:41",2119900
29250,1150,600,"sd","13:48:39",2118200
29250,1150,500,"sd","13:48:39",2117600
29250,1150,1500,"sd","13:48:39",2117100
29250,1150,1400,"sd","13:48:39",2115600
29250,1150,1000,"sd","13:48:39",2114200
29250,1150,1000,"sd","13:48:39",2113200
29250,1150,20000,"sd","13:48:39",2112200
29250,1150,1000,"sd","13:48:39",2092200
29250,1150,1300,"sd","13:48:39",2091200
29300,1200,100,"bu","13:48:30",2089900
29300,1200,100,"bu","13:48:30",2089800
29300,1200,800,"bu","13:48:30",2089700
29300,1200,600,"bu","13:48:17",2088900
29300,1200,100,"sd","13:48:15",2088300
29300,1200,1000,"sd","13:48:15",2088200
29300,1200,1000,"sd","13:48:15",2087200
29300,1200,1000,"sd","13:48:13",2086200
29300,1200,3000,"sd","13:48:13",2085200
29300,1200,500,"sd","13:48:13",2082200
29300,1200,500,"sd","13:48:13",2081700
29300,1200,100,"sd","13:47:59",2081200
29300,1200,5000,"sd","13:47:56",2081100
29300,1200,100,"sd","13:47:46",2076100
29300,1200,4300,"sd","13:47:35",2076000
29300,1200,200,"sd","13:47:35",2071700
29300,1200,600,"sd","13:47:35",2071500
29300,1200,100,"sd","13:47:33",2070900
29300,1200,100,"sd","13:47:32",2070800
29300,1200,100,"sd","13:47:28",2070700
29300,1200,1000,"sd","13:47:28",2070600
29300,1200,700,"sd","13:47:28",2069600
29300,1200,100,"sd","13:47:28",2068900
29300,1200,3100,"sd","13:47:28",2068800
29300,1200,100,"sd","13:47:26",2065700
29300,1200,200,"sd","13:47:23",2065600
29300,1200,100,"sd","13:47:03",2065400
29300,1200,2100,"sd","13:47:02",2065300
29300,1200,3300,"sd","13:46:53",2063200
29300,1200,1000,"sd","13:46:53",2059900
29300,1200,100,"sd","13:46:53",2058900
29300,1200,500,"sd","13:46:52",2058800
29300,1200,100,"sd","13:46:52",2058300
29300,1200,100,"sd","13:46:52",2058200
29300,1200,2000,"sd","13:46:52",2058100
29300,1200,1000,"sd","13:46:52",2056100
29300,1200,800,"sd","13:46:52",2055100
29300,1200,100,"sd","13:46:52",2054300
29300,1200,1000,"sd","13:46:52",2054200
29300,1200,100,"sd","13:46:52",2053200
29300,1200,200,"sd","13:46:52",2053100
29300,1200,100,"sd","13:46:49",2052900
29350,1250,700,"bu","13:46:40",2052800
29350,1250,600,"bu","13:46:40",2052100
29350,1250,100,"bu","13:46:22",2051500
29300,1200,700,"sd","13:46:06",2051400
29300,1200,200,"sd","13:46:06",2050700
29300,1200,400,"sd","13:46:06",2050500
29350,1250,200,"bu","13:46:06",2050100
29350,1250,100,"bu","13:45:34",2049900
29350,1250,500,"bu","13:45:34",2049800
29350,1250,200,"bu","13:45:28",2049300
29350,1250,500,"bu","13:45:20",2049100
29350,1250,500,"bu","13:45:20",2048600
29350,1250,500,"bu","13:45:05",2048100
29350,1250,1300,"bu","13:45:05",2047600
29350,1250,100,"bu","13:45:05",2046300
29350,1250,100,"bu","13:45:05",2046200
29350,1250,100,"bu","13:44:50",2045700
29350,1250,400,"bu","13:44:50",2046100
29300,1200,200,"sd","13:44:38",2045600
29300,1200,800,"sd","13:44:31",2045400
29300,1200,200,"sd","13:44:31",2044600
29300,1200,100,"bu","13:44:29",2044400
29300,1200,100,"bu","13:44:29",2044300
29300,1200,200,"bu","13:44:29",2044200
29300,1200,100,"bu","13:44:29",2044000
29300,1200,400,"bu","13:44:29",2043900
29300,1200,600,"bu","13:44:29",2043500
29300,1200,100,"bu","13:44:29",2042900
29300,1200,2800,"bu","13:44:29",2042800
29300,1200,200,"bu","13:44:27",2040000
29300,1200,100,"bu","13:44:27",2039800
29300,1200,100,"bu","13:44:27",2039700
29300,1200,200,"bu","13:44:27",2039600
29300,1200,600,"bu","13:44:27",2039400
29300,1200,200,"bu","13:44:27",2038800
29300,1200,200,"bu","13:44:27",2038600
29300,1200,400,"bu","13:44:27",2038400
29300,1200,300,"bu","13:44:27",2038000
29300,1200,300,"bu","13:44:27",2037700
29300,1200,400,"bu","13:44:27",2037400
29300,1200,500,"bu","13:44:27",2037000
29300,1200,200,"bu","13:44:27",2036500
29300,1200,1000,"bu","13:44:27",2036300
29300,1200,1000,"bu","13:44:27",2035300
29300,1200,500,"bu","13:44:27",2034300
29300,1200,1800,"bu","13:44:27",2033800
29300,1200,200,"bu","13:44:26",2032000
29300,1200,100,"bu","13:44:26",2031800
29300,1200,100,"bu","13:44:26",2031700
29300,1200,500,"bu","13:44:26",2031600
29300,1200,100,"bu","13:44:26",2031100
29300,1200,200,"bu","13:44:26",2031000
29300,1200,100,"bu","13:44:26",2030800
29300,1200,300,"bu","13:44:26",2030700
29300,1200,500,"bu","13:44:26",2030400
29300,1200,100,"bu","13:44:26",2029900
29300,1200,100,"bu","13:44:26",2029800
29300,1200,1000,"bu","13:44:26",2029700
29300,1200,200,"bu","13:44:26",2028700
29300,1200,1000,"bu","13:44:26",2028500
29300,1200,500,"bu","13:44:26",2027500
29300,1200,100,"bu","13:44:23",2027000
29300,1200,1400,"bu","13:44:23",2026900
29300,1200,600,"bu","13:44:23",2025500
29300,1200,2000,"bu","13:44:22",2024900
29300,1200,16800,"bu","13:44:21",2022900
29300,1200,5600,"bu","13:44:19",2006100
29300,1200,100,"bu","13:44:19",2000500
29300,1200,200,"bu","13:44:19",2000400
29300,1200,300,"bu","13:44:19",2000200
29300,1200,100,"bu","13:44:19",1999900
29300,1200,200,"bu","13:44:19",1999800
29300,1200,500,"bu","13:44:19",1999600
29300,1200,100,"bu","13:44:17",1999100
29300,1200,100,"bu","13:44:17",1999000
29300,1200,2800,"bu","13:44:17",1998900
29300,1200,1000,"bu","13:44:14",1996100
29300,1200,7000,"bu","13:44:05",1995100
29250,1150,1000,"sd","13:44:03",1988100
29300,1200,1000,"bu","13:44:00",1987100
29300,1200,1000,"bu","13:43:33",1986100
29300,1200,3000,"bu","13:43:29",1985100
29300,1200,700,"bu","13:43:03",1982100
29300,1200,3000,"bu","13:43:03",1981400
29250,1150,200,"sd","13:42:56",1978400
29250,1150,200,"sd","13:42:56",1978200
29250,1150,1000,"sd","13:42:56",1978000
29250,1150,600,"sd","13:42:56",1977000
29300,1200,100,"bu","13:42:53",1976400
29300,1200,100,"bu","13:42:49",1976300
29300,1200,300,"bu","13:42:48",1976200
29300,1200,100,"bu","13:42:48",1975900
29300,1200,4600,"bu","13:42:48",1975800
29300,1200,900,"bu","13:42:46",1971200
29300,1200,500,"bu","13:42:46",1970300
29300,1200,200,"bu","13:42:46",1969800
29300,1200,1000,"bu","13:42:46",1969600
29300,1200,1500,"bu","13:42:46",1968600
29300,1200,5000,"bu","13:42:46",1967100
29300,1200,200,"bu","13:42:46",1962100
29300,1200,700,"bu","13:42:46",1961900
29300,1200,2300,"bu","13:42:35",1961200
29300,1200,300,"bu","13:42:35",1958900
29300,1200,400,"bu","13:42:35",1958600
29300,1200,17000,"bu","13:42:35",1958200
29300,1200,1000,"bu","13:42:32",1941200
29300,1200,1000,"bu","13:42:30",1940200
29300,1200,100,"bu","13:42:28",1939200
29300,1200,900,"bu","13:42:08",1939100
29300,1200,700,"bu","13:42:08",1938200
29300,1200,300,"bu","13:41:56",1937500
29300,1200,1700,"bu","13:41:56",1937200
29250,1150,100,"sd","13:41:51",1935500
29300,1200,3300,"bu","13:41:37",1935400
29300,1200,700,"bu","13:41:37",1932100
29250,1150,600,"sd","13:41:31",1931400
29300,1200,2000,"bu","13:41:13",1930800
29250,1150,900,"sd","13:41:08",1928800
29250,1150,300,"sd","13:41:08",1927900
29250,1150,1700,"sd","13:41:08",1927600
29300,1200,300,"bu","13:41:01",1925900
29300,1200,1600,"bu","13:41:01",1925600
29250,1150,100,"sd","13:40:56",1924000
29250,1150,200,"bu","13:40:52",1923900
29250,1150,500,"bu","13:40:51",1923700
29250,1150,100,"bu","13:40:49",1923200
29250,1150,100,"bu","13:40:49",1923100
29250,1150,8000,"bu","13:40:49",1923000
29250,1150,100,"bu","13:40:49",1915000
29250,1150,200,"bu","13:40:49",1914900
29250,1150,1000,"bu","13:40:49",1914700
29250,1150,200,"bu","13:40:49",1913700
29250,1150,100,"bu","13:40:49",1913500
29250,1150,200,"bu","13:40:49",1913400
29250,1150,200,"bu","13:40:47",1913200
29250,1150,2600,"bu","13:40:44",1913000
29250,1150,2100,"bu","13:40:44",1910400
29250,1150,3300,"bu","13:40:39",1908300
29250,1150,4600,"bu","13:40:26",1905000
29250,1150,400,"bu","13:40:26",1900400
29250,1150,1600,"bu","13:40:20",1900000
29250,1150,500,"bu","13:40:20",1898400
29250,1150,300,"bu","13:40:20",1897900
29250,1150,500,"bu","13:40:20",1897600
29250,1150,100,"bu","13:40:20",1897100
29250,1150,2000,"bu","13:40:20",1897000
29250,1150,400,"bu","13:40:17",1895000
29200,1100,200,"sd","13:40:15",1894600
29200,1100,300,"sd","13:40:04",1894400
29200,1100,400,"sd","13:39:52",1894100
29200,1100,1600,"sd","13:39:52",1893700
29200,1100,300,"bu","13:39:49",1892100
29200,1100,100,"bu","13:39:49",1891800
29150,1050,100,"sd","13:39:41",1891700
29200,1100,100,"bu","13:39:39",1891600
29200,1100,100,"bu","13:39:39",1891500
29200,1100,200,"bu","13:39:39",1891400
29200,1100,200,"bu","13:39:39",1891200
29200,1100,3000,"bu","13:39:39",1891000
29200,1100,500,"bu","13:39:39",1888000
29200,1100,100,"bu","13:39:39",1887500
29200,1100,1000,"bu","13:39:39",1887400
29200,1100,100,"bu","13:39:39",1886400
29200,1100,2000,"bu","13:39:39",1886300
29200,1100,4000,"bu","13:39:39",1884300
29200,1100,1000,"bu","13:39:39",1880300
29200,1100,1000,"bu","13:39:39",1879300
29200,1100,500,"bu","13:39:39",1878300
29200,1100,500,"bu","13:39:39",1877800
29200,1100,200,"bu","13:39:39",1877300
29200,1100,3000,"bu","13:39:39",1877100
29200,1100,500,"bu","13:39:39",1874100
29200,1100,100,"bu","13:39:39",1873600
29200,1100,200,"bu","13:39:39",1873500
29200,1100,100,"bu","13:39:39",1873300
29200,1100,100,"bu","13:39:39",1873200
29200,1100,1600,"bu","13:39:39",1873100
29200,1100,100,"bu","13:39:39",1871500
29200,1100,5000,"bu","13:39:39",1871400
29200,1100,2000,"bu","13:39:39",1866400
29200,1100,2000,"bu","13:39:39",1864400
29200,1100,800,"bu","13:39:39",1862400
29150,1050,400,"sd","13:39:31",1861600
29150,1050,200,"sd","13:39:31",1861200
29150,1050,400,"sd","13:39:31",1861000
29150,1050,100,"bu","13:39:13",1860600
29150,1050,1200,"bu","13:39:13",1860500
29150,1050,3000,"bu","13:39:06",1859300
29150,1050,800,"bu","13:39:02",1856300
29150,1050,100,"bu","13:39:02",1855500
29150,1050,4100,"bu","13:39:02",1855400
29150,1050,5000,"bu","13:38:59",1851300
29100,1000,200,"sd","13:38:52",1846300
29100,1000,100,"sd","13:38:48",1846100
29100,1000,1000,"sd","13:38:46",1846000
29050,950,100,"sd","13:38:05",1845000
29100,1000,2500,"sd","13:38:05",1844900
29100,1000,3000,"sd","13:38:05",1842400
29100,1000,2000,"sd","13:38:05",1839400
29100,1000,1200,"sd","13:38:05",1837400
29150,1050,1500,"bu","13:37:52",1836200
29150,1050,500,"bu","13:37:52",1834700
29100,1000,200,"bu","13:37:44",1834200
29100,1000,100,"bu","13:37:44",1834000
29100,1000,500,"bu","13:37:44",1833900
29100,1000,1000,"bu","13:37:44",1833400
29100,1000,3000,"bu","13:37:44",1832400
29100,1000,3000,"bu","13:37:44",1829400
29100,1000,1000,"bu","13:37:44",1826400
29100,1000,100,"bu","13:37:42",1825400
29100,1000,300,"bu","13:37:42",1825300
29100,1000,2600,"bu","13:37:42",1825000
29100,1000,1000,"bu","13:37:36",1822400
29100,1000,4100,"bu","13:37:34",1821400
29050,950,1000,"sd","13:37:32",1817300
29100,1000,500,"bu","13:37:25",1816300
29050,950,500,"sd","13:37:13",1815800
29050,950,200,"bu","13:37:08",1815300
29050,950,1200,"sd","13:37:06",1815100
29050,950,1800,"bu","13:36:51",1813900
29050,950,700,"bu","13:36:45",1812100
29050,950,2500,"sd","13:36:43",1811400
29050,950,2500,"bu","13:36:42",1808900
29050,950,100,"sd","13:36:34",1806400
29050,950,400,"sd","13:36:34",1806300
29050,950,100,"sd","13:36:21",1805900
29100,1000,1200,"bu","13:36:11",1805800
29050,950,800,"bu","13:36:11",1804600
29050,950,200,"bu","13:36:08",1803800
29100,1000,500,"bu","13:36:04",1803600
29100,1000,100,"bu","13:35:57",1803100
29100,1000,900,"bu","13:35:57",1803000
29100,1000,100,"bu","13:35:35",1802100
29100,1000,700,"bu","13:35:35",1802000
29100,1000,200,"bu","13:35:35",1801300
29100,1000,3000,"bu","13:35:30",1801100
29100,1000,100,"bu","13:35:14",1798100
29100,1000,1900,"sd","13:35:08",1798000
29100,1000,500,"sd","13:35:08",1796100
29100,1000,100,"sd","13:35:05",1795600
29100,1000,300,"sd","13:35:03",1795500
29100,1000,200,"sd","13:35:01",1795200
29100,1000,2000,"bu","13:34:58",1795000
29050,950,200,"sd","13:34:56",1793000
29050,950,100,"bu","13:34:55",1792800
29050,950,200,"bu","13:34:55",1792700
29050,950,200,"bu","13:34:54",1792500
29000,900,1000,"sd","13:34:53",1792300
29050,950,200,"bu","13:34:50",1791300
29000,900,300,"sd","13:34:48",1791100
29000,900,1000,"sd","13:34:47",1790800
29050,950,2000,"bu","13:34:42",1789800
29050,950,300,"bu","13:34:41",1787800
29050,950,2000,"sd","13:34:38",1787500
29050,950,100,"sd","13:34:38",1785500
29050,950,100,"sd","13:34:38",1785400
29050,950,400,"sd","13:34:37",1785300
29100,1000,900,"sd","13:34:16",1784900
29100,1000,2000,"sd","13:34:16",1784000
29100,1000,2000,"sd","13:34:16",1782000
29100,1000,2000,"sd","13:34:16",1780000
29100,1000,500,"sd","13:34:16",1778000
29100,1000,10000,"sd","13:34:16",1777500
29150,1050,200,"sd","13:34:16",1767500
29150,1050,1000,"sd","13:34:16",1767300
29150,1050,1700,"sd","13:34:16",1766300
29150,1050,200,"sd","13:34:16",1764600
29150,1050,8100,"sd","13:34:15",1764400
29150,1050,1900,"sd","13:34:15",1756300
29200,1100,100,"bu","13:34:09",1754400
29150,1050,1000,"sd","13:34:07",1754300
29200,1100,100,"bu","13:33:54",1753300
29200,1100,900,"bu","13:33:54",1753200
29150,1050,100,"sd","13:33:51",1752300
29200,1100,1000,"bu","13:33:46",1752200
29200,1100,2300,"bu","13:33:31",1751200
29200,1100,100,"bu","13:33:31",1748900
29200,1100,2500,"bu","13:33:31",1748800
29200,1100,8000,"bu","13:33:22",1746300
29200,1100,5000,"sd","13:33:21",1738300
29200,1100,500,"sd","13:33:21",1733300
29200,1100,200,"sd","13:33:21",1732800
29200,1100,300,"sd","13:33:21",1732600
29200,1100,2500,"sd","13:33:21",1732300
29200,1100,1000,"sd","13:33:21",1729800
29200,1100,500,"sd","13:33:20",1728800
29200,1100,29500,"sd","13:33:20",1728300
29200,1100,5000,"sd","13:33:14",1698800
29250,1150,600,"bu","13:33:14",1693800
29250,1150,3000,"bu","13:33:14",1693200
29250,1150,1800,"bu","13:33:14",1690200
29250,1150,500,"bu","13:33:13",1688400
29250,1150,200,"bu","13:33:13",1687900
29250,1150,500,"bu","13:33:11",1687700
29250,1150,500,"bu","13:33:11",1687200
29200,1100,300,"sd","13:33:11",1686700
29200,1100,1000,"sd","13:33:09",1686400
29200,1100,1000,"sd","13:33:05",1685400
29250,1150,500,"bu","13:33:01",1684400
29250,1150,100,"bu","13:33:01",1683900
29250,1150,500,"bu","13:33:01",1683800
29250,1150,900,"bu","13:33:01",1683300
29250,1150,100,"bu","13:32:59",1682400
29200,1100,1000,"sd","13:32:57",1682300
29200,1100,500,"sd","13:32:57",1681300
29200,1100,1000,"sd","13:32:54",1680800
29200,1100,600,"sd","13:32:54",1679800
29200,1100,2000,"sd","13:32:53",1679200
29200,1100,1300,"sd","13:32:51",1677200
29250,1150,100,"bu","13:32:30",1675900
29250,1150,900,"bu","13:32:30",1675800
29250,1150,500,"bu","13:32:30",1674900
29250,1150,200,"bu","13:32:30",1674400
29250,1150,600,"bu","13:32:30",1674200
29250,1150,1000,"bu","13:32:25",1673600
29250,1150,2400,"sd","13:32:19",1672600
29250,1150,600,"sd","13:32:19",1670200
29250,1150,500,"sd","13:32:19",1669600
29250,1150,600,"sd","13:32:19",1669100
29250,1150,1400,"sd","13:32:19",1668500
29250,1150,3600,"sd","13:32:19",1667100
29250,1150,400,"sd","13:32:16",1663500
29250,1150,600,"sd","13:32:16",1663100
29250,1150,600,"sd","13:32:16",1662500
29250,1150,1400,"sd","13:32:16",1661900
29250,1150,300,"sd","13:32:15",1660500
29250,1150,1000,"sd","13:32:15",1660200
29250,1150,100,"sd","13:32:15",1659200
29250,1150,200,"sd","13:32:05",1659100
29300,1200,700,"bu","13:32:03",1658900
29250,1150,1000,"sd","13:32:02",1658200
29300,1200,2000,"bu","13:32:02",1657200
29300,1200,400,"bu","13:32:01",1655200
29300,1200,300,"bu","13:32:00",1654800
29300,1200,2000,"bu","13:32:00",1654500
29300,1200,1000,"bu","13:31:55",1652500
29300,1200,400,"sd","13:31:54",1651500
29300,1200,1300,"sd","13:31:54",1651100
29300,1200,300,"sd","13:31:54",1649800
29300,1200,300,"sd","13:31:53",1649500
29300,1200,200,"sd","13:31:52",1649200
29300,1200,300,"sd","13:31:50",1649000
29300,1200,1000,"sd","13:31:49",1648700
29300,1200,500,"sd","13:31:47",1647700
29300,1200,1000,"sd","13:31:47",1647200
29300,1200,300,"sd","13:31:45",1646200
29300,1200,1100,"sd","13:31:44",1645900
29300,1200,800,"sd","13:31:44",1644800
29300,1200,100,"sd","13:31:44",1644000
29300,1200,1600,"sd","13:31:44",1643900
29300,1200,3600,"sd","13:31:44",1642300
29300,1200,1400,"sd","13:31:42",1638700
29300,1200,600,"sd","13:31:42",1637300
29300,1200,1000,"sd","13:31:35",1636700
29300,1200,1000,"sd","13:31:27",1635700
29300,1200,100,"sd","13:31:20",1634700
29400,1300,400,"bu","13:31:20",1634600
29400,1300,100,"bu","13:31:20",1634200
29300,1200,5000,"sd","13:31:15",1634100
29300,1200,200,"sd","13:31:13",1629100
29300,1200,1700,"bu","13:31:11",1628900
29300,1200,1300,"bu","13:31:08",1627200
29300,1200,8700,"bu","13:31:08",1625900
29300,1200,1000,"sd","13:31:08",1617200
29300,1200,200,"sd","13:31:08",1616200
29300,1200,100,"sd","13:31:08",1616000
29300,1200,100,"bu","13:31:06",1615900
29300,1200,400,"bu","13:31:06",1615800
29300,1200,1600,"bu","13:31:06",1615400
29300,1200,100,"bu","13:31:05",1613800
29300,1200,500,"bu","13:31:05",1613700
29300,1200,200,"bu","13:31:03",1613200
29300,1200,5000,"bu","13:31:01",1613000
29300,1200,500,"bu","13:30:58",1608000
29250,1150,500,"sd","13:30:57",1607500
29300,1200,5000,"bu","13:30:56",1607000
29300,1200,2500,"bu","13:30:55",1602000
29300,1200,300,"bu","13:30:53",1599500
29300,1200,1000,"bu","13:30:51",1599200
29300,1200,900,"bu","13:30:50",1598200
29300,1200,2200,"bu","13:30:49",1597300
29300,1200,100,"sd","13:30:48",1595100
29300,1200,100,"sd","13:30:48",1595000
29300,1200,400,"sd","13:30:47",1594900
29300,1200,200,"bu","13:30:47",1594500
29300,1200,1000,"bu","13:30:47",1594300
29300,1200,700,"bu","13:30:47",1593300
29300,1200,500,"bu","13:30:47",1592600
29300,1200,800,"bu","13:30:47",1592100
29300,1200,500,"bu","13:30:47",1591300
29300,1200,2500,"bu","13:30:45",1590800
29300,1200,100,"bu","13:30:45",1588300
29300,1200,400,"bu","13:30:45",1588200
29300,1200,300,"bu","13:30:44",1587800
29300,1200,300,"bu","13:30:41",1587500
29250,1150,100,"sd","13:30:40",1587200
29300,1200,1000,"bu","13:30:40",1587100
29300,1200,100,"bu","13:30:35",1586100
29300,1200,900,"bu","13:30:35",1586000
29300,1200,100,"bu","13:30:34",1585100
29250,1150,300,"bu","13:30:34",1585000
29250,1150,2200,"bu","13:30:34",1584700
29250,1150,900,"bu","13:30:34",1582500
29250,1150,100,"bu","13:30:33",1581600
29250,1150,200,"bu","13:30:33",1581500
29250,1150,300,"bu","13:30:31",1581300
29250,1150,1000,"bu","13:30:30",1581000
29200,1100,100,"sd","13:30:22",1580000
29200,1100,20000,"sd","13:30:21",1579900
29200,1100,100,"bu","13:30:20",1559900
29200,1100,100,"bu","13:30:20",1559800
29200,1100,400,"bu","13:30:20",1559700
29200,1100,500,"bu","13:30:20",1559300
29200,1100,100,"bu","13:30:20",1558800
29200,1100,5000,"bu","13:30:20",1558700
29200,1100,100,"bu","13:30:20",1553700
29200,1100,100,"bu","13:30:20",1553600
29200,1100,300,"bu","13:30:20",1553500
29200,1100,700,"bu","13:30:19",1553200
29200,1100,1000,"bu","13:30:19",1552500
29200,1100,200,"bu","13:30:19",1551500
29200,1100,1000,"bu","13:30:19",1551300
29200,1100,100,"bu","13:30:19",1550300
29200,1100,100,"bu","13:30:19",1550200
29200,1100,900,"bu","13:30:19",1550100
29150,1050,200,"sd","13:30:13",1549200
29150,1050,100,"sd","13:30:12",1549000
29200,1100,100,"bu","13:30:11",1548900
29150,1050,100,"bu","13:30:08",1548800
29150,1050,100,"bu","13:30:08",1548700
29150,1050,100,"bu","13:30:08",1548600
29150,1050,1000,"bu","13:30:08",1548500
29150,1050,200,"bu","13:30:08",1547500
29150,1050,2200,"bu","13:30:08",1547300
29150,1050,7700,"bu","13:30:07",1545100
29150,1050,100,"bu","13:30:07",1537400
29150,1050,2000,"bu","13:30:05",1537300
29150,1050,3000,"bu","13:30:01",1535300
29150,1050,3000,"bu","13:29:58",1532300
29100,1000,5000,"bu","13:29:54",1529300
29100,1000,4000,"bu","13:29:53",1524300
29100,1000,5000,"bu","13:29:49",1520300
29100,1000,2900,"sd","13:29:48",1515300
29100,1000,100,"sd","13:29:48",1512400
29100,1000,3000,"sd","13:29:48",1512300
29100,1000,1000,"bu","13:29:45",1509300
29100,1000,1000,"bu","13:29:45",1508300
29100,1000,400,"bu","13:29:44",1507300
29100,1000,3000,"bu","13:29:44",1506900
29100,1000,500,"bu","13:29:44",1503900
29100,1000,1100,"bu","13:29:44",1503400
29100,1000,900,"bu","13:29:44",1502300
29100,1000,100,"bu","13:29:44",1501400
29100,1000,1800,"bu","13:29:44",1501300
29100,1000,200,"bu","13:29:44",1499500
29050,950,400,"sd","13:29:38",1499300
29100,1000,200,"bu","13:29:38",1498900
29100,1000,200,"bu","13:29:38",1498700
29050,950,1000,"sd","13:29:35",1498500
29050,950,100,"bu","13:29:33",1497500
29050,950,700,"bu","13:29:32",1497400
29050,950,200,"bu","13:29:31",1496700
29050,950,100,"bu","13:29:31",1496500
29050,950,200,"bu","13:29:31",1496400
29050,950,600,"bu","13:29:31",1496200
29050,950,1000,"bu","13:29:31",1495600
29050,950,300,"bu","13:29:29",1494600
29050,950,2700,"bu","13:29:29",1494300
29000,900,800,"sd","13:29:27",1491600
29050,950,200,"bu","13:29:21",1490800
29000,900,3700,"bu","13:29:19",1490600
29000,900,500,"bu","13:29:19",1486900
29000,900,1000,"bu","13:29:19",1486400
29000,900,100,"bu","13:29:19",1485400
29000,900,1000,"bu","13:29:19",1485300
29000,900,1200,"bu","13:29:19",1484300
29000,900,100,"bu","13:29:19",1483100
29000,900,200,"bu","13:29:19",1483000
29000,900,500,"bu","13:29:19",1482800
29000,900,1000,"bu","13:29:19",1482300
29000,900,1100,"bu","13:29:19",1481300
29000,900,500,"bu","13:29:19",1480200
29000,900,200,"bu","13:29:19",1479700
29000,900,1700,"bu","13:29:19",1479500
29000,900,200,"bu","13:29:19",1477800
29000,900,15000,"bu","13:29:18",1477600
29000,900,3100,"bu","13:29:18",1462600
29000,900,1500,"bu","13:29:18",1459500
29000,900,100,"bu","13:29:18",1458000
29000,900,100,"bu","13:29:18",1457900
29000,900,500,"bu","13:29:18",1457800
29000,900,100,"bu","13:29:18",1457300
29000,900,5000,"bu","13:29:18",1457200
29000,900,100,"bu","13:29:18",1452200
29000,900,100,"bu","13:29:18",1452100
29000,900,800,"bu","13:29:18",1452000
29000,900,500,"bu","13:29:18",1451200
29000,900,100,"bu","13:29:18",1450700
29000,900,5000,"bu","13:29:18",1450600
29000,900,100,"bu","13:29:18",1445600
29000,900,5100,"bu","13:29:18",1445500
29000,900,300,"bu","13:29:18",1440400
29000,900,2000,"bu","13:29:18",1440100
29000,900,500,"bu","13:29:18",1438100
29000,900,100,"bu","13:29:18",1437600
29000,900,1000,"bu","13:29:18",1437500
29000,900,200,"bu","13:29:18",1436500
29000,900,3700,"bu","13:29:18",1436300
29000,900,900,"bu","13:29:18",1432600
29000,900,500,"bu","13:29:18",1431700
29000,900,400,"bu","13:29:18",1431200
29000,900,400,"bu","13:29:18",1430800
29000,900,100,"bu","13:29:16",1430400
29000,900,200,"bu","13:29:16",1430300
29000,900,500,"bu","13:29:16",1430100
29000,900,10000,"bu","13:29:16",1429600
29000,900,10000,"bu","13:29:15",1419600
29000,900,100,"bu","13:29:15",1409600
29000,900,17400,"bu","13:29:15",1409500
29000,900,500,"bu","13:29:13",1392100
29000,900,500,"bu","13:29:13",1391600
29000,900,1000,"bu","13:29:13",1391100
29000,900,100,"bu","13:29:13",1390100
29000,900,500,"bu","13:29:13",1390000
29000,900,7400,"bu","13:29:13",1389500
29000,900,2600,"bu","13:29:09",1382100
29000,900,1500,"bu","13:29:09",1379500
29000,900,900,"bu","13:29:09",1378000
29000,900,100,"bu","13:29:06",1377100
29000,900,3100,"bu","13:29:06",1377000
29000,900,1000,"bu","13:29:06",1373900
29000,900,3000,"bu","13:29:06",1372900
29000,900,500,"bu","13:29:06",1369900
29000,900,100,"bu","13:29:06",1369400
29000,900,9400,"bu","13:29:05",1369300
29000,900,400,"bu","13:29:05",1359900
29000,900,200,"bu","13:29:05",1359500
29000,900,100,"bu","13:29:05",1359300
29000,900,1000,"bu","13:29:05",1359200
29000,900,100,"bu","13:29:05",1358200
29000,900,1000,"bu","13:29:05",1358100
29000,900,1000,"bu","13:29:05",1357100
29000,900,100,"bu","13:29:05",1356100
29000,900,1200,"bu","13:29:05",1356000
29000,900,100,"bu","13:29:05",1354800
29000,900,300,"bu","13:29:05",1354700
29000,900,5000,"bu","13:29:05",1354400
29000,900,6700,"bu","13:29:05",1349400
29000,900,300,"bu","13:29:05",1342700
29000,900,1200,"bu","13:29:05",1342400
29000,900,100,"bu","13:29:05",1341200
29000,900,300,"bu","13:29:05",1341100
29000,900,1000,"bu","13:29:05",1340800
29000,900,500,"bu","13:29:05",1339800
29000,900,300,"bu","13:29:05",1339300
29000,900,100,"bu","13:29:05",1339000
29000,900,3000,"bu","13:29:05",1338900
29000,900,200,"bu","13:29:05",1335900
29000,900,1000,"bu","13:29:05",1335700
29000,900,200,"bu","13:29:05",1334700
29000,900,500,"bu","13:29:05",1334500
29000,900,1000,"bu","13:29:05",1334000
29000,900,500,"bu","13:29:05",1333000
29000,900,8200,"bu","13:29:05",1332500
29000,900,300,"bu","13:29:03",1324300
29000,900,7000,"bu","13:29:03",1324000
29000,900,500,"bu","13:29:00",1317000
29000,900,500,"bu","13:29:00",1316500
29000,900,100,"bu","13:29:00",1316000
29000,900,100,"bu","13:29:00",1315900
29000,900,800,"bu","13:29:00",1315800
29000,900,100,"bu","13:28:57",1315000
29000,900,7500,"bu","13:28:52",1314900
29000,900,5000,"bu","13:28:45",1307400
29000,900,2000,"bu","13:28:45",1302400
28950,850,13700,"bu","13:28:14",1300400
28950,850,4100,"bu","13:28:14",1286700
28950,850,2000,"bu","13:28:14",1282600
28950,850,1900,"bu","13:28:14",1280600
28950,850,100,"bu","13:28:10",1278700
28950,850,13000,"bu","13:28:06",1278600
28950,850,3200,"bu","13:28:04",1265600
28950,850,1800,"sd","13:27:56",1262400
29000,900,100,"bu","13:27:54",1260600
28950,850,1000,"sd","13:27:54",1260500
28950,850,1000,"sd","13:27:53",1259500
28950,850,1000,"sd","13:27:52",1258500
28950,850,5000,"bu","13:27:52",1257500
28950,850,200,"bu","13:27:52",1252500
28950,850,300,"bu","13:27:50",1252300
28950,850,100,"bu","13:27:50",1252000
28950,850,300,"bu","13:27:50",1251900
28950,850,400,"bu","13:27:50",1251600
28950,850,100,"bu","13:27:50",1251200
28950,850,800,"bu","13:27:50",1251100
28950,850,1200,"bu","13:27:41",1250300
28950,850,500,"bu","13:27:41",1249100
28950,850,1000,"bu","13:27:41",1248600
28950,850,100,"bu","13:27:41",1247600
28950,850,400,"bu","13:27:41",1247500
28950,850,2000,"bu","13:27:41",1247100
28950,850,500,"bu","13:27:41",1245100
28950,850,400,"bu","13:27:41",1244600
28950,850,1000,"bu","13:27:41",1244200
28950,850,1000,"bu","13:27:41",1243200
28950,850,1900,"bu","13:27:41",1242200
28950,850,100,"bu","13:27:31",1240300
28900,800,1000,"sd","13:27:25",1240200
28900,800,2000,"sd","13:27:17",1239200
28900,800,100,"sd","13:27:04",1237200
28900,800,1100,"sd","13:26:54",1237100
28900,800,100,"bu","13:26:52",1236000
28900,800,200,"bu","13:26:51",1235900
28900,800,800,"sd","13:26:51",1235700
28900,800,200,"sd","13:26:49",1234900
28900,800,200,"sd","13:26:49",1234700
28900,800,500,"sd","13:26:38",1234500
28900,800,100,"sd","13:26:34",1234000
28950,850,100,"bu","13:26:32",1233900
28900,800,200,"bu","13:26:30",1233800
28900,800,1200,"bu","13:26:23",1233600
28900,800,1100,"bu","13:26:21",1232400
28900,800,500,"bu","13:26:21",1231300
28900,800,500,"bu","13:26:20",1230800
28900,800,1000,"bu","13:26:12",1230300
28950,850,400,"bu","13:25:59",1229300
28950,850,1000,"bu","13:25:59",1228900
28950,850,5000,"bu","13:25:59",1227900
28950,850,5000,"bu","13:25:59",1222900
28950,850,400,"bu","13:25:59",1217900
28950,850,200,"bu","13:25:59",1217500
28950,850,100,"bu","13:25:59",1217300
28950,850,1000,"bu","13:25:59",1217200
28950,850,9700,"bu","13:25:59",1216200
28900,800,2000,"bu","13:25:59",1206500
28900,800,1000,"bu","13:25:59",1204500
28900,800,600,"bu","13:25:59",1203500
28900,800,3600,"bu","13:25:59",1202900
28850,750,100,"sd","13:25:54",1199300
28900,800,400,"bu","13:25:53",1199200
28900,800,100,"bu","13:25:53",1198800
28900,800,200,"bu","13:25:39",1198700
28900,800,2800,"bu","13:25:39",1198500
28900,800,500,"bu","13:25:34",1195700
28900,800,100,"bu","13:25:25",1195200
28900,800,100,"bu","13:25:24",1195100
28900,800,1500,"bu","13:25:20",1195000
28900,800,8500,"bu","13:25:20",1193500
28900,800,1000,"bu","13:25:13",1185000
28900,800,100,"bu","13:25:00",1184000
28900,800,400,"sd","13:24:56",1183900
28900,800,1000,"sd","13:24:54",1183500
28950,850,300,"bu","13:24:51",1182500
28950,850,100,"bu","13:24:51",1182200
28900,800,1000,"sd","13:24:49",1182100
28900,800,600,"sd","13:24:48",1181100
28900,800,1000,"sd","13:24:37",1180500
28900,800,500,"bu","13:24:36",1179500
28900,800,500,"bu","13:24:36",1179000
28900,800,300,"sd","13:24:28",1178500
28900,800,200,"sd","13:24:28",1178200
28900,800,100,"sd","13:24:27",1178000
28950,850,100,"bu","13:24:27",1177900
28900,800,1000,"sd","13:24:26",1177800
28900,800,100,"bu","13:24:24",1176800
28900,800,100,"bu","13:24:24",1176700
28900,800,3500,"bu","13:24:24",1176600
28900,800,200,"bu","13:24:21",1173100
28850,750,200,"sd","13:24:20",1172900
28850,750,100,"sd","13:24:20",1172700
28900,800,1000,"bu","13:24:17",1172600
28900,800,400,"bu","13:24:11",1171600
28900,800,1000,"sd","13:24:11",1171200
28900,800,200,"sd","13:24:11",1170200
28900,800,3000,"sd","13:24:11",1170000
28900,800,700,"sd","13:24:11",1167000
28900,800,600,"bu","13:24:02",1166300
28900,800,400,"bu","13:24:02",1165700
28900,800,100,"bu","13:24:02",1165300
28900,800,500,"bu","13:24:02",1165200
28900,800,2000,"bu","13:23:56",1164700
28900,800,500,"bu","13:23:55",1162700
28900,800,100,"bu","13:23:55",1162200
28900,800,1000,"bu","13:23:55",1162100
28900,800,1500,"bu","13:23:55",1161100
28900,800,100,"bu","13:23:55",1159600
28900,800,1400,"bu","13:23:55",1159500
28900,800,300,"bu","13:23:55",1158100
28900,800,1000,"bu","13:23:55",1157800
28900,800,100,"bu","13:23:55",1156800
28900,800,2000,"bu","13:23:50",1156700
28900,800,2900,"bu","13:23:42",1154700
28900,800,5000,"bu","13:23:42",1151800
28900,800,1000,"bu","13:23:42",1146800
28900,800,300,"bu","13:23:42",1145800
28900,800,100,"bu","13:23:42",1145500
28900,800,200,"bu","13:23:42",1145400
28900,800,500,"bu","13:23:42",1145200
28850,750,400,"bu","13:23:33",1144700
28850,750,100,"sd","13:23:32",1144300
28850,750,500,"sd","13:23:32",1144200
28850,750,100,"bu","13:23:30",1143700
28850,750,500,"bu","13:23:30",1143600
28850,750,100,"bu","13:23:30",1143100
28850,750,100,"bu","13:23:30",1143000
28850,750,200,"bu","13:23:30",1142900
28850,750,2000,"bu","13:23:26",1142700
28850,750,100,"bu","13:23:25",1140700
28850,750,700,"bu","13:23:19",1140600
28850,750,100,"bu","13:23:19",1139900
28850,750,700,"bu","13:23:19",1139800
28850,750,500,"bu","13:23:19",1139100
28850,750,500,"bu","13:23:18",1138600
28850,750,500,"bu","13:23:16",1138100
28850,750,500,"bu","13:23:14",1137600
28800,700,500,"sd","13:23:06",1137100
28850,750,500,"bu","13:22:55",1136600
28800,700,100,"sd","13:22:52",1136100
28800,700,1000,"bu","13:22:49",1136000
28800,700,100,"bu","13:22:49",1135000
28800,700,100,"bu","13:22:49",1134900
28800,700,5000,"bu","13:22:49",1134800
28800,700,700,"bu","13:22:49",1129800
28800,700,1000,"bu","13:22:49",1129100
28800,700,500,"bu","13:22:49",1128100
28800,700,4100,"bu","13:22:49",1127600
28800,700,100,"bu","13:22:49",1123500
28800,700,10000,"bu","13:22:49",1123400
28800,700,1000,"bu","13:22:49",1113400
28800,700,1000,"bu","13:22:49",1112400
28800,700,700,"bu","13:22:49",1111400
28750,650,100,"bu","13:22:49",1110700
28800,700,900,"bu","13:22:45",1110600
28800,700,2100,"bu","13:22:45",1109700
28800,700,1000,"bu","13:22:43",1107600
28800,700,2700,"bu","13:22:34",1106600
28800,700,700,"bu","13:22:34",1103900
28800,700,5000,"bu","13:22:34",1103200
28800,700,100,"bu","13:22:34",1098200
28800,700,300,"bu","13:22:34",1098100
28800,700,5000,"bu","13:22:34",1097800
28800,700,300,"bu","13:22:34",1092800
28800,700,1000,"bu","13:22:34",1092500
28750,650,100,"bu","13:22:34",1091500
28750,650,200,"bu","13:22:34",1091400
28750,650,200,"bu","13:22:34",1091200
28750,650,5000,"bu","13:22:34",1091000
28750,650,100,"bu","13:22:34",1086000
28750,650,500,"bu","13:22:34",1085900
28750,650,500,"bu","13:22:34",1085400
28750,650,300,"bu","13:22:34",1084900
28750,650,600,"bu","13:22:34",1084600
28750,650,100,"bu","13:22:34",1084000
28750,650,100,"bu","13:22:34",1083900
28750,650,2000,"bu","13:22:34",1083800
28750,650,500,"bu","13:22:34",1081800
28750,650,400,"bu","13:22:34",1081300
28750,650,100,"bu","13:22:30",1080900
28700,600,200,"bu","13:22:19",1080800
28700,600,2000,"bu","13:22:19",1080600
28700,600,500,"bu","13:22:19",1078600
28700,600,200,"bu","13:22:19",1078100
28700,600,100,"bu","13:22:19",1077900
28700,600,1000,"bu","13:22:19",1077800
28700,600,500,"bu","13:22:19",1076800
28700,600,100,"bu","13:22:19",1076300
28700,600,2000,"bu","13:22:19",1076200
28700,600,500,"bu","13:22:19",1074200
28700,600,100,"bu","13:22:19",1073700
28700,600,500,"bu","13:22:19",1073600
28700,600,1000,"bu","13:22:19",1073100
28700,600,500,"bu","13:22:19",1072100
28700,600,36000,"bu","13:22:19",1071600
28700,600,200,"bu","13:22:19",1035600
28700,600,300,"bu","13:22:19",1035400
28700,600,200,"bu","13:22:19",1035100
28700,600,6000,"bu","13:22:19",1034900
28700,600,5000,"bu","13:22:19",1028900
28700,600,300,"bu","13:22:19",1023900
28700,600,100,"bu","13:22:19",1023600
28700,600,100,"bu","13:22:18",1023500
28700,600,100,"bu","13:22:18",1023400
28700,600,300,"bu","13:22:18",1023300
28700,600,500,"bu","13:22:18",1023000
28700,600,1000,"bu","13:22:18",1022500
28700,600,1000,"bu","13:22:18",1021500
28650,550,500,"bu","13:22:18",1020500
28650,550,500,"bu","13:22:18",1020000
28650,550,100,"bu","13:22:18",1019500
28650,550,100,"bu","13:22:18",1019400
28650,550,2100,"bu","13:22:18",1019300
28650,550,1000,"bu","13:22:18",1017200
28650,550,500,"bu","13:22:18",1016200
28650,550,100,"bu","13:22:18",1015700
28650,550,500,"bu","13:22:18",1015600
28650,550,1000,"bu","13:22:18",1015100
28650,550,100,"bu","13:22:18",1014100
28650,550,1000,"bu","13:22:18",1014000
28650,550,200,"bu","13:22:18",1013000
28600,500,100,"sd","13:22:18",1012800
28600,500,100,"bu","13:22:14",1012700
28600,500,1900,"bu","13:22:14",1012600
28600,500,100,"bu","13:22:08",1010700
28600,500,400,"bu","13:22:08",1010600
28600,500,300,"bu","13:21:59",1010200
28600,500,300,"bu","13:21:50",1009900
28600,500,500,"bu","13:21:49",1009600
28600,500,100,"bu","13:21:44",1009100
28600,500,400,"sd","13:21:44",1009000
28600,500,600,"bu","13:21:39",1008600
28600,500,400,"sd","13:21:33",1008000
28600,500,100,"sd","13:21:33",1007600
28600,500,500,"sd","13:21:33",1007500
28600,500,200,"sd","13:21:33",1007000
28600,500,200,"sd","13:21:33",1006800
28600,500,100,"sd","13:21:28",1006600
28600,500,300,"sd","13:21:22",1006500
28600,500,400,"sd","13:21:13",1006200
28600,500,2000,"sd","13:21:13",1005800
28650,550,200,"bu","13:21:07",1003800
28600,500,1300,"sd","13:21:07",1003600
28650,550,100,"bu","13:21:07",1002300
28600,500,400,"sd","13:21:06",1002200
28600,500,1000,"bu","13:21:03",1001800
28600,500,300,"bu","13:21:03",1000800
28600,500,200,"bu","13:21:00",1000500
28600,500,200,"bu","13:21:00",1000300
28600,500,1000,"bu","13:21:00",1000100
28600,500,100,"bu","13:21:00",999100
28600,500,200,"bu","13:21:00",999000
28600,500,3000,"bu","13:20:51",998800
28600,500,1000,"bu","13:20:41",995800
28600,500,200,"bu","13:20:30",994800
28600,500,600,"bu","13:20:30",994600
28600,500,2000,"bu","13:20:30",994000
28600,500,100,"bu","13:20:30",992000
28600,500,500,"bu","13:20:30",991900
28600,500,100,"bu","13:20:30",991400
28600,500,1000,"bu","13:20:30",991300
28600,500,200,"bu","13:20:30",990300
28600,500,200,"bu","13:20:30",990100
28600,500,100,"bu","13:20:30",989900
28600,500,400,"bu","13:20:30",989800
28600,500,9500,"bu","13:20:30",989400
28600,500,1000,"bu","13:20:30",979900
28600,500,100,"bu","13:20:30",978900
28600,500,600,"bu","13:20:30",978800
28600,500,1000,"bu","13:20:30",978200
28600,500,2600,"bu","13:20:30",977200
28600,500,200,"bu","13:20:01",974600
28600,500,2200,"bu","13:19:32",974400
28600,500,4000,"bu","13:19:32",972200
28550,450,200,"bu","13:19:32",968200
28550,450,400,"bu","13:19:32",968000
28550,450,100,"bu","13:19:32",967600
28550,450,1300,"bu","13:19:32",967500
28550,450,500,"bu","13:19:32",966200
28550,450,2000,"bu","13:19:24",965700
28550,450,100,"bu","13:19:08",963700
28500,400,600,"sd","13:19:01",963600
28500,400,400,"sd","13:19:01",963000
28500,400,800,"sd","13:18:56",962600
28500,400,200,"sd","13:18:56",961800
28500,400,100,"sd","13:18:48",961600
28500,400,1000,"bu","13:18:31",961500
28500,400,200,"bu","13:18:31",960500
28500,400,200,"bu","13:18:31",960300
28500,400,800,"bu","13:18:31",960100
28500,400,200,"bu","13:18:24",959300
28500,400,300,"bu","13:18:24",959100
28500,400,4700,"bu","13:17:51",958800
28500,400,3000,"bu","13:17:51",954100
28500,400,10000,"bu","13:17:51",951100
28500,400,500,"bu","13:17:51",941100
28500,400,1000,"bu","13:17:51",940600
28450,350,100,"bu","13:17:51",939600
28450,350,100,"bu","13:17:51",939500
28450,350,5000,"bu","13:17:51",939400
28450,350,200,"bu","13:17:51",934400
28450,350,400,"bu","13:17:51",934200
28400,300,500,"sd","13:17:35",933800
28400,300,1300,"sd","13:17:19",933300
28400,300,200,"sd","13:16:51",932000
28450,350,500,"bu","13:16:49",931800
28450,350,100,"bu","13:16:24",931300
28400,300,100,"bu","13:16:17",931200
28400,300,100,"bu","13:16:17",931100
28400,300,9800,"bu","13:16:17",931000
28400,300,100,"bu","13:16:16",921200
28400,300,1300,"bu","13:16:15",921100
28400,300,100,"bu","13:15:54",919800
28400,300,3000,"bu","13:15:44",919700
28400,300,200,"bu","13:15:31",916700
28400,300,1000,"bu","13:13:18",916500
28400,300,500,"bu","13:12:58",915500
28350,250,100,"sd","13:12:55",915000
28400,300,200,"bu","13:12:42",914900
28400,300,200,"bu","13:12:16",914700
28400,300,2000,"sd","13:11:34",914500
28400,300,100,"sd","13:11:34",912500
28400,300,1000,"sd","13:11:34",912400
28400,300,700,"sd","13:11:34",911400
28400,300,500,"sd","13:11:34",910700
28400,300,1000,"sd","13:11:34",910200
28400,300,1000,"sd","13:11:34",909200
28400,300,800,"sd","13:11:34",908200
28400,300,3000,"sd","13:11:34",907400
28400,300,1700,"sd","13:11:34",904400
28400,300,300,"sd","13:10:01",902700
28400,300,100,"sd","13:10:01",902400
28400,300,900,"sd","13:09:33",902300
28400,300,300,"sd","13:09:33",901400
28400,300,1200,"sd","13:09:33",901100
28400,300,100,"sd","13:09:29",899900
28400,300,400,"sd","13:09:24",899800
28450,350,100,"sd","13:09:02",899400
28450,350,100,"sd","13:09:02",899300
28450,350,900,"sd","13:08:52",899200
28450,350,100,"sd","13:08:52",898300
28500,400,500,"sd","13:08:17",898200
28500,400,100,"sd","13:08:08",897700
28500,400,300,"sd","13:08:01",897600
28500,400,200,"sd","13:08:01",897300
28500,400,300,"sd","13:08:01",897100
28500,400,200,"sd","13:08:01",896800
28500,400,100,"sd","13:07:25",896600
28500,400,700,"bu","13:07:14",896500
28400,300,1000,"sd","13:06:58",895800
28400,300,1000,"sd","13:06:58",894800
28500,400,500,"bu","13:06:48",893800
28500,400,100,"bu","13:06:48",893300
28500,400,1100,"bu","13:06:48",893200
28450,350,300,"bu","13:06:48",892100
28400,300,100,"sd","13:06:34",891800
28400,300,200,"sd","13:06:30",891700
28500,400,800,"bu","13:06:28",891500
28500,400,500,"bu","13:06:28",890700
28500,400,1000,"bu","13:06:28",890200
28500,400,500,"bu","13:06:28",889200
28500,400,500,"bu","13:06:28",888700
28500,400,2500,"bu","13:06:28",888200
28500,400,100,"bu","13:06:28",885700
28500,400,1000,"bu","13:06:28",885600
28500,400,200,"bu","13:06:28",884600
28500,400,1000,"bu","13:06:28",884400
28500,400,300,"bu","13:06:28",883400
28500,400,500,"bu","13:06:28",883100
28500,400,1000,"bu","13:06:28",882600
28500,400,2000,"bu","13:06:28",881600
28500,400,2000,"bu","13:06:28",879600
28500,400,300,"bu","13:06:28",877600
28500,400,4000,"bu","13:06:28",877300
28500,400,500,"bu","13:06:28",873300
28500,400,7000,"bu","13:06:28",872800
28500,400,5000,"bu","13:06:28",865800
28500,400,2500,"bu","13:06:28",860800
28500,400,200,"bu","13:06:28",858300
28500,400,500,"bu","13:06:28",858100
28500,400,200,"bu","13:06:28",857600
28500,400,1000,"bu","13:06:28",857400
28500,400,1900,"bu","13:06:28",856400
28500,400,2000,"bu","13:06:28",854500
28450,350,200,"bu","13:06:28",852500
28450,350,400,"bu","13:06:28",852300
28450,350,400,"bu","13:06:28",851900
28450,350,600,"bu","13:06:19",851500
28450,350,200,"bu","13:06:19",850900
28450,350,300,"bu","13:06:19",850700
28450,350,900,"bu","13:06:19",850400
28400,300,500,"sd","13:06:15",849500
28450,350,500,"bu","13:06:12",849000
28450,350,800,"bu","13:06:12",848500
28400,300,100,"sd","13:06:01",847700
28450,350,100,"bu","13:05:52",847600
28400,300,200,"sd","13:05:50",847500
28450,350,100,"bu","13:05:44",847300
28400,300,200,"sd","13:05:01",847200
28400,300,1000,"sd","13:04:59",847000
28400,300,300,"bu","13:04:58",846000
28400,300,1100,"bu","13:04:58",845700
28400,300,300,"bu","13:04:58",844600
28400,300,100,"bu","13:04:58",844300
28400,300,100,"bu","13:04:58",844200
28400,300,100,"bu","13:04:58",844100
28400,300,200,"bu","13:04:58",844000
28400,300,500,"bu","13:04:58",843800
28400,300,500,"bu","13:04:32",843300
28400,300,500,"bu","13:04:21",842800
28400,300,200,"bu","13:03:36",842300
28400,300,200,"bu","13:03:25",842100
28350,250,500,"sd","13:03:24",841900
28400,300,100,"bu","13:02:56",841400
28350,250,100,"sd","13:02:02",841300
28350,250,2200,"sd","13:01:57",841200
28350,250,100,"bu","13:01:14",839000
28350,250,200,"bu","13:01:14",838900
28350,250,500,"bu","13:01:02",838700
28350,250,500,"bu","13:00:37",838200
28350,250,500,"bu","13:00:35",837700
28350,250,200,"bu","13:00:33",837200
28350,250,500,"bu","13:00:31",837000
28350,250,100,"sd","13:00:17",836500
28350,250,1000,"sd","13:00:16",836400
28350,250,300,"sd","13:00:08",835400
28350,250,200,"sd","13:00:07",835100
28350,250,1800,"sd","13:00:06",834900
28400,300,1000,"bu","13:00:03",833100
28400,300,300,"bu","13:00:03",832100
28400,300,500,"bu","13:00:03",831800
28400,300,3000,"bu","13:00:03",831300
28400,300,100,"bu","13:00:03",828300
28400,300,1600,"bu","13:00:03",828200
28400,300,9600,"bu","13:00:03",826600
28400,300,3000,"bu","13:00:03",817000
28400,300,900,"bu","13:00:03",814000
28350,250,200,"sd","13:00:02",813100
28350,250,1000,"sd","13:00:02",812900
28350,250,500,"sd","13:00:02",811900
28350,250,400,"sd","13:00:01",811400
28350,250,900,"sd","11:29:28",811000
28350,250,500,"sd","11:28:22",810100
28350,250,300,"sd","11:28:22",809600
28350,250,100,"sd","11:25:23",809300
28350,250,300,"sd","11:24:37",809200
28350,250,100,"sd","11:23:26",808900
28350,250,100,"bu","11:22:53",808800
28350,250,200,"bu","11:22:53",808700
28350,250,100,"bu","11:22:53",808500
28350,250,1400,"bu","11:22:53",808400
28350,250,500,"bu","11:22:53",807000
28350,250,500,"bu","11:22:48",806500
28350,250,100,"bu","11:22:17",806000
28350,250,100,"bu","11:22:14",805900
28350,250,100,"bu","11:21:46",805800
28300,200,300,"sd","11:21:33",805700
28350,250,200,"bu","11:21:03",805400
28350,250,300,"bu","11:21:03",805200
28350,250,400,"bu","11:19:48",804900
28350,250,600,"bu","11:19:35",804500
28350,250,100,"bu","11:19:35",803900
28350,250,100,"bu","11:19:35",803800
28350,250,200,"bu","11:19:35",803700
28300,200,100,"sd","11:18:47",803500
28300,200,400,"sd","11:17:58",803400
28300,200,200,"sd","11:17:54",803000
28300,200,200,"sd","11:17:50",802800
28300,200,100,"bu","11:17:49",802600
28300,200,100,"bu","11:17:49",802500
28300,200,100,"bu","11:17:49",802400
28300,200,200,"bu","11:17:49",802300
28300,200,1000,"bu","11:17:49",802100
28250,150,500,"sd","11:17:08",801100
28250,150,100,"bu","11:16:10",800600
28250,150,200,"bu","11:16:10",800500
28250,150,1000,"bu","11:16:10",800300
28250,150,200,"bu","11:16:10",799300
28250,150,700,"bu","11:16:10",799100
28250,150,500,"bu","11:16:03",798400
28250,150,1000,"bu","11:15:44",797900
28250,150,1000,"bu","11:14:29",796900
28250,150,100,"bu","11:14:19",795900
28250,150,10900,"bu","11:14:19",795800
28200,100,1300,"sd","11:13:11",784900
28250,150,300,"bu","11:12:35",783600
28200,100,300,"sd","11:12:13",783300
28200,100,1000,"bu","11:12:01",783000
28200,100,500,"sd","11:12:00",782000
28200,100,1000,"sd","11:12:00",781500
28200,100,4000,"sd","11:11:58",780500
28200,100,1000,"sd","11:11:58",776500
28200,100,3000,"sd","11:11:57",775500
28200,100,300,"sd","11:11:49",772500
28200,100,700,"bu","11:11:40",772200
28200,100,200,"bu","11:11:40",771500
28200,100,4100,"sd","11:11:39",771300
28200,100,100,"bu","11:11:26",767200
28200,100,800,"bu","11:11:26",767100
28200,100,1000,"sd","11:11:10",766300
28200,100,1000,"sd","11:11:10",765300
28200,100,2100,"sd","11:11:10",764300
28200,100,300,"sd","11:11:10",762200
28200,100,200,"sd","11:11:10",761900
28200,100,2000,"sd","11:11:10",761700
28200,100,100,"sd","11:11:10",759700
28200,100,5000,"sd","11:11:10",759600
28200,100,5000,"sd","11:11:10",754600
28200,100,2500,"sd","11:11:10",749600
28200,100,200,"sd","11:10:35",747100
28250,150,200,"bu","11:09:50",746900
28200,100,2300,"sd","11:09:35",746700
28200,100,6900,"sd","11:09:35",744400
28200,100,500,"sd","11:09:35",737500
28200,100,100,"sd","11:09:35",737000
28200,100,400,"sd","11:09:35",736900
28200,100,100,"sd","11:09:35",736500
28200,100,200,"sd","11:09:35",736400
28200,100,500,"sd","11:09:35",736200
28200,100,500,"sd","11:09:35",735700
28200,100,1000,"sd","11:09:35",735200
28200,100,500,"sd","11:09:35",734200
28250,150,700,"bu","11:09:33",733700
28250,150,1000,"bu","11:08:45",733000
28250,150,1000,"bu","11:08:37",732000
28200,100,200,"sd","11:08:33",731000
28200,100,100,"sd","11:08:10",730800
28250,150,2000,"bu","11:07:59",730700
28250,150,1000,"bu","11:07:59",728700
28250,150,100,"bu","11:07:58",727700
28250,150,100,"bu","11:07:56",727600
28250,150,200,"bu","11:07:24",727500
28200,100,600,"sd","11:06:12",727300
28200,100,400,"sd","11:06:12",726700
28200,100,100,"sd","11:05:57",726300
28200,100,1900,"sd","11:05:57",726200
28200,100,3100,"sd","11:05:20",724300
28200,100,5000,"sd","11:05:20",721200
28200,100,5000,"sd","11:05:20",716200
28200,100,2000,"sd","11:05:20",711200
28200,100,200,"sd","11:05:20",709200
28200,100,5000,"sd","11:05:20",709000
28200,100,2000,"sd","11:05:20",704000
28200,100,300,"sd","11:05:20",702000
28200,100,2000,"sd","11:05:20",701700
28200,100,400,"sd","11:05:20",699700
28200,100,200,"sd","11:05:20",699300
28200,100,1400,"sd","11:05:20",699100
28250,150,200,"bu","11:04:27",697700
28200,100,400,"sd","11:02:31",697500
28250,150,300,"bu","11:01:31",697100
28250,150,400,"bu","11:00:32",696800
28250,150,300,"sd","10:58:48",696400
28250,150,8400,"sd","10:58:48",696100
28250,150,500,"sd","10:58:48",687700
28250,150,1000,"sd","10:58:48",687200
28250,150,1400,"sd","10:58:48",686200
28300,200,200,"bu","10:58:24",684800
28300,200,500,"bu","10:56:55",684600
28250,150,800,"sd","10:56:54",684100
28250,150,5000,"sd","10:56:27",683300
28250,150,1700,"sd","10:56:25",678300
28250,150,1100,"bu","10:55:45",676600
28250,150,2900,"bu","10:55:43",675500
28250,150,100,"bu","10:55:33",672600
28250,150,900,"bu","10:55:32",672500
28250,150,3100,"bu","10:55:32",671600
28250,150,1000,"sd","10:55:09",668500
28250,150,200,"sd","10:55:09",667500
28250,150,700,"sd","10:55:09",667300
28250,150,4300,"sd","10:54:48",666600
28250,150,700,"sd","10:54:48",662300
28250,150,1300,"sd","10:54:14",661600
28250,150,500,"sd","10:54:14",660300
28250,150,200,"sd","10:54:14",659800
28250,150,2000,"sd","10:54:14",659600
28250,150,5000,"sd","10:54:14",657600
28250,150,1000,"sd","10:54:14",652600
28250,150,1000,"sd","10:54:14",651600
28300,200,1600,"bu","10:53:55",650600
28300,200,2500,"bu","10:53:53",649000
28300,200,1800,"bu","10:52:05",646500
28300,200,1000,"bu","10:51:44",644700
28300,200,1000,"bu","10:51:23",643700
28300,200,200,"bu","10:51:02",642700
28300,200,100,"sd","10:50:49",642500
28300,200,500,"sd","10:50:49",642400
28300,200,600,"sd","10:48:01",641900
28300,200,400,"sd","10:48:01",641300
28300,200,2000,"sd","10:48:01",640900
28300,200,300,"sd","10:47:52",638900
28300,200,100,"bu","10:46:54",638600
28300,200,1000,"bu","10:46:44",638500
28300,200,1100,"bu","10:46:44",637500
28300,200,100,"bu","10:46:44",636400
28300,200,2000,"bu","10:46:44",636300
28300,200,400,"bu","10:46:44",634300
28300,200,600,"bu","10:46:30",633900
28300,200,400,"bu","10:46:30",633300
28300,200,300,"bu","10:46:28",632900
28300,200,4300,"bu","10:46:21",632600
28300,200,700,"bu","10:46:21",628300
28300,200,300,"bu","10:46:08",627600
28300,200,2500,"bu","10:45:56",627300
28300,200,100,"bu","10:45:42",624800
28300,200,400,"bu","10:45:08",624700
28300,200,600,"bu","10:45:08",624300
28300,200,100,"bu","10:44:44",623700
28300,200,400,"bu","10:43:42",623600
28300,200,300,"bu","10:43:29",623200
28300,200,200,"bu","10:43:29",622900
28300,200,200,"bu","10:43:29",622700
28300,200,1000,"bu","10:43:29",622500
28300,200,1000,"bu","10:43:29",621500
28300,200,1000,"bu","10:43:29",620500
28300,200,300,"bu","10:43:29",619500
28300,200,500,"bu","10:43:29",619200
28300,200,3500,"bu","10:43:29",618700
28300,200,100,"bu","10:42:44",615200
28300,200,200,"bu","10:41:45",615100
28250,150,200,"sd","10:40:29",614900
28250,150,200,"sd","10:40:29",614700
28250,150,1000,"sd","10:40:29",614500
28250,150,200,"sd","10:40:29",613500
28250,150,3400,"sd","10:40:29",613300
28300,200,400,"bu","10:40:23",609900
28300,200,100,"bu","10:40:23",609500
28300,200,100,"bu","10:40:00",609400
28250,150,1900,"sd","10:39:24",609300
28250,150,1300,"sd","10:38:56",607400
28250,150,14900,"bu","10:38:54",606100
28250,150,4700,"bu","10:38:54",591200
28250,150,500,"bu","10:38:30",586500
28250,150,300,"bu","10:38:24",586000
28250,150,2200,"bu","10:38:24",585700
28250,150,300,"bu","10:38:24",583500
28250,150,200,"sd","10:38:16",583200
28250,150,400,"sd","10:38:07",583000
28250,150,100,"bu","10:37:48",582600
28200,100,200,"sd","10:37:21",582500
28200,100,1000,"sd","10:37:21",582300
28200,100,1000,"sd","10:37:21",581300
28200,100,3000,"sd","10:37:21",580300
28250,150,900,"bu","10:37:14",577300
28250,150,100,"bu","10:37:14",576400
28250,150,100,"sd","10:35:56",576300
28250,150,300,"sd","10:35:56",576200
28250,150,100,"sd","10:35:37",575900
28250,150,100,"sd","10:35:03",575800
28250,150,400,"bu","10:34:01",575700
28250,150,500,"bu","10:34:01",575300
28250,150,1000,"bu","10:34:01",574800
28250,150,1300,"bu","10:34:01",573800
28250,150,100,"bu","10:32:36",572500
28250,150,3000,"sd","10:32:28",572400
28250,150,100,"sd","10:32:28",569400
28250,150,500,"sd","10:32:28",569300
28250,150,5000,"sd","10:32:28",568800
28250,150,500,"sd","10:32:28",563800
28250,150,500,"sd","10:32:28",563300
28300,200,200,"bu","10:32:18",562800
28300,200,200,"bu","10:30:29",562600
28250,150,400,"sd","10:29:58",562400
28250,150,100,"sd","10:29:10",562000
28250,150,100,"sd","10:29:10",561900
28250,150,100,"sd","10:28:24",561800
28300,200,1000,"bu","10:28:04",561700
28300,200,3400,"bu","10:25:45",560700
28300,200,300,"bu","10:25:45",557300
28300,200,200,"bu","10:25:45",557000
28300,200,1000,"bu","10:25:45",556800
28300,200,500,"bu","10:25:45",555800
28300,200,1500,"bu","10:25:45",555300
28300,200,400,"bu","10:25:45",553800
28300,200,2000,"bu","10:25:45",553400
28300,200,1600,"bu","10:25:45",551400
28300,200,500,"bu","10:25:45",549800
28300,200,500,"bu","10:25:45",549300
28300,200,1000,"bu","10:25:45",548800
28300,200,2500,"bu","10:25:45",547800
28300,200,300,"bu","10:25:45",545300
28300,200,100,"bu","10:25:45",545000
28300,200,500,"bu","10:25:45",544900
28250,150,1000,"bu","10:25:45",544400
28250,150,100,"bu","10:25:45",543400
28250,150,500,"bu","10:25:45",543300
28250,150,200,"bu","10:25:45",542800
28250,150,1400,"bu","10:25:45",542600
28250,150,2000,"bu","10:25:45",541200
28250,150,1000,"bu","10:25:45",539200
28200,100,2400,"bu","10:25:45",538200
28200,100,100,"bu","10:25:45",535800
28200,100,500,"bu","10:25:27",535700
28200,100,400,"bu","10:25:23",535200
28200,100,1100,"bu","10:25:23",534800
28200,100,200,"bu","10:24:57",533700
28200,100,100,"bu","10:24:36",533500
28200,100,500,"bu","10:24:31",533400
28200,100,1000,"bu","10:24:06",532900
28150,50,100,"sd","10:24:04",531900
28150,50,200,"sd","10:24:00",531800
28150,50,5000,"sd","10:24:00",531600
28150,50,2800,"sd","10:24:00",526600
28200,100,100,"bu","10:23:44",523800
28200,100,400,"bu","10:23:44",523700
28200,100,1000,"bu","10:23:44",523300
28200,100,200,"bu","10:23:44",522300
28200,100,300,"bu","10:23:44",522100
28200,100,1000,"bu","10:23:33",521800
28150,50,200,"sd","10:23:32",520800
28150,50,800,"sd","10:23:32",520600
28200,100,200,"bu","10:23:01",519800
28200,100,5000,"bu","10:22:39",519600
28200,100,200,"bu","10:19:57",514600
28200,100,200,"bu","10:18:21",514400
28200,100,100,"sd","10:17:36",514200
28200,100,500,"bu","10:15:46",514100
28200,100,1000,"bu","10:15:25",513600
28200,100,2000,"bu","10:15:25",512600
28200,100,800,"bu","10:15:25",510600
28200,100,100,"bu","10:15:13",509800
28200,100,500,"bu","10:14:50",509700
28150,50,1200,"sd","10:14:22",509200
28150,50,1000,"sd","10:14:22",508000
28150,50,100,"sd","10:14:22",507000
28150,50,1200,"sd","10:14:22",506900
28150,50,300,"sd","10:14:06",505700
28150,50,100,"sd","10:13:51",505400
28150,50,100,"sd","10:13:15",505300
28150,50,200,"sd","10:13:06",505200
28150,50,200,"bu","10:12:56",505000
28150,50,12900,"bu","10:12:56",504800
28150,50,5500,"bu","10:12:56",491900
28150,50,100,"bu","10:12:53",486400
28150,50,100,"bu","10:12:27",486300
28150,50,500,"sd","10:12:23",486200
28150,50,500,"sd","10:12:23",485700
28150,50,100,"sd","10:12:23",485200
28150,50,2000,"sd","10:12:23",485100
28150,50,2000,"sd","10:12:23",483100
28150,50,200,"sd","10:12:23",481100
28150,50,100,"sd","10:12:23",480900
28150,50,5000,"sd","10:12:23",480800
28150,50,500,"sd","10:12:23",475800
28150,50,500,"sd","10:12:23",475300
28150,50,600,"sd","10:12:20",474800
28200,100,400,"sd","10:12:20",474200
28200,100,2600,"bu","10:12:19",473800
28150,50,3900,"sd","10:12:18",471200
28150,50,200,"sd","10:12:18",467300
28150,50,1000,"sd","10:12:18",467100
28150,50,1600,"sd","10:12:18",466100
28200,100,200,"bu","10:11:59",464500
28200,100,300,"bu","10:11:59",464300
28200,100,1700,"sd","10:11:52",464000
28200,100,100,"bu","10:11:42",462300
28200,100,200,"bu","10:11:42",462200
28200,100,500,"bu","10:11:26",462000
28200,100,300,"bu","10:11:02",461500
28200,100,700,"bu","10:11:02",461200
28200,100,400,"bu","10:10:45",460500
28200,100,1800,"bu","10:10:45",460100
28150,50,400,"sd","10:10:27",458300
28150,50,600,"sd","10:10:27",457900
28150,50,500,"sd","10:09:04",457300
28150,50,2300,"sd","10:08:45",456800
28200,100,1700,"bu","10:08:39",454500
28200,100,700,"bu","10:08:39",452800
28150,50,1600,"sd","10:08:33",452100
28150,50,200,"sd","10:08:33",450500
28150,50,300,"sd","10:08:33",450300
28150,50,700,"sd","10:08:28",450000
28150,50,2500,"sd","10:07:56",449300
28150,50,3500,"sd","10:05:54",446800
28150,50,400,"sd","10:05:54",443300
28150,50,200,"sd","10:05:54",442900
28150,50,100,"sd","10:05:54",442700
28150,50,500,"sd","10:05:54",442600
28150,50,3000,"sd","10:05:54",442100
28150,50,3000,"sd","10:05:54",439100
28150,50,300,"sd","10:05:54",436100
28200,100,200,"sd","10:04:48",435800
28200,100,800,"bu","10:04:16",435600
28200,100,200,"bu","10:04:15",434800
28200,100,200,"bu","10:03:03",434600
28200,100,200,"bu","10:02:55",434400
28200,100,1800,"bu","10:02:55",434200
28200,100,200,"sd","10:02:10",432400
28200,100,300,"sd","10:01:36",432200
28200,100,1000,"sd","10:01:36",431900
28200,100,1000,"sd","10:01:36",430900
28200,100,200,"sd","10:01:36",429900
28200,100,1000,"sd","10:01:36",429700
28200,100,300,"sd","10:01:36",428700
28200,100,200,"sd","10:01:36",428400
28200,100,2500,"sd","10:01:36",428200
28200,100,200,"sd","10:01:36",425700
28200,100,300,"sd","10:01:36",425500
28200,100,100,"sd","10:00:32",425200
28200,100,300,"sd","09:59:01",425100
28200,100,100,"sd","09:58:59",424800
28200,100,200,"bu","09:58:24",424700
28200,100,200,"bu","09:58:22",424500
28200,100,200,"bu","09:57:54",424300
28200,100,1000,"bu","09:57:50",424100
28200,100,200,"bu","09:57:46",423100
28200,100,200,"bu","09:57:40",422900
28200,100,300,"bu","09:57:34",422700
28200,100,1000,"bu","09:57:34",422400
28200,100,200,"bu","09:57:34",421400
28200,100,500,"bu","09:57:03",421200
28200,100,1000,"bu","09:56:53",420700
28200,100,1300,"bu","09:56:42",419700
28200,100,700,"bu","09:56:42",418400
28200,100,2000,"bu","09:56:33",417700
28200,100,1500,"bu","09:55:51",415700
28200,100,2000,"bu","09:55:49",414200
28200,100,400,"sd","09:55:05",412200
28200,100,500,"sd","09:55:05",411800
28200,100,1200,"sd","09:55:04",411300
28200,100,500,"sd","09:55:04",410100
28200,100,2000,"sd","09:55:04",409600
28200,100,200,"sd","09:55:04",407600
28200,100,2800,"sd","09:54:56",407400
28200,100,1000,"sd","09:54:56",404600
28200,100,200,"sd","09:54:56",403600
28200,100,2900,"sd","09:54:56",403400
28200,100,200,"sd","09:54:56",400500
28250,150,2000,"sd","09:54:56",400300
28250,150,500,"sd","09:54:56",398300
28250,150,200,"sd","09:54:56",397800
28250,150,1200,"sd","09:54:56",397600
28250,150,100,"sd","09:54:29",396400
28250,150,1700,"sd","09:54:23",396300
28300,200,900,"bu","09:53:35",394600
28300,200,1000,"bu","09:53:35",393700
28300,200,100,"bu","09:53:35",392700
28300,200,100,"bu","09:52:52",392600
28300,200,3000,"bu","09:52:52",392500
28300,200,1000,"bu","09:52:52",389500
28300,200,900,"bu","09:52:52",388500
28250,150,500,"sd","09:52:52",387600
28250,150,300,"sd","09:52:38",387100
28250,150,2000,"bu","09:52:24",386800
28250,150,100,"bu","09:52:24",384800
28250,150,1000,"bu","09:52:24",384700
28250,150,1000,"bu","09:52:24",383700
28250,150,100,"bu","09:52:24",382700
28200,100,1000,"sd","09:52:15",382600
28200,100,100,"sd","09:52:08",381600
28200,100,300,"sd","09:52:01",381500
28200,100,200,"sd","09:51:38",381200
28200,100,700,"bu","09:51:37",381000
28200,100,6700,"bu","09:51:37",380300
28200,100,1000,"bu","09:51:37",373600
28200,100,3000,"bu","09:51:37",372600
28100,0,500,"sd","09:51:23",369600
28100,0,500,"sd","09:51:13",369100
28100,0,6000,"sd","09:51:13",368600
28100,0,300,"sd","09:51:13",362600
28100,0,500,"sd","09:51:13",362300
28100,0,100,"sd","09:51:13",361800
28100,0,100,"sd","09:51:13",361700
28100,0,5000,"sd","09:51:13",361600
28100,0,200,"sd","09:51:13",356600
28100,0,1000,"sd","09:51:13",356400
28100,0,100,"sd","09:51:13",355400
28100,0,300,"sd","09:51:13",355300
28150,50,500,"sd","09:51:13",355000
28150,50,1000,"sd","09:51:13",354500
28150,50,100,"sd","09:51:13",353500
28150,50,4300,"sd","09:51:13",353400
28150,50,700,"sd","09:51:00",349100
28150,50,4300,"sd","09:51:00",348400
28150,50,300,"sd","09:50:51",344100
28150,50,400,"sd","09:50:42",343800
28200,100,500,"bu","09:50:34",343400
28200,100,1000,"bu","09:50:21",342900
28200,100,500,"bu","09:50:16",341900
28200,100,1000,"bu","09:50:12",341400
28200,100,1000,"bu","09:49:48",340400
28200,100,500,"sd","09:49:47",339400
28200,100,1800,"sd","09:49:47",338900
28200,100,700,"sd","09:49:47",337100
28200,100,300,"sd","09:49:37",336400
28200,100,800,"sd","09:49:37",336100
28200,100,200,"sd","09:49:37",335300
28200,100,700,"sd","09:49:37",335100
28200,100,100,"sd","09:49:30",334400
28200,100,1000,"sd","09:49:07",334300
28200,100,1000,"sd","09:48:49",333300
28200,100,1200,"sd","09:48:45",332300
28200,100,500,"sd","09:48:45",331100
28200,100,1100,"sd","09:48:45",330600
28250,150,100,"bu","09:48:24",329500
28250,150,300,"bu","09:48:23",329400
28200,100,2400,"sd","09:48:23",329100
28200,100,2000,"sd","09:48:23",326700
28200,100,300,"sd","09:48:23",324700
28200,100,300,"sd","09:48:23",324400
28200,100,1000,"sd","09:47:55",324100
28200,100,1000,"sd","09:47:55",323100
28200,100,700,"sd","09:47:55",322100
28200,100,300,"sd","09:47:55",321400
28200,100,2700,"sd","09:47:50",321100
28250,150,300,"sd","09:47:50",318400
28200,100,1000,"sd","09:47:28",318100
28200,100,2000,"sd","09:47:28",317100
28200,100,500,"sd","09:47:28",315100
28250,150,500,"sd","09:47:28",314600
28250,150,500,"bu","09:47:23",314100
28250,150,1000,"bu","09:47:23",313600
28250,150,500,"bu","09:46:37",312600
28250,150,300,"bu","09:46:33",312100
28250,150,100,"bu","09:46:24",311800
28250,150,1000,"sd","09:46:05",311700
28250,150,500,"bu","09:45:55",310700
28250,150,500,"sd","09:45:41",310200
28300,200,800,"bu","09:45:37",309700
28300,200,100,"bu","09:45:16",308900
28300,200,100,"bu","09:44:55",308800
28300,200,300,"bu","09:44:51",308700
28300,200,300,"bu","09:44:51",308400
28300,200,200,"bu","09:44:50",308100
28300,200,300,"bu","09:44:50",307900
28300,200,200,"bu","09:44:50",307600
28300,200,700,"bu","09:44:50",307400
28300,200,100,"bu","09:44:38",306700
28250,150,2000,"bu","09:44:29",306600
28250,150,2000,"bu","09:44:29",304600
28200,100,1000,"sd","09:44:18",302600
28200,100,200,"sd","09:44:15",301600
28200,100,1500,"sd","09:44:03",301400
28200,100,2200,"sd","09:43:58",299900
28200,100,100,"bu","09:43:57",297700
28200,100,900,"sd","09:43:41",297600
28200,100,100,"bu","09:43:27",296700
28150,50,200,"bu","09:43:22",296600
28150,50,500,"bu","09:43:22",296400
28150,50,3500,"bu","09:43:22",295900
28100,0,700,"sd","09:43:17",292400
28100,0,1000,"sd","09:43:17",291700
28100,0,500,"sd","09:43:17",290700
28100,0,500,"sd","09:43:17",290200
28100,0,100,"sd","09:43:17",289700
28100,0,100,"sd","09:43:17",289600
28100,0,1000,"sd","09:43:17",289500
28100,0,1000,"sd","09:43:17",288500
28100,0,100,"sd","09:43:17",287500
28100,0,500,"sd","09:43:17",287400
28100,0,2000,"sd","09:43:17",286900
28100,0,300,"sd","09:43:17",284900
28100,0,100,"sd","09:43:17",284600
28100,0,100,"sd","09:43:17",284500
28100,0,200,"sd","09:43:17",284400
28100,0,4000,"sd","09:43:17",284200
28100,0,2000,"sd","09:43:17",280200
28100,0,1000,"sd","09:43:17",278200
28100,0,2000,"sd","09:43:17",277200
28100,0,500,"sd","09:43:17",275200
28100,0,3000,"sd","09:43:17",274700
28100,0,200,"sd","09:43:17",271700
28100,0,3000,"sd","09:43:17",271500
28100,0,2000,"sd","09:43:17",268500
28100,0,100,"sd","09:43:17",266500
28150,50,100,"bu","09:43:14",266400
28150,50,800,"sd","09:43:02",266300
28150,50,200,"bu","09:42:59",265500
28150,50,1000,"sd","09:42:59",265300
28150,50,500,"sd","09:42:59",264300
28150,50,100,"sd","09:42:59",263800
28150,50,400,"sd","09:42:42",263700
28150,50,300,"sd","09:42:42",263300
28150,50,1000,"sd","09:42:42",263000
28150,50,100,"sd","09:42:42",262000
28150,50,400,"sd","09:42:42",261900
28150,50,500,"sd","09:42:42",261500
28150,50,200,"sd","09:42:42",261000
28150,50,100,"sd","09:42:42",260800
28150,50,800,"sd","09:42:42",260700
28200,100,1000,"sd","09:42:42",259900
28200,100,200,"sd","09:42:42",258900
28200,100,800,"sd","09:42:38",258700
28200,100,200,"sd","09:42:38",257900
28200,100,300,"sd","09:42:27",257700
28200,100,500,"sd","09:42:20",257400
28150,50,4200,"sd","09:41:37",256900
28150,50,2000,"sd","09:41:37",252700
28150,50,1000,"sd","09:41:37",250700
28150,50,2000,"sd","09:41:37",249700
28200,100,200,"sd","09:41:37",247700
28200,100,100,"sd","09:41:37",247500
28200,100,500,"sd","09:41:37",247400
28200,100,200,"sd","09:41:31",246900
28200,100,4700,"sd","09:41:31",246700
28200,100,300,"sd","09:40:35",242000
28200,100,5000,"sd","09:40:35",241700
28200,100,1000,"sd","09:40:35",236700
28200,100,100,"sd","09:40:35",235700
28200,100,2000,"sd","09:40:35",235600
28200,100,300,"sd","09:40:35",233600
28250,150,100,"sd","09:40:35",233300
28250,150,200,"sd","09:40:35",233200
28250,150,1000,"sd","09:40:35",233000
28250,150,500,"sd","09:40:14",232000
28250,150,2000,"sd","09:40:01",231500
28250,150,200,"sd","09:40:00",229500
28250,150,400,"sd","09:39:04",229300
28300,200,500,"bu","09:38:53",228900
28300,200,100,"bu","09:38:53",228400
28300,200,1000,"bu","09:38:53",228300
28300,200,400,"bu","09:38:53",227300
28250,150,500,"sd","09:38:52",226900
28300,200,200,"bu","09:38:41",226400
28300,200,100,"bu","09:38:41",226200
28300,200,200,"bu","09:38:41",226100
28250,150,400,"sd","09:38:32",225900
28250,150,2000,"sd","09:38:32",225500
28250,150,600,"sd","09:38:32",223500
28250,150,100,"sd","09:38:09",222900
28250,150,1300,"sd","09:37:59",222800
28250,150,100,"sd","09:37:19",221500
28200,100,2700,"sd","09:37:18",221400
28200,100,1000,"sd","09:37:18",218700
28200,100,4000,"sd","09:37:18",217700
28200,100,200,"sd","09:37:18",213700
28200,100,200,"sd","09:37:18",213500
28200,100,2900,"sd","09:37:18",213300
28200,100,400,"sd","09:37:12",210400
28250,150,100,"sd","09:37:12",210000
28200,100,1200,"sd","09:36:36",209900
28200,100,500,"sd","09:35:55",208700
28200,100,200,"sd","09:35:55",208200
28200,100,200,"sd","09:35:55",208000
28200,100,500,"sd","09:35:55",207800
28200,100,600,"sd","09:35:55",207300
28200,100,100,"sd","09:35:17",206700
28200,100,100,"sd","09:35:17",206600
28200,100,500,"sd","09:35:17",206500
28200,100,5000,"sd","09:35:17",206000
28200,100,2000,"sd","09:35:17",201000
28200,100,2000,"sd","09:35:17",199000
28200,100,300,"sd","09:35:17",197000
28200,100,1000,"sd","09:35:17",196700
28200,100,8700,"sd","09:34:41",195700
28250,150,200,"sd","09:34:41",187000
28250,150,1200,"sd","09:34:41",186800
28250,150,2000,"sd","09:34:41",185600
28250,150,2900,"sd","09:34:41",183600
28300,200,2500,"bu","09:34:25",180700
28300,200,300,"bu","09:34:20",178200
28300,200,2000,"bu","09:34:18",177900
28300,200,200,"bu","09:34:18",175900
28300,200,800,"bu","09:34:18",175700
28300,200,200,"bu","09:34:04",174900
28250,150,1700,"sd","09:33:26",174700
28250,150,400,"sd","09:33:19",173000
28200,100,300,"sd","09:33:08",172600
28200,100,2000,"sd","09:33:08",172300
28200,100,1500,"sd","09:33:08",170300
28200,100,800,"sd","09:33:08",168800
28250,150,200,"sd","09:33:08",168000
28250,150,500,"sd","09:33:08",167800
28250,150,1000,"sd","09:33:08",167300
28250,150,3700,"sd","09:33:08",166300
28250,150,1000,"sd","09:32:41",162600
28250,150,300,"sd","09:32:20",161600
28250,150,200,"sd","09:32:20",161300
28250,150,100,"sd","09:32:20",161100
28250,150,100,"sd","09:32:20",161000
28300,200,200,"bu","09:32:02",160900
28250,150,300,"bu","09:31:37",160700
28250,150,600,"bu","09:31:37",160400
28250,150,500,"bu","09:31:28",159800
28250,150,300,"bu","09:30:54",159300
28250,150,1000,"sd","09:30:53",159000
28250,150,5000,"sd","09:30:53",158000
28250,150,2600,"sd","09:30:53",153000
28250,150,200,"sd","09:30:37",150400
28300,200,1600,"bu","09:30:36",150200
28300,200,1000,"bu","09:30:36",148600
28300,200,2000,"bu","09:30:36",147600
28300,200,400,"bu","09:30:36",145600
28250,150,2000,"sd","09:30:30",145200
28250,150,200,"bu","09:30:29",143200
28300,200,4600,"bu","09:30:06",143000
28300,200,200,"bu","09:30:06",138400
28300,200,200,"bu","09:30:06",138200
28200,100,400,"sd","09:29:39",138000
28250,150,300,"sd","09:29:39",137600
28300,200,1500,"bu","09:29:25",137300
28250,150,500,"bu","09:29:25",135800
28200,100,500,"sd","09:29:19",135300
28200,100,1300,"sd","09:28:59",134800
28200,100,500,"sd","09:28:59",133500
28300,200,100,"bu","09:28:50",133000
28200,100,300,"sd","09:28:46",132900
28250,150,200,"sd","09:28:46",132600
28250,150,1000,"sd","09:28:46",132400
28250,150,500,"sd","09:28:46",131400
28250,150,5000,"sd","09:28:46",130900
28250,150,2500,"sd","09:28:46",125900
28250,150,1500,"sd","09:28:46",123400
28250,150,300,"sd","09:28:41",121900
28250,150,700,"sd","09:28:41",121600
28300,200,2000,"bu","09:28:36",120900
28300,200,100,"bu","09:27:36",118900
28300,200,5000,"bu","09:27:32",118800
28250,150,600,"sd","09:27:32",113800
28250,150,100,"sd","09:26:41",113200
28250,150,1000,"sd","09:26:35",113100
28250,150,200,"sd","09:26:32",112100
28300,200,1300,"sd","09:26:07",111900
28300,200,2600,"sd","09:26:07",110600
28300,200,1200,"sd","09:26:07",108000
28350,250,100,"bu","09:25:55",106800
28350,250,2000,"bu","09:25:43",106700
28350,250,100,"sd","09:25:43",104700
28350,250,600,"sd","09:25:43",104600
28350,250,400,"bu","09:25:19",104000
28350,250,1000,"bu","09:25:19",103600
28350,250,500,"bu","09:25:05",102600
28350,250,2000,"bu","09:25:02",102100
28350,250,500,"bu","09:24:46",100100
28350,250,100,"bu","09:24:46",99600
28350,250,100,"bu","09:24:46",99500
28350,250,300,"bu","09:24:46",99400
28350,250,100,"bu","09:24:41",99100
28350,250,2400,"bu","09:24:41",99000
28300,200,800,"sd","09:24:37",96600
28350,250,500,"bu","09:24:01",95800
28300,200,1500,"bu","09:24:01",95300
28300,200,1000,"sd","09:23:58",93800
28300,200,100,"sd","09:23:58",92800
28300,200,400,"sd","09:23:58",92700
28350,250,500,"bu","09:23:48",92300
28300,200,200,"bu","09:23:44",91800
28250,150,2400,"sd","09:23:41",91600
28250,150,100,"sd","09:23:41",89200
28250,150,400,"sd","09:23:41",89100
28350,250,500,"bu","09:23:12",88700
28350,250,200,"bu","09:22:54",88200
28350,250,100,"bu","09:22:45",88000
28250,150,100,"sd","09:22:44",87900
28300,200,1000,"sd","09:22:44",87800
28300,200,9900,"sd","09:22:44",86800
28300,200,100,"sd","09:22:42",76900
28350,250,5000,"bu","09:21:57",76800
28350,250,100,"bu","09:21:56",71800
28350,250,500,"sd","09:21:52",71700
28350,250,200,"sd","09:21:52",71200
28350,250,200,"sd","09:21:52",71000
28350,250,300,"sd","09:21:52",70800
28350,250,300,"sd","09:21:52",70500
28350,250,200,"sd","09:21:52",70200
28400,300,500,"sd","09:21:06",70000
28400,300,3600,"sd","09:21:06",69500
28400,300,400,"sd","09:20:53",65900
28400,300,2000,"sd","09:20:50",65500
28400,300,1300,"sd","09:20:50",63500
28450,350,100,"bu","09:20:00",62200
28400,300,100,"sd","09:19:55",62100
28400,300,2000,"sd","09:19:48",62000
28400,300,500,"sd","09:19:42",60000
28400,300,1100,"bu","09:19:20",59500
28400,300,500,"sd","09:19:19",58400
28400,300,400,"sd","09:19:19",57900
28400,300,200,"sd","09:18:57",57500
28400,300,1300,"sd","09:18:51",57300
28400,300,6100,"bu","09:18:46",56000
28350,250,200,"sd","09:18:38",49900
28400,300,200,"bu","09:18:34",49700
28400,300,1700,"sd","09:18:07",49500
28450,350,3000,"sd","09:18:07",47800
28450,350,400,"sd","09:18:04",44800
28450,350,200,"sd","09:18:01",44400
28450,350,4200,"sd","09:17:19",44200
28500,400,2400,"sd","09:17:19",40000
28500,400,2000,"sd","09:17:19",37600
28500,400,2400,"sd","09:17:19",35600
28500,400,500,"sd","09:17:01",33200
28500,400,500,"sd","09:16:45",32700
28500,400,200,"sd","09:16:31",32200
28750,650,600,"bu","09:16:23",32000
28600,500,100,"bu","09:16:23",31400
28500,400,200,"bu","09:16:02",31300
28500,400,300,"bu","09:15:45",31100
28500,400,200,"bu","09:15:43",30800
28500,400,2000,"bu","09:15:43",30600
28500,400,2000,"bu","09:15:43",28600
28500,400,800,"bu","09:15:43",26600
28500,400,200,"bu","09:15:30",25800
28450,350,200,"bu","09:15:27",25600
28450,350,2000,"bu","09:15:27",25400
28400,300,1500,"bu","09:15:19",23400
28400,300,1800,"bu","09:15:19",21900
28400,300,200,"bu","09:15:18",20100
28350,250,200,"bu","09:15:08",19900
28350,250,100,"bu","09:15:08",19700
28300,200,300,"bu","09:15:08",19600
28300,200,200,"bu","09:15:05",19300
28300,200,19100,"bu","09:15:02",19100
