"price","change","match_qtty","side","time","total_vol"
42.5,-0.6,10500,"","14:45:01",207600
42.7,-0.4,100,"sd","14:30:00",197100
42.7,-0.4,200,"sd","14:29:50",197000
42.7,-0.4,100,"sd","14:29:48",196800
42.7,-0.4,200,"sd","14:29:46",196700
42.7,-0.4,100,"sd","14:29:43",196500
42.7,-0.4,1100,"sd","14:29:36",196400
42.7,-0.4,500,"bu","14:29:09",195300
42.7,-0.4,900,"bu","14:28:48",194800
42.7,-0.4,100,"sd","14:28:39",193900
42.7,-0.4,1000,"sd","14:28:19",193800
42.7,-0.4,200,"sd","14:27:51",192800
42.7,-0.4,100,"sd","14:27:41",192600
42.7,-0.4,200,"bu","14:27:36",192500
42.7,-0.4,1000,"sd","14:27:16",192300
42.6,-0.5,800,"bu","14:27:00",191300
42.6,-0.5,200,"bu","14:26:51",190500
42.6,-0.5,100,"sd","14:26:29",190300
42.6,-0.5,100,"sd","14:26:03",190200
42.7,-0.4,400,"sd","14:25:51",190100
42.6,-0.5,400,"bu","14:25:49",189700
42.6,-0.5,500,"bu","14:25:19",189300
42.6,-0.5,100,"bu","14:25:17",188800
42.5,-0.6,400,"bu","14:25:14",188700
42.6,-0.5,100,"sd","14:24:59",188300
42.6,-0.5,300,"sd","14:24:49",188200
42.6,-0.5,200,"bu","14:24:46",187900
42.6,-0.5,100,"bu","14:24:37",187700
42.6,-0.5,100,"","14:24:21",187600
42.6,-0.5,500,"sd","14:24:12",187500
42.6,-0.5,100,"sd","14:24:08",187000
42.5,-0.6,200,"bu","14:24:03",186900
42.6,-0.5,200,"sd","14:23:44",186700
42.6,-0.5,200,"sd","14:23:32",186500
42.6,-0.5,2000,"sd","14:22:27",186300
42.6,-0.5,500,"","14:21:59",184300
42.6,-0.5,300,"bu","14:21:49",183800
42.6,-0.5,100,"bu","14:21:44",183500
42.6,-0.5,100,"bu","14:21:43",183400
42.5,-0.6,1000,"bu","14:21:41",183300
42.6,-0.5,1600,"","14:21:25",182300
42.6,-0.5,400,"bu","14:21:12",180700
42.6,-0.5,1000,"bu","14:21:02",180300
42.7,-0.4,1400,"sd","14:20:50",179300
42.7,-0.4,100,"bu","14:20:01",177900
42.8,-0.3,900,"bu","14:19:05",177800
42.8,-0.3,100,"bu","14:18:34",176900
42.9,-0.2,1000,"sd","14:18:11",176800
42.9,-0.2,400,"","14:16:51",175800
42.8,-0.3,100,"bu","14:16:22",175400
42.9,-0.2,100,"","14:15:57",175300
42.9,-0.2,100,"sd","14:15:11",175200
42.8,-0.3,900,"bu","14:12:37",175100
42.8,-0.3,100,"sd","14:12:31",174200
42.7,-0.4,200,"bu","14:12:09",174100
42.7,-0.4,400,"sd","14:12:05",173900
42.7,-0.4,1100,"sd","14:11:43",173500
42.6,-0.5,200,"bu","14:10:25",172400
42.6,-0.5,700,"bu","14:10:14",172200
42.6,-0.5,600,"bu","14:10:06",171500
42.7,-0.4,600,"sd","14:09:58",170900
42.7,-0.4,1000,"bu","14:09:57",170300
42.8,-0.3,200,"sd","14:09:31",169300
42.8,-0.3,200,"bu","14:09:29",169100
42.8,-0.3,1000,"bu","14:09:17",168900
42.8,-0.3,3000,"bu","14:08:54",167900
42.9,-0.2,800,"bu","14:08:46",164900
42.9,-0.2,100,"bu","14:08:41",164100
42.9,-0.2,100,"bu","14:08:09",164000
42.9,-0.2,700,"bu","14:07:41",163900
43,-0.1,700,"sd","14:07:24",163200
43,-0.1,400,"bu","14:07:19",162500
43,-0.1,100,"bu","14:07:04",162100
43.1,0,500,"","14:06:47",162000
43,-0.1,200,"bu","14:06:45",161500
43,-0.1,200,"bu","14:03:13",161300
43,-0.1,100,"sd","14:02:48",161100
43,-0.1,1000,"sd","14:02:25",161000
43,-0.1,300,"sd","14:02:06",160000
43,-0.1,600,"sd","13:56:31",159700
43.1,0,100,"sd","13:55:59",159100
43.1,0,200,"bu","13:54:34",159000
43.1,0,200,"bu","13:53:27",158800
43.1,0,100,"bu","13:52:31",158600
43,-0.1,1000,"bu","13:51:48",158500
43.1,0,400,"sd","13:51:38",157500
43.1,0,100,"bu","13:50:31",157100
43.1,0,1000,"bu","13:49:39",157000
43.1,0,500,"bu","13:45:20",156000
43.1,0,900,"sd","13:44:48",155500
43.1,0,100,"sd","13:43:27",154600
43.1,0,100,"sd","13:43:09",154500
43,-0.1,100,"bu","13:42:39",154400
43,-0.1,200,"","13:39:22",154300
42.9,-0.2,100,"bu","13:39:20",154100
43,-0.1,100,"","13:38:43",154000
43,-0.1,600,"bu","13:38:19",153900
43,-0.1,100,"","13:36:48",153300
43,-0.1,200,"sd","13:34:57",153200
42.9,-0.2,300,"bu","13:32:52",153000
42.9,-0.2,700,"sd","13:32:38",152700
43,-0.1,200,"sd","13:32:21",152000
42.9,-0.2,200,"bu","13:32:15",151800
43,-0.1,100,"sd","13:31:04",151600
43,-0.1,500,"bu","13:30:28",151500
43.1,0,9400,"sd","13:28:18",151000
43.1,0,1000,"bu","13:27:27",141600
43.1,0,400,"bu","13:27:20",140600
43.1,0,100,"bu","13:27:09",140200
43.1,0,100,"bu","13:27:07",140100
43.1,0,1000,"bu","13:27:01",140000
43.1,0,100,"sd","13:26:46",139000
43.1,0,800,"bu","13:26:44",138900
43.2,0.1,100,"sd","13:26:40",138100
43.2,0.1,100,"sd","13:25:54",138000
43.1,0,500,"bu","13:25:38",137900
43.1,0,300,"sd","13:19:45",137400
43.1,0,100,"sd","13:19:38",137100
43,-0.1,600,"sd","13:17:56",137000
43,-0.1,1000,"sd","13:17:53",136400
43,-0.1,1000,"sd","13:17:51",135400
43,-0.1,400,"sd","13:17:31",134400
42.9,-0.2,600,"bu","13:17:07",134000
42.9,-0.2,3600,"sd","13:16:56",133400
42.9,-0.2,100,"sd","13:16:39",129800
42.9,-0.2,1300,"bu","13:16:05",129700
43,-0.1,300,"sd","13:12:46",128400
43,-0.1,100,"bu","13:11:22",128100
43,-0.1,200,"sd","13:10:47",128000
43,-0.1,200,"sd","13:10:25",127800
43,-0.1,800,"sd","13:09:36",127600
42.9,-0.2,1100,"sd","13:09:21",126800
42.8,-0.3,1000,"bu","13:08:49",125700
42.9,-0.2,100,"sd","13:08:29",124700
42.8,-0.3,200,"bu","13:08:12",124600
42.9,-0.2,100,"sd","13:06:28",124400
42.9,-0.2,200,"sd","13:06:05",124300
42.9,-0.2,500,"sd","13:05:55",124100
42.8,-0.3,700,"bu","13:05:03",123600
43,-0.1,900,"sd","13:02:46",122900
43,-0.1,100,"bu","13:02:43",122000
43,-0.1,100,"bu","13:02:33",121900
43,-0.1,200,"bu","13:02:09",121800
43,-0.1,100,"bu","13:01:34",121600
43,-0.1,1000,"bu","13:01:15",121500
43,-0.1,900,"bu","13:00:58",120500
43,-0.1,7200,"bu","13:00:57",119600
43.1,0,1400,"bu","13:00:05",112400
43.1,0,2300,"bu","13:00:04",111000
43.1,0,1000,"bu","13:00:03",108700
43.1,0,1300,"bu","13:00:02",107700
43.1,0,100,"bu","11:29:54",106400
43.1,0,100,"bu","11:29:23",106300
43.1,0,200,"bu","11:27:33",106200
43.1,0,700,"bu","11:27:10",106000
43.1,0,100,"bu","11:27:07",105300
43.1,0,800,"bu","11:27:05",105200
43.1,0,400,"bu","11:25:23",104400
43.1,0,300,"bu","11:25:22",104000
43.1,0,500,"bu","11:25:09",103700
43.1,0,500,"bu","11:24:29",103200
43.1,0,900,"bu","11:23:55",102700
43.2,0.1,100,"sd","11:21:04",101800
43.2,0.1,500,"sd","11:14:57",101700
43.2,0.1,500,"sd","11:13:38",101200
43.1,0,400,"bu","11:12:19",100700
43.1,0,100,"bu","11:09:17",100300
43.1,0,300,"bu","11:07:51",100200
43.1,0,100,"bu","11:06:04",99900
43.2,0.1,500,"sd","11:05:02",99800
43.1,0,100,"bu","11:04:44",99300
43.1,0,1000,"bu","11:02:55",99200
43.2,0.1,200,"sd","10:55:53",98200
43.2,0.1,100,"sd","10:54:16",98000
43.2,0.1,100,"sd","10:50:51",97900
43.2,0.1,100,"sd","10:49:34",97800
43.1,0,1000,"bu","10:48:19",97700
43.2,0.1,500,"bu","10:48:00",96700
43.2,0.1,100,"bu","10:47:16",96200
43.3,0.2,1000,"sd","10:43:49",96100
43.3,0.2,100,"sd","10:43:41",95100
43.3,0.2,200,"sd","10:40:28",95000
43.3,0.2,400,"bu","10:40:03",94800
43.3,0.2,1100,"bu","10:39:56",94400
43.3,0.2,200,"bu","10:38:14",93300
43.3,0.2,100,"bu","10:37:59",93100
43.3,0.2,400,"bu","10:37:39",93000
43.3,0.2,200,"bu","10:37:05",92600
43.2,0.1,600,"bu","10:32:46",92400
43.1,0,1000,"bu","10:32:40",91800
43.1,0,400,"bu","10:31:17",90800
43.1,0,100,"","10:25:03",90400
43.1,0,100,"sd","10:24:58",90300
43.1,0,1200,"","10:23:13",90200
43.1,0,200,"bu","10:23:06",89000
43.1,0,1000,"bu","10:22:32",88800
43.1,0,600,"bu","10:22:27",87800
43.1,0,100,"bu","10:22:15",87200
43.1,0,500,"bu","10:22:11",87100
43.1,0,200,"bu","10:21:56",86600
43.1,0,100,"bu","10:20:38",86400
43.1,0,1000,"bu","10:20:31",86300
43.1,0,100,"bu","10:18:26",85300
43.1,0,100,"bu","10:16:22",85200
43.1,0,200,"bu","10:16:21",85100
43.1,0,900,"bu","10:15:57",84900
43.1,0,300,"bu","10:15:48",84000
43.2,0.1,100,"","10:13:02",83700
43.2,0.1,300,"bu","10:11:56",83600
43.2,0.1,900,"bu","10:10:09",83300
43.2,0.1,200,"bu","10:07:37",82400
43.2,0.1,1000,"bu","10:06:44",82200
43.3,0.2,300,"bu","10:06:08",81200
43.3,0.2,100,"bu","10:05:44",80900
43.4,0.3,100,"sd","10:03:42",80800
43.3,0.2,1000,"bu","10:03:36",80700
43.5,0.4,900,"sd","09:59:27",79700
43.3,0.2,200,"bu","09:55:55",78800
43.3,0.2,300,"sd","09:55:08",78600
43.3,0.2,500,"sd","09:53:32",78300
43.3,0.2,100,"sd","09:53:07",77800
43.3,0.2,200,"sd","09:52:21",77700
43.3,0.2,100,"sd","09:48:17",77500
43.1,0,200,"sd","09:47:51",77400
43.1,0,100,"sd","09:47:38",77200
43,-0.1,1000,"bu","09:46:28",77100
43.1,0,600,"bu","09:45:56",76100
43.1,0,100,"bu","09:44:46",75500
43.1,0,1700,"bu","09:43:41",75400
43.1,0,600,"bu","09:43:30",73700
43.1,0,400,"bu","09:43:10",73100
43.1,0,15000,"bu","09:42:52",72700
43.3,0.2,100,"sd","09:42:19",57700
43.3,0.2,200,"sd","09:41:36",57600
43.3,0.2,3300,"bu","09:41:03",57400
43.3,0.2,1300,"bu","09:40:21",54100
43.3,0.2,1000,"bu","09:39:43",52800
43.5,0.4,800,"bu","09:38:41",51800
43.5,0.4,3000,"bu","09:37:56",51000
43.5,0.4,500,"bu","09:37:43",48000
43.5,0.4,1000,"bu","09:37:07",47500
43.6,0.5,100,"sd","09:36:19",46500
43.6,0.5,1300,"sd","09:35:19",46400
43.5,0.4,500,"bu","09:35:16",45100
43.5,0.4,500,"bu","09:35:01",44600
43.6,0.5,1900,"sd","09:34:10",44100
43.7,0.6,200,"bu","09:31:19",42200
43.8,0.7,500,"sd","09:29:02",42000
43.8,0.7,900,"sd","09:28:43",41500
43.8,0.7,100,"bu","09:26:55",40600
43.8,0.7,100,"bu","09:26:12",40500
43.8,0.7,500,"bu","09:26:10",40400
43.9,0.8,500,"sd","09:26:07",39900
43.8,0.7,400,"bu","09:25:35",39400
43.8,0.7,200,"bu","09:25:22",39000
43.8,0.7,100,"bu","09:24:50",38800
43.8,0.7,700,"bu","09:24:31",38700
43.8,0.7,100,"sd","09:24:25",38000
43.8,0.7,4000,"sd","09:24:20",37900
43.8,0.7,800,"sd","09:22:46",33900
43.8,0.7,300,"sd","09:21:39",33100
43.7,0.6,400,"sd","09:20:54",32800
43.7,0.6,1000,"sd","09:19:46",32400
43.5,0.4,1000,"sd","09:19:34",31400
43.5,0.4,2500,"sd","09:19:19",30400
43.5,0.4,1000,"sd","09:18:43",27900
43.5,0.4,3000,"sd","09:18:20",26900
43.2,0.1,300,"","09:17:33",23900
43.5,0.4,1000,"sd","09:17:19",23600
43.5,0.4,1600,"","09:16:44",22600
43.5,0.4,100,"bu","09:16:27",21000
43.6,0.5,200,"bu","09:15:58",20900
43.6,0.5,300,"bu","09:15:21",20700
43.6,0.5,200,"bu","09:15:08",20400
43.6,0.5,300,"bu","09:15:01",20200
43.6,0.5,500,"bu","09:14:56",19900
43.6,0.5,100,"bu","09:14:38",19400
43.6,0.5,100,"bu","09:14:29",19300
43.6,0.5,1000,"bu","09:12:03",19200
43.6,0.5,800,"bu","09:11:42",18200
43.6,0.5,200,"bu","09:11:38",17400
43.6,0.5,600,"bu","09:11:27",17200
43.6,0.5,100,"bu","09:11:20",16600
43.6,0.5,100,"bu","09:11:02",16500
43.9,0.8,1000,"sd","09:10:09",16400
43.9,0.8,1000,"sd","09:08:22",15400
43.9,0.8,600,"sd","09:06:52",14400
43.9,0.8,500,"sd","09:05:55",13800
43.8,0.7,200,"sd","09:05:32",13300
43.9,0.8,700,"sd","09:04:23",13100
43.9,0.8,100,"sd","09:03:49",12400
44,0.9,5000,"sd","09:02:19",12300
43.5,0.4,100,"bu","09:02:11",7300
43.5,0.4,600,"bu","09:01:57",7200
43.5,0.4,100,"sd","09:01:09",6600
43.9,0.8,500,"sd","09:00:13",6500
43.2,0.1,4000,"","09:00:10",6000
43.2,0.1,2000,"bu","09:00:03",2000
