"price","change","match_qtty","side","time","total_vol"
24900,-100,6100,"unknown","14:45:01",144600
24800,-200,1000,"bu","14:29:58",138500
24800,-200,2000,"bu","14:25:34",137500
24800,-200,400,"sd","14:25:01",135500
24800,-200,1000,"sd","14:24:47",135100
24800,-200,1000,"sd","14:24:40",134100
24800,-200,1000,"sd","14:24:38",133100
24800,-200,100,"sd","14:24:17",132100
24800,-200,400,"sd","14:23:44",132000
24800,-200,100,"sd","14:23:33",131600
24800,-200,300,"sd","14:22:55",131500
24800,-200,1900,"sd","14:22:35",131200
24800,-200,300,"sd","14:21:22",129300
24800,-200,4000,"sd","14:10:06",129000
24800,-200,300,"sd","14:09:53",125000
24800,-200,3000,"sd","14:05:55",124700
24800,-200,700,"sd","14:03:57",121700
24800,-200,300,"sd","14:03:56",121000
24800,-200,2500,"sd","14:02:46",120700
24800,-200,300,"sd","14:02:39",118200
24800,-200,1000,"sd","14:01:55",117900
24800,-200,200,"sd","13:57:50",116900
24800,-200,1200,"sd","13:55:16",116700
24800,-200,100,"sd","13:54:58",115500
24800,-200,100,"sd","13:53:40",115400
24800,-200,2000,"sd","13:47:52",115300
24800,-200,1000,"sd","13:46:54",113300
24800,-200,3000,"sd","13:46:39",112300
24800,-200,1600,"sd","13:45:57",109300
24800,-200,100,"sd","13:45:52",107700
24800,-200,300,"sd","13:45:42",107600
24800,-200,200,"sd","13:45:37",107300
24800,-200,200,"sd","13:44:41",107100
24800,-200,2000,"sd","13:44:13",106900
24800,-200,2000,"sd","13:41:48",104900
24800,-200,300,"sd","13:39:59",102900
24900,-100,100,"bu","13:37:35",102600
24900,-100,200,"bu","13:37:18",102500
24900,-100,300,"sd","13:35:30",102300
24900,-100,200,"bu","13:34:49",102000
24900,-100,400,"bu","13:34:38",101800
24900,-100,100,"sd","13:34:19",101400
24900,-100,100,"bu","13:33:57",101300
24900,-100,200,"bu","13:33:41",101200
24900,-100,2800,"unknown","13:31:01",101000
24900,-100,100,"bu","13:30:13",98200
24900,-100,100,"bu","13:30:02",98100
24900,-100,3900,"sd","13:29:32",98000
24900,-100,100,"bu","13:29:30",94100
24900,-100,1000,"bu","13:29:17",94000
24900,-100,300,"bu","13:28:45",93000
24900,-100,400,"bu","13:18:04",92700
24800,-200,100,"sd","13:17:37",92300
24800,-200,2300,"sd","13:17:16",92200
24900,-100,100,"bu","13:15:10",89900
24900,-100,100,"bu","13:14:56",89800
24900,-100,100,"bu","13:14:18",89700
24900,-100,3100,"bu","13:13:46",89600
24900,-100,1900,"sd","13:13:14",86500
24900,-100,3000,"sd","13:12:21",84600
24900,-100,1100,"bu","13:11:49",81600
24900,-100,1900,"sd","13:11:41",80500
24900,-100,100,"bu","13:11:08",78600
24900,-100,500,"bu","13:10:47",78500
24900,-100,900,"sd","13:09:27",78000
24900,-100,300,"sd","13:08:51",77100
24900,-100,1700,"bu","13:08:05",76800
24900,-100,700,"bu","13:07:16",75100
24900,-100,100,"bu","13:06:58",74400
24900,-100,300,"bu","13:03:34",74300
24900,-100,400,"bu","13:03:23",74000
24900,-100,600,"sd","13:01:46",73600
24900,-100,4900,"sd","13:01:21",73000
25000,0,300,"bu","13:00:05",68100
25000,0,7400,"bu","13:00:02",67800
25300,300,100,"bu","11:27:10",60400
25200,200,1000,"unknown","11:24:01",60300
25200,200,500,"unknown","11:17:57",59300
25100,100,400,"unknown","11:10:37",58800
25100,100,3000,"bu","11:10:13",58400
25100,100,2000,"bu","11:09:02",55400
25100,100,10000,"bu","11:07:50",53400
25100,100,100,"bu","11:03:46",43400
25000,0,9900,"sd","11:03:24",43300
25000,0,2400,"bu","11:03:11",33400
25000,0,500,"bu","11:02:37",31000
24900,-100,100,"sd","10:58:27",30500
24900,-100,800,"bu","10:48:21",30400
24900,-100,3000,"bu","10:46:06",29600
24900,-100,1000,"bu","10:44:23",26600
24900,-100,2000,"bu","10:40:16",25600
24800,-200,2000,"sd","10:39:24",23600
24900,-100,1700,"bu","10:33:49",21600
24900,-100,200,"sd","10:29:01",19900
24900,-100,100,"bu","10:27:50",19700
24800,-200,300,"sd","10:23:52",19600
24800,-200,100,"sd","10:21:46",19300
24800,-200,100,"sd","10:21:31",19200
24800,-200,300,"bu","10:12:21",19100
24800,-200,1700,"sd","10:08:31",18800
24800,-200,300,"bu","10:07:36",17100
24800,-200,200,"sd","10:04:32",16800
24800,-200,800,"bu","10:03:53",16600
24800,-200,100,"sd","10:03:43",15800
24800,-200,2300,"sd","10:02:53",15700
24900,-100,1000,"sd","10:00:42",13400
25000,0,100,"bu","09:54:09",12400
25000,0,400,"sd","09:50:21",12300
25000,0,200,"bu","09:49:48",11900
25000,0,3900,"bu","09:47:12",11700
25000,0,100,"bu","09:46:57",7800
24900,-100,100,"bu","09:46:09",7700
24900,-100,100,"bu","09:45:39",7600
24900,-100,1000,"bu","09:45:01",7500
24900,-100,2000,"bu","09:44:39",6500
24900,-100,100,"bu","09:44:32",4500
24900,-100,100,"bu","09:42:31",4400
24800,-200,1500,"sd","09:38:04",4300
24900,-100,1600,"bu","09:37:35",2800
25100,100,100,"sd","09:23:21",1200
25100,100,400,"sd","09:23:20",1100
25100,100,300,"sd","09:23:03",700
25100,100,100,"bu","09:20:30",400
25100,100,100,"bu","09:18:11",300
25000,0,100,"unknown","09:06:03",200
25000,0,100,"unknown","09:01:58",100
