"price","change","match_qtty","side","time","total_vol"
9900,-100,7100,"bu","14:45:00",88800
9800,-200,1000,"bu","14:28:50",81700
9800,-200,200,"bu","14:28:14",80700
9800,-200,200,"bu","14:27:58",80500
9800,-200,200,"sd","14:27:44",80300
9800,-200,1000,"sd","14:27:44",80100
9800,-200,100,"sd","14:27:44",79100
9810,-190,100,"sd","14:27:01",79000
9940,-60,100,"sd","14:24:56",78900
9970,-30,100,"sd","14:18:34",78800
9970,-30,2000,"sd","14:18:34",78700
9970,-30,1100,"sd","14:18:34",76700
9980,-20,200,"sd","14:18:34",75600
9970,-30,900,"sd","14:13:42",75400
9980,-20,100,"sd","14:13:42",74500
9970,-30,400,"bu","14:06:45",74400
9970,-30,500,"sd","14:06:25",74000
9980,-20,100,"sd","14:06:25",73500
9970,-30,100,"sd","14:01:33",73400
10200,200,500,"sd","13:37:38",73300
10200,200,100,"sd","13:37:21",72800
10200,200,200,"sd","13:37:07",72700
10200,200,400,"sd","13:36:59",72500
10200,200,100,"sd","13:36:53",72100
10200,200,1000,"bu","13:33:49",72000
10200,200,3000,"bu","13:33:49",71000
10200,200,1500,"bu","13:33:49",68000
10200,200,200,"bu","13:33:49",66500
10200,200,1700,"bu","13:33:39",66300
10200,200,1100,"bu","13:33:19",64600
10200,200,200,"bu","13:33:19",63500
10200,200,1000,"bu","13:33:19",63300
10200,200,1000,"bu","13:33:19",62300
10200,200,5000,"bu","13:33:19",61300
10200,200,200,"bu","13:33:19",56300
10200,200,500,"bu","13:33:19",56100
10150,150,1900,"bu","13:32:14",55600
10150,150,1000,"bu","13:32:14",53700
10150,150,100,"bu","13:32:14",52700
10000,0,300,"sd","13:25:22",52600
10000,0,1000,"sd","13:18:35",52300
10000,0,2000,"sd","13:17:39",51300
10000,0,1500,"sd","13:12:09",49300
10000,0,1500,"sd","13:08:50",47800
10000,0,5800,"bu","13:03:41",46300
10000,0,900,"bu","13:03:41",40500
10000,0,100,"sd","13:00:25",39600
10000,0,100,"sd","13:00:24",39500
10000,0,200,"sd","13:00:24",39400
10000,0,700,"sd","13:00:24",39200
10000,0,5000,"sd","11:21:19",38500
10000,0,4300,"sd","11:20:05",33500
10000,0,700,"sd","11:20:05",29200
10150,150,2600,"bu","11:07:44",28500
10150,150,100,"bu","11:07:44",25900
10100,100,400,"bu","11:07:44",25800
10100,100,1900,"bu","11:07:44",25400
10000,0,1200,"bu","11:00:06",23500
9990,-10,100,"bu","11:00:06",22300
9800,-200,100,"bu","10:59:12",22200
9800,-200,500,"sd","10:58:54",22100
9810,-190,100,"sd","10:58:54",21600
9850,-150,300,"sd","10:58:54",21500
9850,-150,500,"sd","10:58:54",21200
9850,-150,1000,"sd","10:58:54",20700
9850,-150,200,"sd","10:58:54",19700
9900,-100,200,"sd","10:58:54",19500
9900,-100,2000,"sd","10:58:54",19300
9900,-100,1000,"sd","10:58:54",17300
10000,0,100,"bu","10:58:11",16300
9990,-10,100,"bu","10:56:24",16200
10000,0,100,"sd","10:54:34",16100
10000,0,3600,"sd","10:54:34",16000
10000,0,1300,"sd","10:53:43",12400
10000,0,100,"sd","10:53:43",11100
10000,0,400,"sd","10:49:37",11000
10000,0,500,"bu","10:45:54",10600
10000,0,500,"bu","10:45:32",10100
10000,0,500,"bu","10:45:32",9600
10000,0,1800,"bu","10:44:47",9100
10000,0,500,"bu","10:44:20",7300
10000,0,1000,"bu","10:40:52",6800
9990,-10,100,"sd","10:37:05",5800
9990,-10,100,"bu","10:37:01",5700
10000,0,700,"bu","10:32:33",5600
9990,-10,200,"bu","10:29:05",4900
9990,-10,100,"sd","10:28:44",4700
9990,-10,100,"bu","10:28:26",4600
9990,-10,600,"bu","10:25:54",4500
10000,0,500,"sd","10:10:01",3900
10000,0,500,"sd","10:09:03",3400
10000,0,500,"sd","10:09:03",2900
10000,0,200,"sd","10:09:03",2400
10000,0,200,"sd","10:09:03",2200
10000,0,300,"sd","10:09:03",2000
10000,0,300,"sd","10:09:03",1700
10000,0,100,"sd","10:09:03",1400
10000,0,200,"sd","09:49:24",1300
10100,100,100,"bu","09:49:20",1100
10200,200,300,"bu","09:18:16",1000
10200,200,700,"bu","09:14:59",700
