"price","change","match_qtty","side","time","total_vol"
11300,-200,12900,"bu","14:45:00",472900
11250,-250,800,"bu","14:29:03",460000
11250,-250,100,"bu","14:28:47",459200
11250,-250,100,"bu","14:28:20",459100
11250,-250,1000,"bu","14:28:13",459000
11250,-250,20000,"sd","14:27:47",458000
11250,-250,100,"sd","14:27:47",438000
11250,-250,100,"sd","14:27:47",437900
11250,-250,100,"sd","14:27:47",437800
11250,-250,700,"sd","14:27:47",437700
11250,-250,3800,"sd","14:27:47",437000
11250,-250,5000,"sd","14:26:02",433200
11250,-250,100,"sd","14:25:41",428200
11250,-250,1000,"sd","14:25:33",428100
11250,-250,200,"sd","14:25:32",427100
11250,-250,1200,"sd","14:25:23",426900
11250,-250,1000,"sd","14:25:15",425700
11250,-250,8700,"sd","14:25:15",424700
11250,-250,200,"sd","14:25:15",416000
11250,-250,100,"sd","14:25:15",415800
11300,-200,500,"sd","14:24:58",415700
11300,-200,400,"sd","14:24:57",415200
11300,-200,500,"sd","14:24:57",414800
11300,-200,5000,"sd","14:24:57",414300
11300,-200,500,"sd","14:24:57",409300
11300,-200,1200,"sd","14:24:57",408800
11300,-200,100,"sd","14:24:57",407600
11300,-200,100,"sd","14:24:57",407500
11300,-200,2000,"sd","14:24:57",407400
11300,-200,100,"sd","14:24:57",405400
11300,-200,800,"sd","14:24:57",405300
11300,-200,4000,"sd","14:24:51",404500
11300,-200,2000,"sd","14:24:37",400500
11300,-200,2300,"sd","14:24:35",398500
11300,-200,300,"sd","14:23:22",396200
11300,-200,600,"sd","14:22:35",395900
11300,-200,1000,"sd","14:22:35",395300
11300,-200,400,"sd","14:22:35",394300
11350,-150,500,"sd","14:21:26",393900
11350,-150,400,"sd","14:21:26",393400
11350,-150,1000,"sd","14:21:26",393000
11350,-150,500,"sd","14:21:26",392000
11350,-150,7200,"sd","14:21:26",391500
11350,-150,8400,"sd","14:20:31",384300
11400,-100,100,"bu","14:20:07",375900
11350,-150,4400,"bu","14:15:41",375800
11350,-150,400,"bu","14:15:39",371400
11350,-150,500,"bu","14:15:39",371000
11350,-150,100,"bu","14:15:38",370500
11350,-150,1000,"bu","14:15:28",370400
11350,-150,100,"bu","14:15:26",369400
11350,-150,300,"bu","14:15:22",369300
11350,-150,21000,"bu","14:15:16",369000
11350,-150,700,"bu","14:15:00",348000
11300,-200,200,"sd","14:14:59",347300
11300,-200,1000,"sd","14:14:59",347100
11300,-200,1000,"sd","14:14:59",346100
11300,-200,200,"sd","14:14:59",345100
11300,-200,100,"sd","14:14:59",344900
11300,-200,500,"sd","14:14:59",344800
11300,-200,300,"sd","14:14:59",344300
11350,-150,20000,"bu","14:14:49",344000
11350,-150,100,"bu","14:14:29",324000
11300,-200,700,"sd","14:14:16",323900
11300,-200,100,"sd","14:14:16",323200
11300,-200,1000,"sd","14:14:16",323100
11300,-200,1000,"sd","14:14:16",322100
11300,-200,900,"sd","14:14:16",321100
11300,-200,100,"sd","14:14:16",320200
11300,-200,200,"sd","14:14:16",320100
11300,-200,100,"sd","14:12:26",319900
11350,-150,100,"sd","14:11:34",319800
11350,-150,100,"sd","14:11:34",319700
11350,-150,100,"sd","14:11:34",319600
11350,-150,100,"sd","14:11:34",319500
11400,-100,100,"sd","14:10:30",319400
11400,-100,500,"sd","14:10:08",319300
11400,-100,600,"sd","14:10:08",318800
11400,-100,400,"sd","14:09:01",318200
11400,-100,1000,"bu","14:07:12",317800
11300,-200,700,"sd","14:05:10",316800
11300,-200,300,"sd","14:05:10",316100
11300,-200,500,"sd","14:04:20",315800
11300,-200,200,"sd","14:03:15",315300
11300,-200,100,"sd","14:03:15",315100
11300,-200,200,"sd","14:03:05",315000
11300,-200,100,"sd","14:03:05",314800
11300,-200,300,"sd","14:03:05",314700
11300,-200,500,"sd","14:03:05",314400
11300,-200,900,"sd","14:03:05",313900
11350,-150,100,"sd","14:02:32",313000
11350,-150,100,"sd","14:02:32",312900
11350,-150,2000,"sd","14:02:16",312800
11350,-150,1000,"sd","14:02:16",310800
11350,-150,300,"sd","14:02:16",309800
11350,-150,100,"sd","14:02:16",309500
11350,-150,1000,"sd","14:02:16",309400
11350,-150,5000,"sd","14:02:16",308400
11350,-150,200,"sd","14:02:16",303400
11350,-150,200,"sd","14:02:16",303200
11350,-150,20000,"sd","14:02:16",303000
11350,-150,1000,"sd","14:02:16",283000
11350,-150,1000,"sd","14:02:16",282000
11350,-150,200,"sd","14:02:16",281000
11350,-150,5000,"sd","14:02:16",280800
11350,-150,3000,"sd","14:02:16",275800
11400,-100,200,"bu","14:00:22",272800
11350,-150,2000,"sd","14:00:15",272600
11400,-100,100,"sd","13:58:44",270600
11400,-100,100,"sd","13:58:44",270500
11400,-100,300,"sd","13:58:44",270400
11400,-100,200,"sd","13:58:44",270100
11400,-100,1000,"sd","13:58:44",269900
11400,-100,100,"sd","13:58:44",268900
11400,-100,500,"sd","13:58:44",268800
11400,-100,100,"sd","13:58:44",268300
11400,-100,500,"sd","13:58:44",268200
11400,-100,100,"sd","13:58:44",267700
11400,-100,900,"sd","13:58:29",267600
11400,-100,100,"sd","13:58:29",266700
11400,-100,2000,"sd","13:58:29",266600
11400,-100,1000,"sd","13:58:29",264600
11400,-100,1000,"sd","13:58:29",263600
11400,-100,200,"sd","13:57:39",262600
11400,-100,200,"sd","13:54:27",262400
11400,-100,100,"sd","13:51:07",262200
11400,-100,300,"sd","13:51:07",262100
11400,-100,1600,"sd","13:51:07",261800
11450,-50,100,"bu","13:49:13",260200
11400,-100,3400,"sd","13:49:10",260100
11400,-100,500,"sd","13:49:10",256700
11400,-100,100,"sd","13:49:10",256200
11400,-100,1000,"sd","13:49:10",256100
11400,-100,200,"sd","13:47:38",255100
11450,-50,10000,"unknown","13:46:51",254900
11450,-50,19500,"unknown","13:46:51",244900
11450,-50,300,"sd","13:46:47",225400
11450,-50,200,"sd","13:46:39",225100
11450,-50,100,"sd","13:46:39",224900
11450,-50,100,"sd","13:46:39",224800
11450,-50,2000,"sd","13:46:39",224700
11450,-50,100,"sd","13:46:39",222700
11450,-50,300,"sd","13:46:39",222600
11450,-50,100,"sd","13:46:39",222300
11450,-50,100,"sd","13:46:39",222200
11500,0,200,"bu","13:42:19",222100
11500,0,100,"sd","13:39:47",221900
11500,0,400,"sd","13:39:47",221800
11500,0,1400,"bu","13:38:35",221400
11500,0,2100,"bu","13:37:24",220000
11500,0,300,"sd","13:37:14",217900
11500,0,7600,"sd","13:37:05",217600
11500,0,2400,"sd","13:37:05",210000
11500,0,3500,"sd","13:36:24",207600
11500,0,500,"sd","13:36:03",204100
11500,0,1500,"bu","13:31:19",203600
11500,0,600,"bu","13:31:19",202100
11500,0,5000,"bu","13:30:44",201500
11500,0,100,"bu","13:30:40",196500
11500,0,10000,"bu","13:29:43",196400
11450,-50,3900,"sd","13:26:56",186400
11450,-50,100,"sd","13:26:56",182500
11450,-50,500,"sd","13:26:56",182400
11450,-50,100,"sd","13:20:02",181900
11450,-50,400,"sd","13:16:19",181800
11450,-50,100,"sd","13:16:19",181400
11450,-50,500,"sd","13:16:19",181300
11450,-50,500,"sd","13:15:19",180800
11450,-50,800,"sd","13:15:19",180300
11450,-50,4700,"sd","13:13:54",179500
11450,-50,900,"sd","13:13:54",174800
11450,-50,3000,"sd","13:13:43",173900
11500,0,1900,"bu","13:12:52",170900
11500,0,800,"bu","13:10:27",169000
11450,-50,400,"sd","13:10:09",168200
11450,-50,100,"sd","13:08:57",167800
11450,-50,500,"sd","13:08:54",167700
11450,-50,100,"sd","13:08:19",167200
11450,-50,500,"sd","13:08:19",167100
11450,-50,100,"sd","13:08:19",166600
11500,0,1600,"bu","13:07:25",166500
11500,0,2400,"bu","13:07:25",164900
11500,0,100,"bu","13:05:29",162500
11500,0,500,"sd","13:04:15",162400
11500,0,200,"sd","13:04:15",161900
11500,0,500,"sd","13:04:15",161700
11500,0,100,"sd","13:04:15",161200
11500,0,100,"sd","13:04:15",161100
11500,0,100,"sd","13:04:15",161000
11500,0,2000,"sd","13:04:15",160900
11500,0,1100,"sd","13:02:49",158900
11500,0,100,"sd","13:02:21",157800
11500,0,1200,"sd","13:02:13",157700
11500,0,400,"sd","13:00:03",156500
11500,0,100,"sd","11:29:26",156100
11500,0,1000,"sd","11:27:48",156000
11500,0,400,"sd","11:27:10",155000
11500,0,1000,"sd","11:27:10",154600
11550,50,700,"bu","11:26:02",153600
11550,50,200,"sd","11:23:00",152900
11550,50,700,"sd","11:23:00",152700
11550,50,2000,"sd","11:22:44",152000
11550,50,2000,"sd","11:22:31",150000
11550,50,3900,"sd","11:21:38",148000
11550,50,3000,"sd","11:21:10",144100
11600,100,400,"bu","11:12:06",141100
11600,100,100,"bu","11:05:27",140700
11600,100,1000,"bu","11:05:27",140600
11600,100,3900,"bu","11:05:27",139600
11600,100,5000,"bu","11:04:17",135700
11600,100,1100,"bu","11:01:59",130700
11600,100,1900,"bu","11:01:59",129600
11550,50,1000,"bu","10:59:12",127700
11550,50,5400,"bu","10:59:12",126700
11550,50,1000,"bu","10:59:12",121300
11550,50,1000,"bu","10:59:12",120300
11550,50,100,"bu","10:57:54",119300
11550,50,300,"bu","10:57:54",119200
11550,50,100,"bu","10:57:54",118900
11550,50,300,"bu","10:57:54",118800
11550,50,500,"bu","10:57:53",118500
11550,50,100,"bu","10:53:03",118000
11550,50,600,"bu","10:42:52",117900
11550,50,400,"bu","10:42:52",117300
11500,0,400,"sd","10:39:43",116900
11500,0,10000,"bu","10:31:46",116500
11500,0,800,"bu","10:31:46",106500
11500,0,200,"bu","10:29:32",105700
11500,0,200,"bu","10:29:32",105500
11500,0,100,"bu","10:25:55",105300
11500,0,100,"bu","10:25:12",105200
11500,0,500,"bu","10:25:12",105100
11500,0,1700,"bu","10:25:12",104600
11500,0,300,"bu","10:22:19",102900
11450,-50,6000,"sd","10:19:13",102600
11450,-50,800,"sd","10:16:55",96600
11450,-50,5000,"sd","10:16:55",95800
11450,-50,100,"sd","10:16:55",90800
11450,-50,200,"sd","10:16:55",90700
11450,-50,100,"sd","10:16:55",90500
11450,-50,800,"sd","10:16:55",90400
11500,0,300,"sd","10:14:42",89600
11500,0,500,"sd","10:14:19",89300
11500,0,1200,"sd","10:13:04",88800
11500,0,1800,"sd","10:13:04",87600
11500,0,100,"sd","10:11:56",85800
11500,0,200,"sd","10:11:56",85700
11550,50,600,"sd","10:09:29",85500
11550,50,2000,"sd","10:08:58",84900
11550,50,200,"sd","10:08:49",82900
11550,50,200,"bu","10:08:43",82700
11550,50,100,"bu","10:08:43",82500
11550,50,4900,"bu","10:08:43",82400
11550,50,15100,"sd","10:07:25",77500
11600,100,100,"bu","10:07:08",62400
11550,50,4000,"sd","10:06:44",62300
11550,50,5000,"bu","10:05:40",58300
11550,50,500,"bu","10:05:40",53300
11550,50,100,"bu","10:05:40",52800
11550,50,2700,"bu","10:05:40",52700
11550,50,2300,"bu","09:54:12",50000
11550,50,700,"bu","09:54:12",47700
11550,50,1000,"bu","09:48:38",47000
11550,50,500,"bu","09:46:03",46000
11450,-50,1200,"bu","09:36:26",45500
11450,-50,100,"bu","09:35:18",44300
11450,-50,100,"bu","09:35:14",44200
11450,-50,100,"sd","09:34:50",44100
11450,-50,3000,"sd","09:34:50",44000
11450,-50,2000,"sd","09:34:50",41000
11450,-50,1400,"sd","09:34:50",39000
11500,0,700,"sd","09:34:50",37600
11500,0,3700,"bu","09:34:41",36900
11500,0,600,"bu","09:34:41",33200
11450,-50,100,"bu","09:34:01",32600
11450,-50,3500,"bu","09:34:01",32500
11450,-50,100,"bu","09:32:42",29000
11450,-50,100,"bu","09:32:27",28900
11450,-50,500,"bu","09:31:32",28800
11450,-50,100,"bu","09:31:07",28300
11450,-50,400,"sd","09:30:44",28200
11450,-50,200,"sd","09:30:17",27800
11450,-50,2400,"bu","09:29:42",27600
11450,-50,1000,"bu","09:29:34",25200
11450,-50,5000,"bu","09:29:17",24200
11450,-50,100,"sd","09:28:33",19200
11450,-50,500,"sd","09:28:33",19100
11450,-50,1000,"sd","09:28:33",18600
11450,-50,500,"sd","09:28:09",17600
11500,0,200,"bu","09:26:18",17100
11500,0,1200,"sd","09:25:56",16900
11500,0,400,"bu","09:25:35",15700
11500,0,100,"sd","09:24:59",15300
11500,0,500,"sd","09:24:59",15200
11700,200,500,"bu","09:21:43",14700
11700,200,2000,"bu","09:20:43",14200
11700,200,1700,"bu","09:17:30",12200
11700,200,2000,"bu","09:17:30",10500
11700,200,200,"bu","09:17:30",8500
11650,150,200,"bu","09:17:30",8300
11600,100,200,"bu","09:17:30",8100
11600,100,100,"bu","09:17:30",7900
11550,50,100,"bu","09:17:30",7800
11550,50,2000,"bu","09:17:30",7700
11550,50,200,"bu","09:17:30",5700
11500,0,1000,"bu","09:15:46",5500
11500,0,100,"bu","09:15:46",4500
11350,-150,4400,"sd","09:15:00",4400
