"price","change","match_qtty","side","time","total_vol"
5100,0,21800,"unknown","14:45:02",965900
5100,0,32200,"sd","14:29:27",944100
5100,0,100,"bu","14:29:00",911900
5000,-100,1500,"sd","14:27:44",911800
5000,-100,1000,"sd","14:26:56",910300
5000,-100,1000,"sd","14:26:53",909300
5000,-100,2000,"sd","14:26:46",908300
5000,-100,5000,"sd","14:26:42",906300
5000,-100,6300,"sd","14:23:59",901300
5100,0,100,"bu","14:23:45",895000
5000,-100,6800,"sd","14:23:33",894900
5000,-100,171900,"sd","14:23:23",888100
5000,-100,1000,"sd","14:21:46",716200
5100,0,900,"bu","14:21:37",715200
5100,0,200,"bu","14:18:30",714300
5100,0,100,"bu","14:17:19",714100
5100,0,900,"bu","14:16:26",714000
5100,0,3000,"bu","14:16:24",713100
5100,0,100,"bu","14:16:07",710100
5100,0,2500,"bu","14:15:51",710000
5100,0,5000,"bu","14:14:15",707500
5100,0,100,"bu","14:14:12",702500
5100,0,100,"bu","14:12:05",702400
5100,0,4000,"bu","14:11:36",702300
5100,0,1000,"bu","14:10:51",698300
5100,0,200,"bu","14:09:49",697300
5100,0,10000,"bu","14:09:24",697100
5100,0,200,"bu","14:01:43",687100
5100,0,200,"sd","14:01:04",686900
5100,0,1000,"sd","14:00:28",686700
5100,0,200,"sd","14:00:20",685700
5100,0,200,"sd","14:00:03",685500
5100,0,700,"bu","13:59:26",685300
5100,0,1000,"bu","13:58:47",684600
5100,0,500,"bu","13:58:39",683600
5100,0,100,"sd","13:58:10",683100
5100,0,900,"bu","13:57:55",683000
5100,0,2500,"sd","13:57:08",682100
5100,0,1000,"sd","13:55:59",679600
5100,0,200,"bu","13:51:45",678600
5100,0,1000,"unknown","13:49:53",678400
5100,0,300,"bu","13:49:35",677400
5100,0,2000,"bu","13:49:30",677100
5100,0,2000,"bu","13:49:22",675100
5000,-100,10000,"sd","13:48:59",673100
5100,0,13100,"sd","13:48:53",663100
5100,0,70000,"sd","13:48:44",650000
5100,0,12000,"sd","13:48:20",580000
5100,0,1000,"sd","13:48:06",568000
5100,0,300,"sd","13:48:05",567000
5100,0,600,"sd","13:47:30",566700
5100,0,6000,"sd","13:47:13",566100
5100,0,3000,"sd","13:46:35",560100
5100,0,5000,"sd","13:45:32",557100
5100,0,6000,"sd","13:45:25",552100
5100,0,2000,"sd","13:43:23",546100
5100,0,100,"sd","13:43:21",544100
5100,0,1100,"sd","13:41:00",544000
5100,0,1000,"sd","13:40:18",542900
5100,0,1000,"sd","13:39:42",541900
5200,100,500,"bu","13:38:30",540900
5200,100,100,"bu","13:37:55",540400
5100,0,100,"sd","13:36:33",540300
5200,100,12300,"bu","13:31:21",540200
5200,100,100,"bu","13:28:06",527900
5100,0,100,"sd","13:27:21",527800
5100,0,2000,"sd","13:22:17",527700
5100,0,800,"sd","13:19:01",525700
5200,100,300,"bu","13:12:26",524900
5200,100,5000,"bu","13:04:04",524600
5100,0,100,"sd","13:00:09",519600
5200,100,1100,"bu","13:00:04",519500
5100,0,3000,"sd","13:00:02",518400
5200,100,10900,"bu","11:20:32",515400
5200,100,100,"sd","11:19:04",504500
5200,100,200,"bu","11:16:40",504400
5200,100,400,"bu","11:16:16",504200
5200,100,400,"bu","11:16:15",503800
5200,100,100,"bu","11:14:21",503400
5200,100,500,"bu","11:14:19",503300
5200,100,800,"bu","11:13:29",502800
5200,100,2600,"bu","11:13:08",502000
5200,100,100,"bu","11:12:36",499400
5200,100,600,"bu","11:12:30",499300
5200,100,200,"sd","11:12:00",498700
5200,100,200,"sd","11:11:31",498500
5200,100,13300,"sd","11:11:30",498300
5200,100,4000,"sd","11:10:51",485000
5200,100,1500,"sd","11:09:27",481000
5200,100,3700,"sd","11:08:46",479500
5200,100,100,"sd","11:08:34",475800
5200,100,2000,"sd","11:05:19",475700
5200,100,200,"sd","11:04:15",473700
5200,100,200,"sd","11:01:39",473500
5200,100,100,"sd","10:59:57",473300
5200,100,1000,"sd","10:59:12",473200
5200,100,800,"sd","10:56:45",472200
5200,100,25200,"sd","10:55:25",471400
5200,100,2000,"bu","10:55:19",446200
5200,100,4400,"bu","10:54:29",444200
5100,0,400,"sd","10:50:45",439800
5200,100,200,"bu","10:49:03",439400
5200,100,100,"bu","10:48:58",439200
5200,100,200,"bu","10:48:52",439100
5200,100,3000,"bu","10:48:47",438900
5200,100,200,"bu","10:48:39",435900
5200,100,8000,"bu","10:48:37",435700
5200,100,200,"bu","10:48:26",427700
5200,100,10000,"bu","10:48:17",427500
5100,0,100,"sd","10:47:47",417500
5100,0,4000,"sd","10:44:26",417400
5100,0,3000,"sd","10:42:34",413400
5100,0,1000,"sd","10:41:36",410400
5200,100,15000,"bu","10:41:32",409400
5200,100,500,"bu","10:39:53",394400
5100,0,200,"sd","10:39:43",393900
5200,100,100,"bu","10:25:47",393700
5100,0,100,"sd","10:25:13",393600
5100,0,200,"sd","10:17:27",393500
5100,0,900,"sd","10:16:57",393300
5100,0,200,"unknown","10:15:35",392400
5100,0,500,"bu","10:15:22",392200
5100,0,500,"bu","10:15:10",391700
5100,0,200,"bu","10:15:09",391200
5100,0,500,"bu","10:15:07",391000
5100,0,263100,"bu","10:14:47",390500
5100,0,4300,"sd","10:12:38",127400
5100,0,500,"sd","10:11:27",123100
5200,100,200,"bu","10:05:39",122600
5200,100,100,"bu","10:03:20",122400
5200,100,300,"bu","09:54:46",122300
5200,100,10000,"bu","09:52:33",122000
5200,100,700,"sd","09:51:47",112000
5200,100,300,"bu","09:51:29",111300
5200,100,1000,"bu","09:50:13",111000
5200,100,30000,"bu","09:49:33",110000
5200,100,1500,"bu","09:44:20",80000
5200,100,1000,"bu","09:41:16",78500
5200,100,3500,"bu","09:39:16",77500
5200,100,3000,"bu","09:38:51",74000
5200,100,100,"bu","09:38:08",71000
5200,100,19000,"bu","09:36:59",70900
5200,100,2100,"sd","09:22:31",51900
5200,100,500,"sd","09:22:19",49800
5200,100,100,"sd","09:21:23",49300
5200,100,200,"sd","09:21:18",49200
5200,100,100,"sd","09:20:56",49000
5200,100,900,"bu","09:19:21",48900
5200,100,400,"bu","09:19:15",48000
5200,100,1000,"bu","09:18:50",47600
5200,100,500,"bu","09:18:48",46600
5200,100,4000,"bu","09:18:41",46100
5200,100,4100,"bu","09:17:33",42100
5200,100,11000,"bu","09:17:31",38000
5200,100,100,"bu","09:15:29",27000
5200,100,500,"bu","09:14:56",26900
5200,100,400,"bu","09:14:11",26400
5200,100,5000,"bu","09:14:00",26000
5200,100,2600,"bu","09:13:41",21000
5200,100,1200,"bu","09:11:47",18400
5200,100,1000,"bu","09:10:44",17200
5200,100,5000,"bu","09:10:35",16200
5200,100,1000,"bu","09:08:03",11200
5200,100,1000,"bu","09:07:19",10200
5200,100,100,"bu","09:07:11",9200
5200,100,1000,"bu","09:07:04",9100
5200,100,5000,"bu","09:06:55",8100
5200,100,1000,"bu","09:05:45",3100
5200,100,1000,"bu","09:04:45",2100
5200,100,100,"bu","09:03:32",1100
5100,0,1000,"sd","09:00:06",1000
