"price","change","match_qtty","side","time","total_vol"
12300,-50,838700,"unknown","14:45:00",8257400
12200,-150,2800,"bu","14:29:56",7418700
12200,-150,1900,"bu","14:29:55",7415900
12200,-150,1000,"sd","14:29:55",7414000
12200,-150,300,"sd","14:29:55",7413000
12200,-150,2000,"sd","14:29:55",7412700
12200,-150,3000,"sd","14:29:53",7410700
12200,-150,400,"sd","14:29:45",7407700
12200,-150,3000,"sd","14:29:45",7407300
12200,-150,200,"bu","14:29:45",7404300
12200,-150,1400,"bu","14:29:45",7404100
12200,-150,4400,"bu","14:29:43",7402700
12200,-150,600,"bu","14:29:43",7398300
12150,-200,1000,"sd","14:29:43",7397700
12150,-200,2000,"sd","14:29:43",7396700
12200,-150,10000,"bu","14:29:40",7394700
12200,-150,1700,"bu","14:29:37",7384700
12200,-150,2000,"bu","14:29:37",7383000
12200,-150,100,"bu","14:29:35",7381000
12200,-150,2000,"bu","14:29:35",7380900
12200,-150,1000,"bu","14:29:34",7378900
12200,-150,23000,"bu","14:29:32",7377900
12200,-150,1200,"bu","14:29:28",7354900
12200,-150,100,"bu","14:29:28",7353700
12200,-150,100,"bu","14:29:27",7353600
12200,-150,5000,"bu","14:29:25",7353500
12200,-150,500,"bu","14:29:24",7348500
12200,-150,14800,"bu","14:29:23",7348000
12200,-150,2200,"bu","14:29:23",7333200
12200,-150,47800,"bu","14:29:23",7331000
12200,-150,1000,"bu","14:29:23",7283200
12200,-150,1000,"bu","14:29:23",7282200
12200,-150,1000,"bu","14:29:23",7281200
12200,-150,4200,"bu","14:29:23",7280200
12200,-150,1000,"bu","14:29:21",7276000
12200,-150,1000,"bu","14:29:20",7275000
12200,-150,10000,"bu","14:29:19",7274000
12150,-200,1000,"sd","14:29:18",7264000
12200,-150,100,"bu","14:29:16",7263000
12200,-150,10000,"bu","14:29:10",7262900
12200,-150,800,"bu","14:29:07",7252900
12200,-150,3700,"bu","14:29:07",7252100
12200,-150,500,"bu","14:29:07",7248400
12200,-150,200,"bu","14:29:04",7247900
12200,-150,4000,"bu","14:29:04",7247700
12200,-150,2000,"bu","14:29:04",7243700
12200,-150,3000,"bu","14:28:48",7241700
12200,-150,1000,"bu","14:28:48",7238700
12150,-200,800,"sd","14:28:44",7237700
12150,-200,100,"bu","14:28:35",7236900
12150,-200,16100,"bu","14:28:35",7236800
12150,-200,5000,"bu","14:28:35",7220700
12150,-200,2000,"bu","14:28:34",7215700
12150,-200,6900,"bu","14:28:33",7213700
12150,-200,1800,"bu","14:28:33",7206800
12150,-200,500,"bu","14:28:33",7205000
12150,-200,30800,"bu","14:28:33",7204500
12100,-250,200,"sd","14:28:32",7173700
12150,-200,1000,"bu","14:28:31",7173500
12150,-200,200,"bu","14:28:30",7172500
12150,-200,1000,"bu","14:28:30",7172300
12150,-200,3900,"bu","14:28:29",7171300
12150,-200,46100,"bu","14:28:29",7167400
12150,-200,10000,"bu","14:28:29",7121300
12100,-250,500,"sd","14:28:28",7111300
12150,-200,1000,"bu","14:28:27",7110800
12150,-200,1000,"bu","14:28:23",7109800
12100,-250,3000,"sd","14:28:23",7108800
12150,-200,2000,"bu","14:28:21",7105800
12150,-200,500,"bu","14:28:20",7103800
12150,-200,500,"bu","14:28:19",7103300
12150,-200,1000,"bu","14:28:19",7102800
12150,-200,200,"bu","14:28:18",7101800
12150,-200,2000,"bu","14:28:17",7101600
12150,-200,1000,"bu","14:28:14",7099600
12150,-200,1400,"bu","14:28:14",7098600
12150,-200,15500,"bu","14:28:07",7097200
12150,-200,500,"bu","14:28:04",7081700
12150,-200,1000,"bu","14:28:04",7081200
12150,-200,500,"bu","14:28:02",7080200
12100,-250,1500,"sd","14:27:48",7079700
12100,-250,1500,"sd","14:27:48",7078200
12100,-250,100,"sd","14:27:46",7076700
12150,-200,10000,"bu","14:27:46",7076600
12100,-250,100,"sd","14:27:33",7066600
12100,-250,400,"sd","14:27:28",7066500
12100,-250,100,"bu","14:27:20",7066100
12100,-250,1000,"bu","14:27:20",7066000
12100,-250,100,"bu","14:27:20",7065000
12100,-250,200,"bu","14:27:20",7064900
12100,-250,100,"bu","14:27:20",7064700
12100,-250,1400,"bu","14:27:20",7064600
12100,-250,5000,"bu","14:27:19",7063200
12100,-250,100,"bu","14:27:19",7058200
12100,-250,1000,"bu","14:27:19",7058100
12100,-250,1000,"bu","14:27:18",7057100
12100,-250,1000,"bu","14:27:17",7056100
12100,-250,500,"bu","14:27:17",7055100
12100,-250,2000,"bu","14:27:17",7054600
12100,-250,200,"bu","14:27:17",7052600
12100,-250,1800,"bu","14:27:16",7052400
12100,-250,200,"bu","14:27:16",7050600
12100,-250,1900,"bu","14:27:16",7050400
12100,-250,1000,"bu","14:27:15",7048500
12100,-250,500,"bu","14:27:15",7047500
12100,-250,500,"bu","14:27:15",7047000
12100,-250,1000,"bu","14:27:15",7046500
12100,-250,1000,"bu","14:27:15",7045500
12100,-250,2000,"bu","14:27:15",7044500
12100,-250,2100,"bu","14:27:15",7042500
12100,-250,900,"bu","14:27:15",7040400
12100,-250,1000,"bu","14:27:15",7039500
12050,-300,100,"sd","14:27:14",7038500
12100,-250,100,"bu","14:27:10",7038400
12100,-250,10000,"bu","14:27:05",7038300
12050,-300,2000,"sd","14:27:01",7028300
12100,-250,500,"bu","14:26:57",7026300
12100,-250,1000,"bu","14:26:56",7025800
12050,-300,100,"sd","14:26:55",7024800
12050,-300,2000,"sd","14:26:51",7024700
12050,-300,300,"sd","14:26:37",7022700
12050,-300,700,"sd","14:26:37",7022400
12050,-300,300,"sd","14:26:29",7021700
12050,-300,100,"sd","14:26:29",7021400
12050,-300,500,"sd","14:26:29",7021300
12050,-300,9100,"sd","14:26:29",7020800
12050,-300,5000,"sd","14:26:29",7011700
12050,-300,5900,"sd","14:26:29",7006700
12050,-300,4000,"sd","14:26:29",7000800
12050,-300,1000,"sd","14:26:29",6996800
12050,-300,1000,"sd","14:26:29",6995800
12050,-300,1000,"sd","14:26:29",6994800
12050,-300,100,"sd","14:26:29",6993800
12050,-300,3000,"sd","14:26:29",6993700
12050,-300,1000,"sd","14:26:29",6990700
12050,-300,5000,"sd","14:26:29",6989700
12050,-300,1000,"sd","14:26:19",6984700
12050,-300,10000,"sd","14:26:19",6983700
12100,-250,100,"bu","14:26:18",6973700
12050,-300,4000,"sd","14:26:18",6973600
12050,-300,1000,"sd","14:26:18",6969600
12050,-300,100,"sd","14:26:18",6968600
12050,-300,100,"sd","14:26:18",6968500
12050,-300,700,"sd","14:26:18",6968400
12050,-300,500,"sd","14:26:18",6967700
12050,-300,500,"sd","14:26:18",6967200
12050,-300,10000,"sd","14:26:18",6966700
12050,-300,5000,"sd","14:26:18",6956700
12050,-300,8100,"sd","14:26:18",6951700
12050,-300,200,"sd","14:26:12",6943600
12100,-250,900,"bu","14:26:11",6943400
12050,-300,1700,"sd","14:26:10",6942500
12050,-300,2900,"sd","14:26:10",6940800
12100,-250,300,"bu","14:26:09",6937900
12100,-250,700,"bu","14:26:09",6937600
12050,-300,100,"sd","14:26:09",6936900
12050,-300,400,"sd","14:26:09",6936800
12050,-300,100,"sd","14:26:06",6936400
12050,-300,100,"sd","14:26:00",6936300
12050,-300,300,"sd","14:26:00",6936200
12100,-250,900,"bu","14:25:56",6935900
12100,-250,1000,"bu","14:25:55",6935000
12100,-250,100,"bu","14:25:55",6934000
12100,-250,300,"bu","14:25:54",6933900
12100,-250,2000,"sd","14:25:48",6933600
12100,-250,500,"sd","14:25:48",6931600
12100,-250,1000,"sd","14:25:48",6931100
12100,-250,2000,"sd","14:25:48",6930100
12100,-250,100,"sd","14:25:48",6928100
12100,-250,100,"sd","14:25:48",6928000
12100,-250,2000,"sd","14:25:48",6927900
12100,-250,1000,"sd","14:25:48",6925900
12100,-250,1000,"sd","14:25:48",6924900
12100,-250,2000,"sd","14:25:48",6923900
12100,-250,1000,"sd","14:25:48",6921900
12100,-250,1000,"sd","14:25:48",6920900
12100,-250,8300,"sd","14:25:48",6919900
12100,-250,5000,"sd","14:25:47",6911600
12100,-250,500,"sd","14:25:44",6906600
12100,-250,2400,"sd","14:25:44",6906100
12100,-250,3700,"sd","14:25:42",6903700
12100,-250,700,"sd","14:25:41",6900000
12100,-250,2000,"sd","14:25:40",6899300
12100,-250,20000,"sd","14:25:30",6897300
12100,-250,7400,"sd","14:25:30",6877300
12100,-250,100,"sd","14:25:30",6869900
12100,-250,2500,"sd","14:25:30",6869800
12100,-250,2500,"sd","14:25:30",6867300
12100,-250,200,"sd","14:25:30",6864800
12100,-250,200,"sd","14:25:30",6864600
12100,-250,500,"sd","14:25:30",6864400
12100,-250,1600,"sd","14:25:30",6863900
12100,-250,1400,"sd","14:25:23",6862300
12100,-250,2000,"sd","14:25:23",6860900
12100,-250,100,"sd","14:25:23",6858900
12100,-250,500,"sd","14:25:23",6858800
12100,-250,200,"sd","14:25:23",6858300
12100,-250,4800,"sd","14:25:23",6858100
12100,-250,5200,"sd","14:25:19",6853300
12100,-250,300,"sd","14:25:18",6848100
12100,-250,1000,"sd","14:25:18",6847800
12100,-250,1000,"sd","14:25:18",6846800
12100,-250,10000,"sd","14:25:18",6845800
12100,-250,1000,"sd","14:25:18",6835800
12100,-250,1000,"sd","14:25:18",6834800
12100,-250,2000,"sd","14:25:18",6833800
12100,-250,1000,"sd","14:25:18",6831800
12100,-250,200,"sd","14:25:18",6830800
12100,-250,800,"sd","14:25:16",6830600
12100,-250,200,"sd","14:25:16",6829800
12150,-200,100,"bu","14:25:16",6829600
12100,-250,2000,"sd","14:25:16",6829500
12150,-200,700,"bu","14:25:11",6827500
12150,-200,500,"bu","14:25:07",6826800
12150,-200,3000,"bu","14:25:06",6826300
12150,-200,200,"bu","14:25:05",6823300
12150,-200,100,"bu","14:25:03",6823100
12150,-200,400,"bu","14:25:03",6823000
12150,-200,2000,"bu","14:25:03",6822600
12150,-200,30000,"sd","14:25:03",6820600
12150,-200,200,"sd","14:25:01",6790600
12150,-200,1000,"sd","14:24:55",6790400
12150,-200,3000,"sd","14:24:52",6789400
12150,-200,200,"sd","14:24:51",6786400
12150,-200,300,"sd","14:24:44",6786200
12150,-200,200,"sd","14:24:44",6785900
12150,-200,2000,"bu","14:24:43",6785700
12150,-200,5200,"bu","14:24:43",6783700
12150,-200,7900,"bu","14:24:43",6778500
12150,-200,500,"bu","14:24:42",6770600
12100,-250,100,"sd","14:24:41",6770100
12150,-200,1000,"bu","14:24:39",6770000
12150,-200,500,"bu","14:24:39",6769000
12100,-250,7700,"sd","14:24:38",6768500
12100,-250,5000,"sd","14:24:38",6760800
12100,-250,5000,"sd","14:24:38",6755800
12100,-250,2300,"sd","14:24:38",6750800
12100,-250,700,"sd","14:24:38",6748500
12100,-250,1000,"sd","14:24:38",6747800
12100,-250,100,"sd","14:24:38",6746800
12100,-250,200,"sd","14:24:38",6746700
12150,-200,100,"bu","14:24:33",6746500
12150,-200,400,"sd","14:24:30",6746400
12150,-200,200,"sd","14:24:30",6746000
12150,-200,400,"sd","14:24:30",6745800
12150,-200,300,"sd","14:24:28",6745400
12150,-200,1400,"sd","14:24:28",6745100
12150,-200,200,"sd","14:24:27",6743700
12150,-200,1000,"bu","14:24:20",6743500
12150,-200,500,"bu","14:24:20",6742500
12150,-200,3000,"bu","14:24:20",6742000
12150,-200,200,"bu","14:24:20",6739000
12150,-200,5000,"bu","14:24:20",6738800
12150,-200,8700,"bu","14:24:20",6733800
12150,-200,2000,"bu","14:24:14",6725100
12150,-200,1000,"bu","14:24:13",6723100
12150,-200,1000,"bu","14:24:10",6722100
12150,-200,400,"bu","14:24:07",6721100
12150,-200,100,"bu","14:24:05",6720700
12150,-200,2000,"bu","14:24:02",6720600
12150,-200,500,"bu","14:23:53",6718600
12100,-250,300,"sd","14:23:53",6718100
12100,-250,100,"sd","14:23:52",6717800
12100,-250,300,"sd","14:23:52",6717700
12100,-250,500,"sd","14:23:52",6717400
12100,-250,100,"sd","14:23:52",6716900
12150,-200,100,"bu","14:23:44",6716800
12150,-200,200,"sd","14:23:43",6716700
12150,-200,100,"sd","14:23:43",6716500
12150,-200,100,"sd","14:23:43",6716400
12150,-200,100,"sd","14:23:43",6716300
12150,-200,2000,"sd","14:23:43",6716200
12150,-200,300,"sd","14:23:43",6714200
12150,-200,200,"sd","14:23:43",6713900
12150,-200,500,"sd","14:23:43",6713700
12150,-200,5000,"sd","14:23:43",6713200
12150,-200,8900,"sd","14:23:43",6708200
12150,-200,500,"sd","14:23:43",6699300
12150,-200,5000,"sd","14:23:42",6698800
12150,-200,100,"sd","14:23:42",6693800
12150,-200,4900,"sd","14:23:42",6693700
12150,-200,2100,"sd","14:23:35",6688800
12150,-200,1000,"sd","14:23:35",6686700
12150,-200,100,"sd","14:23:35",6685700
12150,-200,500,"sd","14:23:35",6685600
12150,-200,100,"sd","14:23:35",6685100
12150,-200,100,"sd","14:23:29",6685000
12150,-200,300,"sd","14:23:29",6684900
12200,-150,100,"sd","14:23:29",6684600
12200,-150,300,"sd","14:23:29",6684500
12200,-150,100,"sd","14:23:29",6684200
12200,-150,200,"sd","14:23:29",6684100
12200,-150,2000,"sd","14:23:29",6683900
12200,-150,100,"sd","14:23:29",6681900
12200,-150,1000,"sd","14:23:29",6681800
12200,-150,300,"sd","14:23:29",6680800
12200,-150,5000,"sd","14:23:29",6680500
12200,-150,100,"sd","14:23:29",6675500
12200,-150,200,"sd","14:23:29",6675400
12200,-150,1100,"sd","14:23:29",6675200
12200,-150,800,"sd","14:23:25",6674100
12200,-150,100,"sd","14:23:24",6673300
12200,-150,200,"sd","14:23:24",6673200
12200,-150,200,"sd","14:23:24",6673000
12200,-150,1500,"sd","14:23:24",6672800
12200,-150,2000,"sd","14:23:22",6671300
12200,-150,200,"sd","14:23:22",6669300
12200,-150,1000,"sd","14:23:22",6669100
12200,-150,9400,"sd","14:23:22",6668100
12200,-150,200,"sd","14:23:22",6658700
12200,-150,500,"sd","14:23:22",6658500
12200,-150,2000,"sd","14:23:22",6658000
12200,-150,500,"sd","14:23:22",6656000
12200,-150,2000,"sd","14:23:22",6655500
12200,-150,1000,"sd","14:23:22",6653500
12200,-150,400,"sd","14:23:22",6652500
12200,-150,7500,"sd","14:23:22",6652100
12200,-150,10000,"sd","14:23:22",6644600
12200,-150,100,"sd","14:23:22",6634600
12200,-150,1000,"sd","14:23:22",6634500
12200,-150,5000,"sd","14:23:22",6633500
12200,-150,200,"sd","14:23:22",6628500
12200,-150,1000,"sd","14:23:22",6628300
12200,-150,2000,"sd","14:23:22",6627300
12200,-150,2500,"sd","14:23:21",6625300
12200,-150,1000,"sd","14:23:21",6622800
12200,-150,1600,"sd","14:23:21",6621800
12200,-150,500,"sd","14:23:21",6620200
12200,-150,200,"sd","14:23:21",6619700
12200,-150,1000,"sd","14:23:21",6619500
12200,-150,100,"sd","14:23:21",6618500
12200,-150,5000,"sd","14:23:21",6618400
12200,-150,100,"sd","14:23:21",6613400
12200,-150,500,"sd","14:23:20",6613300
12200,-150,200,"sd","14:23:20",6612800
12200,-150,2800,"sd","14:23:16",6612600
12200,-150,300,"sd","14:23:16",6609800
12200,-150,100,"sd","14:23:16",6609500
12200,-150,400,"sd","14:23:16",6609400
12200,-150,900,"sd","14:23:16",6609000
12200,-150,1100,"sd","14:23:12",6608100
12200,-150,1200,"sd","14:23:12",6607000
12200,-150,700,"sd","14:23:12",6605800
12250,-100,5000,"bu","14:23:06",6605100
12200,-150,2000,"sd","14:23:00",6600100
12200,-150,3000,"sd","14:22:58",6598100
12200,-150,1000,"sd","14:22:58",6595100
12200,-150,2200,"sd","14:22:58",6594100
12200,-150,8000,"sd","14:22:58",6591900
12200,-150,2000,"sd","14:22:58",6583900
12200,-150,2300,"sd","14:22:58",6581900
12200,-150,100,"sd","14:22:58",6579600
12200,-150,5000,"sd","14:22:58",6579500
12200,-150,700,"sd","14:22:48",6574500
12200,-150,200,"sd","14:22:48",6573800
12200,-150,100,"sd","14:22:48",6573600
12250,-100,2000,"sd","14:22:46",6573500
12250,-100,100,"sd","14:22:46",6571500
12250,-100,4100,"sd","14:22:46",6571400
12250,-100,1900,"sd","14:22:46",6567300
12250,-100,100,"sd","14:22:45",6565400
12250,-100,1000,"sd","14:22:45",6565300
12250,-100,200,"sd","14:22:45",6564300
12250,-100,300,"sd","14:22:45",6564100
12250,-100,400,"sd","14:22:45",6563800
12250,-100,10000,"sd","14:22:45",6563400
12250,-100,300,"sd","14:22:44",6553400
12250,-100,89300,"sd","14:22:37",6553100
12250,-100,3000,"sd","14:22:37",6463800
12250,-100,100,"sd","14:22:37",6460800
12250,-100,1000,"sd","14:22:37",6460700
12250,-100,6000,"sd","14:22:37",6459700
12250,-100,5000,"sd","14:22:37",6453700
12250,-100,5000,"sd","14:22:37",6448700
12250,-100,5000,"sd","14:22:37",6443700
12250,-100,7100,"sd","14:22:37",6438700
12250,-100,100,"sd","14:22:37",6431600
12250,-100,5000,"sd","14:22:37",6431500
12250,-100,300,"sd","14:22:37",6426500
12250,-100,2000,"sd","14:22:37",6426200
12250,-100,1000,"sd","14:22:37",6424200
12250,-100,100,"sd","14:22:37",6423200
12250,-100,1000,"sd","14:22:37",6423100
12250,-100,500,"sd","14:22:37",6422100
12250,-100,5000,"sd","14:22:37",6421600
12250,-100,1000,"sd","14:22:37",6416600
12250,-100,5000,"sd","14:22:37",6415600
12250,-100,5000,"sd","14:22:37",6410600
12250,-100,100,"sd","14:22:37",6405600
12250,-100,1000,"sd","14:22:37",6405500
12250,-100,1000,"sd","14:22:37",6404500
12250,-100,100,"sd","14:22:37",6403500
12250,-100,500,"sd","14:22:37",6403400
12250,-100,200,"sd","14:22:37",6402900
12250,-100,100,"sd","14:22:37",6402700
12250,-100,1000,"sd","14:22:37",6402600
12250,-100,100,"sd","14:22:37",6401600
12250,-100,2000,"sd","14:22:37",6401500
12250,-100,100,"sd","14:22:36",6399500
12250,-100,100,"sd","14:22:36",6399400
12250,-100,46200,"sd","14:22:36",6399300
12250,-100,2000,"sd","14:22:33",6353100
12250,-100,1000,"sd","14:22:32",6351100
12250,-100,100,"sd","14:22:29",6350100
12250,-100,700,"sd","14:22:26",6350000
12250,-100,1800,"sd","14:22:26",6349300
12250,-100,200,"sd","14:22:15",6347500
12250,-100,100,"sd","14:22:15",6347300
12250,-100,400,"sd","14:21:58",6347200
12250,-100,100,"sd","14:21:58",6346800
12250,-100,2000,"sd","14:21:48",6346700
12300,-50,100,"bu","14:21:45",6344700
12300,-50,300,"bu","14:21:36",6344600
12300,-50,400,"sd","14:21:00",6344300
12300,-50,4000,"sd","14:21:00",6343900
12300,-50,1000,"sd","14:21:00",6339900
12300,-50,2000,"sd","14:21:00",6338900
12300,-50,500,"sd","14:21:00",6336900
12300,-50,300,"sd","14:21:00",6336400
12300,-50,500,"sd","14:21:00",6336100
12300,-50,5900,"sd","14:21:00",6335600
12300,-50,1200,"sd","14:21:00",6329700
12300,-50,3000,"sd","14:21:00",6328500
12300,-50,400,"sd","14:20:59",6325500
12300,-50,10000,"sd","14:20:54",6325100
12300,-50,300,"sd","14:20:45",6315100
12300,-50,200,"sd","14:20:37",6314800
12300,-50,400,"sd","14:20:36",6314600
12300,-50,100,"sd","14:20:34",6314200
12300,-50,3000,"sd","14:20:32",6314100
12300,-50,5000,"sd","14:20:29",6311100
12300,-50,1000,"sd","14:20:24",6306100
12300,-50,400,"sd","14:20:11",6305100
12300,-50,200,"sd","14:19:54",6304700
12300,-50,400,"sd","14:19:45",6304500
12300,-50,20000,"sd","14:19:28",6304100
12300,-50,500,"sd","14:19:04",6284100
12300,-50,3000,"sd","14:19:01",6283600
12300,-50,300,"sd","14:18:58",6280600
12300,-50,500,"bu","14:18:48",6280300
12300,-50,100,"bu","14:18:48",6279800
12300,-50,900,"bu","14:18:41",6279700
12300,-50,100,"bu","14:18:41",6278800
12300,-50,300,"bu","14:18:38",6278700
12300,-50,200,"bu","14:18:38",6278400
12300,-50,1800,"bu","14:18:36",6278200
12250,-100,400,"sd","14:18:30",6276400
12300,-50,1000,"bu","14:18:30",6276000
12300,-50,2000,"bu","14:18:21",6275000
12300,-50,4600,"bu","14:18:20",6273000
12300,-50,100,"sd","14:18:14",6268400
12300,-50,300,"sd","14:18:14",6268300
12300,-50,200,"sd","14:18:12",6268000
12300,-50,700,"sd","14:18:12",6267800
12300,-50,700,"sd","14:18:07",6267100
12300,-50,2000,"sd","14:18:05",6266400
12300,-50,2000,"sd","14:17:55",6264400
12300,-50,100,"sd","14:17:42",6262400
12300,-50,1000,"sd","14:17:40",6262300
12300,-50,7100,"sd","14:17:39",6261300
12300,-50,2000,"sd","14:17:39",6254200
12300,-50,900,"sd","14:17:39",6252200
12300,-50,100,"sd","14:17:25",6251300
12300,-50,400,"sd","14:17:25",6251200
12300,-50,100,"sd","14:17:15",6250800
12300,-50,500,"sd","14:17:15",6250700
12300,-50,4100,"sd","14:17:15",6250200
12300,-50,400,"sd","14:17:15",6246100
12300,-50,500,"sd","14:17:12",6245700
12300,-50,500,"sd","14:17:12",6245200
12300,-50,200,"sd","14:17:09",6244700
12300,-50,6500,"sd","14:16:55",6244500
12300,-50,200,"sd","14:16:55",6238000
12300,-50,100,"sd","14:16:55",6237800
12300,-50,200,"sd","14:16:55",6237700
12300,-50,800,"sd","14:16:30",6237500
12300,-50,1000,"sd","14:16:30",6236700
12300,-50,200,"sd","14:16:30",6235700
12300,-50,100,"sd","14:16:30",6235500
12300,-50,3000,"sd","14:16:30",6235400
12300,-50,5000,"sd","14:16:30",6232400
12300,-50,2000,"sd","14:16:30",6227400
12300,-50,500,"sd","14:16:30",6225400
12300,-50,500,"sd","14:16:30",6224900
12300,-50,200,"sd","14:16:30",6224400
12300,-50,300,"sd","14:16:30",6224200
12300,-50,5000,"sd","14:16:30",6223900
12300,-50,200,"sd","14:16:30",6218900
12300,-50,200,"sd","14:16:30",6218700
12300,-50,400,"sd","14:16:30",6218500
12300,-50,600,"sd","14:16:30",6218100
12300,-50,400,"sd","14:16:28",6217500
12300,-50,5000,"sd","14:16:28",6217100
12300,-50,4600,"sd","14:16:28",6212100
12350,0,100,"bu","14:16:28",6207500
12300,-50,400,"sd","14:16:04",6207400
12300,-50,1600,"sd","14:16:04",6207000
12300,-50,300,"sd","14:16:00",6205400
12300,-50,18100,"sd","14:15:50",6205100
12300,-50,500,"sd","14:15:50",6187000
12300,-50,400,"sd","14:15:50",6186500
12300,-50,200,"sd","14:15:50",6186100
12300,-50,3000,"sd","14:15:50",6185900
12300,-50,1000,"sd","14:15:50",6182900
12300,-50,100,"sd","14:15:50",6181900
12300,-50,3000,"sd","14:15:50",6181800
12300,-50,3700,"sd","14:15:50",6178800
12300,-50,1300,"sd","14:15:44",6175100
12300,-50,700,"sd","14:15:44",6173800
12300,-50,100,"sd","14:15:36",6173100
12350,0,500,"bu","14:15:29",6173000
12300,-50,1000,"sd","14:15:25",6172500
12300,-50,200,"sd","14:15:07",6171500
12300,-50,200,"sd","14:15:07",6171300
12300,-50,200,"sd","14:15:07",6171100
12300,-50,200,"sd","14:15:07",6170900
12300,-50,200,"sd","14:15:07",6170700
12300,-50,200,"sd","14:15:07",6170500
12300,-50,1000,"sd","14:14:53",6170300
12350,0,200,"bu","14:14:52",6169300
12300,-50,400,"sd","14:14:46",6169100
12350,0,400,"bu","14:14:32",6168700
12350,0,100,"bu","14:14:32",6168300
12350,0,1000,"bu","14:14:30",6168200
12350,0,500,"bu","14:14:30",6167200
12350,0,2300,"bu","14:14:30",6166700
12350,0,100,"bu","14:14:30",6164400
12350,0,1000,"bu","14:14:13",6164300
12350,0,1000,"bu","14:13:58",6163300
12350,0,2000,"bu","14:13:58",6162300
12350,0,400,"bu","14:13:37",6160300
12300,-50,400,"sd","14:13:30",6159900
12300,-50,200,"sd","14:12:37",6159500
12300,-50,2100,"sd","14:12:37",6159300
12300,-50,300,"sd","14:12:33",6157200
12300,-50,1000,"sd","14:12:21",6156900
12300,-50,400,"sd","14:12:16",6155900
12350,0,400,"bu","14:11:49",6155500
12300,-50,1000,"sd","14:11:34",6155100
12300,-50,200,"sd","14:11:31",6154100
12300,-50,200,"sd","14:11:31",6153900
12300,-50,200,"sd","14:11:30",6153700
12300,-50,1000,"sd","14:11:30",6153500
12300,-50,100,"sd","14:11:30",6152500
12300,-50,500,"sd","14:11:30",6152400
12300,-50,500,"sd","14:11:30",6151900
12300,-50,700,"sd","14:11:30",6151400
12350,0,3600,"bu","14:11:23",6150700
12300,-50,300,"sd","14:11:00",6147100
12350,0,1100,"bu","14:10:49",6146800
12350,0,100,"bu","14:10:49",6145700
12350,0,1000,"bu","14:10:49",6145600
12350,0,100,"bu","14:10:07",6144600
12350,0,10000,"unknown","14:10:07",6144500
12350,0,100,"sd","14:10:07",6134500
12350,0,2000,"sd","14:10:07",6134400
12350,0,500,"sd","14:10:07",6132400
12350,0,200,"sd","14:10:07",6131900
12350,0,1100,"sd","14:10:07",6131700
12350,0,1900,"sd","14:10:06",6130600
12350,0,100,"sd","14:10:06",6128700
12350,0,5000,"sd","14:10:05",6128600
12350,0,400,"sd","14:10:05",6123600
12350,0,5000,"sd","14:10:05",6123200
12350,0,7600,"sd","14:10:05",6118200
12350,0,400,"sd","14:09:45",6110600
12350,0,1000,"sd","14:09:42",6110200
12350,0,500,"sd","14:09:36",6109200
12350,0,500,"sd","14:09:12",6108700
12350,0,200,"sd","14:09:09",6108200
12350,0,5000,"sd","14:09:06",6108000
12350,0,4000,"sd","14:09:03",6103000
12350,0,19000,"sd","14:09:01",6099000
12350,0,11800,"sd","14:08:32",6080000
12350,0,2500,"sd","14:08:32",6068200
12350,0,400,"sd","14:08:31",6065700
12400,50,1000,"bu","14:07:59",6065300
12400,50,1500,"bu","14:07:59",6064300
12400,50,800,"bu","14:07:59",6062800
12400,50,500,"bu","14:07:59",6062000
12400,50,5000,"bu","14:07:59",6061500
12400,50,500,"bu","14:07:59",6056500
12400,50,700,"bu","14:07:59",6056000
12400,50,2800,"bu","14:07:58",6055300
12400,50,100,"bu","14:07:34",6052500
12400,50,1000,"bu","14:07:34",6052400
12400,50,100,"bu","14:07:34",6051400
12400,50,6800,"bu","14:07:34",6051300
12350,0,400,"sd","14:07:16",6044500
12400,50,3200,"bu","14:07:12",6044100
12400,50,100,"bu","14:07:12",6040900
12400,50,1000,"bu","14:07:12",6040800
12400,50,10000,"bu","14:07:12",6039800
12400,50,5000,"bu","14:07:12",6029800
12400,50,14200,"bu","14:07:12",6024800
12400,50,100,"bu","14:06:47",6010600
12350,0,1700,"sd","14:06:41",6010500
12350,0,8300,"sd","14:06:41",6008800
12350,0,3000,"sd","14:06:33",6000500
12350,0,200,"sd","14:06:06",5997500
12350,0,300,"sd","14:06:00",5997300
12350,0,1000,"bu","14:05:58",5997000
12350,0,1700,"bu","14:05:58",5996000
12350,0,200,"bu","14:05:58",5994300
12350,0,5000,"bu","14:05:58",5994100
12350,0,5000,"bu","14:05:58",5989100
12350,0,9300,"bu","14:05:58",5984100
12350,0,700,"bu","14:05:49",5974800
12350,0,5000,"bu","14:05:49",5974100
12350,0,5000,"bu","14:05:49",5969100
12350,0,4700,"bu","14:05:49",5964100
12350,0,200,"bu","14:05:49",5959400
12350,0,1500,"bu","14:05:49",5959200
12350,0,2900,"bu","14:05:49",5957700
12350,0,100,"bu","14:05:45",5954800
12300,-50,300,"sd","14:05:16",5954700
12300,-50,100,"sd","14:05:14",5954400
12300,-50,1800,"sd","14:04:56",5954300
12300,-50,100,"sd","14:04:56",5952500
12300,-50,1100,"sd","14:04:56",5952400
12300,-50,3900,"sd","14:04:55",5951300
12300,-50,2000,"sd","14:04:55",5947400
12300,-50,600,"sd","14:04:55",5945400
12300,-50,200,"sd","14:04:55",5944800
12300,-50,3300,"sd","14:04:55",5944600
12300,-50,1000,"sd","14:04:54",5941300
12300,-50,700,"sd","14:04:49",5940300
12300,-50,4300,"sd","14:04:49",5939600
12300,-50,400,"sd","14:04:46",5935300
12300,-50,300,"sd","14:04:46",5934900
12300,-50,600,"sd","14:04:46",5934600
12300,-50,2100,"sd","14:04:46",5934000
12300,-50,2300,"sd","14:04:32",5931900
12300,-50,5000,"sd","14:04:26",5929600
12300,-50,1000,"sd","14:04:26",5924600
12300,-50,1100,"sd","14:04:25",5923600
12300,-50,200,"sd","14:04:21",5922500
12300,-50,500,"sd","14:04:18",5922300
12300,-50,300,"sd","14:04:18",5921800
12300,-50,2000,"sd","14:04:18",5921500
12300,-50,500,"bu","14:04:18",5919500
12300,-50,2900,"bu","14:04:18",5919000
12300,-50,800,"bu","14:04:18",5916100
12300,-50,3000,"bu","14:04:18",5915300
12300,-50,5000,"bu","14:04:18",5912300
12300,-50,8000,"bu","14:04:18",5907300
12300,-50,2000,"bu","14:04:18",5899300
12300,-50,1000,"bu","14:04:18",5897300
12300,-50,1000,"bu","14:04:18",5896300
12300,-50,6500,"bu","14:04:18",5895300
12300,-50,100,"bu","14:04:18",5888800
12300,-50,4700,"bu","14:04:18",5888700
12250,-100,2500,"sd","14:04:09",5884000
12250,-100,500,"sd","14:04:09",5881500
12250,-100,2300,"sd","14:03:59",5881000
12250,-100,200,"sd","14:03:43",5878700
12250,-100,200,"sd","14:03:43",5878500
12250,-100,200,"sd","14:03:43",5878300
12250,-100,100,"sd","14:03:43",5878100
12250,-100,5300,"sd","14:03:43",5878000
12250,-100,400,"sd","14:03:30",5872700
12300,-50,100,"sd","14:03:03",5872300
12300,-50,1100,"sd","14:03:03",5872200
12300,-50,14100,"sd","14:03:03",5871100
12300,-50,100,"sd","14:03:01",5857000
12300,-50,3000,"sd","14:02:56",5856900
12300,-50,1000,"sd","14:02:55",5853900
12300,-50,1800,"sd","14:02:52",5852900
12300,-50,200,"sd","14:02:52",5851100
12300,-50,200,"sd","14:02:52",5850900
12300,-50,3000,"sd","14:02:52",5850700
12300,-50,9800,"sd","14:02:52",5847700
12300,-50,200,"sd","14:02:50",5837900
12300,-50,300,"sd","14:02:48",5837700
12300,-50,1000,"sd","14:02:48",5837400
12300,-50,2500,"sd","14:02:48",5836400
12300,-50,2500,"sd","14:02:41",5833900
12300,-50,4200,"sd","14:02:35",5831400
12300,-50,100,"sd","14:02:30",5827200
12300,-50,100,"sd","14:02:19",5827100
12300,-50,1000,"sd","14:02:16",5827000
12300,-50,400,"sd","14:02:15",5826000
12300,-50,6000,"sd","14:02:13",5825600
12300,-50,1900,"sd","14:01:57",5819600
12300,-50,300,"sd","14:01:57",5817700
12300,-50,200,"sd","14:01:44",5817400
12300,-50,1000,"bu","14:01:40",5817200
12300,-50,500,"bu","14:01:40",5816200
12250,-100,1000,"sd","14:01:32",5815700
12250,-100,1900,"sd","14:01:18",5814700
12300,-50,500,"sd","14:01:18",5812800
12300,-50,200,"sd","14:01:18",5812300
12300,-50,400,"sd","14:01:18",5812100
12300,-50,200,"sd","14:01:11",5811700
12300,-50,800,"sd","14:01:01",5811500
12300,-50,2600,"sd","14:01:01",5810700
12300,-50,2400,"sd","14:01:01",5808100
12300,-50,400,"sd","14:01:00",5805700
12300,-50,500,"sd","14:01:00",5805300
12300,-50,26700,"sd","14:00:44",5804800
12300,-50,300,"sd","14:00:44",5778100
12300,-50,2900,"sd","14:00:44",5777800
12300,-50,1000,"sd","14:00:44",5774900
12300,-50,5000,"sd","14:00:44",5773900
12300,-50,500,"sd","14:00:44",5768900
12300,-50,1000,"sd","14:00:44",5768400
12300,-50,100,"sd","14:00:44",5767400
12300,-50,1000,"sd","14:00:44",5767300
12300,-50,2000,"sd","14:00:44",5766300
12300,-50,1000,"sd","14:00:44",5764300
12300,-50,5000,"sd","14:00:44",5763300
12300,-50,5000,"sd","14:00:44",5758300
12300,-50,500,"sd","14:00:44",5753300
12300,-50,400,"sd","14:00:44",5752800
12300,-50,700,"sd","14:00:44",5752400
12300,-50,3000,"sd","14:00:44",5751700
12300,-50,1000,"sd","14:00:44",5748700
12300,-50,1000,"sd","14:00:44",5747700
12300,-50,1000,"sd","14:00:44",5746700
12300,-50,500,"sd","14:00:44",5745700
12300,-50,3000,"sd","14:00:44",5745200
12300,-50,500,"sd","14:00:44",5742200
12300,-50,900,"sd","14:00:44",5741700
12300,-50,1000,"sd","14:00:16",5740800
12300,-50,200,"sd","14:00:14",5739800
12300,-50,800,"sd","14:00:08",5739600
12300,-50,300,"sd","14:00:08",5738800
12350,0,200,"sd","14:00:08",5738500
12350,0,1700,"sd","14:00:08",5738300
12350,0,3300,"sd","14:00:04",5736600
12350,0,1700,"sd","14:00:04",5733300
12350,0,600,"sd","14:00:02",5731600
12350,0,2700,"sd","13:59:58",5731000
12350,0,500,"sd","13:59:58",5728300
12350,0,100,"sd","13:59:58",5727800
12350,0,1000,"sd","13:59:55",5727700
12350,0,300,"sd","13:59:46",5726700
12350,0,1500,"sd","13:59:30",5726400
12350,0,500,"bu","13:59:19",5724900
12350,0,4600,"bu","13:59:19",5724400
12350,0,400,"bu","13:58:56",5719800
12350,0,1600,"bu","13:58:56",5719400
12350,0,400,"sd","13:58:48",5717800
12350,0,200,"sd","13:58:44",5717400
12350,0,1000,"sd","13:58:44",5717200
12350,0,200,"sd","13:58:44",5716200
12350,0,100,"sd","13:58:44",5716000
12350,0,200,"sd","13:58:44",5715900
12350,0,3300,"sd","13:58:44",5715700
12350,0,400,"sd","13:58:31",5712400
12350,0,500,"sd","13:57:58",5712000
12350,0,4800,"bu","13:57:40",5711500
12350,0,100,"bu","13:57:34",5706700
12350,0,100,"sd","13:57:16",5706600
12350,0,200,"sd","13:57:16",5706500
12350,0,1000,"sd","13:57:16",5706300
12350,0,100,"sd","13:57:16",5705300
12350,0,200,"sd","13:57:16",5705200
12350,0,300,"sd","13:57:16",5705000
12350,0,20000,"sd","13:57:16",5704700
12350,0,200,"sd","13:57:16",5684700
12350,0,20000,"sd","13:57:16",5684500
12350,0,1000,"sd","13:57:16",5664500
12350,0,1500,"sd","13:57:16",5663500
12350,0,100,"sd","13:57:16",5662000
12350,0,400,"sd","13:57:16",5661900
12350,0,100,"sd","13:57:16",5661500
12350,0,300,"sd","13:57:16",5661400
12400,50,100,"sd","13:57:02",5661100
12400,50,1000,"sd","13:57:02",5661000
12400,50,10000,"sd","13:57:02",5660000
12400,50,4600,"sd","13:57:02",5650000
12400,50,400,"sd","13:57:00",5645400
12400,50,19600,"sd","13:57:00",5645000
12400,50,500,"sd","13:56:59",5625400
12400,50,9900,"sd","13:56:54",5624900
12400,50,7000,"sd","13:56:54",5615000
12400,50,3100,"sd","13:56:54",5608000
12400,50,2000,"sd","13:56:53",5604900
12400,50,1400,"sd","13:56:52",5602900
12400,50,5000,"sd","13:56:51",5601500
12400,50,8500,"sd","13:56:46",5596500
12400,50,1500,"sd","13:56:46",5588000
12400,50,5000,"sd","13:56:43",5586500
12400,50,5000,"sd","13:56:42",5581500
12400,50,5000,"sd","13:56:39",5576500
12400,50,500,"sd","13:56:30",5571500
12400,50,400,"sd","13:56:02",5571000
12400,50,400,"sd","13:56:01",5570600
12400,50,2200,"sd","13:55:42",5570200
12400,50,2800,"sd","13:55:42",5568000
12400,50,200,"sd","13:55:14",5565200
12400,50,300,"sd","13:54:47",5565000
12400,50,100,"sd","13:54:28",5564700
12400,50,7600,"bu","13:54:27",5564600
12400,50,100,"bu","13:54:27",5557000
12400,50,5000,"bu","13:54:27",5556900
12400,50,1200,"bu","13:54:27",5551900
12400,50,100,"bu","13:54:27",5550700
12400,50,100,"bu","13:54:27",5550600
12400,50,500,"bu","13:54:27",5550500
12400,50,2000,"bu","13:54:27",5550000
12350,0,1000,"sd","13:54:20",5548000
12350,0,500,"sd","13:54:20",5547000
12350,0,100,"sd","13:54:19",5546500
12350,0,1000,"sd","13:54:19",5546400
12350,0,2000,"sd","13:54:19",5545400
12350,0,2400,"sd","13:54:19",5543400
12400,50,20000,"bu","13:54:18",5541000
12400,50,1000,"bu","13:54:08",5521000
12350,0,7600,"sd","13:54:05",5520000
12350,0,1000,"sd","13:54:05",5512400
12350,0,500,"sd","13:54:05",5511400
12350,0,3000,"sd","13:54:05",5510900
12350,0,2000,"sd","13:54:05",5507900
12350,0,10000,"sd","13:54:05",5505900
12350,0,1000,"sd","13:54:05",5495900
12350,0,100,"sd","13:54:05",5494900
12350,0,24800,"sd","13:54:05",5494800
12350,0,10000,"sd","13:54:02",5470000
12400,50,3900,"bu","13:54:00",5460000
12400,50,100,"bu","13:54:00",5456100
12350,0,400,"sd","13:53:31",5456000
12400,50,100,"bu","13:53:24",5455600
12400,50,4800,"bu","13:53:24",5455500
12400,50,1500,"bu","13:53:24",5450700
12400,50,5000,"bu","13:53:24",5449200
12400,50,7000,"bu","13:53:24",5444200
12400,50,1000,"bu","13:53:24",5437200
12400,50,100,"bu","13:53:24",5436200
12400,50,10500,"bu","13:53:24",5436100
12400,50,100,"bu","13:53:24",5425600
12400,50,1000,"bu","13:53:21",5425500
12400,50,500,"bu","13:53:21",5424500
12400,50,1000,"bu","13:53:13",5424000
12400,50,400,"bu","13:53:13",5423000
12400,50,500,"bu","13:53:13",5422600
12400,50,100,"bu","13:53:13",5422100
12350,0,14800,"sd","13:53:12",5422000
12350,0,900,"sd","13:53:12",5407200
12350,0,4300,"sd","13:53:12",5406300
12400,50,17000,"bu","13:53:11",5402000
12350,0,600,"sd","13:53:10",5385000
12350,0,100,"sd","13:52:20",5384400
12350,0,100,"sd","13:52:20",5384300
12350,0,400,"sd","13:52:17",5384200
12350,0,100,"sd","13:51:35",5383800
12400,50,1000,"bu","13:51:34",5383700
12350,0,5000,"sd","13:51:26",5382700
12350,0,2000,"sd","13:51:26",5377700
12350,0,1000,"sd","13:51:26",5375700
12350,0,900,"sd","13:51:26",5374700
12350,0,400,"sd","13:51:26",5373800
12350,0,500,"sd","13:51:26",5373400
12350,0,200,"sd","13:51:26",5372900
12350,0,4100,"sd","13:51:25",5372700
12350,0,300,"sd","13:51:25",5368600
12350,0,1000,"sd","13:51:25",5368300
12350,0,4600,"sd","13:51:25",5367300
12350,0,500,"sd","13:51:16",5362700
12350,0,1000,"sd","13:51:09",5362200
12350,0,400,"sd","13:51:01",5361200
12400,50,1900,"bu","13:50:47",5360800
12400,50,100,"bu","13:50:47",5358900
12400,50,900,"bu","13:50:37",5358800
12400,50,900,"bu","13:50:37",5357900
12400,50,19100,"bu","13:50:29",5357000
12400,50,900,"bu","13:50:29",5337900
12350,0,300,"sd","13:49:46",5337000
12350,0,1000,"sd","13:49:46",5336700
12350,0,1700,"sd","13:49:38",5335700
12300,-50,3700,"sd","13:49:35",5334000
12300,-50,200,"sd","13:49:35",5330300
12300,-50,100,"sd","13:49:35",5330100
12300,-50,400,"sd","13:49:35",5330000
12350,0,600,"sd","13:49:35",5329600
12350,0,500,"sd","13:49:34",5329000
12350,0,300,"sd","13:49:34",5328500
12350,0,300,"sd","13:49:23",5328200
12350,0,1000,"sd","13:49:23",5327900
12350,0,5000,"sd","13:49:23",5326900
12350,0,3000,"sd","13:49:23",5321900
12350,0,400,"sd","13:49:23",5318900
12350,0,7000,"sd","13:49:23",5318500
12350,0,1000,"sd","13:49:23",5311500
12350,0,100,"sd","13:49:23",5310500
12350,0,100,"sd","13:49:23",5310400
12350,0,700,"bu","13:49:23",5310300
12300,-50,400,"bu","13:48:51",5309600
12300,-50,1000,"bu","13:48:51",5309200
12300,-50,4500,"bu","13:48:51",5308200
12300,-50,5000,"bu","13:48:51",5303700
12300,-50,38700,"bu","13:48:51",5298700
12300,-50,100,"bu","13:48:51",5260000
12250,-100,400,"sd","13:48:31",5259900
12300,-50,1200,"bu","13:48:30",5259500
12300,-50,1000,"bu","13:48:30",5258300
12300,-50,2000,"bu","13:48:22",5257300
12300,-50,200,"bu","13:48:15",5255300
12300,-50,1000,"bu","13:48:06",5255100
12300,-50,3000,"bu","13:48:01",5254100
12300,-50,200,"sd","13:48:01",5251100
12300,-50,1000,"sd","13:48:01",5250900
12300,-50,300,"sd","13:48:01",5249900
12300,-50,100,"sd","13:48:01",5249600
12300,-50,100,"sd","13:48:01",5249500
12300,-50,1000,"sd","13:48:01",5249400
12300,-50,100,"sd","13:48:01",5248400
12300,-50,500,"sd","13:47:59",5248300
12300,-50,500,"sd","13:47:59",5247800
12300,-50,100,"sd","13:47:59",5247300
12300,-50,100,"sd","13:47:59",5247200
12300,-50,2000,"sd","13:47:59",5247100
12300,-50,100,"sd","13:47:59",5245100
12300,-50,200,"sd","13:47:59",5245000
12300,-50,200,"sd","13:47:59",5244800
12300,-50,1000,"sd","13:47:59",5244600
12300,-50,29600,"sd","13:47:59",5243600
12300,-50,3000,"sd","13:47:59",5214000
12300,-50,2000,"sd","13:47:59",5211000
12300,-50,10000,"sd","13:47:59",5209000
12300,-50,400,"sd","13:47:59",5199000
12300,-50,200,"sd","13:47:59",5198600
12300,-50,100,"sd","13:47:59",5198400
12300,-50,8800,"sd","13:47:52",5198300
12300,-50,2000,"sd","13:47:39",5189500
12300,-50,9600,"sd","13:47:37",5187500
12300,-50,500,"sd","13:47:37",5177900
12300,-50,1000,"sd","13:47:37",5177400
12300,-50,1000,"sd","13:47:37",5176400
12300,-50,500,"sd","13:47:37",5175400
12300,-50,1000,"sd","13:47:37",5174900
12300,-50,1000,"sd","13:47:37",5173900
12300,-50,300,"sd","13:47:37",5172900
12300,-50,2300,"sd","13:47:37",5172600
12300,-50,10000,"sd","13:47:37",5170300
12300,-50,3000,"sd","13:47:37",5160300
12300,-50,5000,"sd","13:47:37",5157300
12300,-50,500,"sd","13:47:37",5152300
12300,-50,300,"sd","13:47:37",5151800
12300,-50,10000,"sd","13:47:37",5151500
12300,-50,3000,"sd","13:47:37",5141500
12300,-50,5700,"sd","13:47:37",5138500
12300,-50,500,"sd","13:47:36",5132800
12300,-50,100,"sd","13:47:31",5132300
12300,-50,3700,"sd","13:47:29",5132200
12300,-50,300,"sd","13:47:29",5128500
12300,-50,500,"sd","13:47:29",5128200
12300,-50,1500,"sd","13:47:17",5127700
12300,-50,10000,"sd","13:47:17",5126200
12300,-50,5000,"sd","13:47:17",5116200
12300,-50,100,"sd","13:47:17",5111200
12300,-50,500,"sd","13:47:17",5111100
12300,-50,20000,"sd","13:47:17",5110600
12300,-50,2900,"sd","13:47:17",5090600
12300,-50,1400,"sd","13:47:17",5087700
12300,-50,200,"sd","13:47:17",5086300
12300,-50,300,"sd","13:47:17",5086100
12300,-50,500,"sd","13:47:17",5085800
12300,-50,2600,"sd","13:47:17",5085300
12300,-50,400,"sd","13:47:17",5082700
12300,-50,500,"sd","13:47:08",5082300
12300,-50,6400,"sd","13:47:00",5081800
12300,-50,200,"sd","13:47:00",5075400
12300,-50,1000,"sd","13:47:00",5075200
12300,-50,2400,"sd","13:47:00",5074200
12350,0,200,"unknown","13:46:49",5071800
12300,-50,7600,"sd","13:46:49",5071600
12350,0,100,"unknown","13:46:49",5064000
12300,-50,200,"sd","13:46:49",5063900
12350,0,1000,"unknown","13:46:49",5063700
12350,0,1100,"unknown","13:46:49",5062700
12350,0,3000,"unknown","13:46:49",5061600
12350,0,1000,"unknown","13:46:49",5058600
12350,0,200,"unknown","13:46:49",5057600
12350,0,500,"unknown","13:46:49",5057400
12350,0,1000,"unknown","13:46:49",5056900
12350,0,100,"unknown","13:46:49",5055900
12350,0,2000,"unknown","13:46:49",5055800
12350,0,700,"unknown","13:46:49",5053800
12350,0,100,"unknown","13:46:49",5053100
12350,0,200,"unknown","13:46:49",5053000
12350,0,1300,"unknown","13:46:49",5052800
12350,0,400,"sd","13:46:49",5051500
12350,0,1000,"sd","13:46:49",5051100
12350,0,1000,"sd","13:46:49",5050100
12350,0,300,"sd","13:46:49",5049100
12350,0,1100,"sd","13:46:49",5048800
12350,0,500,"sd","13:46:49",5047700
12350,0,1000,"sd","13:46:49",5047200
12350,0,100,"sd","13:46:49",5046200
12350,0,3000,"sd","13:46:49",5046100
12350,0,100,"sd","13:46:49",5043100
12350,0,1000,"sd","13:46:49",5043000
12350,0,200,"sd","13:46:49",5042000
12350,0,100,"sd","13:46:49",5041800
12350,0,4000,"sd","13:46:49",5041700
12350,0,500,"sd","13:46:49",5037700
12350,0,1400,"sd","13:46:49",5037200
12350,0,800,"sd","13:46:49",5035800
12350,0,100,"sd","13:46:49",5035000
12350,0,100,"sd","13:46:49",5034900
12350,0,20000,"sd","13:46:49",5034800
12350,0,17000,"sd","13:46:49",5014800
12350,0,600,"sd","13:46:47",4997800
12350,0,300,"sd","13:46:46",4997200
12350,0,10700,"sd","13:46:46",4996900
12350,0,12400,"sd","13:46:46",4986200
12350,0,200,"sd","13:46:46",4973800
12350,0,2000,"sd","13:46:46",4973600
12350,0,1000,"sd","13:46:46",4971600
12350,0,1000,"sd","13:46:46",4970600
12350,0,5000,"sd","13:46:46",4969600
12350,0,100,"sd","13:46:46",4964600
12350,0,2000,"sd","13:46:46",4964500
12350,0,100,"sd","13:46:46",4962500
12350,0,2000,"sd","13:46:46",4962400
12350,0,200,"sd","13:46:46",4960400
12350,0,5000,"sd","13:46:46",4960200
12350,0,5000,"sd","13:46:46",4955200
12350,0,2000,"sd","13:46:46",4950200
12350,0,1000,"sd","13:46:46",4948200
12350,0,9300,"sd","13:46:46",4947200
12350,0,100,"sd","13:46:46",4937900
12350,0,5000,"sd","13:46:46",4937800
12350,0,600,"sd","13:46:46",4932800
12350,0,1000,"sd","13:46:46",4932200
12350,0,100,"sd","13:46:46",4931200
12350,0,500,"sd","13:46:46",4931100
12350,0,5000,"sd","13:46:46",4930600
12350,0,500,"sd","13:46:46",4925600
12350,0,200,"sd","13:46:46",4925100
12350,0,1700,"sd","13:46:46",4924900
12350,0,1000,"sd","13:46:45",4923200
12350,0,300,"sd","13:46:43",4922200
12350,0,300,"sd","13:46:43",4921900
12350,0,9700,"sd","13:46:42",4921600
12350,0,100,"sd","13:46:42",4911900
12350,0,1000,"sd","13:46:42",4911800
12350,0,300,"sd","13:46:42",4910800
12350,0,8900,"sd","13:46:42",4910500
12350,0,1000,"sd","13:46:40",4901600
12350,0,100,"sd","13:46:38",4900600
12350,0,400,"sd","13:46:38",4900500
12350,0,100,"sd","13:46:36",4900100
12350,0,700,"sd","13:46:36",4900000
12350,0,1300,"sd","13:46:30",4899300
12350,0,4000,"sd","13:46:30",4898000
12350,0,100,"sd","13:46:30",4894000
12350,0,4000,"sd","13:46:30",4893900
12350,0,20000,"sd","13:46:30",4889900
12350,0,100,"sd","13:46:30",4869900
12350,0,2000,"sd","13:46:27",4869800
12350,0,3500,"sd","13:46:26",4867800
12350,0,4000,"sd","13:46:24",4864300
12350,0,1000,"sd","13:46:23",4860300
12350,0,9400,"sd","13:46:23",4859300
12350,0,500,"sd","13:46:23",4849900
12350,0,2000,"sd","13:46:23",4849400
12350,0,1000,"sd","13:46:23",4847400
12350,0,11100,"sd","13:46:23",4846400
12350,0,6900,"sd","13:46:22",4835300
12350,0,100,"sd","13:46:22",4828400
12350,0,1800,"sd","13:46:19",4828300
12350,0,5000,"sd","13:46:05",4826500
12350,0,1200,"sd","13:46:05",4821500
12350,0,400,"sd","13:46:01",4820300
12350,0,1500,"sd","13:45:54",4819900
12350,0,500,"sd","13:45:51",4818400
12350,0,5400,"sd","13:45:45",4817900
12350,0,1000,"sd","13:45:33",4812500
12400,50,200,"sd","13:44:54",4811500
12400,50,1000,"sd","13:44:54",4811300
12400,50,100,"sd","13:44:51",4810300
12400,50,200,"sd","13:44:51",4810200
12400,50,500,"sd","13:44:48",4810000
12400,50,500,"sd","13:44:48",4809500
12400,50,1000,"sd","13:44:48",4809000
12400,50,400,"sd","13:44:46",4808000
12400,50,1000,"sd","13:44:46",4807600
12400,50,200,"sd","13:44:40",4806600
12400,50,3900,"sd","13:44:35",4806400
12400,50,500,"sd","13:44:35",4802500
12400,50,500,"sd","13:44:35",4802000
12400,50,100,"sd","13:44:35",4801500
12400,50,1900,"sd","13:44:33",4801400
12400,50,100,"sd","13:44:33",4799500
12400,50,400,"sd","13:44:24",4799400
12400,50,600,"sd","13:44:24",4799000
12400,50,2000,"sd","13:44:18",4798400
12400,50,4000,"sd","13:44:06",4796400
12400,50,200,"sd","13:44:06",4792400
12400,50,100,"sd","13:44:06",4792200
12400,50,1000,"sd","13:44:06",4792100
12400,50,2000,"sd","13:44:06",4791100
12400,50,2800,"sd","13:44:06",4789100
12400,50,200,"sd","13:44:05",4786300
12400,50,5000,"sd","13:44:05",4786100
12400,50,1900,"sd","13:44:05",4781100
12400,50,100,"sd","13:44:02",4779200
12400,50,5000,"sd","13:44:02",4779100
12400,50,2500,"sd","13:44:01",4774100
12400,50,500,"sd","13:44:01",4771600
12400,50,5000,"sd","13:44:01",4771100
12400,50,2900,"sd","13:44:01",4766100
12400,50,10000,"sd","13:44:01",4763200
12400,50,400,"sd","13:43:59",4753200
12400,50,7500,"sd","13:43:52",4752800
12400,50,1000,"sd","13:43:50",4745300
12400,50,3200,"sd","13:43:49",4744300
12400,50,3000,"sd","13:43:49",4741100
12400,50,1000,"sd","13:43:49",4738100
12400,50,100,"sd","13:43:49",4737100
12400,50,100,"sd","13:43:49",4737000
12400,50,1000,"sd","13:43:49",4736900
12400,50,200,"sd","13:43:49",4735900
12400,50,1400,"sd","13:43:49",4735700
12400,50,1000,"sd","13:43:34",4734300
12400,50,300,"sd","13:43:32",4733300
12400,50,15000,"sd","13:43:28",4733000
12400,50,100,"sd","13:43:00",4718000
12400,50,10000,"sd","13:42:30",4717900
12400,50,2500,"sd","13:42:20",4707900
12400,50,400,"sd","13:42:17",4705400
12450,100,100,"bu","13:42:00",4705000
12400,50,2500,"sd","13:41:31",4704900
12400,50,1000,"sd","13:41:30",4702400
12450,100,800,"bu","13:41:05",4701400
12400,50,400,"sd","13:41:01",4700600
12450,100,2000,"bu","13:41:01",4700200
12400,50,1000,"sd","13:41:00",4698200
12400,50,500,"sd","13:40:59",4697200
12450,100,4200,"sd","13:40:33",4696700
12450,100,2000,"bu","13:40:31",4692500
12450,100,5000,"bu","13:40:31",4690500
12450,100,500,"bu","13:40:31",4685500
12450,100,6500,"bu","13:40:31",4685000
12450,100,100,"bu","13:40:31",4678500
12450,100,100,"bu","13:40:31",4678400
12450,100,1000,"bu","13:40:31",4678300
12450,100,2000,"bu","13:40:31",4677300
12450,100,3400,"bu","13:40:31",4675300
12450,100,2000,"bu","13:40:31",4671900
12450,100,1000,"bu","13:40:31",4669900
12450,100,5000,"bu","13:40:31",4668900
12450,100,1000,"bu","13:40:31",4663900
12450,100,100,"bu","13:40:31",4662900
12450,100,400,"bu","13:40:31",4662800
12450,100,5700,"bu","13:40:31",4662400
12400,50,800,"sd","13:40:22",4656700
12400,50,5000,"sd","13:40:18",4655900
12400,50,8100,"sd","13:40:09",4650900
12400,50,500,"sd","13:40:09",4642800
12400,50,200,"sd","13:40:09",4642300
12400,50,1000,"sd","13:40:09",4642100
12400,50,200,"sd","13:40:09",4641100
12400,50,800,"sd","13:40:08",4640900
12400,50,2200,"sd","13:40:08",4640100
12400,50,200,"sd","13:40:02",4637900
12400,50,100,"sd","13:39:54",4637700
12400,50,400,"sd","13:39:46",4637600
12400,50,100,"sd","13:39:33",4637200
12400,50,900,"sd","13:39:33",4637100
12450,100,200,"bu","13:39:27",4636200
12400,50,100,"sd","13:39:22",4636000
12400,50,9900,"sd","13:39:22",4635900
12400,50,100,"sd","13:39:16",4626000
12400,50,500,"sd","13:39:16",4625900
12400,50,200,"sd","13:39:16",4625400
12400,50,500,"sd","13:39:16",4625200
12400,50,1000,"sd","13:39:16",4624700
12400,50,500,"sd","13:39:16",4623700
12400,50,1000,"sd","13:39:16",4623200
12400,50,200,"sd","13:39:16",4622200
12400,50,200,"sd","13:39:16",4622000
12400,50,3000,"sd","13:39:16",4621800
12400,50,2800,"sd","13:39:16",4618800
12450,100,4000,"bu","13:39:10",4616000
12400,50,2000,"sd","13:38:57",4612000
12450,100,1000,"bu","13:38:52",4610000
12400,50,300,"sd","13:38:32",4609000
12400,50,5000,"sd","13:38:31",4608700
12450,100,5000,"bu","13:38:23",4603700
12450,100,10000,"bu","13:38:03",4598700
12400,50,1000,"sd","13:38:03",4588700
12450,100,9800,"bu","13:37:47",4587700
12450,100,200,"bu","13:37:47",4577900
12450,100,2000,"bu","13:37:26",4577700
12450,100,2000,"bu","13:37:26",4575700
12450,100,200,"unknown","13:37:26",4573700
12450,100,500,"sd","13:37:26",4573500
12450,100,600,"sd","13:37:26",4573000
12450,100,2000,"sd","13:37:26",4572400
12450,100,1000,"sd","13:37:25",4570400
12450,100,10000,"sd","13:37:25",4569400
12450,100,2000,"sd","13:37:25",4559400
12450,100,500,"sd","13:37:25",4557400
12450,100,1000,"sd","13:37:25",4556900
12450,100,100,"sd","13:37:25",4555900
12450,100,200,"sd","13:37:25",4555800
12450,100,2000,"sd","13:37:25",4555600
12450,100,5000,"sd","13:37:25",4553600
12450,100,200,"sd","13:37:25",4548600
12450,100,2000,"sd","13:37:25",4548400
12450,100,8500,"sd","13:37:25",4546400
12450,100,5000,"sd","13:37:25",4537900
12450,100,100,"sd","13:37:23",4532900
12450,100,3000,"sd","13:37:23",4532800
12450,100,400,"sd","13:37:16",4529800
12450,100,3000,"sd","13:37:15",4529400
12450,100,5800,"sd","13:37:15",4526400
12450,100,1200,"sd","13:37:14",4520600
12450,100,3800,"sd","13:37:04",4519400
12450,100,200,"sd","13:37:04",4515600
12450,100,1000,"sd","13:37:04",4515400
12450,100,400,"sd","13:36:02",4514400
12500,150,2000,"bu","13:35:29",4514000
12500,150,300,"bu","13:35:12",4512000
12450,100,400,"sd","13:34:48",4511700
12450,100,1000,"sd","13:34:40",4511300
12500,150,100,"bu","13:34:35",4510300
12500,150,4100,"bu","13:34:22",4510200
12500,150,900,"bu","13:34:22",4506100
12500,150,100,"bu","13:34:14",4505200
12500,150,5000,"bu","13:34:14",4505100
12500,150,200,"bu","13:34:14",4500100
12500,150,4000,"bu","13:34:14",4499900
12500,150,100,"bu","13:34:14",4495900
12500,150,300,"bu","13:34:14",4495800
12500,150,300,"bu","13:34:14",4495500
12500,150,300,"bu","13:34:12",4495200
12500,150,400,"bu","13:34:10",4494900
12500,150,2000,"bu","13:34:10",4494500
12500,150,500,"bu","13:34:10",4492500
12500,150,300,"bu","13:34:10",4492000
12500,150,1000,"bu","13:34:10",4491700
12500,150,5000,"bu","13:34:10",4490700
12500,150,800,"bu","13:34:10",4485700
12450,100,100,"sd","13:34:04",4484900
12500,150,200,"bu","13:33:48",4484800
12500,150,500,"bu","13:33:48",4484600
12500,150,300,"bu","13:33:48",4484100
12500,150,500,"bu","13:33:48",4483800
12500,150,100,"bu","13:33:48",4483300
12500,150,18400,"bu","13:33:48",4483200
12500,150,500,"bu","13:33:41",4464800
12450,100,100,"sd","13:33:33",4464300
12450,100,200,"sd","13:33:33",4464200
12500,150,1100,"bu","13:33:31",4464000
12500,150,500,"bu","13:33:31",4462900
12500,150,500,"bu","13:33:31",4462400
12500,150,5000,"bu","13:33:31",4461900
12500,150,2000,"bu","13:33:31",4456900
12500,150,2000,"bu","13:33:31",4454900
12500,150,300,"bu","13:33:31",4452900
12500,150,100,"bu","13:33:31",4452600
12500,150,1000,"bu","13:33:31",4452500
12500,150,800,"bu","13:33:31",4451500
12500,150,1000,"bu","13:33:31",4450700
12500,150,200,"bu","13:33:31",4449700
12500,150,3000,"bu","13:33:31",4449500
12500,150,2000,"bu","13:33:31",4446500
12500,150,500,"bu","13:33:31",4444500
12450,100,4800,"sd","13:33:19",4444000
12450,100,500,"sd","13:33:19",4439200
12450,100,100,"sd","13:33:19",4438700
12450,100,1000,"sd","13:33:19",4438600
12450,100,100,"sd","13:33:19",4437600
12450,100,100,"sd","13:33:19",4437500
12450,100,1400,"sd","13:33:19",4437400
12450,100,2000,"sd","13:33:19",4436000
12500,150,500,"bu","13:33:17",4434000
12500,150,1000,"bu","13:33:06",4433500
12500,150,500,"bu","13:33:06",4432500
12500,150,100,"bu","13:33:00",4432000
12500,150,17400,"bu","13:32:58",4431900
12500,150,20000,"bu","13:32:58",4414500
12500,150,4900,"bu","13:32:58",4394500
12500,150,100,"bu","13:32:58",4389600
12500,150,100,"bu","13:32:58",4389500
12500,150,7500,"bu","13:32:58",4389400
12500,150,100,"bu","13:32:49",4381900
12500,150,500,"bu","13:32:48",4381800
12500,150,100,"bu","13:32:46",4381300
12500,150,1800,"bu","13:32:33",4381200
12500,150,200,"bu","13:32:33",4379400
12500,150,500,"bu","13:32:31",4379200
12450,100,100,"sd","13:32:30",4378700
12500,150,500,"bu","13:32:21",4378600
12450,100,400,"sd","13:32:18",4378100
12500,150,500,"bu","13:32:10",4377700
12500,150,300,"bu","13:32:03",4377200
12500,150,300,"bu","13:32:03",4376900
12500,150,400,"bu","13:32:03",4376600
12500,150,100,"bu","13:32:03",4376200
12500,150,500,"bu","13:32:03",4376100
12500,150,300,"bu","13:32:03",4375600
12500,150,500,"bu","13:32:03",4375300
12500,150,2000,"bu","13:32:03",4374800
12500,150,1000,"bu","13:32:03",4372800
12500,150,5000,"bu","13:32:03",4371800
12500,150,800,"bu","13:32:03",4366800
12500,150,500,"bu","13:32:03",4366000
12500,150,1000,"bu","13:32:03",4365500
12500,150,1000,"bu","13:32:03",4364500
12500,150,2000,"bu","13:32:03",4363500
12500,150,100,"bu","13:32:03",4361500
12500,150,500,"bu","13:32:03",4361400
12500,150,2000,"bu","13:32:03",4360900
12500,150,1700,"bu","13:32:03",4358900
12450,100,2500,"sd","13:31:51",4357200
12500,150,500,"bu","13:31:45",4354700
12450,100,300,"sd","13:31:40",4354200
12450,100,100,"sd","13:31:40",4353900
12450,100,100,"sd","13:31:40",4353800
12450,100,100,"sd","13:31:23",4353700
12450,100,2900,"sd","13:31:20",4353600
12450,100,100,"sd","13:31:20",4350700
12450,100,900,"sd","13:31:15",4350600
12450,100,4000,"sd","13:31:15",4349700
12450,100,100,"sd","13:31:15",4345700
12450,100,500,"sd","13:31:09",4345600
12450,100,1000,"sd","13:31:05",4345100
12450,100,200,"sd","13:31:03",4344100
12450,100,200,"sd","13:31:03",4343900
12450,100,1000,"sd","13:30:49",4343700
12450,100,2000,"sd","13:30:39",4342700
12450,100,100,"sd","13:30:37",4340700
12500,150,400,"bu","13:30:20",4340600
12450,100,1000,"sd","13:30:19",4340200
12450,100,1800,"sd","13:30:12",4339200
12450,100,400,"sd","13:29:47",4337400
12450,100,500,"bu","13:29:27",4337000
12450,100,2000,"bu","13:29:26",4336500
12450,100,4000,"bu","13:29:25",4334500
12450,100,5000,"bu","13:29:25",4330500
12450,100,600,"bu","13:29:24",4325500
12450,100,500,"bu","13:29:20",4324900
12450,100,5000,"bu","13:29:20",4324400
12450,100,1000,"bu","13:29:20",4319400
12450,100,2000,"bu","13:29:18",4318400
12450,100,1000,"bu","13:29:15",4316400
12450,100,500,"bu","13:29:08",4315400
12450,100,400,"bu","13:29:00",4314900
12450,100,5000,"bu","13:29:00",4314500
12450,100,3000,"bu","13:29:00",4309500
12450,100,500,"bu","13:29:00",4306500
12450,100,100,"bu","13:29:00",4306000
12450,100,2500,"bu","13:29:00",4305900
12450,100,2000,"bu","13:29:00",4303400
12450,100,26500,"bu","13:29:00",4301400
12450,100,400,"bu","13:28:54",4274900
12450,100,1000,"bu","13:28:53",4274500
12450,100,100,"bu","13:28:42",4273500
12400,50,400,"sd","13:28:33",4273400
12400,50,2000,"sd","13:28:21",4273000
12450,100,1000,"bu","13:27:47",4271000
12450,100,10000,"bu","13:27:44",4270000
12450,100,1000,"bu","13:27:35",4260000
12450,100,200,"bu","13:27:30",4259000
12450,100,100,"bu","13:27:30",4258800
12450,100,1700,"bu","13:27:30",4258700
12400,50,300,"sd","13:27:18",4257000
12400,50,500,"sd","13:26:45",4256700
12400,50,1000,"sd","13:26:41",4256200
12400,50,2000,"sd","13:26:21",4255200
12400,50,400,"sd","13:26:03",4253200
12400,50,500,"sd","13:25:07",4252800
12400,50,400,"sd","13:24:48",4252300
12400,50,100,"sd","13:24:24",4251900
12400,50,6000,"sd","13:24:15",4251800
12400,50,2000,"sd","13:24:10",4245800
12400,50,5000,"sd","13:23:48",4243800
12450,100,1300,"bu","13:23:20",4238800
12450,100,300,"bu","13:23:20",4237500
12450,100,10000,"bu","13:23:20",4237200
12450,100,100,"bu","13:23:20",4227200
12450,100,100,"bu","13:23:20",4227100
12450,100,2000,"bu","13:23:20",4227000
12450,100,300,"bu","13:23:20",4225000
12450,100,500,"bu","13:23:20",4224700
12450,100,300,"bu","13:23:20",4224200
12450,100,2000,"bu","13:23:20",4223900
12450,100,2500,"bu","13:23:20",4221900
12450,100,500,"bu","13:23:20",4219400
12450,100,100,"bu","13:23:20",4218900
12400,50,300,"sd","13:23:08",4218800
12400,50,600,"sd","13:23:08",4218500
12450,100,1200,"bu","13:22:54",4217900
12450,100,100,"bu","13:22:54",4216700
12450,100,1000,"bu","13:22:54",4216600
12450,100,1300,"bu","13:22:54",4215600
12400,50,100,"sd","13:22:31",4214300
12400,50,500,"sd","13:22:28",4214200
12400,50,800,"sd","13:22:28",4213700
12400,50,200,"sd","13:22:28",4212900
12450,100,500,"bu","13:22:17",4212700
12450,100,3200,"bu","13:22:04",4212200
12450,100,1800,"bu","13:22:04",4209000
12450,100,200,"bu","13:21:54",4207200
12450,100,200,"bu","13:21:54",4207000
12450,100,100,"bu","13:21:54",4206800
12450,100,500,"bu","13:21:54",4206700
12450,100,500,"bu","13:21:11",4206200
12450,100,500,"bu","13:21:02",4205700
12450,100,500,"bu","13:20:52",4205200
12450,100,5000,"bu","13:20:52",4204700
12450,100,1000,"bu","13:20:49",4199700
12450,100,200,"bu","13:20:49",4198700
12450,100,500,"bu","13:20:49",4198500
12450,100,1000,"bu","13:20:49",4198000
12450,100,300,"bu","13:20:49",4197000
12450,100,200,"bu","13:20:49",4196700
12450,100,200,"bu","13:20:49",4196500
12450,100,500,"bu","13:20:43",4196300
12400,50,9800,"sd","13:20:42",4195800
12400,50,200,"sd","13:20:42",4186000
12450,100,600,"bu","13:20:40",4185800
12400,50,1800,"sd","13:20:23",4185200
12400,50,3200,"sd","13:20:23",4183400
12400,50,600,"sd","13:20:02",4180200
12450,100,100,"bu","13:19:59",4179600
12450,100,500,"bu","13:19:55",4179500
12450,100,100,"bu","13:19:50",4179000
12400,50,200,"sd","13:19:25",4178900
12400,50,500,"bu","13:19:17",4178700
12400,50,300,"sd","13:19:17",4178200
12400,50,100,"sd","13:19:17",4177900
12400,50,500,"sd","13:19:17",4177800
12400,50,1600,"sd","13:19:17",4177300
12400,50,400,"sd","13:19:10",4175700
12400,50,400,"sd","13:19:01",4175300
12400,50,700,"sd","13:19:01",4174900
12400,50,2000,"sd","13:18:42",4174200
12400,50,2000,"sd","13:18:26",4172200
12400,50,1300,"sd","13:18:25",4170200
12400,50,3700,"sd","13:18:25",4168900
12400,50,600,"bu","13:18:01",4165200
12400,50,400,"bu","13:17:51",4164600
12400,50,2000,"bu","13:17:51",4164200
12400,50,100,"bu","13:17:51",4162200
12400,50,100,"bu","13:17:51",4162100
12400,50,3200,"bu","13:17:51",4162000
12400,50,500,"bu","13:17:47",4158800
12400,50,5000,"bu","13:17:32",4158300
12400,50,100,"bu","13:17:31",4153300
12400,50,100,"bu","13:17:18",4153200
12400,50,100,"sd","13:17:06",4153100
12400,50,100,"sd","13:17:06",4153000
12400,50,100,"sd","13:17:06",4152900
12400,50,100,"sd","13:17:06",4152800
12400,50,2400,"sd","13:17:06",4152700
12400,50,500,"sd","13:17:04",4150300
12400,50,100,"sd","13:17:04",4149800
12400,50,900,"sd","13:17:04",4149700
12400,50,500,"sd","13:17:03",4148800
12400,50,100,"sd","13:17:03",4148300
12400,50,400,"sd","13:16:56",4148200
12400,50,200,"sd","13:16:56",4147800
12400,50,400,"sd","13:16:56",4147600
12400,50,4600,"sd","13:16:54",4147200
12400,50,100,"sd","13:16:54",4142600
12400,50,100,"sd","13:16:54",4142500
12400,50,200,"sd","13:16:54",4142400
12400,50,200,"sd","13:16:51",4142200
12400,50,3000,"sd","13:16:40",4142000
12400,50,1600,"sd","13:16:36",4139000
12400,50,300,"sd","13:16:36",4137400
12400,50,300,"sd","13:16:36",4137100
12400,50,2800,"sd","13:16:36",4136800
12400,50,500,"sd","13:16:33",4134000
12400,50,800,"sd","13:16:33",4133500
12400,50,5900,"sd","13:16:30",4132700
12400,50,500,"sd","13:16:30",4126800
12400,50,400,"sd","13:16:30",4126300
12400,50,3000,"sd","13:16:30",4125900
12400,50,10200,"sd","13:16:30",4122900
12400,50,1000,"sd","13:16:29",4112700
12400,50,300,"sd","13:16:17",4111700
12400,50,3500,"sd","13:16:16",4111400
12400,50,500,"sd","13:16:16",4107900
12400,50,100,"sd","13:16:16",4107400
12400,50,1000,"sd","13:16:16",4107300
12400,50,300,"sd","13:16:16",4106300
12400,50,100,"sd","13:16:16",4106000
12400,50,1600,"sd","13:16:16",4105900
12400,50,5000,"sd","13:16:16",4104300
12400,50,200,"sd","13:16:16",4099300
12400,50,5000,"sd","13:16:16",4099100
12400,50,2700,"sd","13:16:16",4094100
12400,50,200,"sd","13:16:15",4091400
12400,50,4000,"sd","13:15:51",4091200
12400,50,2000,"sd","13:15:46",4087200
12400,50,100,"sd","13:15:45",4085200
12400,50,2000,"sd","13:15:42",4085100
12400,50,500,"sd","13:15:27",4083100
12400,50,100,"sd","13:15:21",4082600
12400,50,6000,"sd","13:15:11",4082500
12400,50,600,"sd","13:15:09",4076500
12400,50,1800,"sd","13:15:07",4075900
12400,50,7800,"sd","13:14:40",4074100
12400,50,400,"sd","13:14:40",4066300
12400,50,1800,"sd","13:14:40",4065900
12450,100,10000,"bu","13:14:39",4064100
12450,100,2900,"bu","13:14:34",4054100
12450,100,1000,"bu","13:14:30",4051200
12400,50,5000,"sd","13:14:29",4050200
12400,50,200,"sd","13:14:28",4045200
12400,50,800,"sd","13:14:27",4045000
12450,100,4900,"bu","13:14:07",4044200
12450,100,100,"bu","13:14:07",4039300
12450,100,5000,"sd","13:13:28",4039200
12450,100,400,"sd","13:13:28",4034200
12450,100,5000,"sd","13:13:28",4033800
12450,100,1600,"sd","13:13:28",4028800
12450,100,2100,"sd","13:13:28",4027200
12450,100,900,"sd","13:13:22",4025100
12450,100,100,"sd","13:13:22",4024200
12450,100,2000,"sd","13:13:22",4024100
12450,100,8000,"sd","13:13:18",4022100
12450,100,1000,"sd","13:13:18",4014100
12450,100,1000,"sd","13:13:18",4013100
12450,100,900,"sd","13:13:18",4012100
12450,100,300,"sd","13:13:17",4011200
12450,100,1300,"sd","13:13:00",4010900
12450,100,400,"sd","13:12:50",4009600
12450,100,100,"sd","13:12:14",4009200
12450,100,100,"sd","13:12:10",4009100
12450,100,100,"sd","13:12:06",4009000
12450,100,3000,"sd","13:11:58",4008900
12450,100,2000,"sd","13:11:16",4005900
12450,100,1100,"sd","13:11:14",4003900
12450,100,400,"sd","13:11:13",4002800
12500,150,500,"bu","13:11:11",4002400
12450,100,1000,"sd","13:11:09",4001900
12450,100,1200,"sd","13:11:04",4000900
12450,100,2800,"sd","13:11:04",3999700
12450,100,6500,"sd","13:10:58",3996900
12450,100,2000,"sd","13:10:53",3990400
12450,100,3000,"sd","13:10:50",3988400
12450,100,100,"sd","13:10:42",3985400
12450,100,200,"sd","13:10:29",3985300
12450,100,100,"sd","13:10:29",3985100
12450,100,3000,"sd","13:10:24",3985000
12450,100,200,"sd","13:10:01",3982000
12450,100,30000,"bu","13:09:51",3981800
12450,100,5000,"bu","13:09:51",3951800
12450,100,10000,"bu","13:09:51",3946800
12450,100,12700,"bu","13:09:51",3936800
12450,100,3000,"bu","13:09:51",3924100
12450,100,100,"bu","13:09:51",3921100
12450,100,2000,"bu","13:09:51",3921000
12450,100,19200,"bu","13:09:51",3919000
12450,100,100,"bu","13:09:51",3899800
12400,50,500,"sd","13:09:47",3899700
12400,50,6700,"sd","13:09:00",3899200
12400,50,1000,"sd","13:09:00",3892500
12400,50,5000,"sd","13:09:00",3891500
12400,50,1000,"sd","13:09:00",3886500
12400,50,5000,"sd","13:09:00",3885500
12400,50,20000,"sd","13:09:00",3880500
12400,50,1300,"sd","13:09:00",3860500
12400,50,400,"sd","13:08:59",3859200
12400,50,8300,"sd","13:08:48",3858800
12400,50,1700,"sd","13:08:48",3850500
12400,50,14900,"bu","13:08:32",3848800
12400,50,13400,"bu","13:08:32",3833900
12400,50,100,"bu","13:08:31",3820500
12400,50,600,"bu","13:08:29",3820400
12400,50,3200,"bu","13:08:28",3819800
12400,50,200,"bu","13:08:28",3816600
12400,50,500,"bu","13:08:26",3816400
12400,50,20000,"bu","13:08:23",3815900
12400,50,5000,"bu","13:08:22",3795900
12400,50,2000,"bu","13:08:17",3790900
12350,0,2000,"sd","13:08:15",3788900
12350,0,100,"sd","13:08:14",3786900
12400,50,20000,"bu","13:08:12",3786800
12400,50,3000,"bu","13:08:07",3766800
12400,50,6100,"bu","13:08:05",3763800
12400,50,1000,"bu","13:08:05",3757700
12400,50,200,"sd","13:07:54",3756700
12400,50,5000,"sd","13:07:54",3756500
12400,50,2000,"sd","13:07:54",3751500
12400,50,2800,"sd","13:07:54",3749500
12400,50,1000,"sd","13:07:54",3746700
12400,50,2000,"sd","13:07:54",3745700
12400,50,3000,"sd","13:07:54",3743700
12400,50,7300,"sd","13:07:54",3740700
12400,50,1600,"sd","13:07:54",3733400
12450,100,3500,"bu","13:07:51",3731800
12450,100,5000,"bu","13:07:41",3728300
12400,50,100,"sd","13:07:38",3723300
12400,50,1000,"sd","13:07:38",3723200
12400,50,50000,"sd","13:07:38",3722200
12400,50,100,"sd","13:07:38",3672200
12400,50,40000,"sd","13:07:38",3672100
12400,50,5000,"sd","13:07:38",3632100
12400,50,1000,"sd","13:07:38",3627100
12400,50,2000,"sd","13:07:38",3626100
12400,50,1000,"sd","13:07:38",3624100
12400,50,4500,"sd","13:07:38",3623100
12400,50,1000,"sd","13:07:38",3618600
12400,50,4600,"sd","13:07:38",3617600
12400,50,500,"sd","13:07:38",3613000
12400,50,1000,"sd","13:07:38",3612500
12400,50,200,"sd","13:07:38",3611500
12400,50,100,"sd","13:07:38",3611300
12400,50,1000,"sd","13:07:38",3611200
12400,50,100,"sd","13:07:38",3610200
12400,50,3000,"sd","13:07:38",3610100
12400,50,2000,"sd","13:07:38",3607100
12400,50,100,"sd","13:07:38",3605100
12400,50,20000,"sd","13:07:38",3605000
12400,50,500,"sd","13:07:38",3585000
12400,50,2000,"sd","13:07:38",3584500
12400,50,4000,"sd","13:07:38",3582500
12400,50,20000,"sd","13:07:38",3578500
12400,50,600,"sd","13:07:38",3558500
12400,50,6300,"sd","13:07:38",3557900
12400,50,2000,"sd","13:07:38",3551600
12400,50,400,"sd","13:07:38",3549600
12400,50,2000,"sd","13:07:38",3549200
12400,50,3000,"sd","13:07:38",3547200
12400,50,10000,"sd","13:07:38",3544200
12400,50,10000,"sd","13:07:38",3534200
12400,50,200,"sd","13:07:38",3524200
12400,50,700,"sd","13:07:38",3524000
12450,100,4000,"bu","13:07:36",3523300
12450,100,2000,"bu","13:07:32",3519300
12450,100,800,"bu","13:07:27",3517300
12450,100,6000,"bu","13:07:12",3516500
12450,100,4000,"bu","13:07:10",3510500
12450,100,3300,"bu","13:07:04",3506500
12450,100,1700,"bu","13:07:04",3503200
12450,100,3300,"bu","13:07:03",3501500
12450,100,6700,"bu","13:07:03",3498200
12450,100,1000,"bu","13:06:59",3491500
12450,100,2300,"bu","13:06:58",3490500
12450,100,1000,"bu","13:06:58",3488200
12450,100,100,"bu","13:06:58",3487200
12450,100,500,"bu","13:06:58",3487100
12450,100,200,"bu","13:06:58",3486600
12450,100,1000,"bu","13:06:58",3486400
12450,100,100,"bu","13:06:58",3485400
12450,100,1000,"bu","13:06:58",3485300
12450,100,1700,"bu","13:06:58",3484300
12450,100,1300,"bu","13:06:54",3482600
12450,100,100,"bu","13:06:54",3481300
12450,100,700,"bu","13:06:54",3481200
12450,100,900,"bu","13:06:54",3480500
12450,100,10000,"bu","13:06:40",3479600
12450,100,1800,"bu","13:06:34",3469600
12450,100,300,"bu","13:06:34",3467800
12450,100,700,"bu","13:06:34",3467500
12450,100,2000,"bu","13:06:34",3466800
12450,100,200,"bu","13:06:34",3464800
12450,100,200,"bu","13:06:20",3464600
12450,100,100,"bu","13:06:14",3464400
12450,100,400,"bu","13:06:08",3464300
12450,100,600,"bu","13:06:08",3463900
12450,100,6000,"bu","13:06:05",3463300
12450,100,20000,"bu","13:05:56",3457300
12450,100,2000,"bu","13:05:40",3437300
12450,100,300,"bu","13:05:40",3435300
12450,100,500,"bu","13:05:24",3435000
12450,100,5000,"bu","13:05:08",3434500
12450,100,10000,"bu","13:04:43",3429500
12450,100,2000,"bu","13:04:35",3419500
12450,100,1000,"bu","13:04:31",3417500
12450,100,100,"bu","13:04:20",3416500
12450,100,10000,"bu","13:04:11",3416400
12400,50,100,"sd","13:03:05",3406400
12450,100,10000,"bu","13:03:04",3406300
12450,100,4000,"bu","13:02:05",3396300
12450,100,42000,"bu","13:01:57",3392300
12400,50,4200,"sd","13:01:55",3350300
12400,50,800,"sd","13:01:55",3346100
12400,50,100,"sd","13:01:40",3345300
12400,50,100,"sd","13:01:39",3345200
12400,50,1000,"sd","13:01:36",3345100
12400,50,3000,"sd","13:01:29",3344100
12400,50,3700,"sd","13:01:29",3341100
12400,50,1300,"sd","13:01:28",3337400
12400,50,2000,"sd","13:01:28",3336100
12400,50,1800,"sd","13:01:28",3334100
12400,50,4600,"sd","13:01:28",3332300
12400,50,10000,"sd","13:01:28",3327700
12400,50,100,"sd","13:01:28",3317700
12400,50,5000,"sd","13:01:28",3317600
12400,50,200,"sd","13:01:28",3312600
12400,50,1000,"sd","13:01:28",3312400
12400,50,4000,"sd","13:01:28",3311400
12400,50,500,"sd","13:00:53",3307400
12400,50,100,"sd","13:00:50",3306900
12450,100,500,"bu","13:00:26",3306800
12450,100,9000,"bu","13:00:26",3306300
12450,100,1000,"bu","13:00:20",3297300
12450,100,500,"bu","13:00:19",3296300
12450,100,10000,"bu","13:00:19",3295800
12450,100,300,"bu","13:00:15",3285800
12450,100,900,"sd","13:00:13",3285500
12450,100,1000,"sd","13:00:13",3284600
12450,100,1000,"sd","13:00:13",3283600
12450,100,2500,"sd","13:00:13",3282600
12450,100,50000,"sd","13:00:13",3280100
12450,100,200,"sd","13:00:13",3230100
12450,100,300,"sd","13:00:13",3229900
12450,100,1000,"sd","13:00:13",3229600
12450,100,8300,"sd","13:00:13",3228600
12450,100,6000,"sd","13:00:11",3220300
12450,100,400,"sd","13:00:11",3214300
12450,100,500,"sd","13:00:09",3213900
12450,100,1000,"sd","13:00:09",3213400
12450,100,1300,"sd","13:00:09",3212400
12450,100,2500,"sd","13:00:08",3211100
12450,100,500,"sd","13:00:08",3208600
12450,100,10000,"sd","13:00:08",3208100
12450,100,6000,"sd","13:00:08",3198100
12450,100,100,"sd","13:00:08",3192100
12450,100,5000,"sd","13:00:08",3192000
12450,100,10000,"sd","13:00:08",3187000
12450,100,500,"sd","13:00:08",3177000
12450,100,100,"sd","13:00:08",3176500
12450,100,100000,"sd","13:00:08",3176400
12450,100,15300,"sd","13:00:08",3076400
12500,150,4000,"bu","13:00:07",3061100
12450,100,4700,"sd","13:00:07",3057100
12450,100,2000,"sd","13:00:07",3052400
12450,100,3300,"sd","13:00:07",3050400
12450,100,500,"sd","13:00:05",3047100
12450,100,2800,"sd","13:00:02",3046600
12450,100,400,"sd","13:00:02",3043800
12450,100,500,"sd","13:00:02",3043400
12450,100,3900,"sd","13:00:02",3042900
12450,100,800,"sd","13:00:02",3039000
12450,100,6200,"sd","13:00:02",3038200
12450,100,3900,"sd","13:00:01",3032000
12500,150,100,"bu","13:00:01",3028100
12500,150,2700,"bu","13:00:01",3028000
12450,100,1000,"sd","13:00:01",3025300
12450,100,800,"sd","13:00:01",3024300
12500,150,2600,"bu","13:00:00",3023500
12500,150,1000,"bu","13:00:00",3020900
12500,150,800,"bu","13:00:00",3019900
12500,150,1000,"bu","13:00:00",3019100
12500,150,400,"bu","13:00:00",3018100
12500,150,3000,"bu","13:00:00",3017700
12500,150,2500,"bu","13:00:00",3014700
12500,150,800,"bu","13:00:00",3012200
12500,150,1000,"bu","13:00:00",3011400
12500,150,500,"bu","13:00:00",3010400
12500,150,500,"bu","13:00:00",3009900
12500,150,3000,"bu","13:00:00",3009400
12450,100,800,"sd","11:29:06",3006400
12450,100,1000,"sd","11:29:05",3005600
12450,100,9000,"sd","11:29:05",3004600
12450,100,800,"sd","11:28:50",2995600
12500,150,1600,"bu","11:27:34",2994800
12500,150,5000,"bu","11:27:01",2993200
12500,150,300,"bu","11:24:36",2988200
12450,100,200,"sd","11:24:10",2987900
12450,100,400,"sd","11:24:10",2987700
12450,100,10000,"sd","11:24:09",2987300
12450,100,200,"sd","11:23:30",2977300
12450,100,200,"sd","11:23:30",2977100
12450,100,200,"sd","11:23:30",2976900
12450,100,200,"sd","11:23:30",2976700
12450,100,800,"sd","11:23:15",2976500
12500,150,400,"sd","11:22:51",2975700
12500,150,1000,"sd","11:22:51",2975300
12500,150,600,"sd","11:22:50",2974300
12500,150,100,"sd","11:22:50",2973700
12500,150,400,"sd","11:22:50",2973600
12500,150,2000,"sd","11:22:50",2973200
12500,150,1900,"sd","11:22:50",2971200
12500,150,3100,"sd","11:22:48",2969300
12500,150,5000,"sd","11:22:48",2966200
12500,150,200,"sd","11:22:48",2961200
12500,150,10000,"sd","11:22:47",2961000
12500,150,9800,"sd","11:22:42",2951000
12500,150,10000,"sd","11:22:42",2941200
12500,150,30000,"sd","11:22:42",2931200
12500,150,600,"sd","11:22:42",2901200
12500,150,3000,"sd","11:22:42",2900600
12500,150,2000,"sd","11:22:42",2897600
12500,150,44600,"sd","11:22:42",2895600
12500,150,5000,"sd","11:22:40",2851000
12500,150,30400,"sd","11:22:33",2846000
12500,150,2000,"sd","11:22:33",2815600
12500,150,100,"sd","11:22:33",2813600
12500,150,600,"sd","11:22:33",2813500
12500,150,500,"sd","11:22:33",2812900
12500,150,100,"sd","11:22:33",2812400
12500,150,1500,"sd","11:22:33",2812300
12500,150,4800,"sd","11:22:33",2810800
12500,150,5200,"sd","11:22:25",2806000
12500,150,7000,"sd","11:22:25",2800800
12500,150,7800,"sd","11:22:25",2793800
12500,150,20000,"sd","11:22:08",2786000
12500,150,2000,"sd","11:22:02",2766000
12500,150,5000,"sd","11:21:19",2764000
12500,150,500,"sd","11:20:58",2759000
12500,150,8000,"sd","11:20:57",2758500
12500,150,100,"sd","11:20:55",2750500
12500,150,2000,"sd","11:20:45",2750400
12500,150,800,"sd","11:20:18",2748400
12500,150,800,"sd","11:20:17",2747600
12500,150,1000,"sd","11:18:45",2746800
12550,200,2000,"bu","11:17:38",2745800
12550,200,100,"bu","11:17:29",2743800
12550,200,500,"bu","11:17:26",2743700
12550,200,1000,"bu","11:16:52",2743200
12550,200,700,"bu","11:16:52",2742200
12550,200,100,"bu","11:16:52",2741500
12550,200,100,"bu","11:16:48",2741400
12550,200,100,"bu","11:16:08",2741300
12550,200,1800,"bu","11:16:08",2741200
12550,200,3000,"bu","11:15:55",2739400
12550,200,200,"sd","11:15:55",2736400
12550,200,100,"sd","11:15:49",2736200
12550,200,700,"bu","11:15:46",2736100
12550,200,1000,"sd","11:15:45",2735400
12550,200,1000,"sd","11:15:45",2734400
12550,200,1000,"sd","11:15:45",2733400
12550,200,300,"sd","11:15:45",2732400
12550,200,1500,"sd","11:15:45",2732100
12550,200,500,"sd","11:15:45",2730600
12550,200,3000,"sd","11:15:45",2730100
12550,200,1000,"sd","11:15:45",2727100
12550,200,100,"sd","11:15:40",2726100
12550,200,1000,"sd","11:15:37",2726000
12550,200,200,"sd","11:15:28",2725000
12550,200,2000,"sd","11:15:17",2724800
12550,200,3000,"sd","11:14:51",2722800
12550,200,100,"sd","11:14:47",2719800
12550,200,4000,"sd","11:14:44",2719700
12550,200,500,"sd","11:14:30",2715700
12550,200,1700,"sd","11:14:05",2715200
12550,200,1000,"sd","11:14:01",2713500
12550,200,5400,"sd","11:14:00",2712500
12550,200,3000,"sd","11:14:00",2707100
12550,200,1000,"sd","11:14:00",2704100
12550,200,600,"sd","11:14:00",2703100
12550,200,900,"sd","11:13:46",2702500
12550,200,300,"sd","11:13:46",2701600
12550,200,800,"sd","11:13:46",2701300
12550,200,200,"sd","11:13:40",2700500
12550,200,1100,"sd","11:13:11",2700300
12600,250,200,"bu","11:12:32",2699200
12550,200,100,"sd","11:12:23",2699000
12550,200,200,"bu","11:12:08",2698900
12550,200,900,"bu","11:12:08",2698700
12550,200,5000,"bu","11:12:02",2697800
12550,200,6000,"bu","11:11:59",2692800
12550,200,1000,"bu","11:11:56",2686800
12550,200,5000,"bu","11:11:35",2685800
12550,200,10000,"bu","11:11:27",2680800
12550,200,6000,"sd","11:10:59",2670800
12550,200,2000,"sd","11:10:59",2664800
12550,200,5000,"sd","11:10:59",2662800
12550,200,59100,"sd","11:10:59",2657800
12550,200,1000,"bu","11:10:03",2598700
12550,200,1500,"bu","11:10:03",2597700
12550,200,1500,"bu","11:10:03",2596200
12550,200,10000,"bu","11:10:03",2594700
12550,200,2000,"bu","11:10:03",2584700
12550,200,100,"bu","11:10:03",2582700
12550,200,600,"bu","11:10:03",2582600
12550,200,1000,"bu","11:10:03",2582000
12550,200,200,"bu","11:10:03",2581000
12550,200,6900,"bu","11:10:03",2580800
12550,200,100,"bu","11:10:03",2573900
12550,200,100,"bu","11:10:03",2573800
12550,200,500,"bu","11:10:03",2573700
12550,200,100,"bu","11:10:03",2573200
12550,200,1000,"bu","11:10:03",2573100
12550,200,500,"bu","11:10:03",2572100
12550,200,13800,"bu","11:10:03",2571600
12550,200,2000,"bu","11:08:59",2557800
12500,150,500,"sd","11:08:56",2555800
12550,200,1000,"bu","11:08:35",2555300
12550,200,1900,"bu","11:08:32",2554300
12550,200,2000,"bu","11:08:10",2552400
12550,200,5000,"bu","11:07:58",2550400
12550,200,1000,"bu","11:07:54",2545400
12550,200,3000,"bu","11:07:24",2544400
12550,200,100,"bu","11:07:19",2541400
12550,200,1900,"bu","11:06:59",2541300
12550,200,300,"bu","11:06:51",2539400
12500,150,1500,"sd","11:05:13",2539100
12500,150,300,"sd","11:05:13",2537600
12500,150,3000,"sd","11:05:13",2537300
12500,150,200,"sd","11:05:13",2534300
12550,200,1500,"bu","11:05:09",2534100
12550,200,100,"bu","11:05:08",2532600
12550,200,600,"sd","11:04:59",2532500
12550,200,9000,"sd","11:04:59",2531900
12550,200,2300,"sd","11:04:59",2522900
12550,200,1000,"sd","11:04:59",2520600
12550,200,2500,"sd","11:04:59",2519600
12550,200,1000,"sd","11:04:59",2517100
12550,200,100,"sd","11:04:37",2516100
12550,200,100,"sd","11:04:26",2516000
12550,200,100,"sd","11:04:23",2515900
12550,200,100,"sd","11:04:20",2515800
12600,250,700,"bu","11:04:20",2515700
12600,250,500,"bu","11:04:20",2515000
12600,250,2000,"bu","11:04:20",2514500
12600,250,200,"bu","11:04:20",2512500
12600,250,100,"bu","11:04:20",2512300
12600,250,500,"bu","11:04:20",2512200
12600,250,1000,"bu","11:04:20",2511700
12550,200,100,"sd","11:04:18",2510700
12550,200,100,"sd","11:04:10",2510600
12550,200,100,"bu","11:03:46",2510500
12550,200,2300,"bu","11:03:46",2510400
12500,150,100,"sd","11:03:40",2508100
12550,200,400,"sd","11:03:33",2508000
12550,200,4700,"sd","11:03:33",2507600
12550,200,300,"sd","11:03:33",2502900
12550,200,200,"sd","11:03:33",2502600
12550,200,600,"sd","11:03:31",2502400
12550,200,3500,"sd","11:03:30",2501800
12550,200,1500,"sd","11:03:30",2498300
12550,200,1000,"sd","11:03:28",2496800
12550,200,1000,"sd","11:03:23",2495800
12550,200,300,"sd","11:03:20",2494800
12550,200,4700,"sd","11:03:20",2494500
12550,200,100,"sd","11:03:09",2489800
12550,200,2500,"sd","11:03:09",2489700
12550,200,1200,"sd","11:02:43",2487200
12550,200,3000,"sd","11:02:40",2486000
12550,200,5000,"sd","11:02:33",2483000
12550,200,100,"sd","11:02:20",2478000
12550,200,5000,"sd","11:01:42",2477900
12550,200,1000,"bu","11:00:37",2472900
12550,200,20000,"bu","11:00:37",2471900
12550,200,100,"bu","11:00:37",2451900
12550,200,200,"bu","11:00:37",2451800
12550,200,300,"bu","11:00:37",2451600
12550,200,1000,"bu","11:00:37",2451300
12550,200,3000,"bu","11:00:37",2450300
12550,200,200,"bu","11:00:37",2447300
12550,200,1000,"bu","11:00:37",2447100
12550,200,800,"bu","11:00:37",2446100
12550,200,800,"bu","11:00:37",2445300
12550,200,1000,"bu","11:00:37",2444500
12550,200,500,"bu","11:00:37",2443500
12550,200,200,"bu","11:00:37",2443000
12550,200,200,"bu","11:00:37",2442800
12550,200,20000,"bu","11:00:37",2442600
12550,200,500,"bu","11:00:37",2422600
12550,200,2100,"bu","11:00:37",2422100
12550,200,10000,"bu","11:00:37",2420000
12550,200,1400,"bu","11:00:37",2410000
12550,200,2200,"bu","11:00:37",2408600
12550,200,500,"bu","11:00:37",2406400
12550,200,2000,"bu","11:00:37",2405900
12550,200,100,"bu","11:00:37",2403900
12550,200,3100,"bu","11:00:37",2403800
12550,200,300,"bu","11:00:37",2400700
12550,200,2000,"bu","11:00:37",2400400
12550,200,5000,"bu","11:00:37",2398400
12550,200,800,"bu","11:00:37",2393400
12550,200,100,"bu","11:00:37",2392600
12550,200,100000,"bu","11:00:37",2392500
12550,200,800,"bu","11:00:37",2292500
12550,200,700,"bu","11:00:37",2291700
12550,200,4000,"bu","11:00:37",2291000
12550,200,1300,"bu","11:00:37",2287000
12550,200,200,"bu","11:00:37",2285700
12550,200,100,"bu","11:00:37",2285500
12550,200,5000,"bu","11:00:37",2285400
12550,200,500,"bu","11:00:37",2280400
12550,200,6000,"bu","11:00:37",2279900
12550,200,4000,"bu","11:00:37",2273900
12550,200,10700,"bu","11:00:37",2269900
12550,200,300,"bu","11:00:37",2259200
12550,200,500,"bu","11:00:37",2258900
12550,200,1000,"bu","11:00:37",2258400
12550,200,200,"bu","11:00:37",2257400
12550,200,4500,"bu","11:00:37",2257200
12550,200,8000,"bu","11:00:37",2252700
12550,200,200,"bu","11:00:37",2244700
12550,200,200,"bu","11:00:10",2244500
12500,150,100,"sd","10:59:48",2244300
12500,150,2000,"sd","10:59:43",2244200
12500,150,47600,"bu","10:59:33",2242200
12500,150,2400,"sd","10:59:08",2194600
12500,150,100,"sd","10:58:49",2192200
12500,150,3900,"sd","10:58:49",2192100
12500,150,1000,"sd","10:58:48",2188200
12500,150,5100,"sd","10:58:46",2187200
12500,150,1000,"sd","10:58:46",2182100
12500,150,100,"sd","10:58:46",2181100
12500,150,20000,"sd","10:58:46",2181000
12500,150,500,"sd","10:58:46",2161000
12500,150,3500,"sd","10:58:46",2160500
12500,150,400,"sd","10:58:09",2157000
12500,150,500,"sd","10:57:58",2156600
12550,200,100,"bu","10:57:56",2156100
12500,150,600,"sd","10:56:52",2156000
12500,150,200,"sd","10:56:52",2155400
12500,150,100,"sd","10:56:52",2155200
12500,150,10000,"sd","10:56:52",2155100
12500,150,4900,"sd","10:56:52",2145100
12500,150,2000,"sd","10:56:52",2140200
12500,150,2200,"sd","10:56:52",2138200
12500,150,300,"sd","10:56:50",2136000
12500,150,700,"sd","10:56:05",2135700
12500,150,1800,"sd","10:55:54",2135000
12500,150,200,"sd","10:55:54",2133200
12500,150,600,"sd","10:55:35",2133000
12500,150,1000,"sd","10:55:35",2132400
12500,150,2500,"sd","10:55:35",2131400
12500,150,1900,"sd","10:55:35",2128900
12500,150,100,"sd","10:55:33",2127000
12500,150,8000,"sd","10:55:22",2126900
12500,150,2000,"sd","10:55:22",2118900
12550,200,1000,"bu","10:55:21",2116900
12500,150,2000,"sd","10:55:19",2115900
12500,150,10000,"sd","10:55:19",2113900
12500,150,8000,"sd","10:55:19",2103900
12550,200,100,"bu","10:55:02",2095900
12550,200,1100,"bu","10:54:40",2095800
12500,150,1500,"sd","10:54:16",2094700
12550,200,1300,"bu","10:54:13",2093200
12500,150,500,"sd","10:53:58",2091900
12500,150,3500,"sd","10:53:58",2091400
12500,150,2000,"sd","10:53:45",2087900
12550,200,500,"bu","10:53:40",2085900
12550,200,3000,"bu","10:53:40",2085400
12550,200,20000,"bu","10:53:40",2082400
12550,200,500,"bu","10:53:40",2062400
12550,200,500,"bu","10:53:01",2061900
12550,200,2000,"bu","10:51:15",2061400
12500,150,200,"sd","10:51:06",2059400
12500,150,300,"sd","10:50:57",2059200
12500,150,4000,"sd","10:50:43",2058900
12500,150,1000,"sd","10:50:43",2054900
12500,150,200,"bu","10:50:20",2053900
12500,150,500,"bu","10:50:20",2053700
12500,150,200,"bu","10:50:14",2053200
12500,150,300,"sd","10:49:57",2053000
12500,150,700,"sd","10:49:43",2052700
12500,150,1000,"sd","10:49:43",2052000
12500,150,3300,"sd","10:49:43",2051000
12500,150,1000,"sd","10:49:13",2047700
12500,150,300,"sd","10:48:52",2046700
12500,150,400,"sd","10:48:27",2046400
12500,150,200,"sd","10:48:27",2046000
12500,150,400,"sd","10:48:27",2045800
12500,150,1600,"sd","10:48:23",2045400
12500,150,1000,"sd","10:48:23",2043800
12500,150,600,"sd","10:48:23",2042800
12500,150,1800,"sd","10:48:23",2042200
12500,150,100,"sd","10:48:18",2040400
12500,150,3000,"sd","10:47:53",2040300
12500,150,100,"sd","10:47:53",2037300
12500,150,200,"sd","10:47:49",2037200
12500,150,800,"sd","10:47:37",2037000
12500,150,500,"sd","10:47:36",2036200
12500,150,3500,"sd","10:47:12",2035700
12500,150,1500,"sd","10:47:12",2032200
12500,150,500,"sd","10:46:47",2030700
12500,150,1000,"bu","10:46:43",2030200
12500,150,100,"sd","10:45:51",2029200
12500,150,100,"sd","10:45:49",2029100
12500,150,200,"sd","10:45:28",2029000
12500,150,1800,"sd","10:45:28",2028800
12500,150,200,"sd","10:44:54",2027000
12500,150,500,"sd","10:44:49",2026800
12500,150,900,"sd","10:44:26",2026300
12500,150,500,"bu","10:44:18",2025400
12500,150,300,"bu","10:44:18",2024900
12500,150,700,"bu","10:44:18",2024600
12500,150,500,"bu","10:43:39",2023900
12500,150,3800,"bu","10:43:29",2023400
12500,150,200,"bu","10:43:29",2019600
12500,150,3000,"bu","10:43:29",2019400
12500,150,3000,"bu","10:43:22",2016400
12500,150,2000,"bu","10:43:20",2013400
12500,150,2000,"bu","10:43:02",2011400
12500,150,1000,"bu","10:43:02",2009400
12500,150,1600,"bu","10:43:02",2008400
12500,150,5000,"bu","10:43:02",2006800
12500,150,5000,"bu","10:43:02",2001800
12500,150,600,"bu","10:43:02",1996800
12500,150,100,"bu","10:43:02",1996200
12500,150,14700,"bu","10:43:02",1996100
12500,150,1000,"bu","10:42:59",1981400
12500,150,2000,"bu","10:42:58",1980400
12500,150,200,"bu","10:42:40",1978400
12500,150,1000,"bu","10:42:13",1978200
12500,150,5000,"bu","10:42:03",1977200
12500,150,1000,"bu","10:41:58",1972200
12500,150,500,"bu","10:41:49",1971200
12500,150,1000,"bu","10:40:49",1970700
12500,150,2000,"bu","10:39:49",1969700
12500,150,1600,"bu","10:39:09",1967700
12500,150,3400,"bu","10:39:09",1966100
12500,150,1600,"sd","10:38:45",1962700
12500,150,1000,"sd","10:38:23",1961100
12500,150,100,"bu","10:38:19",1960100
12450,100,300,"sd","10:37:57",1960000
12500,150,700,"sd","10:37:57",1959700
12500,150,200,"sd","10:37:55",1959000
12500,150,100,"sd","10:37:54",1958800
12500,150,1000,"sd","10:37:54",1958700
12450,100,100,"sd","10:37:31",1957700
12500,150,400,"sd","10:37:31",1957600
12500,150,200,"bu","10:37:19",1957200
12500,150,1000,"bu","10:37:19",1957000
12500,150,3000,"bu","10:37:19",1956000
12500,150,100,"bu","10:37:19",1953000
12500,150,300,"bu","10:37:19",1952900
12500,150,700,"bu","10:35:40",1952600
12500,150,900,"bu","10:34:51",1951900
12500,150,10000,"bu","10:34:49",1951000
12500,150,5000,"bu","10:34:12",1941000
12500,150,600,"bu","10:34:01",1936000
12500,150,900,"bu","10:34:01",1935400
12500,150,500,"bu","10:34:01",1934500
12500,150,4200,"sd","10:33:35",1934000
12500,150,30000,"sd","10:33:27",1929800
12500,150,3000,"bu","10:33:09",1899800
12500,150,500,"bu","10:33:09",1896800
12500,150,3000,"bu","10:33:09",1896300
12500,150,5000,"bu","10:33:09",1893300
12500,150,3000,"bu","10:33:09",1888300
12500,150,5000,"bu","10:33:09",1885300
12500,150,1000,"bu","10:33:09",1880300
12500,150,500,"bu","10:33:09",1879300
12500,150,900,"bu","10:33:09",1878800
12500,150,500,"bu","10:33:09",1877900
12500,150,200,"bu","10:33:09",1877400
12500,150,2000,"bu","10:33:09",1877200
12500,150,2000,"bu","10:33:09",1875200
12500,150,300,"bu","10:33:09",1873200
12500,150,5000,"bu","10:33:09",1872900
12500,150,500,"bu","10:33:09",1867900
12500,150,500,"bu","10:33:09",1867400
12500,150,10000,"bu","10:33:09",1866900
12500,150,500,"bu","10:33:09",1856900
12500,150,1000,"bu","10:33:09",1856400
12500,150,200,"bu","10:33:09",1855400
12500,150,1000,"bu","10:33:09",1855200
12500,150,500,"bu","10:33:09",1854200
12500,150,3000,"bu","10:33:09",1853700
12500,150,8000,"bu","10:33:09",1850700
12500,150,500,"bu","10:33:09",1842700
12500,150,100,"bu","10:33:09",1842200
12500,150,400,"bu","10:33:09",1842100
12500,150,200,"bu","10:33:09",1841700
12500,150,7500,"bu","10:33:09",1841500
12500,150,2000,"bu","10:32:21",1834000
12500,150,3000,"bu","10:32:21",1832000
12450,100,7600,"sd","10:32:07",1829000
12450,100,300,"sd","10:32:07",1821400
12450,100,700,"sd","10:32:07",1821100
12500,150,300,"bu","10:31:52",1820400
12500,150,200,"bu","10:31:15",1820100
12500,150,3000,"bu","10:31:06",1819900
12500,150,1000,"bu","10:30:08",1816900
12500,150,100,"bu","10:29:44",1815900
12500,150,200,"bu","10:29:31",1815800
12500,150,400,"bu","10:29:14",1815600
12500,150,400,"bu","10:28:50",1815200
12500,150,1900,"bu","10:28:47",1814800
12500,150,3100,"bu","10:28:47",1812900
12500,150,100,"bu","10:28:34",1809800
12500,150,6800,"bu","10:28:25",1809700
12500,150,500,"bu","10:28:25",1802900
12500,150,500,"bu","10:28:25",1802400
12500,150,2200,"bu","10:28:25",1801900
12500,150,500,"bu","10:28:17",1799700
12500,150,2300,"bu","10:27:54",1799200
12500,150,1000,"bu","10:27:54",1796900
12500,150,1000,"bu","10:27:54",1795900
12500,150,10000,"bu","10:27:54",1794900
12500,150,700,"bu","10:27:54",1784900
12500,150,200,"bu","10:27:39",1784200
12500,150,1100,"bu","10:27:08",1784000
12500,150,100,"bu","10:27:08",1782900
12500,150,500,"bu","10:27:08",1782800
12500,150,1300,"bu","10:27:08",1782300
12500,150,3700,"bu","10:26:59",1781000
12500,150,5000,"bu","10:26:59",1777300
12500,150,1300,"bu","10:26:59",1772300
12500,150,300,"bu","10:26:52",1771000
12500,150,400,"bu","10:26:47",1770700
12500,150,300,"bu","10:26:47",1770300
12500,150,9700,"bu","10:26:03",1770000
12500,150,1000,"bu","10:26:03",1760300
12500,150,100,"bu","10:26:03",1759300
12500,150,5000,"bu","10:26:03",1759200
12500,150,100,"bu","10:26:03",1754200
12500,150,2000,"bu","10:26:03",1754100
12500,150,400,"bu","10:26:03",1752100
12500,150,1700,"bu","10:26:03",1751700
12500,150,300,"bu","10:25:42",1750000
12500,150,8300,"bu","10:25:38",1749700
12500,150,400,"bu","10:25:38",1741400
12500,150,1000,"bu","10:25:38",1741000
12500,150,200,"bu","10:25:38",1740000
12500,150,200,"bu","10:25:38",1739800
12500,150,3000,"bu","10:25:38",1739600
12500,150,2200,"bu","10:25:38",1736600
12500,150,300,"bu","10:25:38",1734400
12500,150,2000,"bu","10:25:38",1734100
12500,150,2100,"bu","10:25:38",1732100
12500,150,200,"bu","10:25:38",1730000
12500,150,100,"bu","10:25:38",1729800
12500,150,900,"bu","10:25:28",1729700
12500,150,5000,"bu","10:25:28",1728800
12500,150,1800,"bu","10:25:28",1723800
12450,100,4300,"sd","10:25:21",1722000
12450,100,100,"sd","10:25:21",1717700
12450,100,600,"sd","10:25:21",1717600
12500,150,200,"bu","10:25:13",1717000
12500,150,100,"bu","10:25:13",1716800
12500,150,4700,"bu","10:25:13",1716700
12500,150,1500,"bu","10:25:10",1712000
12500,150,100,"bu","10:23:37",1710500
12500,150,1800,"bu","10:23:35",1710400
12500,150,1900,"bu","10:22:21",1708600
12500,150,200,"bu","10:22:21",1706700
12500,150,300,"bu","10:22:12",1706500
12500,150,100,"bu","10:22:12",1706200
12500,150,100,"bu","10:22:12",1706100
12450,100,400,"bu","10:21:32",1706000
12450,100,500,"bu","10:21:32",1705600
12450,100,1500,"bu","10:21:32",1705100
12450,100,1000,"bu","10:21:30",1703600
12450,100,1000,"bu","10:21:28",1702600
12450,100,1000,"bu","10:21:28",1701600
12450,100,1000,"bu","10:21:27",1700600
12450,100,300,"bu","10:21:25",1699600
12450,100,3000,"bu","10:21:12",1699300
12450,100,3000,"bu","10:21:05",1696300
12450,100,1700,"bu","10:20:57",1693300
12450,100,5000,"bu","10:20:57",1691600
12400,50,400,"sd","10:20:12",1686600
12400,50,200,"sd","10:20:12",1686200
12400,50,4400,"sd","10:20:12",1686000
12400,50,500,"sd","10:19:58",1681600
12400,50,100,"sd","10:19:48",1681100
12400,50,200,"sd","10:19:48",1681000
12400,50,2600,"sd","10:19:48",1680800
12400,50,1000,"sd","10:19:28",1678200
12400,50,1400,"sd","10:18:49",1677200
12400,50,300,"sd","10:18:49",1675800
12400,50,500,"sd","10:18:49",1675500
12400,50,4800,"sd","10:18:49",1675000
12400,50,200,"sd","10:18:28",1670200
12400,50,100,"sd","10:18:14",1670000
12400,50,900,"bu","10:18:13",1669900
12400,50,100,"bu","10:18:09",1669000
12400,50,500,"bu","10:18:09",1668900
12400,50,100,"bu","10:18:09",1668400
12400,50,200,"bu","10:18:09",1668300
12400,50,9100,"bu","10:18:09",1668100
12400,50,200,"bu","10:18:07",1659000
12400,50,700,"bu","10:17:39",1658800
12400,50,3000,"bu","10:17:39",1658100
12400,50,5000,"bu","10:17:39",1655100
12400,50,300,"bu","10:17:39",1650100
12400,50,300,"bu","10:17:39",1649800
12400,50,10000,"bu","10:17:39",1649500
12400,50,1000,"bu","10:17:39",1639500
12400,50,3000,"bu","10:17:39",1638500
12400,50,26700,"bu","10:17:39",1635500
12400,50,1000,"bu","10:17:11",1608800
12400,50,100,"bu","10:16:12",1607800
12400,50,500,"bu","10:15:26",1607700
12350,0,200,"sd","10:15:02",1607200
12400,50,100,"bu","10:14:15",1607000
12400,50,900,"bu","10:14:14",1606900
12400,50,20000,"bu","10:13:53",1606000
12350,0,10000,"sd","10:13:37",1586000
12350,0,10000,"sd","10:13:29",1576000
12350,0,300,"sd","10:13:11",1566000
12350,0,300,"sd","10:13:07",1565700
12350,0,1000,"sd","10:13:01",1565400
12350,0,500,"sd","10:12:55",1564400
12350,0,1000,"sd","10:12:54",1563900
12350,0,200,"sd","10:12:38",1562900
12400,50,700,"bu","10:12:00",1562700
12400,50,2300,"bu","10:11:51",1562000
12400,50,100,"bu","10:11:51",1559700
12400,50,600,"bu","10:11:51",1559600
12400,50,3000,"bu","10:11:35",1559000
12400,50,6400,"bu","10:11:27",1556000
12400,50,5000,"sd","10:11:17",1549600
12400,50,4500,"sd","10:11:17",1544600
12400,50,500,"sd","10:11:17",1540100
12400,50,1000,"sd","10:11:14",1539600
12400,50,1000,"sd","10:11:12",1538600
12400,50,7500,"sd","10:11:10",1537600
12400,50,200,"sd","10:11:10",1530100
12400,50,6800,"sd","10:11:10",1529900
12400,50,400,"sd","10:11:09",1523100
12400,50,100,"sd","10:11:09",1522700
12400,50,100,"sd","10:11:09",1522600
12400,50,200,"sd","10:11:09",1522500
12400,50,5000,"sd","10:11:09",1522300
12400,50,3000,"sd","10:11:09",1517300
12400,50,600,"sd","10:11:09",1514300
12400,50,200,"sd","10:11:09",1513700
12400,50,2400,"sd","10:11:09",1513500
12400,50,2300,"sd","10:11:09",1511100
12400,50,100,"sd","10:11:09",1508800
12400,50,1000,"sd","10:11:09",1508700
12400,50,100,"sd","10:11:09",1507700
12400,50,800,"sd","10:11:07",1507600
12400,50,400,"sd","10:11:07",1506800
12400,50,100,"sd","10:11:07",1506400
12400,50,3700,"sd","10:11:07",1506300
12400,50,3300,"sd","10:10:59",1502600
12400,50,5000,"sd","10:10:59",1499300
12400,50,200,"sd","10:10:59",1494300
12400,50,1500,"sd","10:10:59",1494100
12400,50,100,"sd","10:10:59",1492600
12400,50,3000,"sd","10:10:58",1492500
12400,50,1000,"sd","10:10:35",1489500
12400,50,2000,"sd","10:10:17",1488500
12450,100,500,"bu","10:10:15",1486500
12400,50,1000,"sd","10:10:08",1486000
12450,100,700,"bu","10:10:03",1485000
12450,100,1200,"bu","10:10:03",1484300
12450,100,1000,"bu","10:10:03",1483100
12450,100,100,"bu","10:10:03",1482100
12450,100,5000,"bu","10:10:03",1482000
12450,100,300,"bu","10:10:03",1477000
12450,100,1700,"bu","10:10:03",1476700
12400,50,500,"sd","10:09:54",1475000
12450,100,2300,"bu","10:09:54",1474500
12450,100,800,"bu","10:09:54",1472200
12450,100,6900,"bu","10:09:54",1471400
12400,50,900,"sd","10:09:43",1464500
12400,50,3000,"sd","10:09:43",1463600
12400,50,3000,"sd","10:09:43",1460600
12400,50,10000,"sd","10:09:43",1457600
12400,50,100,"sd","10:09:43",1447600
12400,50,9900,"sd","10:09:35",1447500
12400,50,10000,"sd","10:09:35",1437600
12400,50,200,"sd","10:09:35",1427600
12400,50,500,"sd","10:09:35",1427400
12400,50,1000,"sd","10:09:35",1426900
12400,50,50000,"sd","10:09:35",1425900
12400,50,5000,"sd","10:09:35",1375900
12400,50,2000,"sd","10:09:35",1370900
12450,100,2000,"bu","10:09:33",1368900
12450,100,20000,"bu","10:09:02",1366900
12450,100,1000,"bu","10:08:50",1346900
12450,100,100,"bu","10:08:47",1345900
12450,100,500,"sd","10:08:45",1345800
12450,100,9000,"sd","10:08:45",1345300
12450,100,3000,"sd","10:08:45",1336300
12450,100,500,"sd","10:08:45",1333300
12450,100,1000,"sd","10:08:45",1332800
12450,100,500,"sd","10:08:45",1331800
12450,100,2000,"sd","10:08:45",1331300
12450,100,500,"sd","10:08:45",1329300
12450,100,15000,"sd","10:08:45",1328800
12450,100,8000,"sd","10:08:45",1313800
12450,100,200,"sd","10:08:45",1305800
12450,100,7600,"sd","10:08:45",1305600
12450,100,1000,"sd","10:08:45",1298000
12450,100,2000,"sd","10:08:45",1297000
12450,100,10000,"sd","10:08:45",1295000
12450,100,100,"sd","10:08:45",1285000
12450,100,2000,"sd","10:08:45",1284900
12450,100,2400,"sd","10:08:41",1282900
12450,100,2600,"sd","10:08:41",1280500
12500,150,600,"bu","10:06:09",1277900
12500,150,2000,"bu","10:03:18",1277300
12450,100,400,"sd","10:03:13",1275300
12450,100,100,"sd","10:03:01",1274900
12450,100,2900,"sd","10:01:50",1274800
12450,100,500,"sd","10:01:50",1271900
12450,100,100,"sd","10:01:50",1271400
12450,100,500,"sd","10:01:50",1271300
12500,150,10000,"bu","10:00:52",1270800
12500,150,2000,"bu","10:00:43",1260800
12500,150,500,"bu","09:59:28",1258800
12500,150,500,"bu","09:59:28",1258300
12450,100,1000,"sd","09:59:25",1257800
12450,100,1000,"sd","09:59:06",1256800
12450,100,2500,"sd","09:58:34",1255800
12500,150,2500,"sd","09:58:34",1253300
12500,150,400,"sd","09:58:30",1250800
12500,150,100,"sd","09:58:26",1250400
12500,150,900,"sd","09:58:26",1250300
12500,150,600,"sd","09:58:26",1249400
12500,150,500,"sd","09:58:26",1248800
12500,150,500,"sd","09:58:26",1248300
12500,150,100,"sd","09:58:26",1247800
12500,150,300,"sd","09:58:26",1247700
12500,150,1700,"sd","09:58:22",1247400
12500,150,2000,"sd","09:58:22",1245700
12500,150,500,"sd","09:58:22",1243700
12500,150,10000,"sd","09:58:22",1243200
12500,150,700,"sd","09:58:22",1233200
12500,150,200,"sd","09:58:22",1232500
12500,150,2000,"sd","09:58:22",1232300
12500,150,3000,"sd","09:58:22",1230300
12500,150,400,"sd","09:58:22",1227300
12500,150,9500,"sd","09:58:22",1226900
12500,150,400,"sd","09:58:11",1217400
12550,200,4800,"bu","09:57:26",1217000
12550,200,200,"bu","09:57:26",1212200
12500,150,3000,"sd","09:57:19",1212000
12500,150,200,"sd","09:57:14",1209000
12500,150,2000,"sd","09:57:09",1208800
12500,150,900,"sd","09:56:52",1206800
12550,200,5000,"sd","09:55:31",1205900
12550,200,2000,"sd","09:55:31",1200900
12550,200,1200,"sd","09:55:31",1198900
12550,200,5000,"sd","09:55:31",1197700
12550,200,9600,"sd","09:55:31",1192700
12550,200,400,"sd","09:55:29",1183100
12550,200,100,"sd","09:55:29",1182700
12550,200,500,"sd","09:55:29",1182600
12550,200,20000,"sd","09:55:27",1182100
12550,200,1000,"sd","09:55:16",1162100
12550,200,3000,"sd","09:55:15",1161100
12550,200,300,"sd","09:55:15",1158100
12550,200,1200,"sd","09:55:13",1157800
12550,200,400,"sd","09:54:27",1156600
12550,200,1000,"sd","09:54:27",1156200
12550,200,1000,"sd","09:54:12",1155200
12550,200,100,"sd","09:54:11",1154200
12550,200,500,"sd","09:54:03",1154100
12550,200,500,"sd","09:53:58",1153600
12550,200,5000,"sd","09:53:58",1153100
12550,200,100,"sd","09:53:38",1148100
12550,200,5000,"sd","09:53:31",1148000
12550,200,2500,"sd","09:53:30",1143000
12550,200,2800,"sd","09:52:54",1140500
12600,250,1500,"bu","09:52:32",1137700
12550,200,200,"sd","09:52:13",1136200
12550,200,17000,"sd","09:51:56",1136000
12550,200,700,"sd","09:51:56",1119000
12600,250,300,"bu","09:51:36",1118300
12550,200,5700,"sd","09:51:35",1118000
12550,200,500,"sd","09:51:34",1112300
12550,200,5700,"sd","09:51:28",1111800
12550,200,600,"sd","09:51:27",1106100
12600,250,1000,"bu","09:51:16",1105500
12600,250,500,"bu","09:51:12",1104500
12600,250,13000,"bu","09:50:57",1104000
12600,250,800,"bu","09:50:38",1091000
12600,250,1500,"bu","09:50:25",1090200
12600,250,400,"bu","09:49:59",1088700
12550,200,5000,"unknown","09:49:49",1088300
12550,200,7700,"unknown","09:49:49",1083300
12550,200,7300,"bu","09:49:49",1075600
12550,200,4700,"bu","09:49:49",1068300
12550,200,200,"bu","09:49:41",1063600
12550,200,100,"sd","09:49:26",1063400
12550,200,5000,"sd","09:49:22",1063300
12550,200,9900,"sd","09:49:19",1058300
12550,200,3000,"sd","09:49:19",1048400
12550,200,3000,"sd","09:49:19",1045400
12550,200,2100,"sd","09:49:19",1042400
12550,200,2000,"sd","09:48:32",1040300
12550,200,400,"sd","09:48:32",1038300
12550,200,1000,"bu","09:48:31",1037900
12550,200,8600,"bu","09:48:31",1036900
12550,200,17200,"bu","09:48:19",1028300
12550,200,2800,"bu","09:48:19",1011100
12550,200,2000,"bu","09:47:56",1008300
12550,200,200,"sd","09:47:23",1006300
12600,250,800,"bu","09:47:22",1006100
12600,250,100,"bu","09:47:22",1005300
12600,250,100,"bu","09:47:22",1005200
12550,200,800,"sd","09:47:20",1005100
12550,200,100,"sd","09:47:20",1004300
12550,200,9100,"sd","09:47:20",1004200
12550,200,500,"sd","09:47:18",995100
12550,200,400,"sd","09:47:18",994600
12550,200,500,"sd","09:47:16",994200
12550,200,200,"sd","09:47:12",993700
12550,200,200,"sd","09:47:05",993500
12550,200,5000,"sd","09:47:04",993300
12550,200,100,"sd","09:47:02",988300
12550,200,1000,"sd","09:47:01",988200
12550,200,1900,"sd","09:47:01",987200
12550,200,100,"sd","09:47:01",985300
12550,200,100,"sd","09:47:01",985200
12550,200,2800,"sd","09:47:01",985100
12550,200,500,"sd","09:47:01",982300
12550,200,1700,"sd","09:47:01",981800
12550,200,1000,"sd","09:47:00",980100
12550,200,1000,"sd","09:46:55",979100
12550,200,1000,"sd","09:46:54",978100
12550,200,2000,"sd","09:46:52",977100
12550,200,100,"sd","09:46:50",975100
12550,200,200,"sd","09:46:49",975000
12550,200,1000,"sd","09:46:48",974800
12550,200,400,"sd","09:46:34",973800
12550,200,500,"sd","09:46:27",973400
12550,200,2000,"sd","09:46:22",972900
12550,200,100,"sd","09:46:20",970900
12550,200,100,"sd","09:46:20",970800
12550,200,5000,"sd","09:46:16",970700
12550,200,200,"sd","09:46:00",965700
12550,200,100,"sd","09:45:50",965500
12550,200,1000,"sd","09:45:49",965400
12550,200,10000,"bu","09:45:39",964400
12550,200,1500,"bu","09:45:39",954400
12500,150,1200,"sd","09:45:39",952900
12550,200,2500,"bu","09:45:36",951700
12550,200,500,"bu","09:45:36",949200
12550,200,2000,"bu","09:45:36",948700
12550,200,500,"bu","09:45:29",946700
12550,200,1500,"bu","09:45:22",946200
12550,200,500,"bu","09:45:22",944700
12550,200,200,"bu","09:45:21",944200
12550,200,100,"bu","09:45:21",944000
12550,200,200,"bu","09:45:21",943900
12550,200,1000,"bu","09:45:21",943700
12550,200,1500,"bu","09:45:21",942700
12550,200,300,"bu","09:45:21",941200
12550,200,1700,"bu","09:45:21",940900
12550,200,5000,"bu","09:45:19",939200
12550,200,200,"bu","09:45:18",934200
12550,200,1900,"bu","09:45:16",934000
12550,200,400,"bu","09:45:14",932100
12550,200,800,"bu","09:45:05",931700
12550,200,2400,"bu","09:45:05",930900
12550,200,300,"bu","09:45:05",928500
12550,200,3000,"bu","09:45:05",928200
12550,200,6000,"bu","09:45:05",925200
12550,200,700,"bu","09:45:05",919200
12550,200,16100,"bu","09:45:05",918500
12550,200,200,"bu","09:45:05",902400
12550,200,200,"bu","09:45:05",902200
12550,200,2000,"bu","09:45:05",902000
12550,200,100,"bu","09:45:05",900000
12550,200,500,"bu","09:45:05",899900
12550,200,1000,"bu","09:45:05",899400
12550,200,5000,"bu","09:45:05",898400
12550,200,1000,"bu","09:45:05",893400
12550,200,500,"bu","09:45:05",892400
12550,200,200,"bu","09:45:05",891900
12550,200,2800,"bu","09:44:58",891700
12550,200,1200,"bu","09:44:58",888900
12550,200,2800,"bu","09:44:58",887700
12550,200,100,"bu","09:44:58",884900
12550,200,100,"bu","09:44:58",884800
12500,150,2800,"sd","09:44:34",884700
12500,150,1000,"sd","09:44:34",881900
12500,150,200,"sd","09:44:34",880900
12500,150,1000,"sd","09:44:34",880700
12500,150,300,"sd","09:44:17",879700
12500,150,1000,"sd","09:44:14",879400
12500,150,100,"sd","09:44:04",878400
12500,150,100,"bu","09:43:50",878300
12500,150,100,"bu","09:43:50",878200
12500,150,400,"bu","09:43:50",878100
12500,150,600,"bu","09:43:47",877700
12500,150,9400,"bu","09:43:47",877100
12500,150,5000,"bu","09:43:40",867700
12500,150,600,"bu","09:43:31",862700
12500,150,400,"bu","09:43:31",862100
12500,150,2000,"bu","09:43:31",861700
12500,150,100,"bu","09:43:31",859700
12500,150,2900,"bu","09:43:31",859600
12500,150,6400,"bu","09:43:24",856700
12500,150,200,"bu","09:43:24",850300
12500,150,2400,"bu","09:43:24",850100
12500,150,500,"bu","09:43:24",847700
12500,150,100,"bu","09:43:24",847200
12500,150,200,"bu","09:43:24",847100
12500,150,100,"bu","09:43:24",846900
12500,150,1000,"bu","09:43:24",846800
12500,150,1000,"bu","09:43:24",845800
12500,150,200,"bu","09:43:24",844800
12500,150,11000,"bu","09:43:24",844600
12500,150,2000,"bu","09:43:24",833600
12500,150,300,"bu","09:43:24",831600
12500,150,25000,"bu","09:43:24",831300
12500,150,500,"bu","09:43:24",806300
12500,150,1000,"bu","09:43:24",805800
12500,150,500,"bu","09:43:24",804800
12500,150,5000,"bu","09:43:24",804300
12500,150,200,"bu","09:43:24",799300
12500,150,1000,"bu","09:43:24",799100
12500,150,41400,"bu","09:43:24",798100
12500,150,600,"bu","09:43:04",756700
12500,150,1100,"bu","09:43:01",756100
12500,150,2000,"bu","09:42:30",755000
12500,150,4900,"bu","09:42:21",753000
12500,150,500,"bu","09:42:21",748100
12500,150,500,"bu","09:42:21",747600
12500,150,1000,"bu","09:42:21",747100
12500,150,1000,"bu","09:42:21",746100
12500,150,200,"bu","09:42:21",745100
12500,150,1000,"bu","09:42:21",744900
12500,150,2000,"bu","09:42:21",743900
12500,150,300,"bu","09:42:21",741900
12500,150,500,"bu","09:42:21",741600
12500,150,100,"bu","09:42:21",741100
