"price","change","match_qtty","side","time","total_vol"
7610,-20,7400,"sd","14:45:01",159000
7630,0,100,"bu","14:29:23",151600
7630,0,500,"bu","14:29:23",151500
7630,0,100,"bu","14:29:23",151000
7630,0,100,"bu","14:28:24",150900
7630,0,100,"bu","14:28:24",150800
7630,0,200,"bu","14:28:24",150700
7640,10,500,"bu","14:26:41",150500
7640,10,100,"bu","14:26:40",150000
7640,10,1000,"bu","14:26:27",149900
7640,10,200,"bu","14:25:18",148900
7630,0,100,"bu","14:24:43",148700
7610,-20,3300,"bu","14:23:47",148600
7610,-20,5800,"bu","14:23:46",145300
7610,-20,900,"sd","14:23:41",139500
7610,-20,100,"sd","14:23:24",138600
7600,-30,800,"sd","14:20:52",138500
7600,-30,3800,"sd","14:20:21",137700
7610,-20,100,"sd","14:20:21",133900
7620,-10,100,"sd","14:20:20",133800
7630,0,500,"sd","14:18:48",133700
7630,0,1500,"sd","14:17:29",133200
7630,0,200,"sd","14:17:29",131700
7630,0,100,"sd","14:17:29",131500
7640,10,700,"sd","14:17:04",131400
7640,10,200,"sd","14:17:04",130700
7640,10,100,"sd","14:17:04",130500
7650,20,100,"sd","14:16:34",130400
7650,20,100,"sd","14:16:34",130300
7650,20,400,"sd","14:16:34",130200
7650,20,400,"sd","14:16:10",129800
7650,20,600,"sd","14:16:10",129400
7650,20,2600,"sd","14:14:43",128800
7650,20,100,"sd","14:14:43",126200
7650,20,2000,"sd","14:14:43",126100
7650,20,500,"sd","14:14:43",124100
7650,20,500,"sd","14:14:43",123600
7650,20,100,"sd","14:14:43",123100
7650,20,2400,"sd","14:14:43",123000
7660,30,1000,"sd","14:14:14",120600
7660,30,100,"sd","14:14:14",119600
7660,30,1900,"sd","14:14:05",119500
7660,30,100,"sd","14:14:05",117600
7670,40,100,"sd","14:13:44",117500
7670,40,200,"sd","14:13:44",117400
7670,40,200,"sd","14:12:57",117200
7670,40,500,"sd","14:11:34",117000
7670,40,100,"sd","14:09:44",116500
7660,30,100,"sd","14:04:26",116400
7680,50,300,"bu","14:04:24",116300
7680,50,1500,"bu","13:58:50",116000
7680,50,200,"bu","13:55:07",114500
7680,50,200,"bu","13:55:07",114300
7680,50,2500,"bu","13:55:07",114100
7680,50,100,"bu","13:52:45",111600
7660,30,500,"unknown","13:51:48",111500
7650,20,7600,"sd","13:36:28",111000
7650,20,2400,"sd","13:36:27",103400
7670,40,400,"bu","13:35:23",101000
7670,40,500,"bu","13:35:23",100600
7670,40,100,"sd","13:31:07",100100
7670,40,500,"bu","13:30:34",100000
7670,40,900,"bu","13:30:34",99500
7670,40,900,"bu","13:29:51",98600
7650,20,6400,"sd","13:24:05",97700
7660,30,600,"bu","13:22:24",91300
7650,20,500,"sd","13:16:32",90700
7650,20,100,"sd","13:14:54",90200
7660,30,100,"sd","13:12:06",90100
7670,40,200,"bu","13:10:59",90000
7660,30,400,"sd","13:09:11",89800
7660,30,100,"sd","13:09:11",89400
7660,30,1000,"sd","13:09:11",89300
7660,30,500,"sd","13:09:11",88300
7660,30,1000,"sd","13:09:11",87800
7660,30,100,"sd","13:07:34",86800
7660,30,1900,"sd","13:05:41",86700
7660,30,1500,"sd","13:03:26",84800
7670,40,2000,"sd","13:02:58",83300
7680,50,200,"bu","13:01:22",81300
7660,30,100,"sd","13:00:04",81100
7660,30,400,"sd","11:28:09",81000
7660,30,300,"sd","11:28:09",80600
7660,30,200,"sd","11:28:09",80300
7660,30,100,"sd","11:28:09",80100
7680,50,200,"bu","11:21:12",80000
7680,50,4800,"bu","11:21:12",79800
7660,30,100,"sd","11:09:07",75000
7680,50,100,"bu","11:01:00",74900
7670,40,300,"bu","10:57:17",74800
7670,40,100,"bu","10:56:52",74500
7670,40,100,"bu","10:56:47",74400
7670,40,500,"bu","10:56:02",74300
7660,30,3000,"sd","10:51:23",73800
7660,30,1800,"sd","10:47:48",70800
7660,30,1200,"sd","10:47:48",69000
7670,40,1000,"bu","10:47:35",67800
7660,30,1000,"sd","10:40:43",66800
7680,50,100,"bu","10:40:06",65800
7660,30,5000,"sd","10:39:25",65700
7660,30,600,"sd","10:38:50",60700
7680,50,200,"bu","10:35:27",60100
7670,40,100,"bu","10:31:48",59900
7660,30,2200,"sd","10:30:13",59800
7660,30,2800,"sd","10:30:13",57600
7660,30,200,"sd","10:24:52",54800
7670,40,300,"unknown","10:22:58",54600
7670,40,300,"sd","10:22:12",54300
7670,40,100,"sd","10:21:37",54000
7670,40,100,"sd","10:18:54",53900
7670,40,1000,"sd","10:18:54",53800
7670,40,2000,"sd","10:18:54",52800
7680,50,4400,"sd","10:18:39",50800
7700,70,200,"sd","10:17:37",46400
7710,80,100,"bu","10:17:14",46200
7720,90,7600,"bu","10:14:00",46100
7710,80,1000,"unknown","10:14:00",38500
7710,80,100,"unknown","10:14:00",37500
7700,70,1000,"unknown","10:14:00",37400
7700,70,1000,"unknown","10:14:00",36400
7700,70,1300,"unknown","10:14:00",35400
7690,60,1000,"unknown","10:14:00",34100
7680,50,600,"sd","10:13:49",33100
7670,40,100,"sd","10:04:47",32500
7670,40,400,"sd","10:04:47",32400
7670,40,500,"sd","10:04:47",32000
7670,40,400,"sd","10:03:04",31500
7700,70,200,"bu","10:00:42",31100
7700,70,100,"sd","09:59:08",30900
7700,70,500,"sd","09:59:07",30800
7700,70,1500,"bu","09:58:45",30300
7670,40,100,"sd","09:57:51",28800
7670,40,1000,"sd","09:56:28",28700
7700,70,100,"sd","09:54:40",27700
7700,70,100,"bu","09:54:28",27600
7660,30,2000,"sd","09:53:03",27500
7650,20,600,"sd","09:48:47",25500
7710,80,1000,"bu","09:48:40",24900
7710,80,1000,"bu","09:48:40",23900
7700,70,300,"unknown","09:48:40",22900
7700,70,500,"unknown","09:48:40",22600
7700,70,800,"unknown","09:48:40",22100
7700,70,400,"unknown","09:48:40",21300
7710,80,1000,"bu","09:48:40",20900
7700,70,600,"bu","09:45:24",19900
7700,70,100,"bu","09:45:24",19300
7700,70,1000,"bu","09:45:24",19200
7700,70,500,"bu","09:45:24",18200
7700,70,800,"bu","09:45:24",17700
7700,70,100,"bu","09:45:20",16900
7640,10,1900,"sd","09:40:17",16800
7650,20,100,"sd","09:40:17",14900
7700,70,600,"bu","09:38:41",14800
7700,70,700,"bu","09:38:41",14200
7700,70,300,"bu","09:30:04",13500
7700,70,500,"bu","09:29:49",13200
7700,70,500,"sd","09:28:07",12700
7700,70,800,"sd","09:28:07",12200
7700,70,300,"sd","09:28:07",11400
7700,70,100,"sd","09:26:14",11100
7700,70,200,"sd","09:26:13",11000
7700,70,1000,"sd","09:24:26",10800
7700,70,1000,"sd","09:24:20",9800
7700,70,400,"sd","09:23:57",8800
7720,90,100,"sd","09:22:13",8400
7720,90,100,"bu","09:21:21",8300
7700,70,100,"bu","09:18:38",8200
7700,70,2700,"bu","09:18:38",8100
7700,70,100,"bu","09:16:59",5400
7700,70,1000,"bu","09:16:27",5300
7690,60,1000,"unknown","09:16:27",4300
7700,70,100,"bu","09:15:42",3200
7700,70,100,"bu","09:15:42",3300
7600,-30,3100,"sd","09:15:01",3100
