"price","change","match_qtty","side","time","total_vol"
8300,0,100,"bu","14:59:51",345400
8200,-100,1900,"sd","14:57:21",345300
8100,-200,500,"bu","14:56:50",343400
8100,-200,2000,"sd","14:56:12",342900
8100,-200,2700,"sd","14:53:28",340900
8100,-200,19100,"sd","14:51:08",338200
8200,-100,1900,"sd","14:47:20",319100
8200,-100,2400,"sd","14:46:30",317200
8200,-100,700,"sd","14:44:12",314800
8200,-100,20000,"sd","14:42:22",314100
8200,-100,1200,"sd","14:33:45",294100
8300,0,200,"bu","14:31:59",292900
8200,-100,700,"sd","14:28:31",292700
8200,-100,800,"sd","14:21:35",292000
8200,-100,1000,"sd","14:18:44",291200
8200,-100,2500,"sd","14:18:09",290200
8200,-100,1500,"sd","14:18:05",287700
8200,-100,1300,"sd","14:18:01",286200
8200,-100,300,"sd","14:17:10",284900
8200,-100,10000,"sd","14:16:56",284600
8200,-100,20000,"sd","14:16:52",274600
8300,0,6000,"bu","14:16:06",254600
8300,0,12000,"sd","14:16:02",248600
8300,0,29800,"sd","14:15:59",236600
8300,0,5000,"sd","14:15:33",206800
8300,0,200,"sd","14:15:13",201800
8300,0,700,"sd","14:14:30",201600
8300,0,9000,"sd","14:13:41",200900
8300,0,100,"sd","14:11:15",191900
8400,100,1500,"sd","14:10:34",191800
8400,100,100,"unknown","14:04:28",190300
8400,100,200,"bu","14:04:16",190200
8400,100,100,"sd","14:01:55",190000
8400,100,800,"sd","13:59:51",189900
8400,100,100,"sd","13:59:46",189100
8400,100,100,"sd","13:56:28",189000
8400,100,400,"unknown","13:52:27",188900
8400,100,1000,"bu","13:52:10",188500
8400,100,3000,"bu","13:50:26",187500
8400,100,100,"unknown","13:48:17",184500
8300,0,100,"sd","13:47:54",184400
8300,0,4400,"sd","13:47:33",184300
8400,100,200,"unknown","13:39:08",179900
8400,100,200,"unknown","13:35:11",179700
8400,100,200,"bu","13:33:27",179500
8400,100,1000,"sd","13:33:02",179300
8400,100,500,"sd","13:32:07",178300
8400,100,300,"sd","13:30:21",177800
8400,100,1100,"sd","13:28:22",177500
8400,100,400,"bu","13:28:10",176400
8400,100,1000,"bu","13:23:03",176000
8400,100,1000,"bu","13:20:36",175000
8400,100,200,"bu","13:19:45",174000
8400,100,200,"bu","13:19:42",173800
8400,100,600,"bu","13:19:39",173600
8400,100,200,"bu","13:18:18",173000
8400,100,1000,"bu","13:16:19",172800
8400,100,3000,"bu","13:15:56",171800
8400,100,300,"bu","13:14:51",168800
8400,100,5000,"bu","13:14:31",168500
8400,100,1000,"bu","13:08:26",163500
8400,100,2000,"bu","13:07:55",162500
8300,0,100,"sd","13:05:56",160500
8300,0,100,"sd","13:05:49",160400
8300,0,100,"sd","13:05:23",160300
8400,100,7400,"sd","13:04:46",160200
8400,100,300,"sd","13:03:52",152800
8400,100,10000,"sd","13:03:47",152500
8400,100,300,"sd","13:03:33",142500
8400,100,1000,"sd","13:02:00",142200
8400,100,3000,"sd","13:01:06",141200
8500,200,1000,"bu","13:00:19",138200
8400,100,1500,"sd","13:00:05",137200
8400,100,13000,"sd","13:00:03",135700
8500,200,2000,"bu","11:26:22",122700
8400,100,1800,"sd","11:25:01",120700
8400,100,1000,"sd","11:13:06",118900
8400,100,1000,"sd","11:12:42",117900
8500,200,200,"bu","11:12:39",116900
8400,100,100,"sd","11:06:04",116700
8400,100,100,"sd","10:45:52",116600
8400,100,200,"sd","10:32:51",116500
8400,100,100,"sd","10:32:11",116300
8400,100,1300,"sd","10:31:11",116200
8400,100,600,"sd","10:30:37",114900
8400,100,1500,"sd","10:30:10",114300
8500,200,100,"bu","10:16:33",112800
8500,200,1000,"bu","10:15:36",112700
8500,200,2000,"sd","10:05:35",111700
8500,200,5000,"sd","10:01:59",109700
8500,200,5000,"sd","10:01:31",104700
8500,200,4100,"sd","09:53:58",99700
8500,200,2100,"bu","09:53:01",95600
8500,200,5000,"bu","09:50:19",93500
8500,200,600,"unknown","09:49:48",88500
8500,200,400,"bu","09:49:11",87900
8500,200,500,"bu","09:49:03",87500
8500,200,500,"bu","09:48:43",87000
8500,200,1000,"bu","09:48:31",86500
8500,200,500,"bu","09:48:07",85500
8500,200,600,"bu","09:47:11",85000
8500,200,100,"bu","09:46:57",84400
8500,200,500,"bu","09:45:47",84300
8500,200,700,"unknown","09:43:12",83800
8500,200,2000,"sd","09:40:55",83100
8500,200,2000,"sd","09:39:23",81100
8500,200,5000,"sd","09:39:07",79100
8500,200,100,"sd","09:38:46",74100
8500,200,1000,"sd","09:36:55",74000
8500,200,5000,"sd","09:36:31",73000
8500,200,300,"sd","09:35:46",68000
8500,200,2000,"sd","09:31:03",67700
8500,200,300,"sd","09:30:01",65700
8600,300,100,"bu","09:29:59",65400
8600,300,1000,"bu","09:27:06",65300
8600,300,200,"bu","09:26:46",64300
8600,300,1000,"bu","09:26:15",64100
8600,300,200,"bu","09:25:37",63100
8600,300,100,"bu","09:25:20",62900
8600,300,2500,"bu","09:24:21",62800
8600,300,400,"bu","09:23:57",60300
8600,300,900,"bu","09:23:05",59900
8600,300,3200,"bu","09:22:48",59000
8600,300,3600,"bu","09:22:28",55800
8600,300,5000,"bu","09:22:25",52200
8600,300,10000,"bu","09:22:07",47200
8600,300,1000,"bu","09:21:42",37200
8500,200,1000,"sd","09:20:19",36200
8500,200,1000,"sd","09:19:49",35200
8600,300,2000,"bu","09:19:22",34200
8600,300,200,"bu","09:18:17",32200
8600,300,1500,"bu","09:17:45",32000
8600,300,1000,"sd","09:17:30",30500
8600,300,3500,"bu","09:17:20",29500
8600,300,15000,"bu","09:17:03",26000
8500,200,100,"sd","09:15:36",11000
8500,200,4200,"bu","09:15:24",10900
8500,200,500,"bu","09:13:54",6700
8500,200,2100,"unknown","09:05:46",6200
8400,100,2000,"sd","09:03:57",4100
8400,100,100,"sd","09:02:46",2100
8400,100,1500,"sd","09:01:56",2000
8400,100,300,"sd","09:00:45",500
8300,0,200,"sd","09:00:11",200
