"price","change","match_qtty","side","time","total_vol"
16500,-200,2200,"sd","14:45:04",60700
16500,-200,1000,"bu","14:28:34",58500
16500,-200,100,"bu","14:28:34",57500
16500,-200,100,"bu","14:28:34",57400
16500,-200,200,"sd","14:28:34",57300
16500,-200,400,"sd","14:28:34",57100
16500,-200,3000,"sd","14:24:56",56700
16500,-200,400,"sd","14:22:13",53700
16500,-200,500,"sd","14:21:43",53300
16500,-200,300,"sd","14:20:22",52800
16500,-200,800,"sd","14:20:17",52500
16500,-200,4600,"sd","14:18:12",51700
16500,-200,100,"sd","14:18:12",47100
16500,-200,100,"sd","14:18:12",47000
16500,-200,200,"sd","14:18:12",46900
16550,-150,200,"unknown","14:17:56",46700
16550,-150,200,"sd","14:17:27",46500
16600,-100,100,"bu","14:13:01",46300
16600,-100,400,"bu","14:13:01",46200
16600,-100,100,"bu","14:08:24",45800
16600,-100,100,"sd","14:02:23",45700
16600,-100,1400,"sd","14:02:23",45600
16600,-100,100,"bu","13:59:19",44200
16600,-100,100,"unknown","13:58:12",44100
16600,-100,700,"sd","13:57:01",44000
16600,-100,200,"sd","13:56:13",43300
16600,-100,1000,"sd","13:54:53",43100
16600,-100,500,"bu","13:54:53",42100
16600,-100,1400,"bu","13:54:53",41600
16550,-150,1400,"bu","13:52:40",40200
16550,-150,1300,"bu","13:51:43",38800
16550,-150,1000,"sd","13:51:12",37500
16550,-150,500,"bu","13:45:11",36500
16550,-150,100,"bu","13:45:11",36000
16550,-150,100,"bu","13:45:11",35900
16500,-200,100,"bu","13:29:37",35800
16500,-200,300,"bu","13:29:35",35700
16500,-200,100,"bu","13:27:01",35400
16500,-200,200,"sd","13:26:49",35300
16500,-200,300,"sd","13:26:49",35100
16500,-200,700,"bu","13:18:05",34800
16500,-200,300,"bu","13:17:50",34100
16500,-200,100,"unknown","13:11:58",33800
16500,-200,100,"bu","13:11:07",33700
16500,-200,100,"sd","13:01:24",33600
16500,-200,200,"sd","13:01:24",33500
16500,-200,200,"sd","13:00:35",33300
16500,-200,800,"bu","13:00:06",33100
16500,-200,200,"sd","11:26:48",32300
16500,-200,100,"sd","11:26:48",32100
16500,-200,200,"sd","11:26:47",32000
16500,-200,500,"sd","11:26:47",31800
16500,-200,200,"sd","11:26:47",31300
16500,-200,800,"sd","11:13:25",31100
16550,-150,1000,"sd","11:12:37",30300
16550,-150,200,"sd","11:12:37",29300
16600,-100,500,"sd","11:09:14",29100
16600,-100,100,"sd","11:09:14",28600
16600,-100,100,"sd","11:01:21",28500
16700,0,400,"bu","10:59:58",28400
16700,0,200,"bu","10:59:58",28000
16700,0,400,"bu","10:59:58",27800
16600,-100,100,"sd","10:42:33",27400
16600,-100,100,"sd","10:42:05",27300
16600,-100,200,"sd","10:39:45",27200
16700,0,200,"sd","10:17:26",27000
16700,0,100,"bu","10:16:11",26800
16500,-200,200,"sd","10:13:25",26700
16500,-200,300,"sd","10:13:25",26500
16800,100,4100,"bu","10:05:59",26200
16700,0,5000,"bu","10:05:59",11700
16700,0,100,"bu","10:05:59",22100
16700,0,500,"bu","10:05:59",22000
16700,0,8800,"bu","10:05:59",21500
16700,0,1000,"bu","10:05:59",12700
16600,-100,500,"bu","10:05:59",6700
16500,-200,200,"sd","09:47:18",6200
16500,-200,100,"sd","09:47:00",6000
16500,-200,600,"sd","09:47:00",5900
16500,-200,100,"sd","09:43:32",5300
16500,-200,100,"sd","09:41:22",5200
16500,-200,100,"bu","09:36:40",5100
16500,-200,100,"bu","09:36:40",5000
16500,-200,100,"bu","09:32:41",4900
16500,-200,1700,"sd","09:29:56",4800
16500,-200,100,"sd","09:29:56",3100
16500,-200,3000,"sd","09:29:56",3000
