"price","change","match_qtty","side","time","total_vol"
32.6,0.5,15200,"unknown","14:45:01",220400
32.6,0.5,100,"bu","14:29:43",205200
32.5,0.4,400,"bu","14:29:43",205100
32.5,0.4,100,"bu","14:28:43",204700
32.5,0.4,100,"bu","14:27:52",204600
32.45,0.35,300,"bu","14:27:42",204500
32.45,0.35,200,"bu","14:27:42",204200
32.45,0.35,100,"bu","14:27:28",204000
32.45,0.35,100,"bu","14:27:28",203900
32.45,0.35,100,"bu","14:27:18",203800
32.45,0.35,800,"bu","14:27:06",203700
32.45,0.35,500,"bu","14:26:48",202900
32.45,0.35,500,"bu","14:26:23",202400
32.4,0.3,200,"bu","14:25:45",201900
32.4,0.3,100,"bu","14:23:58",201700
32.4,0.3,100,"bu","14:23:58",201600
32.4,0.3,100,"bu","14:22:14",201500
32.4,0.3,400,"bu","14:22:14",201400
32.4,0.3,100,"bu","14:21:24",201000
32.35,0.25,100,"bu","14:21:12",200900
32.35,0.25,100,"bu","14:21:12",200800
32.35,0.25,100,"bu","14:20:15",200700
32.35,0.25,200,"bu","14:15:59",200600
32.35,0.25,100,"bu","14:15:59",200400
32.35,0.25,500,"bu","14:14:02",200300
32.35,0.25,100,"bu","14:13:01",199800
32.35,0.25,100,"bu","14:10:25",199700
32.3,0.2,100,"sd","14:10:08",199600
32.35,0.25,200,"bu","14:10:07",199500
32.3,0.2,100,"sd","14:09:12",199300
32.3,0.2,200,"bu","14:08:54",199200
32.3,0.2,100,"bu","14:08:54",199000
32.3,0.2,100,"bu","14:06:41",198900
32.3,0.2,400,"bu","14:06:29",198800
32.3,0.2,200,"bu","14:06:02",198400
32.25,0.15,100,"sd","14:03:54",198200
32.3,0.2,200,"sd","13:59:59",198100
32.3,0.2,400,"bu","13:56:02",197900
32.3,0.2,400,"bu","13:55:03",197500
32.3,0.2,300,"bu","13:53:32",197100
32.3,0.2,100,"bu","13:53:17",196800
32.3,0.2,100,"bu","13:52:13",196700
32.3,0.2,500,"bu","13:51:37",196600
32.3,0.2,200,"bu","13:51:11",196100
32.2,0.1,100,"sd","13:49:31",195900
32.35,0.25,700,"sd","13:40:46",195800
32.35,0.25,300,"bu","13:39:38",195100
32.2,0.1,100,"sd","13:38:46",194800
32.15,0.05,3000,"sd","13:32:29",194700
32.15,0.05,100,"sd","13:32:29",191700
32.15,0.05,500,"sd","13:32:29",191600
32.15,0.05,500,"sd","13:32:29",191100
32.2,0.1,100,"sd","13:32:29",190600
32.2,0.1,800,"sd","13:32:29",190500
32.4,0.3,1900,"sd","13:32:01",189700
32.4,0.3,100,"sd","13:30:56",187800
32.4,0.3,700,"bu","13:30:55",187700
32.4,0.3,900,"bu","13:30:55",187000
32.4,0.3,1400,"bu","13:30:55",186100
32.35,0.25,1000,"bu","13:30:36",184700
32.35,0.25,1000,"bu","13:30:36",183700
32.3,0.2,100,"bu","13:30:36",182700
32.3,0.2,1300,"bu","13:30:36",182600
32.3,0.2,1500,"bu","13:30:36",181300
32.3,0.2,1600,"bu","13:30:36",179800
32.25,0.15,500,"bu","13:30:36",178200
32.25,0.15,1000,"bu","13:30:36",177700
32.25,0.15,500,"bu","13:30:36",176700
32.25,0.15,300,"bu","13:30:36",176200
32.25,0.15,200,"bu","13:30:36",175900
32.2,0.1,100,"bu","13:29:28",175700
32.2,0.1,300,"bu","13:29:28",175600
32.2,0.1,200,"bu","13:29:18",175300
32.2,0.1,700,"bu","13:29:18",175100
32.2,0.1,100,"bu","13:25:25",174400
32.15,0.05,100,"bu","13:22:29",174300
32.15,0.05,900,"sd","13:22:15",174200
32.15,0.05,500,"sd","13:20:15",173300
32.15,0.05,100,"bu","13:18:47",172800
32.15,0.05,2500,"bu","13:18:47",172700
32.15,0.05,500,"bu","13:18:14",170200
32.15,0.05,500,"bu","13:18:14",169700
32.15,0.05,700,"bu","13:15:57",169200
32.15,0.05,300,"sd","13:14:28",168500
32.15,0.05,200,"sd","13:14:16",168200
32.15,0.05,800,"sd","13:14:16",168000
32.15,0.05,1800,"sd","13:14:10",167200
32.15,0.05,1400,"bu","13:14:03",165400
32.15,0.05,500,"bu","13:13:44",164000
32.15,0.05,100,"bu","13:10:23",163500
32.15,0.05,100,"bu","13:09:44",163400
32.15,0.05,900,"sd","13:08:55",163300
32.15,0.05,100,"bu","13:08:24",162400
32.15,0.05,300,"bu","13:07:59",162300
32.15,0.05,200,"bu","13:07:59",162000
32.15,0.05,100,"bu","13:06:12",161800
32.15,0.05,200,"sd","13:05:49",161700
32.15,0.05,2000,"sd","13:05:11",161500
32.15,0.05,500,"sd","13:05:09",159500
32.15,0.05,6300,"sd","13:04:13",159000
32.15,0.05,1000,"sd","13:00:22",152700
32.15,0.05,100,"sd","13:00:22",151700
32.15,0.05,100,"sd","13:00:22",151600
32.15,0.05,800,"sd","13:00:22",151500
32.2,0.1,200,"bu","13:00:12",150700
32.15,0.05,200,"sd","13:00:10",150500
32.2,0.1,100,"unknown","13:00:03",150300
32.2,0.1,500,"sd","13:00:01",150200
32.25,0.15,100,"bu","11:28:51",149700
32.2,0.1,500,"sd","11:25:28",149600
32.2,0.1,100,"sd","11:25:28",149100
32.2,0.1,300,"sd","11:25:28",149000
32.2,0.1,200,"sd","11:25:28",148700
32.2,0.1,1800,"sd","11:25:20",148500
32.2,0.1,100,"sd","11:25:20",146700
32.2,0.1,100,"sd","11:25:20",146600
32.2,0.1,5000,"sd","11:24:35",146500
32.2,0.1,100,"sd","11:22:15",141500
32.2,0.1,200,"sd","11:22:15",141400
32.25,0.15,1000,"sd","11:19:26",141200
32.25,0.15,500,"sd","11:19:26",140200
32.25,0.15,200,"sd","11:19:26",139700
32.25,0.15,300,"sd","11:18:17",139500
32.25,0.15,100,"sd","11:11:33",139200
32.25,0.15,100,"sd","11:11:33",139100
32.25,0.15,500,"sd","11:10:52",139000
32.25,0.15,100,"sd","11:10:52",138500
32.25,0.15,100,"sd","11:10:52",138400
32.25,0.15,500,"sd","11:10:52",138300
32.3,0.2,800,"sd","11:10:52",137800
32.4,0.3,600,"sd","10:59:04",137000
32.4,0.3,1000,"sd","10:58:59",136400
32.4,0.3,5000,"sd","10:58:41",135400
32.4,0.3,1500,"sd","10:57:13",130400
32.45,0.35,200,"bu","10:52:23",128900
32.45,0.35,100,"bu","10:52:23",128700
32.45,0.35,200,"bu","10:52:23",128600
32.45,0.35,300,"bu","10:52:20",128400
32.45,0.35,700,"bu","10:52:20",128100
32.4,0.3,2000,"bu","10:51:11",127400
32.4,0.3,4900,"bu","10:51:11",125400
32.3,0.2,100,"sd","10:48:06",120500
32.3,0.2,1900,"sd","10:48:06",120400
32.3,0.2,2200,"sd","10:48:06",118500
32.3,0.2,500,"bu","10:47:02",116300
32.3,0.2,100,"bu","10:43:53",115800
32.25,0.15,100,"sd","10:38:52",115700
32.25,0.15,400,"sd","10:38:33",115600
32.3,0.2,200,"sd","10:37:06",115200
32.3,0.2,300,"sd","10:37:06",115000
32.3,0.2,100,"sd","10:37:06",114700
32.3,0.2,500,"sd","10:37:06",114600
32.3,0.2,200,"sd","10:37:06",114100
32.35,0.25,100,"sd","10:37:06",113900
32.35,0.25,500,"sd","10:37:06",113800
32.35,0.25,200,"sd","10:37:05",113300
32.35,0.25,100,"sd","10:37:05",113100
32.4,0.3,100,"sd","10:35:45",113000
32.4,0.3,400,"sd","10:35:37",112900
32.4,0.3,600,"sd","10:35:37",112500
32.4,0.3,100,"sd","10:35:07",111900
32.4,0.3,900,"sd","10:35:07",111800
32.4,0.3,100,"bu","10:34:07",110900
32.4,0.3,1000,"bu","10:33:36",110800
32.35,0.25,100,"sd","10:32:26",109800
32.35,0.25,100,"sd","10:31:27",109700
32.35,0.25,300,"sd","10:28:40",109600
32.3,0.2,100,"sd","10:23:33",109300
32.3,0.2,100,"sd","10:23:33",109200
32.3,0.2,2200,"sd","10:23:33",109100
32.35,0.25,100,"sd","10:23:33",106900
32.35,0.25,100,"sd","10:23:33",106800
32.35,0.25,200,"sd","10:23:33",106700
32.35,0.25,100,"sd","10:23:33",106500
32.4,0.3,100,"sd","10:23:33",106400
32.4,0.3,200,"sd","10:23:33",106300
32.4,0.3,300,"sd","10:23:33",106100
32.4,0.3,500,"sd","10:23:33",105800
32.45,0.35,300,"sd","10:21:05",105300
32.45,0.35,200,"sd","10:19:23",105000
32.45,0.35,700,"sd","10:19:23",104800
32.5,0.4,500,"bu","10:19:12",104100
32.45,0.35,800,"sd","10:17:12",103600
32.45,0.35,500,"sd","10:16:43",102800
32.45,0.35,200,"sd","10:16:43",102300
32.5,0.4,100,"bu","10:14:07",102100
32.45,0.35,400,"sd","10:14:07",102000
32.45,0.35,400,"sd","10:14:02",101600
32.45,0.35,500,"sd","10:14:02",101200
32.45,0.35,100,"sd","10:14:02",100700
32.45,0.35,1000,"sd","10:12:27",100600
32.5,0.4,1000,"bu","10:12:21",99600
32.45,0.35,600,"sd","10:11:43",98600
32.45,0.35,300,"bu","10:11:25",98000
32.45,0.35,100,"bu","10:11:04",97700
32.45,0.35,200,"bu","10:10:45",97600
32.4,0.3,100,"bu","10:07:39",97400
32.4,0.3,400,"bu","10:07:39",97300
32.4,0.3,100,"sd","10:06:57",96900
32.4,0.3,100,"sd","10:06:44",96800
32.4,0.3,1000,"sd","10:06:38",96700
32.4,0.3,100,"sd","10:04:52",95700
32.4,0.3,700,"bu","10:04:22",95600
32.4,0.3,1000,"sd","10:02:58",94900
32.4,0.3,100,"sd","10:02:58",93900
32.4,0.3,200,"sd","10:02:58",93800
32.45,0.35,100,"sd","10:02:08",93600
32.45,0.35,500,"sd","10:02:08",93500
32.45,0.35,600,"sd","10:02:08",93000
32.45,0.35,200,"sd","10:02:08",92400
32.5,0.4,100,"sd","09:58:30",92200
32.5,0.4,1000,"sd","09:58:30",92100
32.5,0.4,2800,"sd","09:58:30",91100
32.55,0.45,400,"sd","09:57:51",88300
32.55,0.45,100,"sd","09:57:19",87900
32.55,0.45,200,"sd","09:56:45",87800
32.55,0.45,300,"sd","09:56:45",87600
32.55,0.45,100,"sd","09:56:45",87300
32.55,0.45,200,"sd","09:56:45",87200
32.55,0.45,100,"sd","09:55:02",87000
32.55,0.45,2000,"sd","09:54:35",86900
32.55,0.45,200,"sd","09:53:44",84900
32.55,0.45,600,"sd","09:53:44",84700
32.55,0.45,200,"sd","09:53:44",84100
32.55,0.45,900,"sd","09:51:47",83900
32.55,0.45,100,"sd","09:51:47",83000
32.8,0.7,200,"bu","09:51:44",82900
32.8,0.7,300,"bu","09:51:44",82700
32.8,0.7,300,"bu","09:51:44",82400
32.8,0.7,3600,"bu","09:51:44",82100
32.8,0.7,2200,"bu","09:51:44",78500
32.75,0.65,1000,"bu","09:51:44",76300
32.75,0.65,1000,"bu","09:51:43",75300
32.75,0.65,400,"bu","09:51:43",74300
32.75,0.65,100,"bu","09:51:07",73900
32.55,0.45,100,"sd","09:51:06",73800
32.55,0.45,400,"sd","09:51:02",73700
32.55,0.45,1000,"sd","09:51:02",73300
32.55,0.45,100,"sd","09:51:02",72300
32.55,0.45,200,"sd","09:50:52",72200
32.8,0.7,9800,"bu","09:50:50",72000
32.8,0.7,1000,"bu","09:50:50",62200
32.75,0.65,1000,"bu","09:50:50",61200
32.7,0.6,500,"bu","09:50:50",60200
32.7,0.6,200,"bu","09:50:50",59700
32.6,0.5,200,"bu","09:50:50",59500
32.6,0.5,1000,"bu","09:50:50",59300
32.6,0.5,300,"bu","09:50:50",58300
32.6,0.5,500,"bu","09:50:50",58000
32.6,0.5,500,"bu","09:50:50",57500
32.55,0.45,1700,"bu","09:50:31",57000
32.55,0.45,500,"bu","09:50:30",55300
32.5,0.4,500,"bu","09:50:18",54800
32.5,0.4,400,"bu","09:50:18",54300
32.5,0.4,300,"bu","09:50:18",53900
32.5,0.4,200,"bu","09:50:18",53600
32.5,0.4,800,"bu","09:50:18",53400
32.45,0.35,800,"bu","09:50:00",52600
32.45,0.35,200,"bu","09:49:57",51800
32.45,0.35,800,"bu","09:49:57",51600
32.45,0.35,3000,"bu","09:49:52",50800
32.4,0.3,200,"bu","09:49:08",47800
32.4,0.3,100,"bu","09:49:08",47600
32.4,0.3,700,"bu","09:49:08",47500
32.4,0.3,200,"bu","09:48:00",46800
32.35,0.25,100,"bu","09:47:07",46600
32.2,0.1,1900,"sd","09:45:45",46500
32.2,0.1,100,"sd","09:45:45",44600
32.2,0.1,200,"sd","09:44:08",44500
32.25,0.15,200,"sd","09:44:08",44300
32.3,0.2,100,"sd","09:44:08",44100
32.4,0.3,100,"bu","09:43:15",44000
32.4,0.3,1000,"sd","09:42:26",43900
32.4,0.3,300,"bu","09:42:03",42900
32.25,0.15,100,"sd","09:42:03",42600
32.4,0.3,200,"bu","09:41:47",42500
32.4,0.3,100,"bu","09:41:47",42300
32.2,0.1,300,"bu","09:40:46",42200
32.2,0.1,500,"bu","09:40:46",41900
32.15,0.05,200,"bu","09:40:29",41400
32.15,0.05,300,"bu","09:40:16",41200
32.15,0.05,700,"bu","09:40:16",40900
32.1,0,200,"sd","09:39:45",40200
32.05,-0.05,400,"bu","09:37:47",40000
32.05,-0.05,100,"bu","09:37:43",39600
32.05,-0.05,100,"sd","09:37:20",39500
32.05,-0.05,300,"sd","09:37:20",39400
32.05,-0.05,100,"sd","09:37:20",39100
32.1,0,100,"bu","09:36:46",39000
32.05,-0.05,100,"sd","09:35:46",38900
32.1,0,200,"bu","09:35:41",38800
32.1,0,300,"bu","09:35:41",38600
32.05,-0.05,400,"bu","09:33:10",38300
32.05,-0.05,200,"bu","09:33:08",37900
32,-0.1,100,"sd","09:33:07",37700
32.05,-0.05,100,"bu","09:32:47",37600
32.05,-0.05,300,"bu","09:32:34",37500
32.05,-0.05,1000,"sd","09:32:28",37200
32.1,0,300,"bu","09:31:18",36200
32.05,-0.05,300,"unknown","09:31:18",35900
32,-0.1,1000,"sd","09:31:07",35600
32,-0.1,400,"sd","09:30:55",34600
32,-0.1,100,"sd","09:30:55",34200
32,-0.1,500,"sd","09:30:55",34100
32.05,-0.05,700,"sd","09:30:47",33600
32.1,0,100,"sd","09:27:30",32900
32.1,0,200,"sd","09:27:15",32800
32.2,0.1,2000,"bu","09:25:41",32600
32.2,0.1,800,"bu","09:25:23",30600
32.2,0.1,800,"bu","09:24:48",29800
32.2,0.1,200,"bu","09:24:24",29000
32.2,0.1,300,"bu","09:24:06",28800
32.2,0.1,100,"bu","09:23:38",28500
32.2,0.1,100,"bu","09:23:38",28400
32.2,0.1,100,"bu","09:23:17",28300
32.2,0.1,300,"bu","09:22:59",28200
32.15,0.05,400,"unknown","09:22:19",27900
32.2,0.1,800,"bu","09:22:19",27500
32.15,0.05,100,"bu","09:22:18",26700
32.1,0,1100,"sd","09:22:04",26600
32.2,0.1,100,"bu","09:21:49",25500
32.2,0.1,600,"bu","09:20:49",25400
32,-0.1,1000,"sd","09:20:45",24800
32,-0.1,1900,"sd","09:20:45",23800
32,-0.1,100,"sd","09:20:26",21900
32.1,0,1000,"sd","09:20:26",21800
32.15,0.05,1000,"sd","09:20:26",20800
32.15,0.05,100,"sd","09:20:26",19800
32.1,0,1500,"sd","09:20:26",19700
32.1,0,1100,"sd","09:20:26",18200
32.15,0.05,500,"sd","09:20:26",17100
32.15,0.05,400,"sd","09:19:30",16600
32.45,0.35,1200,"bu","09:18:48",16200
32.45,0.35,200,"bu","09:18:48",15000
32.45,0.35,100,"bu","09:18:48",14800
32.45,0.35,200,"bu","09:17:47",14700
32.45,0.35,200,"bu","09:17:47",14500
32.15,0.05,100,"sd","09:17:46",14300
32.1,0,900,"sd","09:16:35",14200
32.2,0.1,100,"sd","09:16:35",12800
32.15,0.05,500,"sd","09:16:35",13300
32.3,0.2,500,"sd","09:16:35",12700
32.5,0.4,500,"bu","09:15:16",12200
32.4,0.3,1000,"sd","09:15:15",11700
32.5,0.4,10700,"unknown","09:15:00",10700
