"price","change","match_qtty","side","time","total_vol"
3.4,0,23000,"unknown","14:45:02",244200
3.4,0,2200,"sd","14:29:24",221200
3.4,0,2200,"unknown","14:22:53",219000
3.4,0,1000,"bu","14:21:12",216800
3.4,0,200,"bu","14:18:19",215800
3.4,0,1000,"bu","14:14:42",215600
3.4,0,1000,"bu","14:13:38",214600
3.4,0,300,"bu","14:12:02",213600
3.4,0,1100,"bu","14:05:21",213300
3.3,-0.1,100,"sd","14:02:02",212200
3.4,0,400,"bu","13:54:22",212100
3.4,0,15000,"bu","13:54:05",211700
3.4,0,500,"bu","13:53:52",196700
3.3,-0.1,100,"sd","13:53:31",196200
3.4,0,200,"bu","13:52:59",196100
3.4,0,3000,"bu","13:52:21",195900
3.4,0,1000,"bu","13:49:59",192900
3.4,0,1000,"bu","13:48:48",191900
3.4,0,5000,"bu","13:31:26",190900
3.4,0,2000,"bu","13:28:22",185900
3.4,0,300,"bu","13:21:21",183900
3.4,0,100,"bu","13:17:23",183600
3.3,-0.1,100,"sd","13:14:12",183500
3.3,-0.1,1000,"sd","13:10:40",183400
3.3,-0.1,500,"sd","13:06:02",182400
3.4,0,2000,"bu","13:00:05",181900
3.4,0,1000,"bu","13:00:04",179900
3.4,0,100,"bu","13:00:02",178900
3.4,0,10000,"bu","11:28:28",178800
3.4,0,200,"bu","11:17:49",168800
3.4,0,1700,"bu","10:59:18",168600
3.4,0,100,"bu","10:48:41",166900
3.4,0,2500,"bu","10:48:38",166800
3.4,0,3100,"bu","10:39:22",164300
3.4,0,10000,"bu","10:34:38",161200
3.4,0,7300,"sd","10:29:45",151200
3.4,0,300,"bu","10:26:02",143900
3.4,0,100,"bu","10:25:53",143600
3.4,0,1800,"sd","10:25:35",143500
3.4,0,3000,"sd","10:24:09",141700
3.4,0,1000,"sd","10:22:58",138700
3.4,0,4000,"sd","10:22:11",137700
3.4,0,1000,"sd","10:20:54",133700
3.4,0,13400,"bu","10:16:03",132700
3.4,0,1000,"bu","10:13:18",119300
3.4,0,600,"bu","10:11:45",118300
3.4,0,13700,"bu","10:11:09",117700
3.4,0,2000,"bu","10:10:37",104000
3.4,0,600,"bu","10:10:14",102000
3.4,0,3200,"bu","10:00:23",101400
3.4,0,400,"bu","10:00:15",98200
3.4,0,1600,"bu","09:58:42",97800
3.4,0,10000,"bu","09:58:34",96200
3.4,0,2000,"bu","09:57:17",86200
3.4,0,8500,"bu","09:47:23",84200
3.4,0,1000,"bu","09:46:58",75700
3.4,0,100,"bu","09:46:23",74700
3.4,0,100,"bu","09:40:03",74600
3.4,0,1000,"bu","09:37:16",74500
3.4,0,200,"bu","09:35:41",73500
3.3,-0.1,100,"sd","09:31:05",73300
3.3,-0.1,3000,"sd","09:30:46",73200
3.4,0,100,"bu","09:30:06",70200
3.4,0,2100,"bu","09:29:46",70100
3.4,0,1700,"bu","09:28:16",68000
3.4,0,1000,"bu","09:25:50",66300
3.4,0,500,"bu","09:25:23",65300
3.4,0,14200,"bu","09:24:22",64800
3.4,0,1200,"bu","09:22:12",50600
3.4,0,7700,"bu","09:22:00",49400
3.4,0,41100,"bu","09:21:34",41700
3.4,0,100,"sd","09:20:22",600
3.4,0,100,"sd","09:17:50",500
3.4,0,200,"sd","09:10:58",400
3.5,0.1,200,"unknown","09:00:02",200
