"price","change","match_qtty","side","time","total_vol"
16100,600,21900,"bu","14:58:38",25391100
16100,600,2000,"sd","14:57:14",25369200
16100,600,5000,"sd","14:53:29",25367200
16100,600,200,"sd","14:52:12",25362200
16100,600,3000,"sd","14:49:20",25362000
16100,600,1000,"sd","14:46:26",25359000
16100,600,100,"sd","14:46:01",25358000
16100,600,713700,"unknown","14:45:02",25357900
16100,600,100,"bu","14:29:59",24644200
16100,600,1000,"bu","14:29:48",24644100
16000,500,2200,"sd","14:29:44",24643100
16000,500,2000,"sd","14:29:43",24640900
16100,600,1100,"bu","14:29:42",24638900
16100,600,8600,"bu","14:29:41",24637800
16100,600,500,"bu","14:29:40",24629200
16100,600,3000,"bu","14:29:38",24628700
16100,600,30000,"bu","14:29:36",24625700
16100,600,500,"bu","14:29:32",24595700
16100,600,1400,"bu","14:29:28",24595200
16100,600,500,"bu","14:29:26",24593800
16100,600,9000,"bu","14:29:23",24593300
16100,600,6000,"bu","14:29:16",24584300
16100,600,1000,"bu","14:29:14",24578300
16100,600,1000,"bu","14:29:11",24577300
16100,600,100,"bu","14:29:08",24576300
16100,600,1000,"bu","14:29:05",24576200
16100,600,7000,"bu","14:29:03",24575200
16100,600,1000,"bu","14:29:00",24568200
16100,600,6400,"bu","14:28:59",24567200
16100,600,1000,"bu","14:28:58",24560800
16100,600,1100,"bu","14:28:54",24559800
16100,600,1000,"bu","14:28:51",24558700
16100,600,1100,"bu","14:28:44",24557700
16100,600,300,"bu","14:28:42",24556600
16100,600,300,"bu","14:28:40",24556300
16100,600,15000,"bu","14:28:38",24556000
16100,600,1100,"bu","14:28:37",24541000
16100,600,6000,"bu","14:28:29",24539900
16100,600,200,"bu","14:28:26",24533900
16100,600,300,"bu","14:28:25",24533700
16000,500,2000,"sd","14:28:23",24533400
16100,600,10000,"bu","14:28:16",24531400
16100,600,5100,"bu","14:28:15",24521400
16100,600,200,"bu","14:28:14",24516300
16100,600,3000,"bu","14:28:08",24516100
16100,600,4000,"bu","14:28:06",24513100
16100,600,500,"bu","14:28:05",24509100
16100,600,1000,"bu","14:28:03",24508600
16100,600,3500,"bu","14:28:00",24507600
16100,600,1000,"bu","14:27:58",24504100
16100,600,6000,"bu","14:27:48",24503100
16100,600,100,"bu","14:27:28",24497100
16000,500,3000,"sd","14:27:25",24497000
16100,600,100,"bu","14:27:23",24494000
16100,600,5000,"bu","14:27:19",24493900
16000,500,5000,"sd","14:27:17",24488900
16100,600,2000,"bu","14:27:15",24483900
16100,600,5000,"bu","14:27:05",24481900
16100,600,1000,"bu","14:26:56",24476900
16100,600,10500,"bu","14:26:55",24475900
16000,500,400,"sd","14:26:20",24465400
16100,600,2300,"bu","14:26:18",24465000
16000,500,100,"sd","14:26:09",24462700
16000,500,5000,"sd","14:26:06",24462600
16100,600,7000,"bu","14:25:54",24457600
16000,500,3700,"sd","14:25:53",24450600
16000,500,10000,"sd","14:25:50",24446900
16000,500,700,"sd","14:25:49",24436900
16000,500,5000,"sd","14:25:48",24436200
16000,500,5000,"sd","14:25:46",24431200
16000,500,5000,"sd","14:25:37",24426200
16100,600,2000,"bu","14:25:20",24421200
16100,600,50000,"bu","14:25:16",24419200
16000,500,100000,"sd","14:25:15",24369200
16000,500,33000,"sd","14:25:11",24269200
16100,600,2500,"bu","14:25:06",24236200
16000,500,400,"sd","14:25:05",24233700
16000,500,400,"sd","14:24:56",24233300
16000,500,500,"sd","14:24:53",24232900
16000,500,2000,"sd","14:24:45",24232400
16000,500,3000,"sd","14:24:40",24230400
16100,600,300,"bu","14:24:39",24227400
16000,500,10000,"sd","14:24:33",24227100
16000,500,50000,"sd","14:24:17",24217100
16000,500,54300,"sd","14:24:11",24167100
16000,500,3000,"sd","14:24:10",24112800
16000,500,500,"sd","14:24:09",24109800
16000,500,3000,"sd","14:24:00",24109300
16000,500,500,"sd","14:23:56",24106300
16000,500,50000,"sd","14:23:55",24105800
16000,500,500,"sd","14:23:50",24055800
16000,500,100,"sd","14:23:42",24055300
16000,500,50000,"sd","14:23:39",24055200
16000,500,400,"sd","14:23:30",24005200
16000,500,500,"sd","14:23:08",24004800
16000,500,1000,"sd","14:23:05",24004300
16000,500,1000,"sd","14:22:59",24003300
16000,500,5000,"sd","14:22:55",24002300
16000,500,1000,"sd","14:22:44",23997300
16000,500,300,"sd","14:22:17",23996300
16100,600,200,"bu","14:22:08",23996000
16000,500,500,"sd","14:21:52",23995800
16000,500,100000,"sd","14:21:51",23995300
16000,500,65000,"sd","14:21:43",23895300
16100,600,100,"bu","14:21:41",23830300
16000,500,200,"sd","14:21:39",23830200
16000,500,200,"sd","14:21:30",23830000
16000,500,1000,"sd","14:21:21",23829800
16000,500,3000,"sd","14:21:18",23828800
16000,500,100,"sd","14:20:59",23825800
16000,500,500,"sd","14:20:46",23825700
16000,500,3000,"sd","14:20:41",23825200
16000,500,3400,"sd","14:20:40",23822200
16000,500,100,"sd","14:20:18",23818800
16000,500,5000,"sd","14:20:16",23818700
16000,500,500,"sd","14:20:13",23813700
16000,500,200,"sd","14:20:12",23813200
16000,500,5000,"sd","14:20:06",23813000
16000,500,2000,"sd","14:20:03",23808000
16000,500,3100,"sd","14:19:45",23806000
16000,500,500,"sd","14:19:41",23802900
16000,500,5100,"sd","14:19:39",23802400
16000,500,3000,"sd","14:19:27",23797300
16000,500,6000,"sd","14:19:11",23794300
16000,500,80000,"sd","14:18:53",23788300
16000,500,2000,"sd","14:18:43",23708300
16000,500,300,"sd","14:18:34",23706300
16000,500,500,"sd","14:18:24",23706000
16000,500,200,"sd","14:18:13",23705500
16100,600,200,"bu","14:17:58",23705300
16100,600,300,"bu","14:17:52",23705100
16000,500,900,"sd","14:17:49",23704800
16100,600,1000,"bu","14:17:39",23703900
16000,500,2000,"sd","14:17:33",23702900
16000,500,2000,"sd","14:17:30",23700900
16000,500,100,"sd","14:17:27",23698900
16000,500,10000,"sd","14:17:24",23698800
16000,500,300,"sd","14:17:15",23688800
16000,500,1800,"sd","14:17:09",23688500
16000,500,2300,"sd","14:17:03",23686700
16000,500,100,"sd","14:16:56",23684400
16000,500,500,"sd","14:16:55",23684300
16000,500,200,"sd","14:16:39",23683800
16000,500,800,"sd","14:16:36",23683600
16000,500,2000,"sd","14:16:33",23682800
16000,500,1100,"sd","14:16:27",23680800
16000,500,18600,"sd","14:16:23",23679700
16000,500,100500,"bu","14:16:19",23661100
16000,500,21100,"bu","14:16:18",23560600
16000,500,2200,"bu","14:16:17",23539500
16000,500,1000,"bu","14:16:15",23537300
16000,500,1000,"bu","14:16:12",23536300
16000,500,20000,"bu","14:16:11",23535300
15900,400,100,"sd","14:15:55",23515300
16000,500,1000,"bu","14:15:52",23515200
16000,500,507900,"bu","14:15:49",23514200
16000,500,5000,"bu","14:15:40",23006300
15900,400,3700,"sd","14:15:30",23001300
15900,400,5000,"sd","14:15:25",22997600
16000,500,600,"bu","14:15:19",22992600
16000,500,200,"bu","14:15:17",22992000
16000,500,100,"bu","14:14:58",22991800
16000,500,1000,"bu","14:14:50",22991700
16000,500,100,"bu","14:14:38",22990700
16000,500,500,"bu","14:14:23",22990600
16000,500,600,"bu","14:14:18",22990100
16000,500,300,"bu","14:14:12",22989500
16000,500,200,"bu","14:14:06",22989200
16000,500,5000,"bu","14:14:04",22989000
16000,500,500,"bu","14:13:58",22984000
15900,400,500,"sd","14:13:57",22983500
16000,500,3300,"bu","14:13:53",22983000
16000,500,1000,"bu","14:13:41",22979700
16000,500,100,"bu","14:13:38",22978700
16000,500,1000,"bu","14:13:30",22978600
15900,400,5000,"sd","14:13:16",22977600
16000,500,300,"bu","14:13:15",22972600
16000,500,600,"bu","14:13:05",22972300
15900,400,500,"sd","14:13:00",22971700
16000,500,800,"bu","14:12:38",22971200
16000,500,8000,"bu","14:12:18",22970400
16000,500,30000,"bu","14:12:15",22962400
15900,400,50000,"sd","14:12:04",22932400
15900,400,2300,"sd","14:11:55",22882400
15900,400,1000,"sd","14:11:37",22880100
15900,400,300,"sd","14:11:22",22879100
16000,500,400,"bu","14:11:18",22878800
16000,500,3000,"bu","14:11:11",22878400
15900,400,1000,"sd","14:10:59",22875400
15900,400,1000,"sd","14:10:52",22874400
16000,500,2900,"bu","14:10:51",22873400
15900,400,200,"sd","14:10:47",22870500
15900,400,10000,"sd","14:10:31",22870300
16000,500,200,"bu","14:09:41",22860300
16000,500,100,"bu","14:09:40",22860100
16000,500,100,"bu","14:09:38",22860000
16000,500,1000,"bu","14:09:35",22859900
16000,500,100,"bu","14:09:18",22858900
16000,500,1000,"bu","14:08:59",22858800
15900,400,300,"sd","14:08:55",22857800
15900,400,1000,"sd","14:08:50",22857500
16000,500,300,"bu","14:08:38",22856500
16000,500,400,"bu","14:08:37",22856200
16000,500,100,"bu","14:08:33",22855800
15900,400,3000,"sd","14:08:32",22855700
16000,500,100,"bu","14:08:19",22852700
16000,500,400,"bu","14:08:18",22852600
16000,500,4000,"bu","14:08:15",22852200
16000,500,100,"bu","14:08:02",22848200
15900,400,15000,"sd","14:07:30",22848100
15900,400,300000,"sd","14:07:26",22833100
15900,400,3300,"sd","14:07:24",22533100
16000,500,100,"bu","14:07:13",22529800
16000,500,100,"bu","14:06:58",22529700
16000,500,500,"bu","14:06:51",22529600
15900,400,1000,"sd","14:06:39",22529100
16000,500,100,"bu","14:06:37",22528100
16000,500,100,"bu","14:06:21",22528000
16000,500,700,"bu","14:06:09",22527900
16000,500,100,"bu","14:05:58",22527200
16000,500,1000,"bu","14:05:49",22527100
16000,500,200,"bu","14:05:38",22526100
16000,500,600,"bu","14:05:27",22525900
16000,500,100,"bu","14:05:24",22525300
15900,400,1100,"sd","14:05:22",22525200
16000,500,200,"bu","14:05:18",22524100
16000,500,100,"bu","14:05:14",22523900
16000,500,500,"bu","14:05:05",22523800
16000,500,1800,"bu","14:04:58",22523300
16000,500,3000,"bu","14:04:54",22521500
16000,500,5000,"bu","14:04:50",22518500
16000,500,200,"bu","14:04:38",22513500
16000,500,200,"bu","14:04:37",22513300
16000,500,600,"bu","14:04:34",22513100
16000,500,2000,"bu","14:04:23",22512500
16000,500,100,"bu","14:04:18",22510500
16000,500,1100,"bu","14:03:58",22510400
16000,500,10000,"bu","14:03:41",22509300
16000,500,800,"bu","14:03:38",22499300
16000,500,500,"bu","14:03:37",22498500
16000,500,300,"bu","14:03:26",22498000
16000,500,5000,"bu","14:03:25",22497700
16000,500,2900,"bu","14:03:18",22492700
16000,500,13700,"sd","14:03:05",22489800
16000,500,11000,"sd","14:03:04",22476100
16000,500,3000,"sd","14:03:01",22465100
16000,500,1000,"sd","14:02:59",22462100
16000,500,1000,"sd","14:02:54",22461100
16000,500,50000,"sd","14:02:51",22460100
16000,500,10000,"sd","14:02:46",22410100
16000,500,35000,"sd","14:02:39",22400100
16000,500,7300,"sd","14:02:36",22365100
16000,500,5000,"sd","14:02:34",22357800
16000,500,3000,"sd","14:02:23",22352800
16000,500,57900,"sd","14:02:14",22349800
16000,500,10000,"sd","14:02:12",22291900
16000,500,6000,"sd","14:02:10",22281900
16000,500,500,"sd","14:02:08",22275900
16000,500,500,"sd","14:02:05",22275400
16000,500,50000,"sd","14:01:56",22274900
16000,500,10000,"sd","14:01:44",22224900
16000,500,4600,"sd","14:01:35",22214900
16000,500,10000,"sd","14:01:17",22210300
16000,500,600,"sd","14:01:09",22200300
16100,600,100,"bu","14:00:57",22199700
16100,600,1000,"bu","14:00:37",22199600
16100,600,1000,"bu","14:00:36",22198600
16100,600,200,"bu","14:00:32",22197600
16000,500,1000,"sd","14:00:28",22197400
16000,500,2000,"sd","14:00:27",22196400
16000,500,100,"sd","14:00:23",22194400
16000,500,1000,"sd","14:00:22",22194300
16000,500,5100,"sd","14:00:19",22193300
16000,500,1000,"sd","13:59:54",22188200
16000,500,3000,"sd","13:59:53",22187200
16000,500,30100,"sd","13:59:51",22184200
16000,500,1500,"sd","13:59:39",22154100
16000,500,10800,"sd","13:59:37",22152600
16000,500,4000,"sd","13:59:31",22141800
16000,500,2000,"sd","13:59:16",22137800
16100,600,63000,"bu","13:59:15",22135800
16000,500,200,"sd","13:58:04",22072800
16100,600,1000,"bu","13:57:57",22072600
16100,600,10000,"bu","13:57:38",22071600
16100,600,100,"bu","13:57:37",22061600
16100,600,1100,"bu","13:57:17",22061500
16100,600,300,"bu","13:57:14",22060400
16100,600,100,"bu","13:57:13",22060100
16000,500,5000,"sd","13:57:09",22060000
16100,600,200,"bu","13:56:58",22055000
16100,600,5500,"bu","13:56:57",22054800
16100,600,55500,"bu","13:56:37",22049300
16100,600,100,"bu","13:56:30",21993800
16000,500,50000,"sd","13:56:29",21993700
16100,600,5300,"bu","13:56:17",21943700
16100,600,3000,"bu","13:56:14",21938400
16000,500,50000,"sd","13:56:13",21935400
16100,600,600,"bu","13:56:06",21885400
16000,500,20000,"sd","13:55:50",21884800
16100,600,400,"bu","13:55:37",21864800
16100,600,2000,"bu","13:55:29",21864400
16100,600,500,"bu","13:55:26",21862400
16000,500,300,"sd","13:55:17",21861900
16100,600,600,"bu","13:55:09",21861600
16100,600,200,"bu","13:55:07",21861000
16100,600,100,"bu","13:54:42",21860800
16000,500,100,"sd","13:54:39",21860700
16100,600,500,"bu","13:54:38",21860600
16100,600,5100,"bu","13:54:34",21860100
16000,500,800,"sd","13:54:05",21855000
16100,600,300,"bu","13:53:52",21854200
16100,600,200,"bu","13:53:51",21853900
16000,500,100,"sd","13:53:43",21853700
16000,500,1000,"sd","13:53:30",21853600
16000,500,500,"sd","13:53:21",21852600
16000,500,2000,"sd","13:53:00",21852100
16000,500,10000,"sd","13:52:59",21850100
16000,500,10000,"sd","13:52:58",21840100
16000,500,3500,"sd","13:52:50",21830100
16000,500,300,"sd","13:52:43",21826600
16000,500,100,"sd","13:52:41",21826300
16000,500,2900,"sd","13:52:38",21826200
16000,500,300,"bu","13:52:35",21823300
16000,500,500,"bu","13:52:33",21823000
16000,500,5500,"bu","13:52:32",21822500
16000,500,5000,"bu","13:52:30",21817000
16000,500,53000,"bu","13:52:29",21812000
16000,500,400,"bu","13:52:28",21759000
16000,500,20200,"bu","13:52:26",21758600
16000,500,200,"bu","13:52:25",21738400
16000,500,100,"bu","13:52:22",21738200
16000,500,3000,"bu","13:52:20",21738100
16000,500,5000,"bu","13:52:19",21735100
16000,500,2000,"bu","13:52:18",21730100
16000,500,3300,"bu","13:52:16",21728100
16000,500,1000,"bu","13:52:07",21724800
16000,500,300,"bu","13:52:06",21723800
16000,500,100,"bu","13:52:05",21723500
16000,500,10900,"bu","13:52:04",21723400
16000,500,100,"bu","13:52:01",21712500
16000,500,200,"bu","13:52:00",21712400
16000,500,4100,"bu","13:51:57",21712200
16000,500,700,"bu","13:51:54",21708100
16000,500,2200,"bu","13:51:53",21707400
16000,500,200,"bu","13:51:48",21705200
16000,500,700,"bu","13:51:45",21705000
16000,500,2000,"bu","13:51:43",21704300
16000,500,5000,"bu","13:51:39",21702300
16000,500,20800,"bu","13:51:38",21697300
16000,500,15800,"bu","13:51:34",21676500
16000,500,100,"bu","13:51:32",21660700
16000,500,100000,"bu","13:51:31",21660600
16000,500,47500,"bu","13:51:30",21560600
16000,500,2000,"bu","13:51:28",21513100
16000,500,100,"bu","13:51:27",21511100
16000,500,2500,"bu","13:51:26",21511000
16000,500,1000,"bu","13:51:24",21508500
16000,500,32000,"bu","13:51:22",21507500
16000,500,5500,"bu","13:51:18",21475500
16000,500,2000,"bu","13:51:17",21470000
16000,500,500,"bu","13:51:16",21468000
16000,500,500,"bu","13:51:12",21467500
16000,500,23000,"bu","13:51:10",21467000
16000,500,30400,"bu","13:51:09",21444000
16000,500,200,"sd","13:50:57",21413600
16000,500,100,"sd","13:50:56",21413400
16000,500,700,"sd","13:50:52",21413300
16000,500,37700,"bu","13:50:48",21412600
16000,500,1100,"bu","13:50:44",21374900
16000,500,8000,"bu","13:50:43",21373800
16000,500,400,"bu","13:50:42",21365800
16000,500,1800,"bu","13:50:40",21365400
16000,500,10000,"bu","13:50:39",21363600
16000,500,10300,"bu","13:50:38",21353600
15900,400,4000,"sd","13:50:37",21343300
16000,500,2000,"bu","13:50:36",21339300
16000,500,5000,"bu","13:50:35",21337300
16000,500,1000,"bu","13:50:34",21332300
16000,500,500,"bu","13:50:33",21331300
16000,500,1900,"bu","13:50:32",21330800
16000,500,1000,"bu","13:50:30",21328900
16000,500,300,"bu","13:50:28",21327900
16000,500,200,"bu","13:50:27",21327600
16000,500,200,"bu","13:50:26",21327400
16000,500,500,"bu","13:50:25",21327200
16000,500,7700,"bu","13:50:24",21326700
16000,500,20500,"bu","13:50:23",21319000
16000,500,2800,"sd","13:50:21",21298500
16000,500,3500,"bu","13:50:19",21295700
16000,500,34800,"bu","13:50:18",21292200
16000,500,1000,"bu","13:50:17",21257400
16000,500,63100,"bu","13:50:16",21256400
16000,500,24000,"sd","13:50:14",21193300
16000,500,5000,"bu","13:50:13",21169300
16000,500,1000,"bu","13:50:12",21164300
16000,500,200000,"bu","13:50:11",21163300
16000,500,700,"bu","13:50:06",20963300
16000,500,23100,"bu","13:50:03",20962600
16000,500,1800,"bu","13:50:02",20939500
16000,500,2500,"bu","13:50:00",20937700
16000,500,5000,"bu","13:49:59",20935200
16000,500,21700,"bu","13:49:58",20930200
16000,500,9000,"bu","13:49:56",20908500
16000,500,100,"bu","13:49:52",20899500
16000,500,200000,"bu","13:49:51",20899400
16000,500,400,"bu","13:49:41",20699400
16000,500,7600,"bu","13:49:38",20699000
16000,500,20000,"bu","13:49:34",20691400
15900,400,600,"sd","13:49:31",20671400
16000,500,5000,"bu","13:49:30",20670800
15900,400,600,"sd","13:49:29",20665800
15900,400,700,"sd","13:49:28",20665200
16000,500,50000,"bu","13:49:17",20664500
15900,400,7300,"sd","13:48:56",20614500
16000,500,5000,"bu","13:48:44",20607200
16000,500,25700,"bu","13:48:42",20602200
16000,500,2500,"bu","13:48:38",20576500
16000,500,3000,"bu","13:48:32",20574000
16000,500,3300,"bu","13:48:28",20571000
16000,500,200,"bu","13:48:22",20567700
16000,500,600,"bu","13:48:21",20567500
16000,500,10100,"bu","13:48:20",20566900
16000,500,8400,"bu","13:48:18",20556800
16000,500,100,"bu","13:48:16",20548400
15900,400,1000,"sd","13:48:08",20548300
16000,500,43000,"bu","13:48:06",20547300
15900,400,2800,"sd","13:48:03",20504300
16000,500,500,"bu","13:48:00",20501500
16000,500,17300,"bu","13:47:58",20501000
16000,500,200,"bu","13:47:54",20483700
15900,400,150000,"sd","13:47:53",20483500
15900,400,2000,"sd","13:47:50",20333500
15900,400,6000,"sd","13:47:49",20331500
15900,400,300,"sd","13:47:46",20325500
16000,500,1900,"bu","13:47:44",20325200
16000,500,500,"bu","13:47:42",20323300
16000,500,500,"bu","13:47:41",20322800
16000,500,12000,"bu","13:47:40",20322300
15900,400,100,"sd","13:47:34",20310300
16000,500,5000,"bu","13:47:27",20310200
16000,500,700,"bu","13:47:18",20305200
16000,500,100,"bu","13:47:16",20304500
16000,500,2000,"bu","13:47:09",20304400
16000,500,1000,"bu","13:47:07",20302400
16000,500,700,"bu","13:47:03",20301400
16000,500,4100,"bu","13:46:58",20300700
16000,500,1000,"bu","13:46:56",20296600
16000,500,5300,"bu","13:46:53",20295600
16000,500,24000,"bu","13:46:41",20290300
16000,500,100,"bu","13:46:39",20266300
16000,500,700,"bu","13:46:38",20266200
16000,500,10000,"bu","13:46:37",20265500
16000,500,1000,"bu","13:46:36",20255500
15900,400,200,"sd","13:46:33",20254500
16000,500,100,"bu","13:46:32",20254300
15900,400,3000,"sd","13:46:30",20254200
16000,500,2400,"bu","13:46:23",20251200
16000,500,500,"bu","13:46:22",20248800
15900,400,100,"sd","13:46:17",20248300
15900,400,100,"sd","13:46:15",20248200
16000,500,50000,"bu","13:46:13",20248100
16000,500,300,"bu","13:46:05",20198100
16000,500,10000,"bu","13:46:04",20197800
16000,500,1100,"bu","13:45:58",20187800
16000,500,500,"bu","13:45:53",20186700
16000,500,3200,"bu","13:45:38",20186200
16000,500,10000,"bu","13:45:31",20183000
16000,500,900,"bu","13:45:24",20173000
16000,500,2000,"bu","13:45:22",20172100
16000,500,19500,"bu","13:45:18",20170100
16000,500,600,"sd","13:45:15",20150600
16000,500,5000,"sd","13:45:14",20150000
16000,500,52500,"sd","13:45:13",20145000
16000,500,15800,"sd","13:45:12",20092500
16000,500,12600,"sd","13:45:11",20076700
16000,500,27900,"sd","13:45:10",20064100
16000,500,5000,"sd","13:45:09",20036200
16000,500,52000,"sd","13:45:07",20031200
16000,500,3000,"sd","13:45:06",19979200
16000,500,3000,"sd","13:45:05",19976200
16000,500,1000,"sd","13:45:02",19973200
16000,500,7000,"sd","13:45:01",19972200
16000,500,4000,"sd","13:45:00",19965200
16000,500,100,"sd","13:44:59",19961200
16000,500,5000,"sd","13:44:58",19961100
16000,500,1000,"sd","13:44:57",19956100
16000,500,2700,"sd","13:44:56",19955100
16000,500,1800,"sd","13:44:55",19952400
16000,500,10000,"sd","13:44:54",19950600
16000,500,8000,"sd","13:44:53",19940600
16000,500,3000,"sd","13:44:52",19932600
16000,500,7400,"sd","13:44:50",19929600
16000,500,2000,"sd","13:44:49",19922200
16000,500,1000,"sd","13:44:48",19920200
16000,500,13000,"sd","13:44:47",19919200
16000,500,1600,"sd","13:44:44",19906200
16000,500,10000,"sd","13:44:43",19904600
16000,500,1000,"sd","13:44:42",19894600
16000,500,5000,"sd","13:44:39",19893600
16000,500,10000,"sd","13:44:38",19888600
16000,500,100,"sd","13:44:36",19878600
16000,500,9000,"sd","13:44:35",19878500
16000,500,400,"sd","13:44:34",19869500
16000,500,6200,"sd","13:44:31",19869100
16000,500,10000,"sd","13:44:29",19862900
16000,500,600,"sd","13:44:27",19852900
16000,500,600,"sd","13:44:24",19852300
16000,500,14400,"sd","13:44:19",19851700
16000,500,2500,"sd","13:44:12",19837300
16000,500,300700,"sd","13:44:11",19834800
16000,500,500,"sd","13:44:07",19534100
16000,500,700,"sd","13:44:06",19533600
16000,500,400,"sd","13:44:02",19532900
16000,500,7700,"sd","13:43:58",19532500
16000,500,2000,"sd","13:43:57",19524800
16000,500,500,"sd","13:43:56",19522800
16000,500,100,"sd","13:43:49",19522300
16000,500,100,"sd","13:43:48",19522200
16000,500,100,"sd","13:43:47",19522100
16000,500,10000,"sd","13:43:42",19522000
16000,500,100,"sd","13:43:33",19512000
16000,500,2500,"sd","13:43:29",19511900
16000,500,500,"sd","13:43:27",19509400
16000,500,500,"sd","13:43:24",19508900
16000,500,200,"sd","13:43:23",19508400
16000,500,2000,"sd","13:43:20",19508200
16000,500,400,"sd","13:43:19",19506200
16000,500,1000,"sd","13:43:05",19505800
16100,600,400,"bu","13:43:01",19504800
16000,500,1000,"sd","13:42:59",19504400
16000,500,9300,"sd","13:42:36",19503400
16100,600,1200,"bu","13:42:31",19494100
16100,600,2000,"bu","13:42:30",19492900
16000,500,500,"sd","13:42:25",19490900
16100,600,400,"bu","13:42:18",19490400
16100,600,2000,"bu","13:42:11",19490000
16100,600,100,"bu","13:42:09",19488000
16100,600,2200,"bu","13:41:58",19487900
16100,600,300,"bu","13:41:52",19485700
16000,500,20000,"sd","13:41:47",19485400
16100,600,100,"bu","13:41:46",19465400
16000,500,1100,"sd","13:41:45",19465300
16100,600,1300,"bu","13:41:38",19464200
16100,600,1000,"bu","13:41:31",19462900
16100,600,400,"bu","13:41:30",19461900
16100,600,200,"bu","13:41:26",19461500
16100,600,100,"bu","13:41:23",19461300
16100,600,100,"bu","13:41:21",19461200
16100,600,11200,"bu","13:41:18",19461100
16100,600,1600,"bu","13:41:16",19449900
16100,600,3000,"bu","13:41:10",19448300
16000,500,1000,"sd","13:41:09",19445300
16000,500,30000,"sd","13:41:05",19444300
16000,500,5500,"sd","13:41:02",19414300
16100,600,300,"bu","13:40:59",19408800
16100,600,70600,"bu","13:40:58",19408500
16100,600,500,"bu","13:40:56",19337900
16000,500,1000,"sd","13:40:39",19337400
16000,500,7000,"sd","13:40:30",19336400
16000,500,10000,"sd","13:40:27",19329400
16000,500,1000,"sd","13:40:10",19319400
16000,500,1100,"sd","13:40:08",19318400
16000,500,10000,"sd","13:39:47",19317300
16100,600,100,"bu","13:39:42",19307300
16100,600,200,"bu","13:39:17",19307200
16100,600,1000,"bu","13:39:15",19307000
16100,600,1000,"bu","13:39:10",19306000
16100,600,200,"bu","13:39:07",19305000
16100,600,400,"bu","13:39:05",19304800
16100,600,300,"bu","13:38:57",19304400
16100,600,100,"bu","13:38:39",19304100
16100,600,3000,"bu","13:38:37",19304000
16100,600,1000,"bu","13:38:33",19301000
16100,600,12500,"bu","13:38:32",19300000
16000,500,10000,"sd","13:38:27",19287500
16100,600,1600,"bu","13:38:22",19277500
16100,600,5000,"bu","13:38:18",19275900
16100,600,300,"bu","13:38:17",19270900
16100,600,500,"bu","13:38:12",19270600
16100,600,300,"bu","13:38:01",19270100
16100,600,2300,"bu","13:37:57",19269800
16100,600,2100,"bu","13:37:55",19267500
16100,600,900,"bu","13:37:54",19265400
16000,500,20100,"sd","13:37:37",19264500
16100,600,1200,"bu","13:37:17",19244400
16100,600,500,"bu","13:37:06",19243200
16100,600,3000,"bu","13:37:05",19242700
16100,600,7300,"bu","13:36:57",19239700
16100,600,500,"bu","13:36:51",19232400
16100,600,100,"bu","13:36:49",19231900
16100,600,400,"bu","13:36:48",19231800
16100,600,100,"bu","13:36:43",19231400
16100,600,600,"bu","13:36:41",19231300
16100,600,71700,"bu","13:36:39",19230700
16100,600,20000,"sd","13:36:32",19159000
16100,600,50000,"sd","13:36:30",19139000
16100,600,10000,"sd","13:36:29",19089000
16100,600,1100,"sd","13:36:28",19079000
16200,700,1000,"bu","13:36:26",19077900
16100,600,12000,"sd","13:36:25",19076900
16200,700,2000,"bu","13:36:20",19064900
16100,600,5000,"sd","13:36:19",19062900
16100,600,27000,"sd","13:36:17",19057900
16100,600,300,"sd","13:36:16",19030900
16100,600,3000,"sd","13:36:15",19030600
16100,600,20000,"sd","13:36:12",19027600
16100,600,100,"sd","13:36:07",19007600
16100,600,10000,"sd","13:36:03",19007500
16100,600,30000,"sd","13:36:02",18997500
16100,600,21000,"sd","13:36:01",18967500
16100,600,1000,"sd","13:35:59",18946500
16100,600,300,"sd","13:35:58",18945500
16200,700,8400,"bu","13:35:55",18945200
16100,600,30000,"sd","13:35:51",18936800
16100,600,1000,"sd","13:35:49",18906800
16100,600,10000,"sd","13:35:40",18905800
16100,600,100,"sd","13:35:35",18895800
16100,600,500,"sd","13:35:31",18895700
16100,600,5000,"sd","13:35:28",18895200
16100,600,10000,"sd","13:35:19",18890200
16100,600,500,"sd","13:35:15",18880200
16100,600,100,"sd","13:35:11",18879700
16100,600,200,"sd","13:35:09",18879600
16100,600,200,"sd","13:35:08",18879400
16100,600,5000,"sd","13:35:06",18879200
16100,600,2000,"sd","13:34:45",18874200
16200,700,4000,"bu","13:34:43",18872200
16100,600,22000,"sd","13:34:33",18868200
16100,600,1000,"sd","13:34:28",18846200
16100,600,200,"sd","13:34:20",18845200
16100,600,500,"sd","13:34:10",18845000
16200,700,500,"bu","13:34:06",18844500
16200,700,100,"bu","13:33:58",18844000
16200,700,1300,"bu","13:33:53",18843900
16200,700,3100,"bu","13:33:49",18842600
16200,700,500,"bu","13:33:46",18839500
16100,600,700,"sd","13:33:43",18839000
16200,700,500,"bu","13:33:36",18838300
16100,600,30000,"sd","13:33:35",18837800
16200,700,6900,"bu","13:33:23",18807800
16200,700,500,"bu","13:33:10",18800900
16200,700,1600,"bu","13:32:55",18800400
16100,600,1000,"sd","13:32:54",18798800
16200,700,800,"bu","13:32:44",18797800
16200,700,3000,"bu","13:32:34",18797000
16100,600,1000,"sd","13:32:26",18794000
16100,600,50000,"sd","13:32:21",18793000
16200,700,3000,"bu","13:32:06",18743000
16100,600,50000,"sd","13:31:48",18740000
16200,700,400,"bu","13:31:21",18690000
16100,600,200,"sd","13:30:52",18689600
16200,700,500,"bu","13:30:24",18689400
16200,700,1200,"bu","13:30:15",18688900
16200,700,1700,"bu","13:30:10",18687700
16200,700,1000,"bu","13:30:09",18686000
16200,700,20000,"bu","13:30:03",18685000
16200,700,1100,"bu","13:29:47",18665000
16200,700,3000,"bu","13:29:43",18663900
16200,700,300,"bu","13:29:34",18660900
16200,700,300,"bu","13:29:24",18660600
16200,700,100,"bu","13:29:22",18660300
16200,700,4600,"bu","13:28:47",18660200
16200,700,100,"bu","13:28:44",18655600
16200,700,1900,"bu","13:28:39",18655500
16200,700,1000,"bu","13:28:30",18653600
16200,700,100,"bu","13:28:01",18652600
16200,700,5000,"bu","13:27:44",18652500
16100,600,200,"sd","13:27:39",18647500
16200,700,3400,"bu","13:27:25",18647300
16100,600,5500,"sd","13:27:24",18643900
16100,600,700,"bu","13:27:20",18638400
16100,600,800,"bu","13:27:18",18637700
16100,600,500,"bu","13:27:17",18636900
16100,600,200,"bu","13:27:14",18636400
16100,600,2000,"bu","13:27:11",18636200
16100,600,500,"bu","13:27:10",18634200
16100,600,2000,"bu","13:27:06",18633700
16100,600,80000,"bu","13:27:04",18631700
16100,600,400,"bu","13:26:41",18551700
16100,600,2000,"bu","13:26:33",18551300
16100,600,15000,"bu","13:26:18",18549300
16000,500,200,"sd","13:26:15",18534300
16100,600,5000,"bu","13:26:03",18534100
16100,600,900,"bu","13:26:01",18529100
16000,500,900,"sd","13:25:58",18528200
16100,600,400,"bu","13:25:48",18527300
16100,600,300,"bu","13:25:45",18526900
16100,600,100,"bu","13:25:35",18526600
16100,600,4300,"bu","13:25:25",18526500
16100,600,10000,"bu","13:25:23",18522200
16100,600,3000,"bu","13:25:20",18512200
16100,600,700,"bu","13:25:18",18509200
16100,600,200,"bu","13:25:03",18508500
16100,600,4000,"bu","13:25:02",18508300
16100,600,500,"bu","13:24:57",18504300
16100,600,100,"bu","13:24:54",18503800
16100,600,600,"bu","13:24:50",18503700
16100,600,1000,"bu","13:24:41",18503100
16100,600,2000,"bu","13:24:39",18502100
16100,600,19000,"bu","13:24:32",18500100
16100,600,100,"bu","13:24:28",18481100
16100,600,100,"bu","13:24:00",18481000
16100,600,500,"bu","13:23:59",18480900
16100,600,2000,"bu","13:23:54",18480400
16100,600,100,"bu","13:23:51",18478400
16100,600,100,"bu","13:23:50",18478300
16100,600,5000,"bu","13:23:47",18478200
16100,600,800,"bu","13:23:19",18473200
16100,600,1000,"bu","13:23:01",18472400
16100,600,600,"bu","13:22:59",18471400
16100,600,200,"bu","13:22:52",18470800
16100,600,300,"bu","13:22:45",18470600
16100,600,500,"bu","13:22:43",18470300
16100,600,5000,"bu","13:22:39",18469800
16100,600,2900,"bu","13:22:35",18464800
16100,600,200,"sd","13:22:34",18461900
16100,600,5000,"sd","13:22:33",18461700
16100,600,5000,"sd","13:22:31",18456700
16100,600,1000,"sd","13:22:30",18451700
16100,600,800,"sd","13:22:29",18450700
16100,600,5000,"sd","13:22:27",18449900
16100,600,1000,"sd","13:22:26",18444900
16100,600,20600,"sd","13:22:25",18443900
16100,600,1600,"sd","13:22:22",18423300
16100,600,8400,"sd","13:22:21",18421700
16100,600,100,"sd","13:22:18",18413300
16100,600,20000,"sd","13:22:16",18413200
16100,600,10000,"sd","13:22:13",18393200
16100,600,1000,"sd","13:22:09",18383200
16100,600,20000,"sd","13:22:07",18382200
16100,600,1100,"sd","13:22:06",18362200
16100,600,5300,"sd","13:22:04",18361100
16100,600,10000,"sd","13:22:02",18355800
16100,600,100000,"sd","13:21:58",18345800
16100,600,5000,"sd","13:21:52",18245800
16100,600,21000,"sd","13:21:27",18240800
16100,600,5000,"sd","13:21:26",18219800
16100,600,400,"sd","13:21:25",18214800
16100,600,100,"sd","13:21:20",18214400
16100,600,100,"sd","13:21:16",18214300
16100,600,100,"sd","13:21:14",18214200
16100,600,1100,"sd","13:21:08",18214100
16100,600,2000,"sd","13:20:56",18213000
16100,600,5000,"sd","13:20:54",18211000
16100,600,100,"sd","13:20:40",18206000
16100,600,300,"sd","13:20:36",18205900
16100,600,500,"sd","13:20:33",18205600
16100,600,100,"sd","13:20:31",18205100
16100,600,5000,"sd","13:20:24",18205000
16100,600,1000,"sd","13:20:16",18200000
16100,600,5000,"sd","13:20:15",18199000
16100,600,600,"sd","13:20:08",18194000
16100,600,2000,"sd","13:20:00",18193400
16100,600,3000,"sd","13:19:51",18191400
16100,600,1500,"sd","13:19:26",18188400
16100,600,300,"sd","13:19:25",18186900
16100,600,600,"sd","13:19:19",18186600
16100,600,10000,"bu","13:19:18",18186000
16100,600,2400,"bu","13:19:16",18176000
16100,600,2500,"bu","13:19:15",18173600
16100,600,9700,"bu","13:19:13",18171100
16100,600,2000,"bu","13:19:11",18161400
16100,600,100,"bu","13:19:10",18159400
16100,600,1500,"bu","13:19:09",18159300
16100,600,10000,"bu","13:19:08",18157800
16100,600,2000,"bu","13:19:07",18147800
16100,600,10000,"bu","13:19:04",18145800
16100,600,1400,"bu","13:19:03",18135800
16100,600,1100,"bu","13:19:02",18134400
16100,600,7900,"bu","13:19:01",18133300
16100,600,3400,"bu","13:19:00",18125400
16100,600,10000,"bu","13:18:59",18122000
16100,600,5000,"bu","13:18:57",18112000
16100,600,5000,"bu","13:18:55",18107000
16100,600,50000,"bu","13:18:54",18102000
16100,600,5000,"bu","13:18:52",18052000
16100,600,6000,"bu","13:18:49",18047000
16100,600,6000,"bu","13:18:46",18041000
16100,600,7000,"bu","13:18:45",18035000
16100,600,500,"bu","13:18:43",18028000
16100,600,500,"bu","13:18:42",18027500
16100,600,6000,"bu","13:18:40",18027000
16000,500,100,"sd","13:18:39",18021000
16100,600,1400,"bu","13:18:36",18020900
16100,600,1100,"bu","13:18:35",18019500
16100,600,2000,"bu","13:18:33",18018400
16100,600,167300,"bu","13:18:32",18016400
16100,600,300,"bu","13:18:30",17849100
16100,600,50000,"bu","13:18:28",17848800
16100,600,2500,"bu","13:18:25",17798800
16100,600,3000,"bu","13:18:24",17796300
16100,600,500,"bu","13:18:16",17793300
16100,600,20000,"bu","13:18:14",17792800
16100,600,5400,"bu","13:18:08",17772800
16100,600,5000,"bu","13:18:04",17767400
16100,600,5000,"bu","13:17:58",17762400
16100,600,88500,"bu","13:17:55",17757400
16100,600,100,"bu","13:17:51",17668900
16100,600,3000,"bu","13:17:47",17668800
16100,600,3000,"bu","13:17:46",17665800
16100,600,8600,"bu","13:17:42",17662800
16100,600,400,"bu","13:17:36",17654200
16100,600,5000,"bu","13:17:33",17653800
16100,600,900,"bu","13:17:26",17648800
16000,500,100,"sd","13:17:22",17647900
16000,500,100,"sd","13:17:18",17647800
16100,600,500,"bu","13:17:15",17647700
16100,600,100,"bu","13:16:54",17647200
16100,600,500,"bu","13:16:51",17647100
16000,500,100,"sd","13:16:49",17646600
16100,600,600,"bu","13:16:48",17646500
16100,600,5000,"bu","13:16:26",17645900
16100,600,700,"bu","13:16:25",17640900
16100,600,500,"bu","13:16:17",17640200
16100,600,10000,"bu","13:16:07",17639700
16000,500,100,"sd","13:16:04",17629700
16100,600,2000,"bu","13:16:02",17629600
16100,600,2500,"bu","13:15:59",17627600
16100,600,200,"bu","13:15:56",17625100
16100,600,100,"bu","13:15:48",17624900
16100,600,1600,"bu","13:15:29",17624800
16100,600,100,"bu","13:15:28",17623200
16000,500,1100,"sd","13:15:27",17623100
16100,600,12000,"bu","13:15:21",17622000
16000,500,100,"sd","13:15:19",17610000
16100,600,300,"bu","13:15:15",17609900
16100,600,2000,"bu","13:15:08",17609600
16000,500,500,"sd","13:14:54",17607600
16100,600,4000,"bu","13:14:53",17607100
16100,600,3200,"bu","13:14:50",17603100
16100,600,400,"bu","13:14:43",17599900
16100,600,1000,"bu","13:14:41",17599500
16100,600,100,"bu","13:14:40",17598500
16100,600,100,"bu","13:14:29",17598400
16100,600,6600,"bu","13:14:13",17598300
16000,500,900,"sd","13:14:08",17591700
16100,600,100,"bu","13:14:06",17590800
16100,600,100,"bu","13:14:04",17590700
16100,600,100,"bu","13:13:59",17590600
16000,500,10000,"sd","13:13:57",17590500
16000,500,600,"sd","13:13:48",17580500
16000,500,300,"sd","13:13:47",17579900
16100,600,8000,"bu","13:13:41",17579600
16000,500,13000,"sd","13:13:02",17571600
16100,600,1600,"bu","13:12:51",17558600
16000,500,800,"sd","13:12:48",17557000
16000,500,500,"sd","13:12:46",17556200
16100,600,1000,"bu","13:12:43",17555700
16100,600,700,"bu","13:12:42",17554700
16100,600,3200,"bu","13:12:38",17554000
16100,600,4400,"bu","13:12:36",17550800
16100,600,500,"bu","13:12:33",17546400
16100,600,200,"bu","13:12:27",17545900
16100,600,100,"bu","13:12:23",17545700
16100,600,1600,"bu","13:12:22",17545600
16100,600,5000,"bu","13:12:20",17544000
16100,600,300,"bu","13:12:17",17539000
16100,600,5000,"bu","13:12:06",17538700
16100,600,100,"bu","13:11:58",17533700
16100,600,100,"bu","13:11:47",17533600
16100,600,100,"bu","13:11:44",17533500
16100,600,500,"bu","13:11:39",17533400
16100,600,500,"bu","13:11:35",17532900
16100,600,500,"bu","13:11:29",17532400
16100,600,2100,"bu","13:11:28",17531900
16100,600,200,"bu","13:11:18",17529800
16100,600,500,"bu","13:11:08",17529600
16100,600,100,"bu","13:11:04",17529100
16100,600,8000,"bu","13:10:59",17529000
16100,600,5400,"bu","13:10:57",17521000
16100,600,600,"bu","13:10:50",17515600
16100,600,1000,"bu","13:10:46",17515000
16100,600,21700,"bu","13:10:42",17514000
16100,600,1400,"bu","13:10:34",17492300
16100,600,100,"bu","13:10:31",17490900
16100,600,100,"bu","13:10:29",17490800
16000,500,100,"sd","13:10:27",17490700
16000,500,500,"sd","13:10:25",17490600
16000,500,200,"sd","13:10:16",17490100
16000,500,2000,"sd","13:10:12",17489900
16000,500,100,"sd","13:10:10",17487900
16000,500,100,"sd","13:09:54",17487800
16000,500,100,"sd","13:09:49",17487700
16100,600,3800,"bu","13:09:47",17487600
16000,500,15000,"sd","13:09:40",17483800
16000,500,1000,"sd","13:09:33",17468800
16100,600,500,"bu","13:09:26",17467800
16100,600,500,"bu","13:09:24",17467300
16100,600,100,"bu","13:09:14",17466800
16000,500,100,"sd","13:09:12",17466700
16100,600,1700,"bu","13:09:06",17466600
16000,500,1000,"sd","13:09:05",17464900
16100,600,1000,"bu","13:09:03",17463900
16000,500,1500,"sd","13:08:55",17462900
16000,500,1400,"sd","13:08:44",17461400
16100,600,1000,"bu","13:08:41",17460000
16100,600,2000,"bu","13:08:39",17459000
16000,500,1000,"sd","13:08:36",17457000
16000,500,500,"sd","13:08:35",17456000
16100,600,200,"bu","13:08:31",17455500
16100,600,1300,"bu","13:08:29",17455300
16000,500,500,"sd","13:08:25",17454000
16000,500,100,"sd","13:08:19",17453500
16100,600,1000,"bu","13:08:16",17453400
16000,500,100,"sd","13:08:14",17452400
16100,600,1000,"bu","13:08:13",17452300
16100,600,4700,"bu","13:08:02",17451300
16000,500,400,"sd","13:07:57",17446600
16000,500,500,"sd","13:07:52",17446200
16100,600,1000,"bu","13:07:49",17445700
16100,600,200,"bu","13:07:48",17444700
16000,500,5000,"sd","13:07:46",17444500
16000,500,10000,"sd","13:07:42",17439500
16000,500,100,"sd","13:07:41",17429500
16100,600,300,"bu","13:07:34",17429400
16000,500,10000,"sd","13:07:14",17429100
16000,500,300,"sd","13:07:12",17419100
16100,600,100,"bu","13:07:11",17418800
16000,500,500,"sd","13:07:06",17418700
16000,500,100,"sd","13:06:48",17418200
16100,600,2000,"bu","13:06:42",17418100
16100,600,2800,"bu","13:06:38",17416100
16100,600,34000,"bu","13:06:32",17413300
16000,500,71600,"sd","13:06:26",17379300
16100,600,400,"bu","13:06:23",17307700
16100,600,5000,"bu","13:06:19",17307300
16100,600,200,"bu","13:06:11",17302300
16000,500,500,"sd","13:06:07",17302100
16000,500,100,"sd","13:06:05",17301600
16100,600,4100,"bu","13:06:04",17301500
16100,600,300,"bu","13:05:59",17297400
16000,500,5000,"sd","13:05:55",17297100
16000,500,1000,"sd","13:05:52",17292100
16000,500,1200,"sd","13:05:48",17291100
16100,600,500,"bu","13:05:46",17289900
16100,600,500,"bu","13:05:40",17289400
16000,500,8000,"sd","13:05:38",17288900
16100,600,1000,"bu","13:05:34",17280900
16100,600,200,"bu","13:05:26",17279900
16100,600,100,"bu","13:05:10",17279700
16100,600,700,"bu","13:05:06",17279600
16100,600,3300,"bu","13:05:05",17278900
16100,600,200,"bu","13:05:00",17275600
16100,600,2000,"bu","13:04:49",17275400
16000,500,300,"sd","13:04:44",17273400
16100,600,900,"bu","13:04:39",17273100
16100,600,300,"bu","13:04:35",17272200
16100,600,600,"bu","13:04:34",17271900
16100,600,2000,"bu","13:04:33",17271300
16100,600,200,"bu","13:04:19",17269300
16100,600,1000,"bu","13:04:16",17269100
16100,600,100,"bu","13:04:15",17268100
16100,600,3100,"bu","13:04:09",17268000
16100,600,500,"bu","13:03:59",17264900
16100,600,100,"bu","13:03:58",17264400
16000,500,1000,"sd","13:03:55",17264300
16100,600,300,"bu","13:03:52",17263300
16100,600,300,"bu","13:03:44",17263000
16100,600,100,"bu","13:03:35",17262700
16100,600,2100,"bu","13:03:30",17262600
16100,600,100,"bu","13:03:25",17260500
16100,600,200,"bu","13:03:23",17260400
16100,600,400,"bu","13:03:19",17260200
16100,600,3200,"bu","13:03:10",17259800
16100,600,500,"bu","13:03:06",17256600
16100,600,1000,"bu","13:03:02",17256100
16100,600,400,"bu","13:02:58",17255100
16100,600,4100,"bu","13:02:56",17254700
16100,600,100,"bu","13:02:51",17250600
16100,600,3000,"bu","13:02:47",17250500
16100,600,1500,"bu","13:02:46",17247500
16100,600,500,"bu","13:02:45",17246000
16100,600,3000,"bu","13:02:44",17245500
16100,600,1000,"bu","13:02:43",17242500
16100,600,30000,"bu","13:02:39",17241500
16100,600,1000,"bu","13:02:38",17211500
16100,600,31900,"sd","13:02:34",17210500
16200,700,2000,"bu","13:02:31",17178600
16100,600,600,"sd","13:02:27",17176600
16100,600,1000,"sd","13:02:26",17176000
16200,700,100,"bu","13:02:22",17175000
16100,600,3900,"sd","13:02:21",17174900
16100,600,100,"sd","13:02:20",17171000
16100,600,1100,"sd","13:02:17",17170900
16100,600,7200,"sd","13:02:13",17169800
16100,600,13000,"sd","13:02:10",17162600
16100,600,100,"sd","13:02:08",17149600
16100,600,100,"sd","13:02:03",17149500
16100,600,4000,"sd","13:02:02",17149400
16100,600,300,"sd","13:02:00",17145400
16100,600,300,"sd","13:01:58",17145100
16100,600,2000,"sd","13:01:55",17144800
16100,600,100,"sd","13:01:53",17142800
16100,600,700,"sd","13:01:52",17142700
16100,600,400,"bu","13:01:51",17142000
16100,600,1200,"bu","13:01:50",17141600
16100,600,200,"bu","13:01:48",17140400
16000,500,38500,"sd","13:01:44",17140200
16100,600,100,"bu","13:01:43",17101700
16100,600,2000,"bu","13:01:40",17101600
16100,600,100,"bu","13:01:39",17099600
16100,600,100,"bu","13:01:38",17099500
16000,500,1000,"sd","13:01:37",17099400
16100,600,20000,"bu","13:01:35",17098400
16100,600,1500,"bu","13:01:34",17078400
16100,600,200,"bu","13:01:32",17076900
16100,600,100,"bu","13:01:29",17076700
16100,600,10200,"bu","13:01:25",17076600
16100,600,300,"bu","13:01:23",17066400
16100,600,1800,"bu","13:01:21",17066100
16100,600,74000,"bu","13:01:19",17064300
16100,600,1300,"bu","13:01:17",16990300
16100,600,300,"bu","13:01:16",16989000
16100,600,900,"bu","13:01:10",16988700
16100,600,600,"bu","13:01:06",16987800
16100,600,116000,"bu","13:01:05",16987200
16000,500,10000,"sd","13:01:01",16871200
16100,600,100200,"bu","13:00:55",16861200
16100,600,700,"bu","13:00:47",16761000
16100,600,3500,"bu","13:00:36",16760300
16100,600,100,"bu","13:00:19",16756800
16000,500,2000,"sd","13:00:16",16756700
16000,500,3700,"sd","13:00:15",16754700
16000,500,200,"sd","13:00:11",16751000
16100,600,51400,"bu","13:00:10",16750800
16100,600,43700,"bu","13:00:09",16699400
16100,600,5000,"bu","13:00:06",16655700
16100,600,27400,"bu","13:00:05",16650700
16000,500,19200,"sd","13:00:04",16623300
16100,600,51600,"bu","13:00:03",16604100
16100,600,300,"bu","11:30:01",16552500
16100,600,100,"bu","11:29:55",16552200
16100,600,500,"bu","11:29:45",16552100
16100,600,100,"bu","11:29:37",16551600
16000,500,100,"sd","11:29:31",16551500
16100,600,1500,"bu","11:29:29",16551400
16000,500,1000,"sd","11:29:24",16549900
16000,500,7200,"sd","11:29:23",16548900
16100,600,300,"bu","11:29:14",16541700
16000,500,100,"sd","11:29:12",16541400
16000,500,100,"sd","11:29:06",16541300
16000,500,1000,"sd","11:29:04",16541200
16000,500,500,"sd","11:28:52",16540200
16000,500,2000,"sd","11:28:43",16539700
16000,500,5000,"sd","11:28:25",16537700
16000,500,200,"sd","11:28:20",16532700
16000,500,10000,"sd","11:28:13",16532500
16000,500,1000,"sd","11:28:08",16522500
16000,500,50000,"sd","11:28:00",16521500
16100,600,1000,"bu","11:27:52",16471500
16100,600,500,"bu","11:27:50",16470500
16100,600,2100,"bu","11:27:46",16470000
16100,600,300,"bu","11:27:31",16467900
16100,600,100,"bu","11:27:29",16467600
16100,600,5000,"bu","11:27:28",16467500
16000,500,1500,"sd","11:27:26",16462500
16100,600,400,"bu","11:27:20",16461000
16100,600,100,"bu","11:27:16",16460600
16100,600,1000,"bu","11:27:11",16460500
16100,600,9300,"bu","11:27:06",16459500
16100,600,1500,"bu","11:27:04",16450200
16000,500,4200,"sd","11:27:00",16448700
16000,500,7800,"sd","11:26:59",16444500
16100,600,600,"bu","11:26:57",16436700
16100,600,2000,"bu","11:26:53",16436100
16100,600,200,"bu","11:26:47",16434100
16000,500,16600,"sd","11:26:46",16433900
16100,600,900,"bu","11:26:41",16417300
16100,600,100,"bu","11:26:39",16416400
16100,600,1000,"bu","11:26:37",16416300
16000,500,500,"sd","11:26:35",16415300
16000,500,100,"sd","11:26:26",16414800
16000,500,5000,"sd","11:26:23",16414700
16000,500,1000,"sd","11:26:18",16409700
16100,600,1200,"bu","11:26:09",16408700
16000,500,1200,"sd","11:26:02",16407500
16000,500,10300,"sd","11:25:52",16406300
16100,600,200,"bu","11:25:50",16396000
16000,500,700,"sd","11:25:45",16395800
16000,500,500,"sd","11:25:43",16395100
16000,500,600,"sd","11:25:42",16394600
16000,500,2000,"sd","11:25:40",16394000
16100,600,300,"bu","11:25:37",16392000
16000,500,2000,"sd","11:25:35",16391700
16000,500,2000,"sd","11:25:22",16389700
16000,500,1000,"sd","11:25:21",16387700
16000,500,2000,"sd","11:25:09",16386700
16000,500,500,"sd","11:24:58",16384700
16100,600,2000,"bu","11:24:52",16384200
16100,600,100,"bu","11:24:48",16382200
16100,600,1000,"bu","11:24:46",16382100
16000,500,5500,"sd","11:24:45",16381100
16100,600,200,"bu","11:24:37",16375600
16000,500,1000,"sd","11:24:35",16375400
16000,500,1100,"sd","11:24:27",16374400
16100,600,10000,"bu","11:24:25",16373300
16100,600,100,"bu","11:24:23",16363300
16100,600,200,"bu","11:24:14",16363200
16000,500,10000,"sd","11:24:10",16363000
16000,500,10000,"sd","11:24:09",16353000
16100,600,200,"bu","11:24:07",16343000
16000,500,200,"sd","11:24:03",16342800
16100,600,200,"bu","11:23:55",16342600
16100,600,10000,"bu","11:23:53",16342400
16000,500,1000,"sd","11:23:50",16332400
16000,500,1300,"sd","11:23:49",16331400
16100,600,300,"bu","11:23:46",16330100
16100,600,1000,"bu","11:23:44",16329800
16100,600,1300,"bu","11:23:40",16328800
16100,600,31000,"bu","11:23:37",16327500
16100,600,800,"bu","11:23:35",16296500
16100,600,200,"bu","11:23:30",16295700
16100,600,300,"bu","11:23:25",16295500
16100,600,2600,"bu","11:23:24",16295200
16000,500,5000,"sd","11:23:22",16292600
16100,600,10000,"bu","11:23:21",16287600
16100,600,3000,"bu","11:23:19",16277600
16100,600,400,"bu","11:23:11",16274600
16100,600,1000,"bu","11:23:05",16274200
16100,600,13100,"sd","11:23:01",16273200
16100,600,1000,"sd","11:23:00",16260100
16100,600,1000,"sd","11:22:59",16259100
16100,600,200,"sd","11:22:58",16258100
16100,600,11000,"sd","11:22:57",16257900
16100,600,6000,"sd","11:22:54",16246900
16100,600,2200,"sd","11:22:51",16240900
16100,600,1600,"sd","11:22:50",16238700
16100,600,200000,"sd","11:22:49",16237100
16100,600,100,"sd","11:22:48",16037100
16100,600,10000,"sd","11:22:41",16037000
16100,600,700,"sd","11:22:36",16027000
16200,700,1000,"bu","11:22:35",16026300
16100,600,10200,"sd","11:22:32",16025300
16100,600,15300,"sd","11:22:28",16015100
16200,700,5000,"bu","11:22:27",15999800
16200,700,500,"bu","11:22:24",15994800
16100,600,800,"sd","11:22:23",15994300
16100,600,200000,"sd","11:22:22",15993500
16100,600,10000,"sd","11:22:19",15793500
16200,700,100,"bu","11:22:18",15783500
16200,700,5000,"bu","11:22:17",15783400
16200,700,1000,"bu","11:22:09",15778400
16100,600,5000,"sd","11:22:00",15777400
16100,600,10000,"sd","11:21:59",15772400
16100,600,200,"sd","11:21:58",15762400
16200,700,2000,"bu","11:21:57",15762200
16200,700,1000,"bu","11:21:56",15760200
16200,700,1600,"bu","11:21:46",15759200
16100,600,5000,"sd","11:21:44",15757600
16200,700,1000,"bu","11:21:42",15752600
16100,600,42000,"sd","11:21:41",15751600
16200,700,100,"bu","11:21:36",15709600
16200,700,2000,"bu","11:21:31",15709500
16200,700,400,"bu","11:21:27",15707500
16200,700,2200,"bu","11:21:20",15707100
16100,600,15000,"sd","11:21:16",15704900
16200,700,9000,"bu","11:21:14",15689900
16100,600,1000,"sd","11:21:13",15680900
16200,700,200,"bu","11:21:09",15679900
16200,700,100,"bu","11:21:03",15679700
16200,700,2000,"bu","11:21:02",15679600
16100,600,3100,"sd","11:21:01",15677600
16200,700,2000,"bu","11:20:59",15674500
16200,700,15000,"bu","11:20:56",15672500
16200,700,10000,"bu","11:20:55",15657500
16100,600,2000,"sd","11:20:54",15647500
16200,700,400,"bu","11:20:50",15645500
16200,700,40000,"bu","11:20:48",15645100
16200,700,5000,"bu","11:20:44",15605100
16200,700,500,"bu","11:20:43",15600100
16200,700,10000,"bu","11:20:42",15599600
16200,700,700,"bu","11:20:41",15589600
16200,700,2000,"bu","11:20:39",15588900
16200,700,1000,"bu","11:20:37",15586900
16100,600,200,"sd","11:20:35",15585900
16200,700,4000,"bu","11:20:32",15585700
16200,700,6000,"bu","11:20:31",15581700
16200,700,10000,"bu","11:20:29",15575700
16100,600,10000,"sd","11:20:25",15565700
16200,700,1500,"bu","11:20:21",15555700
16200,700,200,"bu","11:20:16",15554200
16200,700,2000,"bu","11:20:13",15554000
16200,700,1000,"bu","11:20:10",15552000
16100,600,5000,"sd","11:20:08",15551000
16100,600,1000,"sd","11:20:06",15546000
16100,600,1100,"sd","11:20:05",15545000
16200,700,500,"bu","11:20:04",15543900
16200,700,100,"bu","11:20:02",15543400
16200,700,5600,"bu","11:19:59",15543300
16200,700,500,"bu","11:19:58",15537700
16100,600,5000,"sd","11:19:53",15537200
16100,600,500,"sd","11:19:51",15532200
16200,700,1000,"bu","11:19:50",15531700
16100,600,2000,"sd","11:19:44",15530700
16200,700,100,"bu","11:19:38",15528700
16200,700,200,"bu","11:19:37",15528600
16200,700,2600,"bu","11:19:35",15528400
16200,700,200,"bu","11:19:33",15525800
16200,700,2400,"bu","11:19:32",15525600
16200,700,200,"bu","11:19:29",15523200
16200,700,500,"bu","11:19:27",15523000
16200,700,1700,"bu","11:19:26",15522500
16200,700,100,"bu","11:19:23",15520800
16200,700,6000,"bu","11:19:21",15520700
16200,700,4000,"bu","11:19:20",15514700
16200,700,300,"bu","11:19:19",15510700
16200,700,20000,"bu","11:19:18",15510400
16100,600,1100,"sd","11:19:17",15490400
16200,700,700,"bu","11:19:14",15489300
16200,700,2000,"bu","11:19:13",15488600
16200,700,20000,"bu","11:19:12",15486600
16200,700,100,"bu","11:19:11",15466600
16200,700,25100,"bu","11:19:10",15466500
16200,700,300,"bu","11:19:09",15441400
16200,700,5200,"bu","11:19:08",15441100
16200,700,2200,"bu","11:19:06",15435900
16200,700,500,"bu","11:19:01",15433700
16200,700,500,"bu","11:18:59",15433200
16200,700,300,"bu","11:18:54",15432700
16200,700,1500,"bu","11:18:53",15432400
16200,700,300,"bu","11:18:52",15430900
16200,700,400,"bu","11:18:48",15430600
16200,700,600,"bu","11:18:47",15430200
16200,700,2500,"bu","11:18:46",15429600
16200,700,200,"bu","11:18:45",15427100
16200,700,1100,"bu","11:18:43",15426900
16200,700,100,"bu","11:18:41",15425800
16200,700,300,"bu","11:18:36",15425700
16200,700,500,"bu","11:18:35",15425400
16200,700,500,"bu","11:18:34",15424900
16200,700,10000,"bu","11:18:33",15424400
16200,700,5000,"bu","11:18:32",15414400
16200,700,13000,"bu","11:18:31",15409400
16200,700,2100,"bu","11:18:30",15396400
16200,700,21600,"sd","11:18:27",15394300
16200,700,3000,"sd","11:18:25",15372700
16200,700,100,"sd","11:18:24",15369700
16200,700,7400,"sd","11:18:22",15369600
16200,700,600,"bu","11:18:21",15362200
16200,700,42000,"sd","11:18:19",15361600
16200,700,500,"sd","11:18:17",15319600
16200,700,2000,"sd","11:18:14",15319100
16200,700,1200,"sd","11:18:13",15317100
16200,700,1200,"bu","11:18:12",15315900
16200,700,58800,"bu","11:18:11",15314700
16200,700,500,"sd","11:18:08",15255900
16200,700,62700,"bu","11:18:04",15255400
16200,700,1100,"bu","11:18:03",15192700
16200,700,2000,"bu","11:18:02",15191600
16200,700,42000,"bu","11:18:01",15189600
16200,700,110600,"bu","11:18:00",15147600
16200,700,4000,"bu","11:17:58",15037000
16200,700,5000,"bu","11:17:57",15033000
16200,700,7700,"bu","11:17:56",15028000
16200,700,16200,"bu","11:17:54",15020300
16200,700,24800,"bu","11:17:53",15004100
16200,700,3300,"bu","11:17:52",14979300
16200,700,4000,"bu","11:17:51",14976000
16200,700,1000,"bu","11:17:50",14972000
16200,700,33700,"bu","11:17:49",14971000
16200,700,50000,"bu","11:17:48",14937300
16200,700,10000,"bu","11:17:46",14887300
16200,700,8000,"bu","11:17:45",14877300
16200,700,200,"bu","11:17:44",14869300
16200,700,5000,"bu","11:17:43",14869100
16200,700,100,"bu","11:17:40",14864100
16200,700,500,"bu","11:17:39",14864000
16200,700,29000,"bu","11:17:38",14863500
16200,700,85000,"bu","11:17:37",14834500
16100,600,200,"sd","11:17:36",14749500
16200,700,7000,"bu","11:17:29",14749300
16200,700,200,"bu","11:17:25",14742300
16200,700,200,"bu","11:17:21",14742100
16200,700,2100,"bu","11:17:20",14741900
16100,600,2000,"sd","11:17:19",14739800
16100,600,2100,"sd","11:17:14",14737800
16100,600,1600,"sd","11:17:12",14735700
16100,600,300,"sd","11:17:10",14734100
16200,700,500,"bu","11:17:07",14733800
16100,600,100,"sd","11:17:02",14733300
16100,600,14800,"bu","11:17:00",14733200
16000,500,53000,"sd","11:16:59",14718400
16100,600,1300,"bu","11:16:58",14665400
16100,600,12600,"bu","11:16:57",14664100
16100,600,34400,"bu","11:16:56",14651500
16100,600,16000,"bu","11:16:55",14617100
16100,600,15000,"bu","11:16:54",14601100
16100,600,44400,"bu","11:16:53",14586100
16100,600,35000,"bu","11:16:52",14541700
16100,600,65400,"bu","11:16:51",14506700
16100,600,1200,"bu","11:16:50",14441300
16100,600,5500,"bu","11:16:49",14440100
16100,600,10200,"bu","11:16:48",14434600
16100,600,11700,"bu","11:16:47",14424400
16100,600,5000,"bu","11:16:46",14412700
16100,600,125500,"bu","11:16:45",14407700
16100,600,20000,"bu","11:16:44",14282200
16100,600,1800,"bu","11:16:43",14262200
16100,600,10100,"bu","11:16:42",14260400
16100,600,500,"bu","11:16:39",14250300
16100,600,5800,"bu","11:16:38",14249800
16100,600,33000,"bu","11:16:36",14244000
16100,600,50000,"bu","11:16:35",14211000
16100,600,2200,"bu","11:16:33",14161000
16100,600,1200,"bu","11:16:32",14158800
16100,600,2300,"bu","11:16:30",14157600
16100,600,5100,"bu","11:16:29",14155300
16100,600,400,"bu","11:16:28",14150200
16100,600,300,"bu","11:16:27",14149800
16100,600,6000,"bu","11:16:25",14149500
16100,600,10000,"bu","11:16:24",14143500
16100,600,52200,"bu","11:16:23",14133500
16100,600,1700,"bu","11:16:22",14081300
16100,600,5400,"bu","11:16:21",14079600
16100,600,17300,"bu","11:16:20",14074200
16100,600,600,"bu","11:16:19",14056900
16100,600,20000,"bu","11:16:18",14056300
16100,600,59700,"bu","11:16:15",14036300
16100,600,100,"bu","11:16:14",13976600
16100,600,100,"bu","11:16:12",13976500
16000,500,10400,"sd","11:16:10",13976400
16100,600,87000,"bu","11:16:09",13966000
16100,600,7000,"bu","11:16:08",13879000
16000,500,1000,"sd","11:16:07",13872000
16100,600,1200,"bu","11:16:06",13871000
16100,600,15000,"bu","11:16:05",13869800
16100,600,100,"bu","11:16:03",13854800
16100,600,150000,"bu","11:16:01",13854700
16000,500,1000,"sd","11:16:00",13704700
16100,600,1100,"bu","11:15:59",13703700
16100,600,100900,"bu","11:15:56",13702600
16100,600,3000,"bu","11:15:53",13601700
16100,600,100,"bu","11:15:52",13598700
16000,500,2000,"sd","11:15:51",13598600
16100,600,200,"bu","11:15:46",13596600
16100,600,2000,"bu","11:15:44",13596400
16100,600,100,"bu","11:15:43",13594400
16100,600,800,"bu","11:15:42",13594300
16100,600,3000,"bu","11:15:40",13593500
16000,500,800,"sd","11:15:37",13590500
16000,500,4000,"sd","11:15:32",13589700
16000,500,3000,"sd","11:15:24",13585700
16000,500,5300,"sd","11:15:23",13582700
16000,500,100,"sd","11:15:19",13577400
16000,500,7400,"bu","11:15:16",13577300
16000,500,6500,"bu","11:15:15",13569900
16000,500,18300,"bu","11:15:14",13563400
16000,500,29200,"bu","11:15:13",13545100
16000,500,196100,"bu","11:15:12",13515900
16000,500,50000,"bu","11:15:11",13319800
16000,500,51400,"bu","11:15:10",13269800
16000,500,39700,"bu","11:15:09",13218400
16000,500,40700,"bu","11:15:08",13178700
16000,500,195500,"bu","11:15:06",13138000
16000,500,2000,"bu","11:15:05",12942500
16000,500,137500,"bu","11:15:03",12940500
16000,500,1000,"bu","11:15:02",12803000
16000,500,210000,"bu","11:15:01",12802000
16000,500,5700,"bu","11:15:00",12592000
16000,500,262000,"bu","11:14:59",12586300
16000,500,2100,"bu","11:14:58",12324300
16000,500,600,"bu","11:14:56",12322200
16000,500,60000,"bu","11:14:55",12321600
16000,500,2000,"bu","11:14:53",12261600
16000,500,1000,"bu","11:14:51",12259600
16000,500,300,"bu","11:14:50",12258600
16000,500,600,"bu","11:14:49",12258300
16000,500,2000,"bu","11:14:48",12257700
16000,500,2000,"bu","11:14:47",12255700
16000,500,4600,"bu","11:14:46",12253700
15900,400,10200,"sd","11:14:44",12249100
16000,500,100000,"bu","11:14:41",12238900
16000,500,100000,"bu","11:14:40",12138900
15900,400,5200,"sd","11:14:35",12038900
16000,500,2000,"bu","11:14:34",12033700
16000,500,13200,"bu","11:14:31",12031700
16000,500,1000,"bu","11:14:30",12018500
16000,500,3000,"bu","11:14:25",12017500
16000,500,20000,"bu","11:14:19",12014500
16000,500,100,"bu","11:14:18",11994500
16000,500,100000,"bu","11:14:13",11994400
16000,500,500,"bu","11:14:09",11894400
16000,500,7100,"bu","11:14:03",11893900
15900,400,2500,"sd","11:13:53",11886800
16000,500,15000,"bu","11:13:47",11884300
15900,400,1900,"sd","11:13:45",11869300
15900,400,500,"sd","11:13:43",11867400
15900,400,5000,"sd","11:13:30",11866900
15900,400,700,"bu","11:13:23",11861900
15900,400,2700,"bu","11:13:22",11861200
15900,400,54300,"bu","11:13:21",11858500
15900,400,1500,"bu","11:13:20",11804200
15900,400,5500,"bu","11:13:19",11802700
15900,400,317600,"bu","11:13:18",11797200
15900,400,9000,"bu","11:13:17",11479600
15900,400,32200,"bu","11:13:16",11470600
15900,400,4700,"bu","11:13:15",11438400
15900,400,25000,"bu","11:13:14",11433700
15900,400,237600,"bu","11:13:13",11408700
15900,400,3000,"bu","11:13:12",11171100
15900,400,15100,"bu","11:13:11",11168100
15900,400,100,"bu","11:13:10",11153000
15900,400,315000,"bu","11:13:09",11152900
15900,400,41000,"bu","11:13:08",10837900
15900,400,5000,"bu","11:13:07",10796900
15900,400,1000,"bu","11:13:06",10791900
15900,400,5100,"bu","11:13:05",10790900
15900,400,11200,"bu","11:13:00",10785800
15900,400,3900,"bu","11:12:57",10774600
15900,400,6000,"bu","11:12:56",10770700
15900,400,15000,"bu","11:12:55",10764700
15900,400,50000,"bu","11:12:53",10749700
15900,400,1200,"bu","11:12:52",10699700
15900,400,3600,"bu","11:12:49",10698500
15900,400,100000,"bu","11:12:43",10694900
15900,400,300,"bu","11:12:40",10594900
15900,400,21700,"bu","11:12:39",10594600
15900,400,1000,"bu","11:12:37",10572900
15900,400,20000,"bu","11:12:35",10571900
15900,400,30000,"bu","11:12:34",10551900
15900,400,14500,"bu","11:12:33",10521900
15900,400,10000,"bu","11:12:31",10507400
15900,400,10000,"bu","11:12:29",10497400
15900,400,1200,"bu","11:12:28",10487400
15900,400,3400,"bu","11:12:27",10486200
15900,400,3000,"bu","11:12:24",10482800
15900,400,1000,"bu","11:12:23",10479800
15800,300,100,"sd","11:12:17",10478800
15900,400,500,"bu","11:12:15",10478700
15900,400,10000,"bu","11:12:12",10478200
15900,400,11000,"bu","11:12:11",10468200
15900,400,500,"bu","11:12:01",10457200
15900,400,28500,"bu","11:12:00",10456700
15900,400,500,"bu","11:11:59",10428200
15900,400,800,"bu","11:11:55",10427700
15900,400,800,"bu","11:11:53",10426900
15900,400,5000,"bu","11:11:42",10426100
15900,400,10000,"bu","11:11:39",10421100
15900,400,300,"bu","11:11:33",10411100
15800,300,3000,"sd","11:11:27",10410800
15900,400,11800,"bu","11:11:19",10407800
15900,400,10000,"bu","11:11:14",10396000
15900,400,3000,"bu","11:11:10",10386000
15900,400,10000,"bu","11:11:07",10383000
15900,400,10000,"bu","11:11:05",10373000
15900,400,10000,"bu","11:11:03",10363000
15900,400,10000,"bu","11:11:01",10353000
15900,400,10000,"bu","11:10:52",10343000
15900,400,10000,"bu","11:10:45",10333000
15900,400,4000,"bu","11:10:44",10323000
15900,400,100,"bu","11:10:39",10319000
15800,300,1200,"sd","11:10:34",10318900
15800,300,2000,"sd","11:10:33",10317700
15800,300,50000,"sd","11:09:53",10315700
15900,400,2800,"bu","11:09:38",10265700
15900,400,2000,"bu","11:09:10",10262900
15900,400,100,"bu","11:09:02",10260900
15900,400,25500,"bu","11:09:01",10260800
15900,400,800,"bu","11:08:34",10235300
15900,400,100,"bu","11:08:33",10234500
15900,400,1000,"bu","11:08:25",10234400
15900,400,200,"bu","11:08:06",10233400
15900,400,4000,"bu","11:07:45",10233200
15900,400,1000,"bu","11:07:34",10229200
15900,400,200,"bu","11:07:22",10228200
15800,300,600,"sd","11:07:04",10228000
15900,400,500,"bu","11:06:45",10227400
15900,400,25000,"bu","11:06:32",10226900
15900,400,900,"bu","11:06:31",10201900
15800,300,5100,"sd","11:06:17",10201000
15900,400,9000,"bu","11:06:02",10195900
15800,300,3000,"sd","11:05:36",10186900
15900,400,9000,"bu","11:05:32",10183900
15800,300,19200,"sd","11:05:30",10174900
15900,400,12000,"bu","11:05:27",10155700
15900,400,100,"bu","11:05:22",10143700
15800,300,40000,"sd","11:05:05",10143600
15900,400,1000,"bu","11:04:44",10103600
15900,400,500,"bu","11:04:42",10102600
15900,400,200,"bu","11:04:39",10102100
15900,400,700,"bu","11:04:31",10101900
15900,400,300,"bu","11:04:17",10101200
15900,400,300,"bu","11:03:26",10100900
15800,300,600,"sd","11:03:14",10100600
15900,400,200,"bu","11:03:12",10100000
15900,400,200,"bu","11:03:10",10099800
15900,400,1100,"bu","11:03:03",10099600
15900,400,1000,"bu","11:02:55",10098500
15900,400,15000,"bu","11:02:38",10097500
15800,300,100,"sd","11:02:32",10082500
15900,400,900,"bu","11:02:29",10082400
15900,400,2000,"bu","11:02:22",10081500
15900,400,5000,"bu","11:02:16",10079500
15900,400,10000,"bu","11:02:07",10074500
15900,400,500,"bu","11:02:03",10064500
15900,400,2500,"bu","11:01:54",10064000
15900,400,2000,"bu","11:01:36",10061500
15900,400,2000,"bu","11:01:17",10059500
15900,400,4200,"bu","11:01:06",10057500
15900,400,1000,"bu","11:01:04",10053300
15900,400,500,"bu","11:00:58",10052300
15900,400,1500,"bu","11:00:56",10051800
15900,400,1000,"bu","11:00:51",10050300
15900,400,300,"bu","11:00:50",10049300
15900,400,5000,"bu","11:00:44",10049000
15900,400,100,"bu","11:00:38",10044000
15900,400,1300,"bu","11:00:22",10043900
15900,400,5000,"bu","11:00:17",10042600
15900,400,500,"bu","11:00:07",10037600
15900,400,200,"bu","10:59:58",10037100
15900,400,10000,"bu","10:59:28",10036900
15900,400,2400,"bu","10:59:26",10026900
15900,400,300,"bu","10:59:20",10024500
15900,400,10000,"bu","10:58:52",10024200
15800,300,300,"sd","10:58:34",10014200
15800,300,100,"sd","10:58:27",10013900
15900,400,51600,"bu","10:58:24",10013800
15900,400,400,"bu","10:58:14",9962200
15900,400,500,"bu","10:58:04",9961800
15900,400,3000,"bu","10:58:01",9961300
15900,400,1000,"bu","10:57:58",9958300
15900,400,200,"bu","10:57:49",9957300
15900,400,200,"bu","10:57:37",9957100
15900,400,200,"bu","10:57:34",9956900
15900,400,4100,"bu","10:57:26",9956700
15900,400,1800,"bu","10:57:19",9952600
15900,400,200,"bu","10:57:17",9950800
15900,400,18400,"bu","10:57:12",9950600
15900,400,30000,"bu","10:57:09",9932200
15900,400,30000,"bu","10:57:05",9902200
15900,400,1000,"bu","10:56:59",9872200
15900,400,100,"bu","10:56:40",9871200
15900,400,4600,"bu","10:56:36",9871100
15900,400,200,"bu","10:56:28",9866500
15900,400,5000,"bu","10:56:23",9866300
15900,400,5000,"bu","10:55:58",9861300
15900,400,3300,"bu","10:55:53",9856300
15900,400,100,"bu","10:55:52",9853000
15900,400,9000,"bu","10:55:51",9852900
15900,400,200,"bu","10:55:30",9843900
15900,400,1000,"bu","10:54:51",9843700
15900,400,23000,"bu","10:54:31",9842700
15800,300,100,"sd","10:54:21",9819700
15800,300,100,"sd","10:54:18",9819600
15900,400,1000,"bu","10:54:12",9819500
15900,400,5000,"bu","10:54:07",9818500
15900,400,400,"bu","10:53:54",9813500
15900,400,1000,"bu","10:53:41",9813100
15800,300,1000,"sd","10:53:37",9812100
15900,400,400,"bu","10:53:08",9811100
15900,400,1000,"bu","10:53:06",9810700
15800,300,73000,"sd","10:53:01",9809700
15800,300,1000,"sd","10:52:22",9736700
15900,400,30000,"bu","10:52:08",9735700
15800,300,100,"sd","10:51:53",9705700
15800,300,300,"sd","10:51:08",9705600
15800,300,2000,"sd","10:50:48",9705300
15800,300,21300,"bu","10:50:19",9703300
15800,300,60000,"bu","10:50:18",9682000
15800,300,20000,"bu","10:50:17",9622000
15800,300,30000,"bu","10:50:16",9602000
15800,300,2000,"bu","10:50:15",9572000
15800,300,300,"bu","10:50:13",9570000
15800,300,65000,"bu","10:50:12",9569700
15800,300,3900,"bu","10:50:11",9504700
15800,300,2100,"bu","10:50:10",9500800
15800,300,2200,"bu","10:50:09",9498700
15800,300,10000,"bu","10:50:08",9496500
15800,300,600,"bu","10:50:05",9486500
15800,300,600,"bu","10:50:04",9485900
15800,300,202200,"bu","10:50:00",9485300
15800,300,10100,"bu","10:49:59",9283100
15800,300,55000,"bu","10:49:57",9273000
15800,300,20000,"bu","10:49:56",9218000
15800,300,50600,"bu","10:49:52",9198000
15800,300,1000,"bu","10:49:50",9147400
15800,300,3000,"bu","10:49:47",9146400
15800,300,100,"bu","10:49:46",9143400
15800,300,20000,"bu","10:49:45",9143300
15800,300,200,"bu","10:49:43",9123300
15800,300,100100,"bu","10:49:40",9123100
15800,300,2000,"bu","10:49:39",9023000
15800,300,31700,"bu","10:49:37",9021000
15800,300,10000,"bu","10:49:36",8989300
15800,300,100,"bu","10:49:34",8979300
15800,300,1100,"bu","10:49:27",8979200
15800,300,300,"bu","10:49:25",8978100
15800,300,5700,"bu","10:49:14",8977800
15800,300,3000,"bu","10:49:10",8972100
15800,300,2500,"bu","10:49:04",8969100
15800,300,100,"bu","10:48:56",8966600
15800,300,40900,"bu","10:48:52",8966500
15800,300,2000,"bu","10:48:39",8925600
15800,300,50000,"bu","10:48:37",8923600
15800,300,200,"bu","10:48:12",8873600
15800,300,10000,"bu","10:48:02",8873400
15800,300,700,"bu","10:47:52",8863400
15700,200,100,"sd","10:47:49",8862700
15700,200,200,"sd","10:47:44",8862600
15700,200,500,"sd","10:47:35",8862400
15800,300,100,"bu","10:47:11",8861900
15800,300,200,"bu","10:46:11",8861800
15800,300,5000,"bu","10:46:10",8861600
15800,300,500,"bu","10:46:09",8856600
15800,300,100,"bu","10:46:00",8856100
15800,300,5000,"bu","10:45:47",8856000
15800,300,9400,"bu","10:45:20",8851000
15800,300,100,"bu","10:45:14",8841600
15800,300,2100,"bu","10:45:01",8841500
15700,200,200,"sd","10:44:51",8839400
15700,200,5000,"sd","10:44:20",8839200
15700,200,5000,"sd","10:44:05",8834200
15800,300,2000,"bu","10:43:55",8829200
15700,200,2000,"sd","10:43:46",8827200
15800,300,3000,"bu","10:43:32",8825200
15700,200,600,"sd","10:43:12",8822200
15800,300,100,"bu","10:42:58",8821600
15800,300,100,"bu","10:42:34",8821500
15800,300,8000,"bu","10:42:25",8821400
15800,300,100,"bu","10:42:15",8813400
15800,300,100,"bu","10:42:07",8813300
15800,300,1500,"bu","10:41:55",8813200
15800,300,5000,"bu","10:41:54",8811700
15800,300,500,"bu","10:41:39",8806700
15800,300,500,"bu","10:41:16",8806200
15700,200,1000,"sd","10:41:12",8805700
15800,300,2500,"bu","10:40:38",8804700
15800,300,1000,"bu","10:40:35",8802200
15800,300,100,"bu","10:40:34",8801200
15800,300,1000,"bu","10:40:26",8801100
15800,300,100,"bu","10:40:24",8800100
15800,300,500,"bu","10:40:22",8800000
15800,300,3200,"bu","10:40:14",8799500
15800,300,500,"bu","10:40:10",8796300
15800,300,100,"bu","10:40:04",8795800
15800,300,1000,"bu","10:39:46",8795700
15800,300,20000,"bu","10:39:36",8794700
15800,300,1000,"bu","10:39:35",8774700
15800,300,600,"bu","10:39:33",8773700
15800,300,700,"bu","10:39:30",8773100
15800,300,1000,"bu","10:39:09",8772400
15800,300,1400,"bu","10:39:06",8771400
15800,300,30000,"bu","10:38:46",8770000
15800,300,1400,"bu","10:38:36",8740000
15700,200,2900,"sd","10:38:29",8738600
15800,300,100,"bu","10:38:27",8735700
15800,300,200,"bu","10:38:23",8735600
15800,300,1000,"bu","10:38:21",8735400
15800,300,1000,"bu","10:38:12",8734400
15800,300,1000,"bu","10:38:03",8733400
15800,300,100,"bu","10:37:34",8732400
15700,200,3000,"sd","10:37:13",8732300
15800,300,10000,"bu","10:37:04",8729300
15800,300,1000,"bu","10:37:01",8719300
15800,300,300,"bu","10:36:54",8718300
15800,300,800,"bu","10:36:53",8718000
15800,300,900,"bu","10:36:18",8717200
15800,300,5000,"bu","10:36:06",8716300
15700,200,1000,"sd","10:35:59",8711300
15800,300,10100,"bu","10:35:48",8710300
15800,300,2000,"bu","10:35:38",8700200
15800,300,30000,"bu","10:35:34",8698200
15800,300,500,"bu","10:35:20",8668200
15800,300,300,"bu","10:35:13",8667700
15800,300,700,"bu","10:35:10",8667400
15800,300,100,"bu","10:34:54",8666700
15800,300,400,"bu","10:34:47",8666600
15800,300,500,"bu","10:34:45",8666200
15800,300,200,"bu","10:34:34",8665700
15800,300,2300,"bu","10:34:29",8665500
15800,300,3000,"bu","10:34:18",8663200
15800,300,1000,"bu","10:34:09",8660200
15700,200,700,"sd","10:33:44",8659200
15800,300,2000,"bu","10:33:35",8658500
15700,200,200,"sd","10:33:28",8656500
15700,200,200,"sd","10:33:05",8656300
15800,300,100,"bu","10:33:03",8656100
15700,200,800,"sd","10:32:59",8656000
15800,300,500,"bu","10:32:52",8655200
15800,300,100,"bu","10:32:48",8654700
15800,300,10000,"bu","10:32:47",8654600
15800,300,300,"bu","10:32:42",8644600
15800,300,5000,"bu","10:32:39",8644300
15800,300,500,"bu","10:32:38",8639300
15800,300,3300,"bu","10:32:36",8638800
15800,300,100,"bu","10:32:29",8635500
15800,300,100,"bu","10:32:09",8635400
15800,300,1000,"bu","10:31:54",8635300
15800,300,1000,"bu","10:31:46",8634300
15800,300,100,"bu","10:31:45",8633300
15800,300,2000,"bu","10:31:37",8633200
15700,200,5000,"sd","10:31:36",8631200
15800,300,3000,"bu","10:31:27",8626200
15800,300,3000,"bu","10:31:21",8623200
15800,300,1000,"bu","10:30:45",8620200
15800,300,2000,"bu","10:30:31",8619200
15800,300,100,"bu","10:30:30",8617200
15800,300,300,"bu","10:30:26",8617100
15800,300,1000,"bu","10:30:22",8616800
15800,300,1000,"bu","10:30:21",8615800
15800,300,1000,"bu","10:30:15",8614800
15800,300,500,"bu","10:30:14",8613800
15800,300,1000,"bu","10:29:50",8613300
15800,300,10000,"bu","10:29:48",8612300
15800,300,200,"bu","10:29:47",8602300
15800,300,1100,"bu","10:29:45",8602100
15800,300,1000,"bu","10:29:44",8601000
15800,300,300,"bu","10:29:37",8600000
15800,300,500,"bu","10:29:28",8599700
15800,300,1100,"bu","10:29:23",8599200
15800,300,100,"bu","10:29:18",8598100
15800,300,5000,"bu","10:29:14",8598000
15800,300,3000,"bu","10:29:05",8593000
15800,300,4500,"bu","10:29:00",8590000
15800,300,700,"bu","10:28:54",8585500
15800,300,1000,"bu","10:28:46",8584800
15800,300,5700,"bu","10:28:39",8583800
15800,300,500,"bu","10:28:38",8578100
15800,300,5000,"bu","10:28:37",8577600
15800,300,1500,"bu","10:28:35",8572600
15800,300,500,"bu","10:28:21",8571100
15800,300,11300,"bu","10:28:16",8570600
15800,300,1000,"bu","10:28:13",8559300
15800,300,500,"bu","10:28:11",8558300
15800,300,1000,"bu","10:28:06",8557800
15800,300,1000,"bu","10:28:01",8556800
15800,300,200,"bu","10:27:53",8555800
15800,300,400,"bu","10:27:50",8555600
15800,300,100,"bu","10:27:17",8555200
15800,300,100,"bu","10:27:10",8555100
15800,300,100,"bu","10:27:09",8555000
15800,300,5000,"bu","10:27:07",8554900
15800,300,500,"bu","10:27:03",8549900
15700,200,600,"sd","10:27:01",8549400
15800,300,11000,"bu","10:26:50",8548800
15800,300,26400,"bu","10:26:47",8537800
15800,300,5000,"bu","10:26:45",8511400
15800,300,3000,"bu","10:26:36",8506400
15800,300,2600,"bu","10:26:31",8503400
15700,200,73100,"sd","10:26:27",8500800
15800,300,2100,"bu","10:26:24",8427700
15800,300,500,"bu","10:26:14",8425600
15800,300,150000,"bu","10:26:12",8425100
15800,300,500,"bu","10:25:29",8275100
15800,300,100,"bu","10:25:23",8274600
15800,300,500,"bu","10:25:22",8274500
15700,200,500,"sd","10:25:01",8274000
15800,300,100,"bu","10:24:57",8273500
15700,200,8000,"sd","10:24:52",8273400
15800,300,900,"bu","10:24:50",8265400
15800,300,100,"bu","10:24:47",8264500
15700,200,200,"sd","10:24:38",8264400
15800,300,500,"bu","10:24:37",8264200
15800,300,100,"bu","10:24:35",8263700
15800,300,5000,"bu","10:24:25",8263600
15800,300,1000,"bu","10:24:15",8258600
15800,300,400,"bu","10:24:01",8257600
15800,300,2000,"bu","10:23:57",8257200
15800,300,3300,"bu","10:23:55",8255200
15800,300,1000,"bu","10:23:48",8251900
15800,300,14300,"bu","10:23:45",8250900
15800,300,3000,"bu","10:23:38",8236600
15800,300,6000,"bu","10:23:36",8233600
15800,300,200,"bu","10:23:29",8227600
15800,300,1000,"bu","10:23:25",8227400
15800,300,100,"bu","10:23:23",8226400
15800,300,100,"bu","10:23:20",8226300
15800,300,500,"bu","10:23:12",8226200
15800,300,20000,"bu","10:23:10",8225700
15800,300,800,"bu","10:23:01",8205700
15800,300,100000,"bu","10:22:52",8204900
15800,300,1200,"bu","10:22:51",8104900
15800,300,8000,"bu","10:22:47",8103700
15700,200,500,"sd","10:22:38",8095700
15700,200,500,"sd","10:22:24",8095200
15700,200,2000,"sd","10:21:59",8094700
15700,200,900,"sd","10:21:11",8092700
15700,200,1000,"sd","10:21:09",8091800
15700,200,1000,"sd","10:21:06",8090800
15700,200,1000,"sd","10:20:56",8089800
15700,200,10100,"sd","10:20:23",8088800
15800,300,1000,"bu","10:20:15",8078700
15700,200,1000,"sd","10:20:10",8077700
15800,300,1000,"bu","10:20:03",8076700
15700,200,5000,"sd","10:19:37",8075700
15700,200,2000,"sd","10:19:29",8070700
15700,200,1000,"sd","10:19:20",8068700
15700,200,2000,"sd","10:19:16",8067700
15700,200,1500,"sd","10:19:11",8065700
15700,200,100,"sd","10:19:05",8064200
15700,200,1900,"sd","10:18:32",8064100
15800,300,2000,"bu","10:18:25",8062200
15700,200,100,"sd","10:18:19",8060200
15800,300,100,"bu","10:18:13",8060100
15800,300,2000,"bu","10:18:00",8060000
15800,300,200,"bu","10:17:55",8058000
15800,300,400,"bu","10:17:36",8057800
15800,300,100,"bu","10:17:29",8057400
15800,300,10200,"bu","10:17:21",8057300
15800,300,1200,"bu","10:17:13",8047100
15800,300,100,"bu","10:16:38",8045900
15800,300,2000,"bu","10:16:36",8045800
15800,300,900,"bu","10:16:30",8043800
15800,300,500,"bu","10:16:23",8042900
15800,300,2200,"bu","10:16:19",8042400
15800,300,2000,"bu","10:16:14",8040200
15800,300,4000,"bu","10:16:02",8038200
15700,200,10000,"sd","10:16:00",8034200
15800,300,7600,"bu","10:15:58",8024200
15800,300,10000,"bu","10:15:52",8016600
15800,300,300,"bu","10:15:38",8006600
15800,300,100,"bu","10:15:33",8006300
15800,300,1200,"bu","10:15:29",8006200
15800,300,1000,"bu","10:14:46",8005000
15800,300,200,"bu","10:14:41",8004000
15700,200,600,"sd","10:14:37",8003800
15800,300,2000,"bu","10:14:34",8003200
15700,200,2000,"sd","10:14:26",8001200
15800,300,400,"bu","10:14:16",7999200
15800,300,300,"bu","10:14:12",7998800
15800,300,200,"bu","10:13:53",7998500
15800,300,100100,"bu","10:13:51",7998300
15800,300,3700,"bu","10:13:39",7898200
15800,300,800,"bu","10:13:26",7894500
15800,300,1000,"bu","10:13:07",7893700
15800,300,400,"bu","10:13:01",7892700
15800,300,1000,"bu","10:12:48",7892300
15800,300,2100,"bu","10:12:44",7891300
15800,300,45200,"bu","10:12:43",7889200
15800,300,1100,"sd","10:12:39",7844000
15800,300,1000,"sd","10:12:38",7842900
15800,300,300,"sd","10:12:36",7841900
15800,300,52000,"sd","10:12:34",7841600
15800,300,13400,"sd","10:12:33",7789600
15800,300,5000,"sd","10:12:32",7776200
15800,300,5000,"sd","10:12:31",7771200
15800,300,3000,"sd","10:12:30",7766200
15800,300,4000,"sd","10:12:29",7763200
15800,300,23200,"sd","10:12:27",7759200
15800,300,29000,"sd","10:12:25",7736000
15800,300,500100,"sd","10:12:21",7707000
15800,300,20000,"sd","10:12:18",7206900
15800,300,900,"sd","10:12:13",7186900
15800,300,30000,"sd","10:12:11",7186000
15800,300,2000,"sd","10:12:10",7156000
15800,300,2000,"sd","10:12:08",7154000
15800,300,2000,"sd","10:12:07",7152000
15800,300,14200,"sd","10:12:05",7150000
15800,300,20500,"sd","10:12:02",7135800
15800,300,122000,"sd","10:12:01",7115300
15800,300,20000,"sd","10:11:58",6993300
15800,300,1000,"sd","10:11:56",6973300
15800,300,600,"sd","10:11:55",6972300
15800,300,100,"sd","10:11:54",6971700
15900,400,2600,"bu","10:11:47",6971600
15800,300,19500,"sd","10:11:46",6969000
15800,300,1100,"sd","10:11:44",6949500
15800,300,600,"sd","10:11:43",6948400
15800,300,100,"sd","10:11:42",6947800
15800,300,10300,"sd","10:11:40",6947700
15800,300,1000,"sd","10:11:31",6937400
15800,300,1000,"sd","10:11:27",6936400
15800,300,195000,"sd","10:11:24",6935400
15800,300,30000,"sd","10:11:13",6740400
15800,300,500,"sd","10:11:05",6710400
15800,300,2000,"sd","10:10:59",6709900
15900,400,100,"bu","10:10:56",6707900
15800,300,4000,"sd","10:10:42",6707800
15900,400,10000,"bu","10:10:37",6703800
15800,300,300,"sd","10:10:28",6693800
15900,400,3000,"bu","10:10:12",6693500
15900,400,2000,"bu","10:10:09",6690500
15900,400,8000,"bu","10:09:54",6688500
15900,400,1000,"bu","10:09:46",6680500
15900,400,500,"bu","10:09:45",6679500
15900,400,5700,"bu","10:09:41",6679000
15900,400,100,"bu","10:09:35",6673300
15900,400,700,"bu","10:09:30",6673200
15900,400,500,"bu","10:09:06",6672500
15800,300,10200,"sd","10:09:00",6672000
15900,400,10000,"bu","10:08:53",6661800
15800,300,1000,"sd","10:08:51",6651800
15900,400,1000,"bu","10:08:45",6650800
15900,400,200,"bu","10:08:43",6649800
15800,300,1000,"sd","10:08:38",6649600
15800,300,1000,"sd","10:08:34",6648600
15900,400,1000,"bu","10:08:31",6647600
15800,300,20000,"sd","10:08:06",6646600
15800,300,700,"sd","10:08:01",6626600
15800,300,2000,"sd","10:08:00",6625900
15900,400,900,"bu","10:07:54",6623900
15800,300,5000,"sd","10:07:51",6623000
15800,300,1000,"sd","10:07:43",6618000
15800,300,20000,"sd","10:07:42",6617000
15800,300,700,"sd","10:07:35",6597000
15900,400,100,"bu","10:07:27",6596300
15900,400,1000,"bu","10:07:17",6596200
15800,300,900,"sd","10:07:03",6595200
15900,400,1000,"bu","10:06:57",6594300
15900,400,100,"bu","10:06:56",6593300
15900,400,10000,"bu","10:06:50",6593200
15800,300,5000,"sd","10:06:46",6583200
15900,400,5100,"bu","10:06:42",6578200
15900,400,1000,"bu","10:06:41",6573100
15800,300,1000,"sd","10:06:36",6572100
15900,400,2300,"bu","10:06:29",6571100
15800,300,900,"sd","10:06:27",6568800
15800,300,100,"sd","10:06:23",6567900
15900,400,4000,"bu","10:06:18",6567800
15800,300,100,"sd","10:06:16",6563800
15900,400,100,"bu","10:06:15",6563700
15800,300,300,"sd","10:06:13",6563600
15800,300,5000,"sd","10:06:10",6563300
15800,300,1000,"sd","10:06:04",6558300
15900,400,100,"bu","10:06:01",6557300
15900,400,500,"bu","10:05:53",6557200
15800,300,2000,"sd","10:05:50",6556700
15900,400,1000,"bu","10:05:47",6554700
15800,300,3000,"sd","10:05:40",6553700
15800,300,200,"sd","10:05:36",6550700
15800,300,2500,"sd","10:05:24",6550500
15800,300,1000,"sd","10:05:20",6548000
15800,300,5200,"sd","10:05:14",6547000
15900,400,1900,"bu","10:05:11",6541800
15900,400,300,"bu","10:05:10",6539900
15900,400,2000,"bu","10:05:07",6539600
15900,400,100,"bu","10:05:05",6537600
15900,400,1000,"bu","10:05:00",6537500
15900,400,5000,"bu","10:04:53",6536500
15900,400,12000,"bu","10:04:40",6531500
15800,300,100,"sd","10:04:27",6519500
15900,400,1500,"bu","10:04:24",6519400
15900,400,2000,"bu","10:04:21",6517900
15800,300,600,"sd","10:04:18",6515900
15900,400,4800,"bu","10:04:16",6515300
15900,400,4000,"bu","10:04:15",6510500
15900,400,20000,"bu","10:04:14",6506500
15900,400,500,"bu","10:04:11",6486500
15900,400,9500,"bu","10:04:04",6486000
15900,400,400,"bu","10:04:02",6476500
15900,400,5000,"bu","10:03:59",6476100
15900,400,2000,"bu","10:03:56",6471100
15900,400,1600,"bu","10:03:49",6469100
15900,400,200,"bu","10:03:47",6467500
15900,400,50000,"bu","10:03:46",6467300
15900,400,900,"bu","10:03:43",6417300
15900,400,5500,"bu","10:03:39",6416400
15900,400,400,"bu","10:03:38",6410900
15900,400,8000,"bu","10:03:34",6410500
15900,400,200,"bu","10:03:33",6402500
15900,400,200,"bu","10:03:30",6402300
15900,400,2600,"bu","10:03:26",6402100
15900,400,11800,"bu","10:03:24",6399500
15900,400,10500,"bu","10:03:23",6387700
15900,400,500,"bu","10:03:21",6377200
15900,400,400,"bu","10:03:20",6376700
15900,400,300,"bu","10:03:13",6376300
15900,400,2300,"bu","10:03:12",6376000
15900,400,50000,"bu","10:03:10",6373700
15900,400,61100,"bu","10:03:09",6323700
15900,400,42000,"bu","10:03:05",6262600
15900,400,120000,"bu","10:03:01",6220600
15900,400,18000,"bu","10:02:58",6100600
15900,400,600,"bu","10:02:54",6082600
15900,400,1000,"bu","10:02:44",6082000
15900,400,1400,"bu","10:02:43",6081000
15900,400,5000,"bu","10:02:37",6079600
15900,400,10200,"bu","10:02:34",6074600
15900,400,3000,"bu","10:02:30",6064400
15800,300,15000,"sd","10:02:28",6061400
15800,300,20600,"sd","10:02:00",6046400
15800,300,5100,"sd","10:01:57",6025800
15900,400,1600,"bu","10:01:55",6020700
15900,400,800,"bu","10:01:50",6019100
15800,300,2000,"sd","10:01:49",6018300
15800,300,500,"sd","10:01:46",6016300
15900,400,100,"bu","10:01:45",6015800
15900,400,400,"bu","10:01:34",6015700
15800,300,2600,"sd","10:01:33",6015300
15900,400,300,"bu","10:01:31",6012700
15900,400,1000,"bu","10:01:26",6012400
15900,400,5000,"bu","10:01:12",6011400
15900,400,1000,"bu","10:01:09",6006400
15900,400,2200,"bu","10:01:07",6005400
15900,400,1000,"bu","10:01:05",6003200
15900,400,1000,"bu","10:00:59",6002200
15900,400,100,"bu","10:00:57",6001200
15900,400,10000,"bu","10:00:49",6001100
15900,400,500,"bu","10:00:41",5991100
15900,400,1000,"bu","10:00:25",5990600
15900,400,100,"bu","10:00:22",5989600
15800,300,1000,"sd","10:00:19",5989500
15900,400,500,"bu","10:00:16",5988500
15900,400,2800,"bu","09:59:49",5988000
15800,300,500,"sd","09:59:30",5985200
15800,300,3000,"sd","09:59:28",5984700
15800,300,500,"sd","09:59:25",5981700
15800,300,300,"sd","09:59:22",5981200
15800,300,20000,"sd","09:59:04",5980900
15900,400,4100,"bu","09:58:57",5960900
15900,400,1300,"bu","09:58:29",5956800
15900,400,3100,"bu","09:58:27",5955500
15900,400,500,"bu","09:58:18",5952400
15900,400,2000,"bu","09:58:16",5951900
15800,300,5000,"sd","09:58:15",5949900
15900,400,2000,"bu","09:58:10",5944900
15800,300,2700,"sd","09:58:08",5942900
15800,300,20000,"sd","09:58:07",5940200
15900,400,600,"bu","09:58:01",5920200
15800,300,100,"sd","09:57:58",5919600
15800,300,1000,"sd","09:57:48",5919500
15800,300,1000,"sd","09:57:40",5918500
15900,400,200,"bu","09:57:35",5917500
15900,400,200,"bu","09:57:28",5917300
15900,400,1000,"bu","09:57:23",5917100
15800,300,2000,"sd","09:57:22",5916100
15900,400,500,"bu","09:56:59",5914100
15800,300,5000,"sd","09:56:57",5913600
15900,400,1400,"bu","09:56:52",5908600
15900,400,5000,"bu","09:56:49",5907200
15900,400,6000,"bu","09:56:40",5902200
15900,400,4000,"bu","09:56:23",5896200
15900,400,300,"bu","09:56:20",5892200
15900,400,500,"bu","09:56:06",5891900
15800,300,5000,"sd","09:56:03",5891400
15900,400,700,"bu","09:55:45",5886400
15800,300,100,"sd","09:55:40",5885700
15800,300,100,"sd","09:55:36",5885600
15800,300,500,"sd","09:55:29",5885500
15800,300,500,"sd","09:55:26",5885000
15800,300,1700,"sd","09:55:06",5884500
15900,400,400,"bu","09:55:01",5882800
15900,400,5000,"bu","09:54:56",5882400
15800,300,300,"sd","09:54:44",5877400
15900,400,1700,"bu","09:54:27",5877100
15800,300,14800,"sd","09:54:22",5875400
15800,300,1000,"sd","09:54:00",5860600
15800,300,1000,"sd","09:53:52",5859600
15900,400,300,"bu","09:53:49",5858600
15900,400,20000,"bu","09:53:43",5858300
15900,400,21900,"bu","09:53:38",5838300
15900,400,1000,"bu","09:53:23",5816400
15800,300,1700,"sd","09:53:16",5815400
15800,300,4200,"sd","09:53:13",5813700
15800,300,15800,"bu","09:53:11",5809500
15800,300,1000,"sd","09:53:10",5793700
15800,300,22400,"sd","09:53:06",5792700
15800,300,100,"bu","09:53:05",5770300
15800,300,2500,"bu","09:53:04",5770200
15800,300,300,"bu","09:53:03",5767700
15800,300,3000,"bu","09:52:59",5767400
15800,300,500,"bu","09:52:58",5764400
15800,300,100,"bu","09:52:54",5763900
15800,300,1000,"bu","09:52:51",5763800
15800,300,500,"bu","09:52:50",5762800
15800,300,500,"bu","09:52:49",5762300
15800,300,4100,"bu","09:52:48",5761800
15800,300,100,"bu","09:52:44",5757700
15800,300,2000,"bu","09:52:41",5757600
15800,300,100,"bu","09:52:40",5755600
15800,300,500,"bu","09:52:39",5755500
15800,300,800,"bu","09:52:36",5755000
15800,300,500,"bu","09:52:35",5754200
15800,300,2000,"bu","09:52:33",5753700
15800,300,6400,"bu","09:52:28",5751700
15900,400,600,"bu","09:52:20",5745300
15800,300,3500,"sd","09:52:19",5744700
15900,400,100,"bu","09:52:18",5741200
15800,300,100,"sd","09:52:14",5741100
15800,300,10000,"sd","09:52:13",5741000
15800,300,5000,"sd","09:52:11",5731000
15800,300,4600,"sd","09:52:06",5726000
15800,300,5500,"sd","09:51:56",5721400
15800,300,10000,"sd","09:51:55",5715900
15800,300,10200,"sd","09:51:53",5705900
15800,300,1800,"sd","09:51:49",5695700
15800,300,2100,"sd","09:51:46",5693900
15800,300,500,"sd","09:51:40",5691800
15800,300,800,"sd","09:51:32",5691300
15800,300,2000,"sd","09:51:29",5690500
15800,300,4000,"sd","09:51:21",5688500
15800,300,800,"sd","09:51:18",5684500
15800,300,200,"bu","09:51:16",5683700
15800,300,800,"sd","09:51:13",5683500
15800,300,700,"bu","09:51:12",5682700
15800,300,4300,"sd","09:51:11",5682000
15800,300,1000,"bu","09:51:09",5677700
15800,300,6500,"bu","09:51:08",5676700
15800,300,800,"bu","09:51:06",5670200
15800,300,9100,"bu","09:51:04",5669400
15800,300,60500,"bu","09:50:57",5660300
15800,300,1700,"bu","09:50:50",5599800
15800,300,5000,"bu","09:50:43",5598100
15800,300,1000,"bu","09:50:41",5593100
15800,300,300,"bu","09:50:32",5592100
15800,300,500,"bu","09:50:30",5591800
15800,300,5000,"bu","09:50:28",5591300
15800,300,374400,"sd","09:50:11",5586300
15800,300,100,"sd","09:50:09",5211900
15800,300,20000,"sd","09:49:43",5211800
15800,300,100,"sd","09:49:39",5191800
15800,300,1000,"sd","09:49:38",5191700
15800,300,500,"sd","09:49:23",5190700
15800,300,1500,"sd","09:49:13",5190200
15800,300,2000,"sd","09:49:10",5188700
15800,300,1000,"sd","09:49:08",5186700
15800,300,300,"sd","09:49:01",5185700
15800,300,1000,"sd","09:49:00",5185400
15800,300,5000,"sd","09:48:52",5184400
15800,300,200,"sd","09:48:50",5179400
15800,300,200,"sd","09:48:46",5179200
15800,300,3000,"sd","09:48:41",5179000
15800,300,600,"sd","09:48:31",5176000
15800,300,700,"sd","09:48:29",5175400
15800,300,1000,"sd","09:48:24",5174700
15800,300,3000,"sd","09:48:23",5173700
15800,300,51000,"sd","09:48:21",5170700
15800,300,300,"sd","09:47:58",5119700
15800,300,3000,"sd","09:47:52",5119400
15800,300,200,"sd","09:47:48",5116400
15800,300,800,"sd","09:47:44",5116200
15800,300,100,"sd","09:47:40",5115400
15800,300,1400,"sd","09:47:35",5115300
15800,300,300,"sd","09:47:32",5113900
15800,300,1000,"sd","09:47:28",5113600
15800,300,700,"sd","09:47:09",5112600
15800,300,200,"sd","09:47:04",5111900
15800,300,300,"sd","09:46:54",5111700
15800,300,200,"sd","09:46:46",5111400
15800,300,200,"sd","09:46:27",5111200
15800,300,8000,"sd","09:46:24",5111000
15800,300,1000,"sd","09:45:58",5103000
15800,300,100,"sd","09:45:55",5102000
15800,300,5000,"sd","09:45:41",5101900
15900,400,3900,"bu","09:45:25",5096900
15800,300,100,"sd","09:45:07",5093000
15800,300,200,"sd","09:45:00",5092900
15800,300,3000,"sd","09:44:52",5092700
15800,300,1000,"sd","09:44:50",5089700
15800,300,100,"sd","09:44:36",5088700
15800,300,5000,"sd","09:44:35",5088600
15800,300,500,"sd","09:44:29",5083600
15800,300,5000,"sd","09:44:22",5083100
15800,300,200,"sd","09:44:16",5078100
15800,300,1200,"sd","09:44:13",5077900
15800,300,200,"sd","09:44:12",5076700
15800,300,3000,"sd","09:44:02",5076500
15900,400,2000,"bu","09:43:51",5073500
15800,300,4000,"sd","09:43:47",5071500
15800,300,3000,"sd","09:43:40",5067500
15800,300,22000,"sd","09:43:36",5064500
15800,300,100,"sd","09:43:35",5042500
15800,300,500,"sd","09:43:30",5042400
15800,300,1000,"sd","09:43:21",5041900
15800,300,100,"sd","09:42:55",5040900
15800,300,200,"sd","09:42:50",5040800
15800,300,1600,"sd","09:42:42",5040600
15800,300,3000,"sd","09:42:38",5039000
15900,400,400,"bu","09:42:35",5036000
15800,300,2000,"sd","09:42:33",5035600
15900,400,100,"bu","09:42:27",5033600
15800,300,2000,"sd","09:42:26",5033500
15800,300,500,"sd","09:42:20",5031500
15800,300,1000,"sd","09:42:16",5031000
15800,300,1500,"sd","09:42:08",5030000
15800,300,10100,"sd","09:42:07",5028500
15800,300,4000,"sd","09:42:04",5018400
15800,300,20100,"sd","09:41:58",5014400
15800,300,19600,"sd","09:41:54",4994300
15800,300,1000,"sd","09:41:46",4974700
15800,300,5800,"sd","09:41:41",4973700
15800,300,2000,"sd","09:41:32",4967900
15800,300,1500,"sd","09:41:28",4965900
15800,300,200,"sd","09:41:25",4964400
15800,300,200,"sd","09:41:18",4964200
15800,300,200,"sd","09:41:14",4964000
15800,300,500,"sd","09:41:02",4963800
15800,300,25500,"sd","09:40:59",4963300
15800,300,2000,"sd","09:40:52",4937800
15800,300,3000,"sd","09:40:44",4935800
15800,300,1000,"sd","09:40:37",4932800
15800,300,2500,"sd","09:40:36",4931800
15800,300,1000,"sd","09:40:35",4929300
15800,300,1000,"sd","09:40:34",4928300
15800,300,19000,"sd","09:40:26",4927300
15800,300,1500,"sd","09:40:21",4908300
15800,300,1000,"sd","09:40:20",4906800
15800,300,1000,"sd","09:39:54",4905800
15800,300,1000,"sd","09:39:52",4904800
15800,300,1000,"sd","09:39:50",4903800
15800,300,2000,"sd","09:39:48",4902800
15800,300,1000,"sd","09:39:45",4900800
15800,300,100,"sd","09:39:37",4899800
15800,300,6200,"sd","09:39:28",4899700
15800,300,1000,"sd","09:39:18",4893500
15800,300,4400,"sd","09:39:11",4892500
15800,300,5000,"sd","09:39:04",4888100
15800,300,200,"sd","09:38:56",4883100
15800,300,200,"sd","09:38:53",4882900
15800,300,500,"sd","09:38:40",4882700
15800,300,23600,"bu","09:38:33",4882200
15800,300,1000,"bu","09:38:31",4858600
15800,300,9900,"sd","09:38:29",4857600
15800,300,1000,"sd","09:38:21",4847700
15800,300,100,"sd","09:38:17",4846700
15800,300,1000,"sd","09:38:15",4846600
15800,300,100,"sd","09:38:10",4845600
15800,300,10000,"sd","09:38:09",4845500
15800,300,100,"sd","09:38:06",4835500
15800,300,100,"sd","09:38:01",4835400
15800,300,2000,"sd","09:37:59",4835300
15800,300,300,"sd","09:37:55",4833300
15800,300,2000,"sd","09:37:54",4833000
15800,300,1000,"sd","09:37:44",4831000
15800,300,2000,"sd","09:37:42",4830000
15800,300,1000,"sd","09:37:32",4828000
15800,300,1000,"sd","09:37:31",4827000
15800,300,2300,"sd","09:37:29",4826000
15800,300,300,"sd","09:37:21",4823700
15800,300,4500,"bu","09:37:18",4823400
15800,300,500,"sd","09:37:17",4818900
15800,300,1800,"sd","09:37:14",4818400
15800,300,2000,"sd","09:37:13",4816600
15800,300,10000,"sd","09:37:09",4814600
15800,300,300,"sd","09:37:02",4804600
15800,300,700,"sd","09:37:00",4804300
15800,300,1000,"sd","09:36:59",4803600
15800,300,39100,"bu","09:36:58",4802600
15800,300,700,"bu","09:36:56",4763500
15800,300,100,"bu","09:36:55",4762800
15800,300,15300,"bu","09:36:41",4762700
15800,300,1000,"bu","09:36:37",4747400
15800,300,2000,"bu","09:36:33",4746400
15800,300,5000,"bu","09:36:31",4744400
15800,300,1000,"bu","09:36:30",4739400
15800,300,100,"bu","09:36:26",4738400
15800,300,200,"bu","09:36:25",4738300
15800,300,700,"bu","09:36:22",4738100
15800,300,300,"bu","09:36:16",4737400
15800,300,1000,"bu","09:36:11",4737100
15800,300,100,"bu","09:36:08",4736100
15800,300,300,"bu","09:36:04",4736000
15800,300,15000,"bu","09:36:02",4735700
15800,300,51200,"bu","09:35:57",4720700
15800,300,9800,"bu","09:35:56",4669500
15800,300,400,"bu","09:35:53",4659700
15800,300,1200,"bu","09:35:47",4659300
15800,300,200,"bu","09:35:43",4658100
15800,300,100,"bu","09:35:38",4657900
15800,300,1300,"bu","09:35:35",4657800
15800,300,4100,"bu","09:35:30",4656500
15800,300,11200,"sd","09:35:26",4652400
15800,300,500,"sd","09:35:20",4641200
15800,300,800,"sd","09:35:18",4640700
15800,300,200,"bu","09:35:17",4639900
15800,300,1800,"bu","09:35:12",4639700
15800,300,81000,"bu","09:35:08",4637900
15800,300,71200,"bu","09:35:06",4556900
15800,300,2000,"sd","09:35:04",4485700
15900,400,100,"bu","09:34:54",4483700
15800,300,10000,"sd","09:34:52",4483600
15800,300,5000,"sd","09:34:50",4473600
15800,300,100,"sd","09:34:48",4468600
15800,300,200,"sd","09:34:45",4468500
15800,300,51000,"sd","09:34:41",4468300
15800,300,500,"sd","09:34:40",4417300
15800,300,3000,"sd","09:34:39",4416800
15800,300,300,"sd","09:34:34",4413800
15800,300,2000,"sd","09:34:29",4413500
15800,300,400,"sd","09:34:12",4411500
15800,300,6200,"sd","09:34:11",4411100
15800,300,2200,"sd","09:34:02",4404900
15800,300,1000,"sd","09:34:01",4402700
15800,300,600,"sd","09:33:59",4401700
15800,300,1100,"sd","09:33:54",4401100
15800,300,5000,"sd","09:33:50",4400000
15800,300,300,"sd","09:33:49",4395000
15800,300,200,"sd","09:33:47",4394700
15800,300,100,"sd","09:33:46",4394500
15800,300,2000,"sd","09:33:35",4394400
15800,300,100,"sd","09:33:33",4392400
15800,300,500,"sd","09:33:29",4392300
15800,300,1000,"sd","09:33:25",4391800
15800,300,1500,"sd","09:33:23",4390800
15800,300,2500,"sd","09:33:07",4389300
15800,300,200,"sd","09:33:05",4386800
15800,300,100,"sd","09:33:02",4386600
15800,300,10000,"bu","09:32:58",4386500
15800,300,1000,"sd","09:32:54",4376500
15800,300,40600,"bu","09:32:52",4375500
15800,300,100,"bu","09:32:51",4334900
15800,300,300,"bu","09:32:50",4334800
15800,300,50000,"bu","09:32:48",4334500
15800,300,100,"bu","09:32:43",4284500
15800,300,2000,"bu","09:32:37",4284400
15800,300,10000,"bu","09:32:35",4282400
15800,300,2000,"bu","09:32:33",4272400
15700,200,100,"sd","09:32:27",4270400
15800,300,2000,"bu","09:32:25",4270300
15800,300,500,"bu","09:32:24",4268300
15800,300,1000,"bu","09:32:22",4267800
15800,300,400,"bu","09:32:20",4266800
15800,300,13900,"bu","09:32:17",4266400
15800,300,200,"bu","09:32:16",4252500
15800,300,2000,"bu","09:32:08",4252300
15800,300,35700,"sd","09:32:04",4250300
15800,300,1000,"sd","09:32:01",4214600
15800,300,1000,"sd","09:31:58",4213600
15900,400,500,"bu","09:31:54",4212600
15800,300,45000,"sd","09:31:51",4212100
15800,300,200,"sd","09:31:50",4167100
15800,300,10000,"sd","09:31:48",4166900
15800,300,1000,"sd","09:31:44",4156900
15800,300,2100,"sd","09:31:40",4155900
15800,300,10000,"sd","09:31:34",4153800
15800,300,1000,"sd","09:31:33",4143800
15800,300,17000,"sd","09:31:30",4142800
15800,300,6000,"sd","09:31:29",4125800
15800,300,2000,"sd","09:31:28",4119800
15800,300,200,"sd","09:31:27",4117800
15800,300,69000,"sd","09:31:21",4117600
15900,400,4000,"bu","09:31:16",4048600
15800,300,4000,"sd","09:31:14",4044600
15800,300,100,"sd","09:31:10",4040600
15800,300,10000,"sd","09:31:04",4040500
15800,300,10000,"sd","09:31:02",4030500
15800,300,5000,"sd","09:31:00",4020500
15800,300,3000,"sd","09:30:58",4015500
15800,300,2500,"sd","09:30:57",4012500
15800,300,600,"sd","09:30:55",4010000
15800,300,4000,"sd","09:30:48",4009400
15800,300,100,"sd","09:30:37",4005400
15800,300,1000,"sd","09:30:34",4005300
15800,300,10000,"sd","09:30:30",4004300
15800,300,100,"sd","09:30:20",3994300
15800,300,300,"sd","09:30:15",3994200
15800,300,1500,"sd","09:30:13",3993900
15800,300,21000,"sd","09:30:09",3992400
15800,300,5000,"sd","09:30:08",3971400
15800,300,10000,"sd","09:30:01",3966400
15800,300,500,"sd","09:30:00",3956400
15800,300,500,"sd","09:29:58",3955900
15800,300,100,"sd","09:29:55",3955400
15800,300,500,"sd","09:29:53",3955300
15800,300,100,"sd","09:29:43",3954800
15800,300,5800,"sd","09:29:38",3954700
15800,300,1400,"sd","09:29:37",3948900
15800,300,1200,"sd","09:29:34",3947500
15800,300,5000,"sd","09:29:30",3946300
15800,300,500,"sd","09:29:27",3941300
15800,300,6100,"sd","09:29:26",3940800
15800,300,2500,"sd","09:29:22",3934700
15800,300,1000,"sd","09:29:21",3932200
15800,300,2000,"sd","09:29:19",3931200
15800,300,100000,"sd","09:29:17",3929200
15800,300,3000,"sd","09:29:12",3829200
15800,300,500,"sd","09:29:10",3826200
15800,300,20000,"sd","09:29:09",3825700
15800,300,100,"sd","09:29:03",3805700
15800,300,800,"sd","09:28:57",3805600
15800,300,8000,"sd","09:28:54",3804800
15800,300,1000,"sd","09:28:53",3796800
15900,400,200,"bu","09:28:48",3795800
15800,300,200,"sd","09:28:46",3795600
15800,300,100,"sd","09:28:45",3795400
15800,300,10000,"sd","09:28:43",3795300
15800,300,20600,"sd","09:28:38",3785300
15800,300,100,"sd","09:28:30",3764700
15800,300,10000,"sd","09:28:26",3764600
15800,300,2000,"sd","09:28:22",3754600
15800,300,3000,"sd","09:28:19",3752600
15800,300,1000,"sd","09:28:16",3749600
15800,300,100,"sd","09:28:12",3748600
15800,300,100,"sd","09:28:10",3748500
15800,300,5000,"sd","09:28:09",3748400
15800,300,300,"sd","09:28:08",3743400
15800,300,4800,"sd","09:28:05",3743100
15800,300,200,"sd","09:28:03",3738300
15800,300,500,"sd","09:28:00",3738100
15800,300,1000,"sd","09:27:59",3737600
15800,300,2000,"sd","09:27:57",3736600
15800,300,1200,"sd","09:27:51",3734600
15800,300,5000,"sd","09:27:49",3733400
15800,300,500,"sd","09:27:44",3728400
15800,300,100,"sd","09:27:40",3727900
15800,300,400,"sd","09:27:38",3727800
15800,300,30000,"sd","09:27:33",3727400
15800,300,5100,"sd","09:27:32",3697400
15800,300,500,"sd","09:27:31",3692300
15800,300,900,"sd","09:27:28",3691800
15800,300,100,"sd","09:27:18",3690900
15800,300,1000,"sd","09:27:17",3690800
15800,300,1000,"sd","09:27:11",3689800
15800,300,6000,"sd","09:27:01",3688800
15800,300,5000,"sd","09:26:58",3682800
15800,300,1000,"sd","09:26:55",3677800
15800,300,10000,"sd","09:26:48",3676800
15800,300,5000,"sd","09:26:43",3666800
15800,300,4000,"sd","09:26:32",3661800
15800,300,1000,"sd","09:26:28",3657800
15800,300,5000,"sd","09:26:27",3656800
15800,300,1000,"sd","09:26:24",3651800
15800,300,500,"sd","09:26:22",3650800
15800,300,500,"sd","09:26:19",3650300
15800,300,5000,"sd","09:26:08",3649800
15900,400,2000,"bu","09:26:06",3644800
15800,300,100,"sd","09:26:01",3642800
15800,300,10000,"sd","09:25:59",3642700
15800,300,3000,"sd","09:25:58",3632700
15800,300,300,"sd","09:25:56",3629700
15800,300,20000,"sd","09:25:54",3629400
15800,300,400,"sd","09:25:53",3609400
15800,300,100,"sd","09:25:29",3609000
15800,300,100,"sd","09:25:26",3608900
15800,300,2000,"sd","09:25:23",3608800
15800,300,500,"sd","09:25:20",3606800
15800,300,1100,"sd","09:25:17",3606300
15800,300,4000,"sd","09:25:14",3605200
15800,300,10000,"sd","09:25:07",3601200
15800,300,600,"sd","09:25:05",3591200
15800,300,100,"sd","09:25:02",3590600
15800,300,5000,"sd","09:25:01",3590500
15800,300,200,"sd","09:24:58",3585500
15800,300,200,"sd","09:24:47",3585300
15800,300,5000,"sd","09:24:46",3585100
15800,300,500,"sd","09:24:41",3580100
15800,300,4300,"sd","09:24:33",3579600
15800,300,2500,"sd","09:24:27",3575300
15800,300,500,"sd","09:24:23",3572800
15800,300,2000,"sd","09:24:15",3572300
15900,400,2500,"bu","09:24:08",3570300
15800,300,400,"sd","09:24:07",3567800
15800,300,1000,"sd","09:23:58",3567400
15800,300,500,"sd","09:23:55",3566400
15800,300,3500,"sd","09:23:54",3565900
15800,300,1000,"sd","09:23:51",3562400
15800,300,1100,"sd","09:23:50",3561400
15800,300,1000,"sd","09:23:49",3560300
15800,300,600,"sd","09:23:46",3559300
15800,300,1000,"sd","09:23:37",3558700
15800,300,5000,"sd","09:23:34",3557700
15800,300,3000,"sd","09:23:30",3552700
15800,300,5000,"sd","09:23:24",3549700
15800,300,700,"sd","09:23:23",3544700
15800,300,500,"sd","09:23:20",3544000
15800,300,10000,"sd","09:23:18",3543500
15800,300,20000,"sd","09:23:16",3533500
15800,300,500,"sd","09:23:01",3513500
15800,300,5000,"sd","09:22:56",3513000
15800,300,50100,"sd","09:22:52",3508000
15800,300,200,"sd","09:22:49",3457900
15800,300,3500,"sd","09:22:46",3457700
15800,300,500,"sd","09:22:45",3454200
15800,300,1000,"sd","09:22:44",3453700
15800,300,1000,"sd","09:22:43",3452700
15800,300,5000,"sd","09:22:41",3451700
15800,300,500,"sd","09:22:40",3446700
15900,400,1000,"bu","09:22:39",3446200
15800,300,11000,"sd","09:22:37",3445200
15800,300,8000,"sd","09:22:35",3434200
15800,300,1000,"sd","09:22:34",3426200
15800,300,2000,"sd","09:22:33",3425200
15800,300,3000,"sd","09:22:32",3423200
15800,300,11200,"sd","09:22:30",3420200
15800,300,100,"sd","09:22:28",3409000
15800,300,3000,"sd","09:22:27",3408900
15800,300,100,"sd","09:22:25",3405900
15800,300,300,"sd","09:22:22",3405800
15800,300,2000,"sd","09:22:20",3405500
15800,300,100,"sd","09:22:16",3403500
15800,300,1500,"sd","09:22:14",3403400
15800,300,1100,"sd","09:22:05",3401900
15800,300,10000,"sd","09:22:02",3400800
15800,300,100,"sd","09:21:59",3390800
15800,300,1000,"sd","09:21:58",3390700
15800,300,500,"sd","09:21:52",3389700
15800,300,10000,"sd","09:21:44",3389200
15800,300,30000,"sd","09:21:36",3379200
15800,300,3000,"sd","09:21:34",3349200
15800,300,1000,"sd","09:21:29",3346200
15800,300,300,"sd","09:21:26",3345200
15800,300,20000,"sd","09:21:24",3344900
15900,400,2000,"bu","09:21:22",3324900
15800,300,20000,"sd","09:21:16",3322900
15800,300,500,"sd","09:21:13",3302900
15800,300,200,"sd","09:21:10",3302400
15900,400,7100,"bu","09:21:09",3302200
15800,300,1000,"sd","09:21:07",3295100
15800,300,200,"sd","09:21:06",3294100
15800,300,10000,"sd","09:21:05",3293900
15800,300,100,"sd","09:21:04",3283900
15800,300,300,"sd","09:21:02",3283800
15800,300,2200,"sd","09:20:58",3283500
15800,300,30000,"sd","09:20:57",3281300
15800,300,800,"sd","09:20:50",3251300
15800,300,5000,"sd","09:20:46",3250500
15900,400,5000,"bu","09:20:45",3245500
15800,300,100,"sd","09:20:44",3240500
15800,300,10000,"sd","09:20:43",3240400
15800,300,1000,"sd","09:20:38",3230400
15800,300,100,"sd","09:20:35",3229400
15800,300,5000,"sd","09:20:31",3229300
15800,300,300,"sd","09:20:29",3224300
15800,300,700,"sd","09:20:24",3224000
15800,300,10000,"sd","09:20:23",3223300
15800,300,1000,"sd","09:20:20",3213300
15800,300,1000,"sd","09:20:14",3212300
15800,300,1500,"sd","09:20:13",3211300
15800,300,100,"sd","09:20:04",3209800
15800,300,100,"sd","09:19:46",3209700
15800,300,2500,"sd","09:19:38",3209600
15800,300,100,"sd","09:19:36",3207100
15800,300,3200,"sd","09:19:33",3207000
15800,300,379300,"sd","09:19:30",3203800
15800,300,2000,"bu","09:19:29",2824500
15800,300,5000,"bu","09:19:27",2822500
15800,300,300,"bu","09:19:24",2817500
15800,300,200,"bu","09:19:13",2817200
15800,300,10000,"bu","09:19:05",2817000
15800,300,1500,"bu","09:18:58",2807000
15800,300,500,"bu","09:18:57",2805500
15700,200,30000,"sd","09:18:53",2805000
15800,300,400,"bu","09:18:39",2775000
15800,300,100,"bu","09:18:36",2774600
15800,300,50100,"bu","09:18:33",2774500
15800,300,100,"bu","09:18:31",2724400
15800,300,100,"bu","09:18:29",2724300
15700,200,5100,"sd","09:18:27",2724200
15800,300,1000,"bu","09:18:22",2719100
15800,300,500,"bu","09:18:12",2718100
15800,300,500,"bu","09:18:04",2717600
15800,300,50000,"bu","09:18:03",2717100
15700,200,300,"sd","09:17:43",2667100
15800,300,200,"bu","09:17:35",2666800
15800,300,5000,"bu","09:17:17",2666600
