"price","change","match_qtty","side","time","total_vol"
38800,1500,44900,"bu","14:45:09",1347900
38650,1350,1000,"bu","14:29:53",1303000
38650,1350,100,"bu","14:29:45",1302000
38650,1350,2000,"bu","14:29:37",1301900
38650,1350,200,"bu","14:29:23",1299900
38650,1350,1000,"bu","14:29:23",1299700
38650,1350,400,"bu","14:29:23",1298700
38600,1300,5800,"bu","14:29:21",1298300
38600,1300,1100,"bu","14:29:18",1292500
38550,1250,300,"sd","14:29:18",1291400
38600,1300,2600,"bu","14:29:01",1291100
38600,1300,300,"sd","14:28:51",1288500
38600,1300,200,"sd","14:28:51",1288200
38650,1350,100,"bu","14:28:45",1288000
38650,1350,200,"bu","14:28:45",1287900
38600,1300,600,"bu","14:28:43",1287700
38600,1300,200,"bu","14:28:43",1287100
38600,1300,100,"bu","14:28:38",1286900
38600,1300,500,"bu","14:28:32",1286800
38600,1300,500,"bu","14:28:20",1286300
38600,1300,200,"bu","14:28:20",1285800
38600,1300,100,"bu","14:28:20",1285600
38600,1300,300,"bu","14:28:20",1285500
38550,1250,3900,"bu","14:28:00",1285200
38550,1250,1100,"bu","14:27:57",1281300
38500,1200,100,"bu","14:26:28",1280200
38500,1200,100,"bu","14:26:28",1280100
38500,1200,100,"bu","14:26:28",1280000
38500,1200,900,"bu","14:26:11",1279900
38500,1200,100,"bu","14:26:11",1279000
38500,1200,200,"bu","14:26:10",1278900
38500,1200,300,"bu","14:26:10",1278700
38500,1200,500,"bu","14:26:10",1278400
38500,1200,500,"bu","14:26:10",1277900
38500,1200,200,"bu","14:26:10",1277400
38500,1200,500,"bu","14:26:10",1277200
38500,1200,500,"bu","14:26:10",1276700
38500,1200,800,"bu","14:26:10",1276200
38500,1200,1200,"bu","14:26:08",1275400
38500,1200,200,"bu","14:26:08",1274200
38500,1200,1000,"bu","14:26:08",1274000
38500,1200,200,"bu","14:26:05",1273000
38500,1200,100,"bu","14:25:59",1272800
38500,1200,200,"bu","14:25:59",1272700
38500,1200,500,"bu","14:25:59",1272500
38500,1200,1100,"bu","14:25:59",1272000
38500,1200,1000,"bu","14:25:58",1270900
38500,1200,200,"bu","14:25:58",1269900
38450,1150,200,"sd","14:25:26",1269700
38450,1150,500,"sd","14:24:41",1269500
38450,1150,2000,"bu","14:24:14",1269000
38450,1150,300,"bu","14:24:14",1267000
38450,1150,5000,"bu","14:24:14",1266700
38450,1150,300,"bu","14:24:14",1261700
38450,1150,1000,"bu","14:24:14",1261400
38450,1150,700,"bu","14:24:14",1260400
38450,1150,100,"bu","14:24:06",1259700
38450,1150,1200,"bu","14:24:03",1259600
38450,1150,300,"bu","14:24:03",1258400
38450,1150,200,"bu","14:23:56",1258100
38450,1150,800,"bu","14:23:56",1257900
38400,1100,500,"sd","14:21:38",1257100
38400,1100,200,"sd","14:21:06",1256600
38400,1100,100,"sd","14:21:06",1256400
38450,1150,100,"bu","14:20:15",1256300
38350,1050,500,"sd","14:20:11",1256200
38400,1100,500,"bu","14:19:37",1255700
38400,1100,1000,"bu","14:19:25",1255200
38400,1100,500,"bu","14:19:25",1254200
38400,1100,500,"bu","14:19:25",1253700
38400,1100,1000,"bu","14:19:25",1253200
38400,1100,100,"bu","14:18:30",1252200
38400,1100,400,"bu","14:15:58",1252100
38400,1100,1000,"sd","14:15:09",1251700
38400,1100,500,"sd","14:15:09",1250700
38400,1100,100,"bu","14:14:13",1250200
38400,1100,100,"bu","14:13:49",1250100
38400,1100,100,"bu","14:12:53",1250000
38400,1100,300,"bu","14:12:53",1249900
38400,1100,1000,"bu","14:12:53",1249600
38400,1100,700,"bu","14:12:34",1248600
38400,1100,2000,"bu","14:12:34",1247900
38400,1100,300,"bu","14:12:34",1245900
38400,1100,100,"bu","14:12:34",1245600
38400,1100,100,"bu","14:12:34",1245500
38400,1100,1800,"bu","14:12:34",1245400
38350,1050,1000,"bu","14:11:55",1243600
38350,1050,1000,"sd","14:11:16",1242600
38350,1050,500,"sd","14:11:16",1241600
38350,1050,100,"sd","14:10:21",1241100
38300,1000,500,"sd","14:09:56",1241000
38300,1000,3000,"sd","14:09:56",1240500
38350,1050,100,"unknown","14:09:56",1237500
38350,1050,100,"sd","14:09:56",1237400
38350,1050,100,"sd","14:09:56",1237300
38350,1050,1600,"sd","14:09:56",1237200
38350,1050,500,"sd","14:09:56",1235600
38350,1050,300,"sd","14:09:56",1235100
38350,1050,3000,"sd","14:09:56",1234800
38300,1000,300,"sd","14:09:56",1231800
38350,1050,1000,"sd","14:09:56",1231500
38350,1050,1300,"sd","14:09:56",1230500
38350,1050,100,"sd","14:09:56",1229200
38350,1050,100,"sd","14:09:56",1229100
38350,1050,400,"sd","14:09:56",1229000
38350,1050,100,"sd","14:09:56",1228600
38350,1050,6000,"sd","14:09:56",1228500
38350,1050,500,"sd","14:09:56",1222500
38350,1050,1000,"sd","14:09:56",1222000
38400,1100,200,"bu","14:09:27",1221000
38400,1100,300,"bu","14:09:27",1220800
38400,1100,4700,"bu","14:09:16",1220500
38400,1100,1000,"bu","14:09:16",1215800
38400,1100,100,"bu","14:09:16",1214800
38400,1100,200,"bu","14:09:16",1214700
38350,1050,400,"sd","14:08:55",1214500
38400,1100,100,"bu","14:03:40",1214100
38400,1100,300,"bu","14:03:17",1214000
38350,1050,500,"sd","14:02:31",1213700
38350,1050,100,"sd","14:02:05",1213200
38400,1100,100,"bu","14:02:00",1213100
38400,1100,100,"bu","14:00:33",1213000
38400,1100,500,"bu","14:00:08",1212900
38400,1100,700,"sd","13:59:45",1212400
38400,1100,100,"sd","13:59:44",1211700
38400,1100,200,"sd","13:59:44",1211600
38350,1050,400,"sd","13:59:28",1211400
38400,1100,300,"bu","13:59:21",1211000
38400,1100,1000,"bu","13:59:01",1210700
38400,1100,2000,"bu","13:58:57",1209700
38400,1100,7000,"bu","13:58:34",1207700
38350,1050,100,"sd","13:58:30",1200700
38350,1050,100,"sd","13:57:45",1200600
38400,1100,200,"bu","13:57:05",1200500
38400,1100,300,"bu","13:56:33",1200300
38400,1100,100,"bu","13:56:18",1200000
38400,1100,600,"sd","13:55:41",1199900
38400,1100,100,"sd","13:55:41",1199300
38400,1100,200,"sd","13:55:41",1199200
38400,1100,800,"bu","13:55:22",1199000
38400,1100,600,"sd","13:55:21",1198200
38400,1100,600,"sd","13:55:21",1197600
38450,1150,500,"bu","13:55:02",1197000
38450,1150,100,"bu","13:54:43",1196500
38450,1150,100,"bu","13:53:33",1196400
38450,1150,3000,"bu","13:53:19",1196300
38450,1150,3000,"sd","13:52:17",1193300
38450,1150,600,"sd","13:52:17",1190300
38450,1150,1300,"sd","13:52:17",1189700
38500,1200,600,"bu","13:51:44",1188400
38450,1150,500,"bu","13:50:46",1187800
38450,1150,100,"bu","13:50:46",1187300
38400,1100,100,"sd","13:50:30",1187200
38400,1100,300,"unknown","13:50:26",1187100
38400,1100,100,"unknown","13:50:26",1186800
38350,1050,400,"bu","13:50:10",1186700
38350,1050,200,"bu","13:50:06",1186300
38350,1050,100,"bu","13:49:48",1186100
38350,1050,300,"bu","13:49:41",1186000
38350,1050,200,"bu","13:49:41",1185700
38350,1050,500,"bu","13:49:41",1185500
38300,1000,1100,"unknown","13:49:34",1185000
38250,950,3600,"sd","13:49:34",1183900
38300,1000,500,"sd","13:49:29",1180300
38350,1050,200,"bu","13:49:11",1179800
38300,1000,1000,"bu","13:48:55",1179600
38300,1000,200,"bu","13:48:55",1178600
38300,1000,200,"bu","13:48:55",1178400
38250,950,200,"sd","13:48:49",1178200
38250,950,200,"sd","13:48:23",1178000
38250,950,700,"sd","13:48:23",1177800
38250,950,800,"sd","13:48:23",1177100
38250,950,200,"sd","13:47:46",1176300
38250,950,1000,"sd","13:47:46",1176100
38250,950,2800,"sd","13:47:46",1175100
38250,950,1000,"sd","13:47:29",1172300
38250,950,2000,"sd","13:46:52",1171300
38250,950,1200,"sd","13:46:40",1169300
38250,950,1000,"sd","13:46:39",1168100
38250,950,1500,"sd","13:46:39",1167100
38250,950,500,"sd","13:46:38",1165600
38250,950,300,"sd","13:46:37",1165100
38250,950,1000,"sd","13:46:37",1164800
38250,950,3500,"sd","13:46:36",1163800
38300,1000,1000,"bu","13:45:55",1160300
38300,1000,400,"bu","13:45:49",1159300
38300,1000,2700,"bu","13:45:49",1158900
38300,1000,100,"bu","13:45:45",1156200
38300,1000,3000,"bu","13:45:40",1156100
38300,1000,400,"sd","13:45:35",1153100
38300,1000,500,"sd","13:45:35",1152700
38300,1000,200,"sd","13:45:34",1152200
38300,1000,300,"sd","13:45:14",1152000
38250,950,2300,"sd","13:45:09",1151700
38250,950,500,"sd","13:45:06",1149400
38250,950,1700,"sd","13:45:02",1148900
38250,950,2000,"sd","13:45:01",1147200
38200,900,200,"sd","13:44:46",1145200
38250,950,300,"sd","13:44:38",1145000
38250,950,200,"sd","13:44:33",1144700
38250,950,100,"sd","13:44:28",1144500
38250,950,100,"sd","13:44:15",1144400
38250,950,200,"sd","13:44:14",1144300
38250,950,100,"sd","13:44:13",1144100
38300,1000,100,"bu","13:43:58",1144000
38300,1000,200,"bu","13:43:57",1143900
38300,1000,100,"bu","13:43:57",1143700
38300,1000,700,"bu","13:43:56",1143600
38300,1000,200,"bu","13:43:56",1142900
38300,1000,1300,"bu","13:43:55",1142700
38300,1000,200,"bu","13:43:53",1141400
38300,1000,100,"sd","13:43:52",1141200
38300,1000,300,"sd","13:43:51",1141100
38300,1000,600,"sd","13:43:46",1140800
38300,1000,1000,"sd","13:43:46",1140200
38300,1000,1000,"sd","13:43:45",1139200
38350,1050,100,"bu","13:43:43",1138200
38350,1050,100,"bu","13:43:42",1138100
38350,1050,200,"sd","13:43:40",1138000
38350,1050,500,"sd","13:43:39",1137800
38350,1050,100,"sd","13:43:38",1137300
38350,1050,300,"sd","13:43:37",1137200
38350,1050,3000,"sd","13:43:36",1136900
38350,1050,600,"sd","13:43:36",1133900
38350,1050,2000,"sd","13:43:32",1133300
38350,1050,2600,"sd","13:43:26",1131300
38400,1100,7700,"sd","13:42:55",1128700
38400,1100,2300,"sd","13:42:53",1121000
38400,1100,500,"sd","13:42:53",1118700
38400,1100,200,"sd","13:42:53",1118200
38400,1100,100,"sd","13:42:53",1118000
38400,1100,800,"sd","13:42:52",1117900
38400,1100,100,"sd","13:42:52",1117100
38400,1100,1000,"sd","13:42:52",1117000
38400,1100,200,"sd","13:42:50",1116000
38400,1100,100,"sd","13:42:50",1115800
38400,1100,200,"sd","13:42:47",1115700
38400,1100,100,"sd","13:42:47",1115500
38400,1100,200,"sd","13:42:47",1115400
38400,1100,1300,"sd","13:42:43",1115200
38400,1100,100,"sd","13:42:43",1113900
38400,1100,5000,"sd","13:42:42",1113800
38400,1100,600,"sd","13:42:42",1108800
38400,1100,1000,"sd","13:42:32",1108200
38400,1100,3400,"sd","13:42:28",1107200
38400,1100,1600,"sd","13:42:27",1103800
38400,1100,300,"sd","13:42:20",1102200
38400,1100,100,"sd","13:42:07",1101900
38500,1200,200,"sd","13:39:23",1101800
38500,1200,100,"sd","13:39:23",1101600
38500,1200,400,"sd","13:38:57",1101500
38500,1200,100,"sd","13:38:52",1101100
38500,1200,400,"sd","13:38:52",1101000
38500,1200,100,"sd","13:38:44",1100600
38500,1200,100,"sd","13:38:44",1100500
38500,1200,3800,"sd","13:38:43",1100400
38500,1200,200,"sd","13:38:43",1096600
38500,1200,1500,"sd","13:38:41",1096400
38500,1200,1000,"sd","13:38:28",1094900
38500,1200,100,"sd","13:38:19",1093900
38500,1200,2300,"sd","13:37:20",1093800
38500,1200,500,"bu","13:36:55",1091500
38500,1200,4800,"bu","13:36:55",1091000
38500,1200,5200,"bu","13:36:39",1086200
38400,1100,1000,"sd","13:36:39",1081000
38400,1100,200,"sd","13:36:39",1080000
38400,1100,3700,"sd","13:36:39",1079800
38400,1100,100,"sd","13:36:39",1076100
38500,1200,500,"sd","13:35:05",1076000
38500,1200,300,"sd","13:35:05",1075500
38500,1200,200,"sd","13:35:05",1075200
38400,1100,400,"sd","13:35:05",1075000
38500,1200,1000,"sd","13:35:05",1074600
38400,1100,300,"sd","13:35:05",1073600
38400,1100,700,"sd","13:35:05",1073300
38400,1100,200,"sd","13:35:05",1072600
38500,1200,100,"sd","13:35:05",1072400
38450,1150,800,"sd","13:35:05",1072300
38500,1200,100,"sd","13:35:05",1071500
38450,1150,200,"sd","13:35:05",1071400
38500,1200,800,"sd","13:35:05",1071200
38450,1150,100,"sd","13:35:05",1070400
38450,1150,200,"sd","13:35:05",1070300
38450,1150,100,"sd","13:35:05",1070100
38500,1200,1000,"sd","13:35:05",1070000
38500,1200,200,"sd","13:35:02",1069000
38500,1200,300,"sd","13:35:02",1068800
38500,1200,100,"sd","13:35:02",1068500
38500,1200,1000,"sd","13:35:02",1068400
38500,1200,900,"sd","13:35:02",1067400
38500,1200,500,"sd","13:35:02",1066500
38500,1200,500,"sd","13:34:57",1066000
38500,1200,9000,"sd","13:34:57",1065500
38500,1200,1000,"sd","13:34:57",1056500
38550,1250,200,"bu","13:34:19",1055500
38550,1250,400,"bu","13:34:19",1055300
38500,1200,1000,"sd","13:34:18",1054900
38550,1250,100,"bu","13:34:15",1053900
38550,1250,900,"bu","13:34:15",1053800
38550,1250,200,"bu","13:33:51",1052900
38550,1250,200,"bu","13:32:25",1052700
38550,1250,500,"bu","13:30:18",1052500
38550,1250,100,"bu","13:30:17",1052000
38550,1250,2400,"bu","13:30:17",1051900
38500,1200,1400,"sd","13:29:53",1049500
38500,1200,100,"sd","13:29:53",1048100
38550,1250,100,"bu","13:29:25",1048000
38500,1200,600,"sd","13:29:24",1047900
38500,1200,100,"sd","13:29:24",1047300
38550,1250,100,"bu","13:29:03",1047200
38500,1200,400,"sd","13:28:22",1047100
38500,1200,200,"sd","13:28:22",1046700
38500,1200,2400,"sd","13:28:22",1046500
38500,1200,500,"sd","13:27:29",1044100
38500,1200,100,"sd","13:27:01",1043600
38500,1200,100,"sd","13:26:31",1043500
38500,1200,100,"sd","13:26:04",1043400
38550,1250,400,"bu","13:25:55",1043300
38550,1250,1600,"bu","13:25:55",1042900
38500,1200,500,"sd","13:25:46",1041300
38500,1200,100,"sd","13:25:23",1040800
38500,1200,500,"sd","13:25:13",1040700
38500,1200,1000,"sd","13:24:55",1040200
38500,1200,100,"sd","13:24:27",1039200
38500,1200,2600,"sd","13:24:14",1039100
38550,1250,700,"bu","13:24:01",1036500
38550,1250,400,"bu","13:23:08",1035800
38550,1250,300,"bu","13:23:08",1035400
38550,1250,700,"sd","13:22:39",1035100
38550,1250,100,"sd","13:22:39",1034400
38550,1250,1000,"sd","13:22:39",1034300
38550,1250,200,"sd","13:22:39",1033300
38550,1250,100,"sd","13:22:03",1033100
38550,1250,100,"sd","13:21:27",1033000
38550,1250,100,"sd","13:21:27",1032900
38550,1250,2500,"sd","13:21:02",1032800
38550,1250,2000,"sd","13:21:01",1030300
38550,1250,700,"sd","13:21:01",1028300
38550,1250,1800,"sd","13:21:01",1027600
38550,1250,2000,"sd","13:21:01",1025800
38550,1250,100,"sd","13:21:01",1023800
38550,1250,900,"sd","13:21:01",1023700
38550,1250,100,"sd","13:20:35",1022800
38600,1300,100,"bu","13:20:05",1022700
38600,1300,100,"bu","13:19:55",1022600
38600,1300,200,"bu","13:19:55",1022500
38600,1300,200,"bu","13:19:40",1022300
38600,1300,100,"bu","13:19:11",1022100
38550,1250,1300,"sd","13:18:07",1022000
38550,1250,100,"sd","13:17:06",1020700
38550,1250,600,"sd","13:16:54",1020600
38550,1250,3000,"sd","13:16:48",1020000
38550,1250,700,"bu","13:14:44",1017000
38500,1200,2000,"sd","13:14:35",1016300
38500,1200,200,"sd","13:14:27",1014300
38550,1250,100,"bu","13:14:25",1014100
38500,1200,400,"sd","13:14:18",1014000
38500,1200,100,"sd","13:13:04",1013600
38550,1250,200,"bu","13:13:03",1013500
38600,1300,1500,"bu","13:12:09",1013300
38600,1300,600,"bu","13:12:09",1011800
38600,1300,100,"bu","13:12:09",1011200
38500,1200,10000,"sd","13:12:09",1011100
38600,1300,500,"bu","13:12:09",1001100
38600,1300,1000,"bu","13:12:09",1000600
38550,1250,1000,"bu","13:12:09",999600
38550,1250,300,"bu","13:12:09",998600
38550,1250,200,"bu","13:11:59",998300
38500,1200,1200,"sd","13:11:57",998100
38550,1250,500,"sd","13:11:31",996900
38550,1250,1000,"sd","13:11:13",996400
38550,1250,500,"sd","13:10:52",995400
38550,1250,100,"sd","13:10:46",994900
38550,1250,2000,"bu","13:09:42",994800
38550,1250,1100,"bu","13:09:38",992800
38550,1250,100,"bu","13:09:38",991700
38550,1250,300,"bu","13:09:38",991600
38550,1250,300,"bu","13:09:38",991300
38500,1200,500,"sd","13:09:35",991000
38550,1250,100,"bu","13:09:20",990500
38500,1200,100,"sd","13:09:19",990400
38500,1200,1000,"sd","13:09:18",990300
38550,1250,300,"sd","13:08:56",989300
38550,1250,100,"sd","13:08:56",989000
38550,1250,100,"sd","13:08:56",988900
38550,1250,200,"sd","13:08:56",988800
38550,1250,900,"sd","13:08:56",988600
38550,1250,300,"sd","13:08:55",987700
38550,1250,100,"sd","13:08:53",987400
38550,1250,100,"sd","13:08:42",987300
38550,1250,200,"sd","13:08:42",987200
38550,1250,500,"sd","13:08:42",987000
38550,1250,100,"sd","13:08:42",986500
38550,1250,100,"sd","13:08:42",986400
38550,1250,100,"sd","13:08:29",986300
38600,1300,300,"bu","13:08:23",986200
38550,1250,100,"sd","13:08:21",985900
38550,1250,1000,"sd","13:07:54",985800
38600,1300,200,"bu","13:07:13",984800
38600,1300,100,"bu","13:06:53",984600
38600,1300,3900,"bu","13:06:40",984500
38600,1300,1000,"bu","13:06:40",980600
38600,1300,100,"bu","13:06:40",979600
38550,1250,200,"sd","13:06:39",979500
38550,1250,700,"sd","13:06:35",979300
38550,1250,400,"sd","13:06:35",978600
38550,1250,1000,"sd","13:06:35",978200
38550,1250,100,"sd","13:06:35",977200
38550,1250,100,"sd","13:06:35",977100
38550,1250,500,"sd","13:06:35",977000
38550,1250,500,"sd","13:06:35",976500
38550,1250,100,"sd","13:06:34",976000
38550,1250,1000,"sd","13:06:34",975900
38550,1250,600,"sd","13:06:34",974900
38550,1250,400,"sd","13:06:34",974300
38550,1250,100,"sd","13:06:34",973900
38600,1300,900,"bu","13:05:34",973800
38600,1300,100,"bu","13:05:34",972900
38600,1300,400,"bu","13:05:25",972800
38600,1300,2200,"bu","13:05:25",972400
38600,1300,400,"bu","13:05:23",970200
38600,1300,100,"bu","13:04:54",969800
38600,1300,100,"bu","13:04:52",969700
38550,1250,200,"sd","13:04:38",969600
38600,1300,2200,"bu","13:04:30",969400
38600,1300,100,"bu","13:04:09",967200
38600,1300,1000,"unknown","13:04:09",967100
38600,1300,700,"sd","13:04:09",966100
38600,1300,200,"sd","13:04:09",965400
38600,1300,1000,"sd","13:04:09",965200
38600,1300,1000,"sd","13:04:09",964200
38600,1300,1400,"sd","13:04:09",963200
38600,1300,200,"sd","13:03:52",961800
38600,1300,8400,"sd","13:03:41",961600
38600,1300,300,"sd","13:03:41",953200
38600,1300,1300,"sd","13:03:41",952900
38600,1300,100,"sd","13:03:31",951600
38600,1300,200,"sd","13:03:04",951500
38600,1300,500,"sd","13:02:54",951300
38600,1300,1000,"sd","13:02:26",950800
38600,1300,1000,"sd","13:02:06",949800
38700,1400,600,"bu","13:01:54",948800
38650,1350,400,"unknown","13:01:50",948200
38600,1300,100,"sd","13:01:49",947800
38650,1350,500,"unknown","13:01:32",947700
38600,1300,2600,"sd","13:01:18",947200
38600,1300,1300,"sd","13:01:18",944600
38650,1350,300,"unknown","13:01:15",943300
38600,1300,700,"sd","13:01:06",943000
38700,1400,100,"bu","13:00:56",942300
38600,1300,300,"sd","13:00:43",942200
38650,1350,100,"bu","13:00:28",941900
38600,1300,700,"sd","13:00:25",941800
38650,1350,100,"bu","13:00:21",941100
38600,1300,300,"sd","13:00:18",941000
38600,1300,200,"sd","13:00:12",940700
38650,1350,100,"bu","13:00:08",940500
38700,1400,200,"bu","11:28:31",940400
38650,1350,900,"sd","11:27:55",940200
38650,1350,1100,"sd","11:27:55",939300
38650,1350,900,"sd","11:27:34",938200
38650,1350,200,"sd","11:27:34",937300
38650,1350,1000,"sd","11:27:34",937100
38650,1350,200,"sd","11:27:34",936100
38650,1350,2000,"sd","11:27:34",935900
38650,1350,700,"sd","11:27:34",933900
38700,1400,1400,"sd","11:24:56",933200
38700,1400,2000,"sd","11:24:56",931800
38700,1400,5400,"sd","11:24:56",929800
38700,1400,1000,"sd","11:23:57",924400
38700,1400,600,"sd","11:23:47",923400
38700,1400,100,"sd","11:23:47",922800
38700,1400,300,"sd","11:23:47",922700
38700,1400,100,"sd","11:22:21",922400
38700,1400,500,"sd","11:22:08",922300
38700,1400,100,"sd","11:22:08",921800
38700,1400,400,"sd","11:22:08",921700
38750,1450,100,"sd","11:21:39",921300
38750,1450,500,"sd","11:21:39",921200
38700,1400,300,"sd","11:21:25",920700
38700,1400,1000,"sd","11:21:25",920400
38700,1400,1000,"sd","11:21:25",919400
38700,1400,6000,"sd","11:21:25",918400
38700,1400,2000,"sd","11:21:25",912400
38700,1400,700,"sd","11:21:25",910400
38750,1450,4000,"sd","11:21:25",909700
38750,1450,3000,"sd","11:21:03",905700
38850,1550,200,"sd","11:19:16",902700
38850,1550,200,"sd","11:18:57",902500
38850,1550,2500,"bu","11:18:47",902300
38800,1500,600,"bu","11:18:47",899800
38750,1450,100,"bu","11:18:47",899200
38750,1450,1000,"bu","11:17:36",899100
38750,1450,200,"bu","11:17:03",898100
38750,1450,100,"sd","11:15:43",897900
38750,1450,1600,"sd","11:15:43",897800
38750,1450,2300,"sd","11:15:33",896200
38750,1450,200,"sd","11:15:33",893900
38750,1450,1700,"sd","11:15:33",893700
38750,1450,3700,"sd","11:15:30",892000
38750,1450,1500,"sd","11:13:49",888300
38750,1450,1100,"sd","11:13:20",886800
38750,1450,3000,"sd","11:13:20",885700
38750,1450,900,"sd","11:13:20",882700
38850,1550,200,"bu","11:12:28",881800
38850,1550,300,"bu","11:12:18",881600
38850,1550,100,"bu","11:12:18",881300
38850,1550,4500,"bu","11:12:18",881200
38800,1500,100,"bu","11:12:18",876700
38800,1500,400,"sd","11:12:03",876600
38800,1500,500,"bu","11:11:55",876200
38800,1500,1600,"bu","11:11:55",875700
38800,1500,400,"sd","11:11:04",874100
38800,1500,300,"bu","11:10:43",873700
38800,1500,1000,"bu","11:10:39",873400
38800,1500,100,"sd","11:10:33",872400
38800,1500,400,"sd","11:10:33",872300
38800,1500,200,"sd","11:10:33",871900
38800,1500,1600,"sd","11:09:46",871700
38800,1500,300,"sd","11:09:46",870100
38800,1500,500,"bu","11:07:53",869800
38800,1500,100,"bu","11:07:53",869300
38800,1500,100,"bu","11:07:53",869200
38800,1500,100,"bu","11:07:36",869100
38800,1500,100,"bu","11:07:36",869000
38800,1500,600,"bu","11:07:36",868900
38800,1500,500,"bu","11:07:36",868300
38800,1500,2000,"bu","11:07:36",867800
38800,1500,200,"bu","11:07:36",865800
38800,1500,500,"bu","11:07:36",865600
38800,1500,100,"bu","11:07:36",865100
38800,1500,500,"bu","11:07:36",865000
38800,1500,400,"bu","11:07:36",864500
38750,1450,100,"bu","11:06:37",864100
38750,1450,700,"bu","11:06:37",864000
38750,1450,1300,"bu","11:04:26",863300
38750,1450,100,"bu","11:04:26",862000
38750,1450,200,"bu","11:04:26",861900
38700,1400,200,"bu","11:04:16",861700
38700,1400,100,"bu","11:04:16",861500
38700,1400,300,"bu","11:04:16",861400
38700,1400,100,"bu","11:04:16",861100
38700,1400,300,"bu","11:04:16",861000
38700,1400,300,"bu","11:04:16",860700
38700,1400,200,"bu","11:03:44",860400
38700,1400,2100,"bu","11:03:44",860200
38700,1400,1300,"bu","11:03:37",858100
38700,1400,300,"bu","11:00:56",856800
38700,1400,1000,"bu","11:00:52",856500
38700,1400,300,"bu","11:00:11",855500
38700,1400,100,"bu","11:00:11",855200
38700,1400,600,"bu","11:00:11",855100
38700,1400,100,"bu","10:59:54",854500
38700,1400,500,"bu","10:59:46",854400
38650,1350,300,"sd","10:59:46",853900
38700,1400,800,"bu","10:59:22",853600
38700,1400,1200,"bu","10:59:22",852800
38650,1350,200,"sd","10:59:09",851600
38700,1400,1100,"bu","10:58:52",851400
38700,1400,500,"bu","10:58:52",850300
38700,1400,100,"bu","10:56:35",849800
38700,1400,1000,"bu","10:55:12",849700
38700,1400,1300,"bu","10:55:00",848700
38700,1400,7100,"bu","10:53:25",847400
38700,1400,2900,"bu","10:53:25",840300
38700,1400,100,"bu","10:52:45",837400
38700,1400,100,"bu","10:52:07",837300
38700,1400,200,"bu","10:50:32",837200
38700,1400,600,"bu","10:50:12",837000
38700,1400,100,"bu","10:49:55",836400
38700,1400,200,"bu","10:49:55",836300
38650,1350,100,"sd","10:49:46",836100
38650,1350,300,"sd","10:49:46",836000
38650,1350,100,"sd","10:49:46",835700
38650,1350,1500,"sd","10:49:46",835600
38700,1400,400,"bu","10:49:20",834100
38700,1400,100,"bu","10:48:08",833700
38700,1400,100,"bu","10:48:08",833600
38700,1400,300,"bu","10:48:08",833500
38700,1400,200,"bu","10:47:49",833200
38700,1400,200,"bu","10:47:49",833000
38700,1400,100,"bu","10:47:49",832800
38700,1400,900,"bu","10:46:45",832700
38700,1400,1300,"bu","10:46:31",831800
38700,1400,300,"bu","10:46:17",830500
38700,1400,700,"bu","10:46:17",830200
38650,1350,100,"sd","10:46:09",829500
38700,1400,1000,"bu","10:45:59",829400
38650,1350,500,"sd","10:44:56",828400
38700,1400,200,"bu","10:44:20",827900
38700,1400,200,"bu","10:43:59",827700
38700,1400,100,"sd","10:43:09",827500
38700,1400,200,"sd","10:43:09",827400
38700,1400,900,"sd","10:43:09",827200
38700,1400,3000,"sd","10:43:09",826300
38700,1400,1000,"sd","10:43:09",823300
38700,1400,700,"sd","10:43:09",822300
38700,1400,500,"sd","10:42:49",821600
38700,1400,700,"sd","10:42:31",821100
38700,1400,100,"sd","10:41:50",820400
38700,1400,400,"sd","10:41:50",820300
38700,1400,100,"sd","10:40:01",819900
38750,1450,100,"bu","10:39:11",819800
38700,1400,1000,"sd","10:38:24",819700
38750,1450,200,"bu","10:37:27",818700
38750,1450,300,"bu","10:37:02",818500
38750,1450,600,"sd","10:36:32",818200
38750,1450,3600,"sd","10:36:32",817600
38750,1450,400,"sd","10:36:11",814000
38800,1500,200,"bu","10:35:41",813600
38800,1500,300,"bu","10:35:41",813400
38800,1500,100,"bu","10:35:18",813100
38800,1500,200,"bu","10:34:19",813000
38800,1500,300,"bu","10:33:36",812800
38800,1500,300,"bu","10:33:28",812500
38800,1500,600,"sd","10:31:58",812200
38800,1500,2100,"sd","10:31:58",811600
38800,1500,500,"sd","10:31:49",809500
38800,1500,1400,"sd","10:31:35",809000
38800,1500,1000,"sd","10:31:35",807600
38800,1500,600,"sd","10:31:35",806600
38850,1550,500,"sd","10:31:00",806000
38900,1600,100,"sd","10:30:28",805500
38900,1600,4600,"sd","10:30:28",805400
38900,1600,200,"bu","10:29:01",800800
38900,1600,200,"bu","10:29:01",800600
38900,1600,100,"bu","10:28:26",800400
38900,1600,100,"bu","10:28:17",800300
38900,1600,1800,"bu","10:28:09",800200
38800,1500,100,"sd","10:27:15",798400
38750,1450,200,"sd","10:26:57",798300
38900,1600,200,"bu","10:26:32",798100
38900,1600,300,"bu","10:26:32",797900
38900,1600,200,"bu","10:26:32",797600
38900,1600,100,"bu","10:26:32",797400
38900,1600,100,"bu","10:26:32",797300
38900,1600,1000,"bu","10:26:32",797200
38900,1600,200,"bu","10:26:32",796200
38900,1600,300,"bu","10:26:32",796000
38700,1400,100,"sd","10:25:23",795700
38750,1450,1000,"sd","10:25:23",795600
38800,1500,1200,"sd","10:25:23",794600
38800,1500,500,"sd","10:25:23",793400
38800,1500,200,"sd","10:25:23",792900
38800,1500,400,"sd","10:25:23",792700
38900,1600,100,"bu","10:25:00",792300
38850,1550,100,"bu","10:25:00",792200
38900,1600,700,"bu","10:24:47",792100
38900,1600,2400,"bu","10:24:38",791400
38850,1550,2000,"bu","10:24:27",789000
38850,1550,100,"bu","10:24:27",787000
38850,1550,300,"bu","10:24:27",786900
38850,1550,200,"bu","10:24:23",786600
38850,1550,200,"bu","10:24:23",786400
38850,1550,800,"bu","10:24:08",786200
38850,1550,1000,"bu","10:24:08",785400
38850,1550,200,"bu","10:24:08",784400
38800,1500,100,"bu","10:23:47",784200
38800,1500,300,"bu","10:23:47",784100
38800,1500,2000,"bu","10:23:47",783800
38800,1500,200,"bu","10:23:47",781800
38800,1500,200,"bu","10:23:47",781600
38800,1500,500,"bu","10:23:47",781400
38800,1500,1600,"bu","10:23:47",780900
38700,1400,200,"bu","10:22:05",779300
38700,1400,300,"bu","10:22:02",779100
38700,1400,1700,"bu","10:22:02",778800
38700,1400,500,"bu","10:21:38",777100
38650,1350,3000,"bu","10:21:25",776600
38650,1350,500,"bu","10:21:25",773600
38650,1350,1200,"bu","10:21:25",773100
38650,1350,200,"bu","10:21:25",771900
38650,1350,300,"bu","10:21:25",771700
38650,1350,300,"bu","10:21:25",771400
38650,1350,200,"bu","10:21:22",771100
38650,1350,300,"bu","10:20:44",770900
38650,1350,200,"bu","10:20:32",770600
38650,1350,200,"bu","10:20:09",770400
38600,1300,100,"sd","10:19:59",770200
38600,1300,1500,"sd","10:19:55",770100
38600,1300,500,"sd","10:19:55",768600
38600,1300,1000,"sd","10:19:55",768100
38600,1300,1600,"sd","10:19:55",767100
38600,1300,400,"sd","10:19:52",765500
38600,1300,100,"sd","10:19:52",765100
38600,1300,500,"sd","10:19:52",765000
38600,1300,500,"sd","10:19:44",764500
38600,1300,300,"sd","10:19:44",764000
38600,1300,500,"sd","10:19:18",763700
38600,1300,100,"sd","10:19:11",763200
38650,1350,500,"bu","10:16:35",763100
38650,1350,300,"bu","10:16:18",762600
38650,1350,100,"bu","10:15:26",762300
38600,1300,1000,"sd","10:15:21",762200
38650,1350,500,"bu","10:15:00",761200
38650,1350,1100,"bu","10:14:54",760700
38600,1300,500,"sd","10:14:42",759600
38600,1300,600,"sd","10:14:18",759100
38600,1300,1000,"sd","10:14:18",758500
38600,1300,3200,"sd","10:14:18",757500
38650,1350,300,"bu","10:12:51",754300
38650,1350,500,"bu","10:12:51",754000
38600,1300,3000,"sd","10:12:10",753500
38550,1250,400,"sd","10:11:56",750500
38550,1250,100,"sd","10:10:30",750100
38550,1250,1000,"sd","10:10:18",750000
38550,1250,1000,"sd","10:09:53",749000
38550,1250,6400,"sd","10:09:44",748000
38550,1250,2200,"sd","10:09:44",741600
38600,1300,500,"unknown","10:09:44",739400
38600,1300,2000,"unknown","10:09:44",738900
38600,1300,100,"unknown","10:09:44",736900
38600,1300,200,"unknown","10:09:44",736800
38600,1300,3000,"unknown","10:09:44",736600
38650,1350,500,"unknown","10:09:44",733600
38650,1350,100,"unknown","10:09:44",733100
38650,1350,200,"sd","10:09:36",733000
38700,1400,100,"bu","10:08:35",732800
38700,1400,100,"unknown","10:08:35",732700
38700,1400,1000,"sd","10:08:34",732600
38700,1400,800,"sd","10:08:34",731600
38700,1400,800,"sd","10:08:22",730800
38750,1450,1200,"sd","10:08:22",730000
38750,1450,1000,"sd","10:08:02",728800
38750,1450,5000,"sd","10:07:58",727800
38750,1450,500,"sd","10:07:50",722800
38750,1450,300,"sd","10:07:46",722300
38750,1450,700,"sd","10:07:46",722000
38750,1450,100,"sd","10:07:34",721300
38750,1450,600,"sd","10:07:13",721200
38750,1450,100,"sd","10:07:04",720600
38750,1450,1500,"bu","10:06:12",720500
38700,1400,400,"sd","10:05:43",719000
38700,1400,3200,"sd","10:05:37",718600
38700,1400,200,"sd","10:05:35",715400
38700,1400,200,"sd","10:05:31",715200
38700,1400,4400,"sd","10:05:23",715000
38700,1400,100,"sd","10:05:23",710600
38700,1400,400,"sd","10:05:19",710500
38750,1450,100,"sd","10:05:05",710100
38750,1450,1900,"sd","10:04:53",710000
38750,1450,1000,"sd","10:04:53",708100
38750,1450,100,"sd","10:04:53",707100
38800,1500,1400,"sd","10:04:23",707000
38800,1500,100,"sd","10:04:10",705600
38800,1500,100,"sd","10:04:09",705500
38800,1500,300,"sd","10:04:04",705400
38800,1500,200,"sd","10:04:04",705100
38800,1500,300,"sd","10:03:46",704900
38800,1500,800,"sd","10:03:46",704600
38800,1500,300,"sd","10:03:39",703800
38800,1500,400,"sd","10:03:22",703500
38800,1500,100,"sd","10:03:22",703100
38800,1500,100,"sd","10:03:10",703000
38800,1500,400,"sd","10:03:10",702900
38800,1500,1300,"sd","10:03:10",702500
38800,1500,600,"sd","10:03:10",701200
38800,1500,1600,"sd","10:03:10",700600
38800,1500,100,"sd","10:02:25",699000
38800,1500,200,"sd","10:02:18",698900
38800,1500,1000,"sd","10:02:18",698700
38850,1550,100,"bu","10:01:40",697700
38850,1550,200,"bu","10:01:36",697600
38850,1550,400,"bu","10:01:36",697400
38850,1550,200,"bu","10:01:35",697000
38850,1550,200,"sd","10:00:09",696800
38850,1550,1600,"sd","10:00:09",696600
38850,1550,800,"sd","10:00:06",695000
38850,1550,600,"sd","09:59:59",694200
38850,1550,100,"sd","09:59:59",693600
38850,1550,300,"sd","09:59:59",693500
38850,1550,100,"sd","09:59:36",693200
38900,1600,1500,"unknown","09:59:34",693100
38900,1600,3000,"sd","09:59:34",691600
38900,1600,500,"sd","09:59:33",688600
38900,1600,4000,"bu","09:59:22",688100
38900,1600,1000,"bu","09:59:21",684100
38900,1600,1100,"unknown","09:59:14",683100
38900,1600,700,"unknown","09:59:14",682000
38900,1600,900,"unknown","09:59:14",681300
38900,1600,100,"sd","09:59:11",680400
38900,1600,100,"sd","09:59:11",680300
38900,1600,100,"sd","09:59:11",680200
38900,1600,500,"sd","09:59:11",680100
38900,1600,100,"sd","09:59:11",679600
38900,1600,100,"sd","09:59:11",679500
38900,1600,300,"sd","09:58:50",679400
38900,1600,100,"sd","09:57:59",679100
38900,1600,1000,"sd","09:57:56",679000
39000,1700,100,"bu","09:57:02",678000
39000,1700,400,"bu","09:56:59",677900
39050,1750,800,"bu","09:56:59",677500
39050,1750,4700,"bu","09:56:59",676700
39000,1700,1000,"sd","09:56:59",672000
39000,1700,100,"sd","09:56:59",671000
39000,1700,1000,"sd","09:56:58",670900
39000,1700,7800,"sd","09:56:58",669900
39000,1700,500,"sd","09:56:58",662100
39000,1700,500,"sd","09:56:58",661600
39050,1750,100,"bu","09:56:56",661100
39050,1750,100,"bu","09:56:56",661000
39050,1750,100,"bu","09:56:56",660900
39000,1700,1000,"sd","09:56:54",660800
39000,1700,400,"sd","09:56:48",659800
39000,1700,100,"sd","09:56:33",659400
39050,1750,100,"bu","09:56:26",659300
39050,1750,100,"bu","09:56:26",659200
39050,1750,100,"bu","09:56:17",659100
39000,1700,1000,"sd","09:56:10",659000
39000,1700,100,"sd","09:56:05",658000
39000,1700,1000,"sd","09:56:01",657900
39000,1700,1000,"sd","09:55:53",656900
39000,1700,600,"sd","09:55:49",655900
39000,1700,1100,"bu","09:55:42",655300
39000,1700,500,"sd","09:55:35",654200
39000,1700,200,"sd","09:55:35",653700
39000,1700,200,"sd","09:55:35",653500
39100,1800,100,"bu","09:55:17",653300
39000,1700,1000,"sd","09:55:14",653200
39000,1700,500,"sd","09:55:05",652200
39000,1700,100,"sd","09:55:01",651700
39000,1700,100,"sd","09:54:55",651600
39000,1700,300,"sd","09:54:55",651500
39000,1700,1000,"sd","09:54:51",651200
39000,1700,500,"sd","09:54:51",650200
39000,1700,6000,"sd","09:54:33",649700
39100,1800,3700,"bu","09:54:16",643700
39050,1750,200,"bu","09:54:16",640000
39050,1750,100,"bu","09:54:16",639800
39000,1700,300,"sd","09:54:14",639700
39000,1700,100,"bu","09:54:12",639400
39000,1700,20000,"bu","09:54:10",639300
39000,1700,100,"sd","09:54:01",619300
39000,1700,2000,"sd","09:54:01",619200
39000,1700,200,"sd","09:54:00",617200
39000,1700,5000,"sd","09:54:00",617000
39000,1700,25700,"sd","09:54:00",612000
39050,1750,200,"sd","09:53:59",586300
39100,1800,200,"sd","09:53:51",586100
39150,1850,500,"bu","09:53:50",585900
39100,1800,300,"sd","09:53:48",585400
39100,1800,200,"sd","09:53:48",585100
39100,1800,800,"sd","09:53:44",584900
39100,1800,200,"sd","09:53:44",584100
39100,1800,100,"bu","09:53:33",583900
39100,1800,200,"bu","09:53:33",583800
39100,1800,100,"bu","09:53:33",583600
39100,1800,100,"bu","09:53:31",583400
39100,1800,100,"bu","09:53:31",583500
39050,1750,200,"bu","09:53:19",583300
39050,1750,100,"bu","09:53:19",583100
39050,1750,300,"bu","09:53:17",583000
39050,1750,300,"bu","09:53:07",582700
39050,1750,200,"bu","09:53:07",582400
39050,1750,100,"bu","09:53:07",582200
39050,1750,100,"bu","09:53:07",582100
39000,1700,100,"sd","09:53:02",582000
39000,1700,3000,"sd","09:53:01",581900
39000,1700,1000,"sd","09:53:01",578900
39000,1700,1000,"sd","09:53:01",577900
39000,1700,1000,"sd","09:53:01",576900
39000,1700,500,"sd","09:53:01",575900
39000,1700,200,"sd","09:53:01",575400
39000,1700,900,"sd","09:53:01",575200
39000,1700,300,"sd","09:53:01",574300
39000,1700,100,"sd","09:53:00",574000
39000,1700,300,"bu","09:53:00",573900
39000,1700,300,"bu","09:53:00",573600
39000,1700,100,"bu","09:53:00",573300
39000,1700,600,"bu","09:53:00",573200
39000,1700,200,"bu","09:53:00",572600
39000,1700,2100,"bu","09:53:00",572400
39000,1700,100,"bu","09:53:00",570300
39000,1700,200,"bu","09:53:00",570200
39000,1700,1300,"bu","09:53:00",570000
39000,1700,100,"bu","09:53:00",568700
39000,1700,500,"bu","09:53:00",568600
39000,1700,3400,"bu","09:53:00",568100
39000,1700,100,"bu","09:53:00",564700
39000,1700,100,"bu","09:53:00",564600
39000,1700,300,"bu","09:53:00",564500
39000,1700,1500,"bu","09:53:00",564200
39000,1700,5000,"bu","09:53:00",562700
39000,1700,500,"bu","09:52:59",557700
39000,1700,200,"bu","09:52:45",557200
38900,1600,500,"sd","09:52:45",557000
38900,1600,600,"sd","09:52:28",556500
38900,1600,600,"sd","09:52:28",555900
38900,1600,100,"sd","09:52:28",555300
38900,1600,100,"sd","09:52:28",555200
38950,1650,100,"sd","09:52:28",555100
38950,1650,1500,"sd","09:52:28",555000
38950,1650,500,"bu","09:52:22",553500
38950,1650,3000,"bu","09:52:15",553000
38950,1650,500,"bu","09:52:08",550000
38950,1650,4800,"bu","09:52:08",549500
38950,1650,200,"sd","09:52:03",544700
38950,1650,500,"bu","09:52:01",544500
38950,1650,100,"bu","09:52:01",544000
38950,1650,100,"bu","09:52:01",543900
38950,1650,100,"bu","09:52:01",543800
38950,1650,300,"bu","09:51:56",543700
38950,1650,100,"bu","09:51:50",543400
38950,1650,500,"bu","09:51:50",543300
38950,1650,100,"bu","09:51:50",542800
38950,1650,400,"bu","09:51:44",542700
38900,1600,200,"bu","09:51:44",542300
38950,1650,600,"bu","09:51:29",542100
38950,1650,100,"bu","09:51:29",541500
38950,1650,1000,"bu","09:51:29",541400
38900,1600,100,"unknown","09:51:29",540400
38800,1500,100,"sd","09:51:01",540300
38900,1600,200,"unknown","09:51:01",540200
38900,1600,200,"bu","09:51:00",540000
38900,1600,200,"bu","09:51:00",539800
38800,1500,5900,"sd","09:50:43",539600
38800,1500,400,"sd","09:50:43",533700
38800,1500,100,"sd","09:50:43",533300
38850,1550,1000,"sd","09:50:43",533200
38850,1550,2600,"sd","09:50:43",532200
38900,1600,500,"bu","09:50:42",529600
38900,1600,100,"bu","09:50:39",529100
38900,1600,1200,"bu","09:50:35",529000
38900,1600,1800,"bu","09:50:35",527800
38850,1550,100,"sd","09:50:33",526000
38850,1550,300,"sd","09:50:19",525900
38900,1600,100,"bu","09:50:18",525600
38900,1600,200,"bu","09:50:18",525500
38900,1600,200,"bu","09:50:18",525300
38850,1550,200,"bu","09:49:59",525100
38850,1550,500,"bu","09:49:59",524900
38850,1550,100,"bu","09:49:43",524400
38850,1550,100,"bu","09:49:43",524300
38800,1500,200,"sd","09:49:35",524200
38800,1500,100,"bu","09:49:31",524000
38800,1500,500,"bu","09:49:31",523900
38800,1500,100,"bu","09:49:31",523400
38800,1500,500,"bu","09:49:29",523300
38800,1500,300,"bu","09:49:29",522800
38800,1500,300,"bu","09:49:29",522500
38800,1500,900,"bu","09:49:29",522200
38800,1500,100,"bu","09:49:08",521300
38800,1500,200,"bu","09:49:08",521200
38800,1500,500,"bu","09:49:08",521000
38800,1500,100,"bu","09:49:08",520500
38800,1500,100,"bu","09:49:08",520400
38800,1500,400,"bu","09:48:54",520300
38800,1500,3800,"bu","09:48:54",519900
38750,1450,500,"bu","09:48:54",516100
38750,1450,100,"bu","09:48:54",515600
38750,1450,100,"bu","09:48:54",515500
38750,1450,100,"bu","09:48:54",515400
38700,1400,400,"bu","09:48:42",515300
38700,1400,600,"bu","09:48:37",514900
38700,1400,100,"bu","09:48:37",514300
38700,1400,300,"bu","09:48:37",514200
38700,1400,200,"bu","09:48:22",513900
38700,1400,200,"bu","09:48:14",513700
38600,1300,700,"bu","09:48:13",513500
38600,1300,1000,"bu","09:48:13",512800
38650,1350,500,"bu","09:48:13",511800
38600,1300,1000,"bu","09:48:13",511300
38650,1350,100,"bu","09:48:13",510300
38600,1300,100,"bu","09:48:13",510200
38650,1350,100,"bu","09:48:13",510100
38600,1300,200,"bu","09:48:13",510000
38650,1350,100,"bu","09:48:13",509800
38600,1300,100,"bu","09:48:13",509700
38650,1350,100,"bu","09:48:13",509600
38600,1300,100,"bu","09:48:13",509500
38600,1300,100,"bu","09:48:13",509400
38600,1300,500,"bu","09:48:13",509300
38550,1250,200,"bu","09:48:05",508800
38550,1250,500,"bu","09:48:05",508600
38550,1250,100,"bu","09:48:05",508100
38550,1250,1000,"bu","09:48:05",508000
38550,1250,100,"bu","09:48:05",507000
38550,1250,100,"bu","09:48:05",506900
38550,1250,800,"bu","09:48:05",506800
38550,1250,500,"bu","09:48:02",506000
38550,1250,700,"bu","09:47:56",505500
38550,1250,100,"bu","09:47:56",504800
38550,1250,100,"bu","09:47:56",504700
38550,1250,100,"bu","09:47:56",504600
38550,1250,1000,"bu","09:47:56",504500
38500,1200,3000,"sd","09:47:45",503500
38500,1200,100,"sd","09:47:44",500500
38500,1200,100,"sd","09:47:44",500400
38500,1200,100,"sd","09:47:44",500300
38500,1200,100,"sd","09:47:44",500200
38500,1200,1500,"sd","09:47:44",500100
38500,1200,1100,"sd","09:47:44",498600
38500,1200,1000,"sd","09:47:44",497500
38500,1200,1500,"sd","09:47:44",496500
38500,1200,5000,"sd","09:47:44",495000
38500,1200,100,"sd","09:47:44",490000
38500,1200,200,"sd","09:47:44",489900
38500,1200,100,"sd","09:47:44",489700
38500,1200,200,"sd","09:47:44",489600
38500,1200,200,"sd","09:47:44",489400
38500,1200,3900,"bu","09:47:44",489200
38500,1200,200,"bu","09:47:44",485300
38500,1200,300,"bu","09:47:44",485100
38500,1200,8000,"bu","09:47:44",484800
38500,1200,300,"bu","09:47:44",476800
38500,1200,1000,"bu","09:47:44",476500
38500,1200,5000,"bu","09:47:44",475500
38500,1200,1000,"bu","09:47:44",470500
38500,1200,3100,"bu","09:47:44",469500
38500,1200,1100,"bu","09:47:44",466400
38500,1200,2700,"bu","09:47:44",465300
38500,1200,100,"bu","09:47:44",462600
38500,1200,200,"bu","09:47:44",462500
38500,1200,200,"bu","09:47:44",462300
38500,1200,4000,"bu","09:47:44",462100
38500,1200,1000,"bu","09:47:44",458100
38500,1200,100,"bu","09:47:44",457100
38500,1200,4500,"bu","09:47:42",457000
38500,1200,500,"bu","09:47:42",452500
38500,1200,400,"bu","09:47:37",452000
38500,1200,900,"bu","09:47:30",451600
38500,1200,500,"bu","09:47:30",450700
38500,1200,500,"bu","09:47:30",450200
38500,1200,100,"bu","09:47:30",449700
38500,1200,100,"bu","09:47:13",449600
38500,1200,200,"bu","09:46:42",449500
38450,1150,200,"sd","09:46:17",449300
38450,1150,100,"sd","09:45:48",449100
38450,1150,300,"sd","09:45:48",449000
38450,1150,200,"sd","09:45:48",448700
38450,1150,1500,"sd","09:45:48",448500
38450,1150,2900,"sd","09:45:48",447000
38400,1100,100,"sd","09:45:47",444100
38450,1150,100,"bu","09:45:39",444000
38450,1150,7000,"bu","09:45:36",443900
38450,1150,1000,"bu","09:44:59",436900
38400,1100,100,"sd","09:44:02",435900
38450,1150,200,"bu","09:43:34",435800
38450,1150,1300,"bu","09:43:34",435600
38450,1150,200,"bu","09:43:34",434300
38450,1150,1300,"bu","09:43:34",434100
38450,1150,300,"bu","09:43:34",432800
38450,1150,100,"bu","09:43:34",432500
38450,1150,200,"bu","09:43:34",432400
38450,1150,1000,"bu","09:43:34",432200
38450,1150,100,"bu","09:43:34",431200
38450,1150,100,"bu","09:43:34",431100
38450,1150,300,"bu","09:43:34",431000
38450,1150,400,"bu","09:43:34",430700
38450,1150,1000,"bu","09:43:34",430300
38450,1150,500,"bu","09:43:34",429300
38400,1100,100,"sd","09:43:25",428800
38400,1100,100,"sd","09:43:25",428700
38400,1100,500,"sd","09:43:09",428600
38400,1100,200,"sd","09:43:02",428100
38400,1100,200,"bu","09:42:53",427900
38400,1100,3800,"bu","09:42:26",427700
38400,1100,300,"bu","09:42:26",423900
38400,1100,300,"bu","09:42:26",423600
38400,1100,100,"bu","09:42:26",423300
38400,1100,500,"bu","09:42:26",423200
38400,1100,2000,"bu","09:42:26",422700
38400,1100,100,"bu","09:41:56",420700
38400,1100,100,"bu","09:41:51",420600
38400,1100,2000,"bu","09:41:47",420500
38400,1100,100,"bu","09:40:48",418500
38350,1050,100,"sd","09:39:58",418400
38350,1050,200,"bu","09:39:47",418300
38350,1050,200,"bu","09:39:47",418100
38350,1050,100,"bu","09:39:47",417900
38350,1050,10000,"bu","09:39:47",417800
38350,1050,5900,"bu","09:39:47",407800
38300,1000,100,"sd","09:39:39",401900
38300,1000,100,"sd","09:39:31",401800
38300,1000,200,"sd","09:39:29",401700
38300,1000,1400,"sd","09:39:29",401500
38300,1000,1400,"sd","09:39:29",400100
38300,1000,400,"sd","09:39:04",398700
38300,1000,100,"sd","09:38:48",398300
38300,1000,1000,"bu","09:38:38",398200
38300,1000,100,"bu","09:38:38",397200
38300,1000,100,"bu","09:38:34",397100
38300,1000,100,"bu","09:38:33",397000
38300,1000,1000,"bu","09:38:33",396900
38300,1000,1000,"bu","09:38:33",395900
38300,1000,500,"bu","09:38:33",394900
38300,1000,300,"bu","09:38:33",394400
38300,1000,3200,"bu","09:37:46",394100
38300,1000,100,"bu","09:37:41",390900
38300,1000,1000,"bu","09:37:36",390800
38300,1000,400,"bu","09:37:32",389800
38300,1000,100,"bu","09:37:32",389400
38300,1000,100,"bu","09:37:02",389300
38300,1000,2000,"bu","09:37:02",389200
38300,1000,300,"bu","09:37:02",387200
38300,1000,100,"bu","09:36:52",386900
38250,950,500,"sd","09:36:39",386800
38300,1000,100,"bu","09:36:32",386300
38350,1050,300,"bu","09:36:17",386200
38300,1000,100,"bu","09:36:17",385900
38300,1000,100,"sd","09:36:16",385800
38300,1000,300,"sd","09:36:16",385700
38350,1050,2000,"bu","09:36:15",385400
38300,1000,700,"sd","09:36:00",383400
38300,1000,200,"sd","09:36:00",382700
38300,1000,1100,"sd","09:35:53",382500
38300,1000,700,"sd","09:35:53",381400
38300,1000,1300,"sd","09:35:38",380700
38300,1000,5000,"sd","09:35:38",379400
38300,1000,500,"sd","09:35:38",374400
38300,1000,200,"sd","09:35:38",373900
38300,1000,200,"sd","09:35:27",373700
38300,1000,800,"sd","09:35:27",373500
38300,1000,700,"sd","09:35:23",372700
38300,1000,300,"sd","09:35:23",372000
38300,1000,700,"sd","09:35:04",371700
38300,1000,1800,"sd","09:35:04",371000
38300,1000,200,"sd","09:34:51",369200
38300,1000,300,"sd","09:34:51",369000
38300,1000,100,"sd","09:34:41",368700
38300,1000,1900,"sd","09:34:41",368600
38300,1000,2100,"sd","09:34:37",366700
38300,1000,1000,"sd","09:34:37",364600
38300,1000,4900,"sd","09:34:37",363600
38300,1000,1000,"sd","09:34:37",358700
38300,1000,1000,"sd","09:34:37",357700
38300,1000,1300,"sd","09:34:37",356700
38300,1000,1000,"sd","09:34:37",355400
38300,1000,1100,"sd","09:34:37",354400
38300,1000,3500,"sd","09:34:30",353300
38300,1000,1500,"sd","09:34:25",349800
38300,1000,3000,"sd","09:34:19",348300
38300,1000,100,"sd","09:34:07",345300
38300,1000,800,"sd","09:34:05",345200
38300,1000,4200,"sd","09:34:05",344400
38300,1000,100,"sd","09:34:00",340200
38350,1050,500,"bu","09:33:56",340100
38300,1000,100,"sd","09:33:53",339600
38300,1000,900,"sd","09:33:45",339500
38350,1050,500,"bu","09:33:35",338600
38350,1050,500,"bu","09:33:35",338100
38350,1050,500,"bu","09:33:34",337600
38300,1000,7200,"sd","09:33:22",337100
38350,1050,1800,"sd","09:33:22",329900
38350,1050,100,"sd","09:33:11",328100
38350,1050,200,"sd","09:33:11",328000
38350,1050,200,"sd","09:33:11",327800
38350,1050,500,"sd","09:33:11",327600
38350,1050,100,"sd","09:33:11",327100
38350,1050,200,"sd","09:33:10",327000
38350,1050,100,"sd","09:33:10",326800
38350,1050,600,"sd","09:33:10",326700
38400,1100,200,"bu","09:33:07",326100
38400,1100,2000,"sd","09:33:01",325900
38400,1100,500,"sd","09:33:01",323900
38400,1100,1000,"sd","09:33:01",323400
38400,1100,200,"sd","09:33:01",322400
38400,1100,100,"sd","09:33:01",322200
38400,1100,600,"sd","09:33:01",322100
38400,1100,200,"sd","09:33:01",321500
38400,1100,500,"sd","09:33:01",321300
38400,1100,100,"sd","09:33:01",320800
38400,1100,300,"sd","09:33:01",320700
38400,1100,200,"sd","09:33:01",320400
38400,1100,400,"sd","09:33:01",320200
38400,1100,100,"sd","09:32:57",319800
38400,1100,300,"sd","09:32:57",319700
38400,1100,600,"sd","09:32:57",319400
38400,1100,400,"sd","09:32:57",318800
38400,1100,600,"sd","09:32:57",318400
38400,1100,2000,"sd","09:32:56",317800
38450,1150,400,"bu","09:32:53",315800
38450,1150,100,"bu","09:32:53",315400
38450,1150,1000,"bu","09:32:53",315300
38450,1150,1000,"bu","09:32:53",314300
38450,1150,200,"bu","09:32:53",313300
38450,1150,300,"bu","09:32:53",313100
38400,1100,600,"sd","09:32:49",312800
38450,1150,500,"bu","09:32:46",312200
38400,1100,1800,"sd","09:32:41",311700
38400,1100,1000,"sd","09:32:41",309900
38400,1100,100,"sd","09:32:41",308900
38400,1100,500,"sd","09:32:34",308800
38450,1150,500,"bu","09:32:08",308300
38450,1150,500,"bu","09:31:50",307800
38450,1150,100,"sd","09:31:48",307300
38450,1150,100,"sd","09:31:48",307200
38450,1150,900,"sd","09:31:47",307100
38450,1150,100,"sd","09:31:47",306200
38450,1150,400,"bu","09:31:45",306100
38450,1150,500,"bu","09:31:43",305700
38450,1150,1900,"bu","09:31:43",305200
38450,1150,600,"bu","09:31:43",303300
38450,1150,4000,"bu","09:31:43",302700
38450,1150,1000,"unknown","09:31:25",298700
38450,1150,1000,"sd","09:31:25",297700
38450,1150,500,"sd","09:31:25",296700
38450,1150,1600,"sd","09:31:25",296200
38450,1150,1000,"sd","09:31:15",294600
38500,1200,200,"bu","09:31:11",293600
38500,1200,400,"bu","09:31:11",293400
38450,1150,100,"sd","09:30:55",293000
38450,1150,100,"sd","09:30:55",292900
38450,1150,1000,"sd","09:30:55",292800
38450,1150,600,"sd","09:30:55",291800
38450,1150,400,"bu","09:30:53",291200
38450,1150,800,"bu","09:30:53",290800
38450,1150,200,"bu","09:30:51",290000
38450,1150,1000,"bu","09:30:51",289800
38450,1150,1200,"bu","09:30:51",288800
38450,1150,1100,"bu","09:30:51",287600
38450,1150,200,"bu","09:30:44",286500
38450,1150,200,"bu","09:30:24",286300
38450,1150,500,"bu","09:30:23",286100
38400,1100,100,"sd","09:30:12",285600
38400,1100,200,"sd","09:30:09",285500
38400,1100,1000,"sd","09:30:07",285300
38400,1100,1000,"bu","09:30:02",284300
38400,1100,100,"bu","09:30:02",283300
38400,1100,300,"bu","09:30:00",283200
38400,1100,4900,"bu","09:29:59",282900
38400,1100,200,"bu","09:29:49",278000
38400,1100,7300,"bu","09:29:45",277800
38400,1100,2000,"bu","09:29:42",270500
38400,1100,1400,"bu","09:29:38",268500
38400,1100,500,"bu","09:29:38",267100
38400,1100,1000,"bu","09:29:38",266600
38400,1100,1000,"bu","09:29:38",265600
38400,1100,100,"bu","09:29:37",264600
38400,1100,1000,"bu","09:29:37",264500
38350,1050,300,"bu","09:29:25",263500
38350,1050,200,"bu","09:29:25",263200
38350,1050,200,"bu","09:29:25",263000
38350,1050,1000,"bu","09:29:25",262800
38350,1050,1000,"bu","09:29:25",261800
38350,1050,1000,"bu","09:29:16",260800
38300,1000,1000,"sd","09:29:09",259800
38300,1000,4000,"bu","09:28:59",258800
38300,1000,100,"bu","09:28:59",254800
38300,1000,1000,"bu","09:28:59",254700
38300,1000,1400,"bu","09:28:59",253700
38300,1000,400,"bu","09:28:57",252300
38250,950,200,"sd","09:28:50",251900
38250,950,2000,"sd","09:28:46",251700
38300,1000,200,"bu","09:28:45",249700
38300,1000,100,"bu","09:28:43",249500
38300,1000,200,"bu","09:28:43",249400
38300,1000,200,"bu","09:28:42",249200
38300,1000,200,"bu","09:28:42",249000
38300,1000,100,"bu","09:28:42",248800
38300,1000,1000,"bu","09:28:42",248700
38300,1000,1500,"bu","09:28:42",247700
38300,1000,200,"bu","09:28:42",246200
38300,1000,500,"bu","09:28:33",246000
38300,1000,100,"bu","09:28:33",245500
38300,1000,100,"bu","09:28:33",245400
38300,1000,200,"bu","09:28:33",245300
38300,1000,1000,"bu","09:28:33",245100
38300,1000,7600,"bu","09:28:33",244100
38300,1000,300,"bu","09:28:33",236500
38300,1000,100,"bu","09:28:33",236200
38300,1000,100,"bu","09:28:33",236100
38300,1000,500,"bu","09:28:26",236000
38300,1000,1000,"bu","09:28:22",235500
38250,950,100,"sd","09:28:05",234500
38250,950,500,"bu","09:28:04",234400
38250,950,1000,"bu","09:28:04",233900
38250,950,200,"bu","09:28:04",232900
38250,950,200,"bu","09:28:04",232700
38250,950,600,"sd","09:27:46",232500
38250,950,1200,"sd","09:27:46",231900
38250,950,100,"bu","09:27:33",230700
38250,950,700,"bu","09:27:33",230600
38250,950,100,"bu","09:27:32",229900
38250,950,500,"sd","09:27:05",229800
38250,950,200,"sd","09:26:56",229300
38250,950,100,"sd","09:26:52",229100
38250,950,500,"sd","09:26:50",229000
38250,950,400,"bu","09:26:49",228500
38250,950,100,"bu","09:26:49",228100
38250,950,200,"bu","09:26:49",228000
38250,950,1000,"bu","09:26:36",227800
38250,950,200,"bu","09:26:25",226800
38250,950,100,"sd","09:26:22",226600
38250,950,300,"sd","09:26:22",226500
38250,950,200,"sd","09:26:15",226200
38250,950,200,"sd","09:26:15",226000
38250,950,300,"sd","09:26:15",225800
38250,950,700,"sd","09:26:09",225500
38250,950,300,"sd","09:26:09",224800
38250,950,600,"bu","09:25:53",224500
38200,900,800,"sd","09:25:52",223900
38200,900,300,"sd","09:25:51",223100
38200,900,100,"sd","09:25:51",222800
38200,900,800,"sd","09:25:51",222700
38250,950,900,"bu","09:25:50",221900
38250,950,300,"bu","09:25:50",221000
38250,950,200,"bu","09:25:47",220700
38250,950,300,"bu","09:25:47",220500
38250,950,700,"bu","09:25:44",220200
38250,950,100,"bu","09:25:44",219500
38250,950,200,"bu","09:25:44",219400
38250,950,1800,"bu","09:25:31",219200
38250,950,300,"bu","09:25:31",217400
38250,950,1000,"bu","09:25:31",217100
38250,950,100,"bu","09:25:31",216100
38250,950,1000,"bu","09:25:31",216000
38250,950,1700,"bu","09:25:31",215000
38250,950,4100,"bu","09:25:31",213300
38250,950,700,"bu","09:25:23",209200
38250,950,100,"bu","09:25:19",208500
38250,950,200,"bu","09:25:11",208400
38250,950,1200,"bu","09:25:09",208200
38200,900,100,"sd","09:25:09",207000
38250,950,100,"bu","09:25:01",206900
38250,950,100,"bu","09:24:49",206800
38250,950,1000,"bu","09:24:48",206700
38200,900,200,"sd","09:24:45",205700
38200,900,100,"sd","09:24:32",205500
38250,950,900,"bu","09:24:18",205400
38250,950,1600,"bu","09:24:15",204500
38250,950,200,"bu","09:24:15",202900
38250,950,200,"bu","09:24:15",202700
38250,950,800,"bu","09:24:14",202500
38250,950,200,"bu","09:24:14",201700
38200,900,500,"sd","09:24:05",201500
38250,950,500,"bu","09:24:04",201000
38250,950,1100,"bu","09:24:01",200500
38250,950,1300,"bu","09:23:50",199400
38250,950,500,"bu","09:23:41",198100
38250,950,300,"bu","09:23:40",197600
38250,950,3000,"bu","09:23:37",197300
38200,900,500,"sd","09:23:37",194300
38200,900,300,"sd","09:23:31",193800
38200,900,100,"sd","09:23:30",193500
38200,900,200,"bu","09:23:22",193400
38200,900,200,"bu","09:23:21",193200
38200,900,100,"bu","09:23:20",193000
38200,900,500,"bu","09:23:17",192900
38200,900,500,"bu","09:23:11",192400
38150,850,3900,"sd","09:23:10",191900
38150,850,100,"sd","09:23:10",188000
38200,900,1400,"bu","09:23:08",187900
38200,900,1300,"bu","09:23:08",186500
38250,950,200,"bu","09:23:02",185200
38250,950,200,"bu","09:22:54",185000
38150,850,100,"sd","09:22:53",184800
38250,950,1000,"bu","09:22:46",184700
38250,950,500,"sd","09:22:44",183700
38250,950,900,"sd","09:22:44",183200
38250,950,100,"sd","09:22:44",182300
38250,950,200,"sd","09:22:44",182200
38300,1000,1000,"bu","09:22:42",182000
38250,950,200,"sd","09:22:42",181000
38300,1000,5000,"bu","09:22:41",180800
38300,1000,3000,"bu","09:22:40",175800
38250,950,1000,"sd","09:22:35",172800
38300,1000,1400,"bu","09:22:34",171800
38300,1000,3200,"bu","09:22:32",170400
38300,1000,5000,"bu","09:22:30",167200
38250,950,3000,"sd","09:22:30",162200
38250,950,200,"sd","09:22:26",159200
38250,950,4700,"bu","09:22:12",159000
38250,950,1300,"bu","09:22:07",154300
38250,950,4000,"bu","09:22:04",153000
38300,1000,300,"bu","09:21:55",149000
38300,1000,300,"bu","09:21:54",148700
38250,950,400,"bu","09:21:53",148400
38250,950,100,"sd","09:21:52",148000
38300,1000,2000,"bu","09:21:49",147900
38100,800,300,"sd","09:21:45",145900
38250,950,100,"unknown","09:21:45",145600
38250,950,200,"bu","09:21:42",145500
38100,800,300,"sd","09:21:33",145300
38100,800,200,"bu","09:21:32",145000
38100,800,1000,"bu","09:21:32",144800
38000,700,100,"sd","09:21:30",143800
38000,700,500,"sd","09:21:29",143700
38000,700,1000,"bu","09:21:23",143200
38000,700,200,"bu","09:21:23",142200
38000,700,1000,"bu","09:21:23",142000
38000,700,200,"bu","09:21:22",141000
38000,700,300,"bu","09:21:22",140800
38000,700,100,"bu","09:21:19",140500
38000,700,800,"bu","09:21:17",140400
38000,700,4200,"bu","09:21:17",139600
38000,700,600,"bu","09:21:14",135400
38000,700,3200,"bu","09:21:14",134800
38000,700,300,"bu","09:21:14",131600
38000,700,300,"bu","09:21:08",131300
38000,700,700,"bu","09:21:08",131000
38000,700,200,"bu","09:21:05",130300
38000,700,500,"bu","09:20:58",130100
38000,700,1000,"bu","09:20:58",129600
38000,700,1000,"bu","09:20:58",128600
38000,700,100,"bu","09:20:58",127600
38000,700,100,"bu","09:20:58",127500
38000,700,3000,"bu","09:20:58",127400
38000,700,1000,"bu","09:20:58",124400
37950,650,100,"unknown","09:20:57",123400
37950,650,500,"unknown","09:20:57",123300
37900,600,100,"unknown","09:20:57",122800
37900,600,200,"unknown","09:20:57",122700
37900,600,2000,"bu","09:20:57",122500
37900,600,100,"bu","09:20:57",120500
37900,600,100,"bu","09:20:56",120400
37900,600,200,"bu","09:20:56",120300
37900,600,300,"bu","09:20:54",120100
37900,600,100,"bu","09:20:54",119800
37850,550,1000,"bu","09:20:54",119700
37850,550,100,"bu","09:20:54",118700
37850,550,100,"bu","09:20:54",118600
37850,550,100,"bu","09:20:54",118500
37850,550,500,"bu","09:20:54",118400
37800,500,200,"bu","09:20:54",117900
37800,500,600,"bu","09:20:54",117700
37800,500,1000,"bu","09:20:54",117100
37800,500,1000,"bu","09:20:54",116100
37800,500,500,"bu","09:20:54",115100
37800,500,400,"bu","09:20:52",114600
37800,500,600,"bu","09:20:52",114200
37800,500,400,"bu","09:20:33",113600
37750,450,200,"sd","09:20:31",113200
37750,450,500,"sd","09:20:31",113000
37750,450,1500,"sd","09:20:31",112500
37750,450,300,"sd","09:20:31",111000
37750,450,200,"bu","09:20:24",110700
37750,450,500,"bu","09:20:24",110500
37750,450,300,"bu","09:20:21",110000
37750,450,100,"bu","09:20:18",109700
37750,450,10200,"bu","09:20:17",109600
37750,450,500,"bu","09:20:12",99400
37750,450,400,"bu","09:20:05",98900
37750,450,100,"bu","09:20:04",98500
37750,450,200,"bu","09:20:04",98400
37750,450,500,"bu","09:20:04",98200
37700,400,500,"sd","09:19:43",97700
37700,400,100,"bu","09:19:38",97200
37700,400,200,"bu","09:19:38",97100
37700,400,100,"bu","09:19:38",96900
37700,400,1000,"bu","09:19:38",96800
37650,350,300,"sd","09:19:36",95800
37650,350,200,"sd","09:19:36",95500
37650,350,500,"sd","09:19:34",95300
37650,350,200,"sd","09:19:17",94800
37650,350,100,"bu","09:19:16",94600
37650,350,300,"bu","09:19:12",94500
37600,300,100,"sd","09:19:08",94200
37550,250,1200,"sd","09:19:05",94100
37550,250,200,"sd","09:19:05",92900
37550,250,100,"sd","09:19:05",92700
37550,250,1000,"sd","09:19:05",92600
37550,250,800,"sd","09:19:05",91600
37550,250,5000,"sd","09:19:05",90800
37550,250,1100,"sd","09:19:05",85800
37550,250,100,"sd","09:19:05",84700
37600,300,3700,"sd","09:19:04",84600
37600,300,100,"sd","09:19:03",80900
37600,300,900,"sd","09:19:03",80800
37600,300,100,"bu","09:19:03",79900
37600,300,200,"bu","09:19:03",79800
37600,300,100,"bu","09:19:00",79600
37600,300,3000,"bu","09:18:59",79500
37600,300,1900,"bu","09:18:59",76500
37550,250,500,"sd","09:18:56",74600
37600,300,3100,"bu","09:18:54",74100
37600,300,5000,"bu","09:18:54",71000
37600,300,900,"bu","09:18:53",66000
37600,300,1000,"bu","09:18:53",65100
37550,250,500,"sd","09:18:37",64100
37600,300,100,"bu","09:18:17",63600
37600,300,400,"bu","09:18:17",63500
37550,250,700,"sd","09:18:07",63100
37600,300,100,"bu","09:17:50",62400
37600,300,500,"bu","09:17:43",62300
37600,300,100,"bu","09:17:32",61800
37550,250,200,"sd","09:17:30",61700
37550,250,2000,"bu","09:17:22",61500
37550,250,300,"bu","09:17:14",59500
37550,250,7700,"bu","09:17:05",59200
37550,250,200,"bu","09:17:05",51500
37550,250,100,"bu","09:17:05",51300
37500,200,400,"sd","09:16:55",51200
37500,200,100,"sd","09:16:55",50800
37500,200,500,"sd","09:16:55",50700
37500,200,100,"sd","09:16:55",50200
37500,200,4900,"sd","09:16:50",50100
37500,200,100,"sd","09:16:48",45200
37500,200,200,"sd","09:16:36",45100
37500,200,4900,"sd","09:16:31",44900
37500,200,100,"sd","09:16:31",40000
37500,200,1000,"bu","09:16:19",39900
37500,200,1600,"bu","09:16:10",38900
37500,200,200,"bu","09:16:07",37300
37500,200,1100,"bu","09:15:55",37100
37500,200,300,"bu","09:15:42",36000
37500,200,200,"bu","09:15:42",35700
37500,200,100,"sd","09:15:39",35500
37500,200,500,"sd","09:15:39",35400
37500,200,500,"sd","09:15:33",34900
37500,200,1300,"sd","09:15:33",34400
37500,200,200,"sd","09:15:33",33100
37500,200,32900,"unknown","09:15:02",32900
