"price","change","match_qtty","side","time","total_vol"
6300,-300,118800,"bu","14:45:01",1512800
6300,-300,16600,"sd","14:29:48",1394000
6300,-300,2000,"sd","14:29:47",1377400
6300,-300,1400,"bu","14:29:43",1375400
6300,-300,23600,"sd","14:29:39",1374000
6300,-300,15000,"sd","14:29:24",1350400
6200,-400,3000,"sd","14:28:40",1335400
6400,-200,14000,"bu","14:28:02",1332400
6300,-300,2000,"sd","14:27:57",1318400
6300,-300,2000,"sd","14:27:51",1316400
6400,-200,5000,"bu","14:27:49",1314400
6300,-300,400,"sd","14:27:18",1309400
6300,-300,1000,"sd","14:26:56",1309000
6300,-300,14600,"sd","14:26:34",1308000
6300,-300,500,"bu","14:26:27",1293400
6200,-400,100,"sd","14:26:25",1292900
6200,-400,5700,"sd","14:26:17",1292800
6200,-400,10000,"bu","14:26:12",1287100
6100,-500,2000,"sd","14:25:59",1277100
6100,-500,15000,"sd","14:25:33",1275100
6200,-400,400,"bu","14:25:28",1260100
6200,-400,1100,"bu","14:25:19",1259700
6200,-400,200,"bu","14:25:12",1258600
6100,-500,1500,"sd","14:25:09",1258400
6100,-500,100,"sd","14:25:07",1256900
6100,-500,900,"bu","14:25:05",1256800
6100,-500,500,"bu","14:24:59",1255900
6100,-500,1000,"bu","14:24:55",1255400
6100,-500,4900,"bu","14:24:52",1254400
6100,-500,600,"bu","14:24:49",1249500
6100,-500,1000,"bu","14:24:48",1248900
6100,-500,5000,"bu","14:24:47",1247900
6100,-500,300,"bu","14:24:44",1242900
6100,-500,1000,"bu","14:24:39",1242600
6100,-500,100,"bu","14:24:33",1241600
6100,-500,2000,"bu","14:24:32",1241500
6100,-500,3200,"bu","14:24:20",1239500
6000,-600,2500,"sd","14:24:06",1236300
6000,-600,2000,"sd","14:24:00",1233800
6000,-600,10000,"sd","14:23:47",1231800
6000,-600,20000,"sd","14:23:46",1221800
6100,-500,19000,"sd","14:23:43",1201800
6100,-500,6000,"sd","14:23:35",1182800
6200,-400,1000,"bu","14:23:31",1176800
6200,-400,200,"bu","14:23:16",1175800
6300,-300,500,"bu","14:23:11",1175600
6200,-400,99700,"bu","14:23:10",1175100
6200,-400,50000,"sd","14:23:01",1075400
6300,-300,1000,"bu","14:22:36",1025400
6300,-300,500,"bu","14:22:00",1024400
6300,-300,500,"bu","14:21:43",1023900
6300,-300,5000,"bu","14:21:23",1023400
6300,-300,1000,"bu","14:21:20",1018400
6300,-300,100,"bu","14:21:01",1017400
6300,-300,200,"bu","14:20:55",1017300
6300,-300,100,"bu","14:20:38",1017100
6300,-300,94000,"sd","14:20:22",1017000
6300,-300,10000,"sd","14:20:00",923000
6400,-200,28500,"bu","14:19:26",913000
6400,-200,12000,"sd","14:19:19",884500
6400,-200,500,"sd","14:17:41",872500
6400,-200,1300,"sd","14:17:09",872000
6500,-100,3000,"bu","14:16:11",870700
6400,-200,1000,"sd","14:16:02",867700
6400,-200,400,"sd","14:15:57",866700
6400,-200,8800,"sd","14:15:56",866300
6400,-200,200,"sd","14:10:11",857500
6400,-200,1400,"sd","14:09:23",857300
6400,-200,2000,"sd","14:09:03",855900
6400,-200,2000,"sd","14:08:52",853900
6400,-200,4000,"sd","14:06:02",851900
6400,-200,1500,"sd","14:02:55",847900
6400,-200,1000,"sd","13:59:48",846400
6400,-200,1500,"sd","13:59:40",845400
6400,-200,1000,"sd","13:59:12",843900
6400,-200,4000,"sd","13:58:47",842900
6400,-200,3000,"sd","13:57:33",838900
6400,-200,100,"sd","13:56:03",835900
6400,-200,3800,"sd","13:55:18",835800
6400,-200,2000,"sd","13:55:08",832000
6400,-200,1000,"sd","13:54:58",830000
6400,-200,5000,"sd","13:54:41",829000
6400,-200,5000,"sd","13:53:54",824000
6400,-200,3700,"sd","13:53:40",819000
6400,-200,5000,"sd","13:53:34",815300
6400,-200,2000,"sd","13:53:33",810300
6400,-200,17600,"sd","13:53:00",808300
6400,-200,39900,"sd","13:52:50",790700
6500,-100,300,"bu","13:51:37",750800
6500,-100,500,"bu","13:47:30",750500
6500,-100,3900,"sd","13:47:27",750000
6500,-100,6100,"bu","13:47:25",746100
6500,-100,200,"bu","13:45:25",740000
6500,-100,1100,"bu","13:44:57",739800
6400,-200,700,"sd","13:43:31",738700
6400,-200,3200,"sd","13:41:57",738000
6400,-200,3000,"sd","13:41:55",734800
6400,-200,500,"bu","13:41:52",731800
6400,-200,500,"bu","13:41:50",731300
6400,-200,500,"bu","13:41:17",730800
6400,-200,100,"bu","13:40:41",730300
6400,-200,100,"bu","06:40:26",730200
6400,-200,1500,"bu","13:40:06",730100
6400,-200,500,"bu","13:39:58",728600
6400,-200,300,"bu","13:39:55",728100
6400,-200,3000,"bu","13:39:02",727800
6400,-200,500,"sd","13:38:54",724800
6400,-200,100,"sd","13:38:49",724300
6400,-200,1400,"bu","13:38:40",724200
6300,-300,100,"sd","13:38:13",722800
6400,-200,1600,"bu","13:38:02",722700
6400,-200,200,"bu","13:37:54",721100
6400,-200,100,"bu","13:37:48",720900
6400,-200,100,"bu","13:37:41",720800
6400,-200,7000,"bu","13:37:35",720700
6400,-200,300,"sd","13:37:12",713700
6400,-200,200,"sd","13:37:00",713400
6400,-200,800,"sd","13:36:55",713200
6400,-200,200,"bu","13:36:54",712400
6400,-200,1700,"sd","13:36:47",712200
6400,-200,3400,"sd","13:36:32",710500
6400,-200,500,"bu","13:36:25",707100
6400,-200,3000,"bu","13:36:00",706600
6400,-200,3000,"sd","13:35:57",703600
6400,-200,6500,"sd","13:35:47",700600
6400,-200,9000,"sd","13:35:27",694100
6400,-200,18700,"sd","13:34:47",685100
6500,-100,600,"bu","13:31:55",666400
6400,-200,2500,"sd","13:27:22",665800
6400,-200,15000,"sd","13:27:03",663300
6500,-100,200,"bu","13:24:11",648300
6500,-100,300,"sd","13:24:06",648100
6500,-100,4900,"bu","13:23:40",647800
6500,-100,1200,"bu","13:23:30",642900
6500,-100,2000,"bu","13:23:08",641700
6500,-100,4000,"bu","13:22:57",639700
6500,-100,5000,"bu","13:22:43",635700
6500,-100,10000,"bu","13:22:31",630700
6400,-200,100,"sd","13:16:57",620700
6400,-200,2200,"sd","13:16:51",620600
6400,-200,6000,"sd","13:16:23",618400
6400,-200,3100,"sd","13:14:34",612400
6400,-200,10000,"sd","13:12:03",609300
6400,-200,100,"sd","13:10:18",599300
6400,-200,9200,"sd","13:08:52",599200
6400,-200,3300,"sd","13:08:38",590000
6400,-200,6000,"sd","13:08:37",586700
6400,-200,1000,"sd","13:06:09",580700
6400,-200,9700,"sd","13:05:45",579700
6400,-200,500,"bu","13:05:39",570000
6400,-200,10000,"bu","13:05:35",569500
6400,-200,500,"bu","13:05:00",559500
6400,-200,100,"bu","13:04:30",559000
6400,-200,1000,"bu","13:04:03",558900
6400,-200,8500,"sd","13:02:49",557900
6400,-200,10200,"sd","13:02:47",549400
6400,-200,2000,"sd","13:02:11",539200
6400,-200,18000,"sd","13:02:02",537200
6400,-200,200,"sd","13:01:13",519200
6400,-200,200,"sd","13:01:10",519000
6400,-200,100,"sd","13:00:20",518800
6500,-100,1100,"bu","13:00:07",518700
6400,-200,11100,"sd","13:00:05",517600
6400,-200,25300,"sd","13:00:03",506500
6500,-100,100,"bu","13:00:01",481200
6500,-100,500,"bu","11:28:06",481100
6500,-100,200,"bu","11:23:23",480600
6400,-200,800,"sd","11:16:33",480400
6500,-100,100,"bu","11:15:27",479600
6500,-100,5800,"bu","11:14:27",479500
6500,-100,1000,"sd","11:13:07",473700
6500,-100,43700,"sd","11:13:06",472700
6500,-100,2500,"bu","11:12:40",429000
6500,-100,2000,"bu","11:10:57",426500
6500,-100,500,"bu","11:09:38",424500
6500,-100,1000,"bu","11:09:04",424000
6500,-100,100,"bu","11:08:43",423000
6500,-100,2000,"bu","11:04:58",422900
6500,-100,2500,"bu","11:04:16",420900
6400,-200,100,"sd","11:03:22",418400
6500,-100,100,"bu","11:02:10",418300
6400,-200,300,"sd","11:01:57",418200
6500,-100,1600,"bu","11:01:31",417900
6500,-100,5000,"bu","11:01:22",416300
6500,-100,500,"bu","11:01:12",411300
6500,-100,1000,"bu","10:59:05",410800
6500,-100,1000,"bu","10:58:32",409800
6500,-100,2000,"bu","10:56:35",408800
6500,-100,2500,"bu","10:56:31",406800
6400,-200,200,"sd","10:55:41",404300
6400,-200,500,"sd","10:54:32",404100
6400,-200,6000,"sd","10:53:08",403600
6400,-200,2000,"sd","10:52:53",397600
6400,-200,3500,"sd","10:51:55",395600
6400,-200,600,"sd","10:50:11",392100
6400,-200,100,"sd","10:49:39",391500
6500,-100,600,"bu","10:47:58",391400
6400,-200,7600,"sd","10:47:13",390800
6500,-100,1000,"bu","10:46:55",383200
6400,-200,15400,"sd","10:46:53",382200
6500,-100,100,"bu","10:46:38",366800
6400,-200,1000,"sd","10:46:20",366700
6400,-200,1000,"sd","10:45:59",365700
6500,-100,500,"bu","10:45:04",364700
6500,-100,100,"sd","10:44:47",364200
6500,-100,400,"bu","10:44:27",364100
6600,0,4000,"bu","10:43:13",363700
6500,-100,98300,"sd","10:43:07",359700
6600,0,100,"bu","10:40:45",261400
6500,-100,100,"sd","10:40:41",261300
6600,0,5000,"unknown","10:38:26",261200
6600,0,5000,"sd","10:38:15",256200
6600,0,20000,"sd","10:38:10",251200
6600,0,2000,"sd","10:38:03",231200
6600,0,7600,"sd","10:38:00",229200
6600,0,1600,"sd","10:37:53",221600
6600,0,1500,"sd","10:37:43",220000
6600,0,3900,"sd","10:37:42",218500
6600,0,5000,"sd","10:37:38",214600
6600,0,20000,"sd","10:37:32",209600
6600,0,2000,"sd","10:37:19",189600
6600,0,3000,"sd","10:37:06",187600
6600,0,2500,"sd","10:36:46",184600
6600,0,2000,"sd","10:36:34",182100
6600,0,100,"sd","10:36:31",180100
6600,0,200,"sd","10:36:16",180000
6600,0,5000,"sd","10:36:04",179800
6600,0,300,"sd","10:34:44",174800
6700,100,1000,"bu","10:34:43",174500
6600,0,100,"sd","10:32:49",173500
6600,0,100,"sd","10:31:39",173400
6700,100,700,"bu","10:29:12",173300
6600,0,100,"sd","10:27:39",172600
6700,100,100,"bu","10:21:58",172500
6700,100,4000,"bu","10:21:37",172400
6600,0,100,"sd","10:21:10",168400
6600,0,4000,"sd","10:20:50",168300
6600,0,800,"sd","10:19:52",164300
6600,0,3000,"sd","10:19:28",163500
6700,100,100,"bu","10:18:59",160500
6600,0,300,"sd","10:18:47",160400
6700,100,100,"bu","10:17:49",160100
6700,100,1000,"bu","10:17:29",160000
6700,100,200,"bu","10:14:54",159000
6700,100,200,"bu","10:14:45",158800
6700,100,200,"sd","10:11:34",158600
6700,100,100,"sd","10:11:16",158400
6700,100,600,"sd","10:11:15",158300
6700,100,500,"bu","10:10:29",157700
6700,100,1900,"bu","10:08:54",157200
6700,100,900,"bu","10:07:34",155300
6700,100,400,"bu","10:05:41",154400
6600,0,100,"sd","10:05:32",154000
6600,0,800,"sd","10:05:25",153900
6700,100,800,"bu","10:04:58",153100
6600,0,100,"sd","10:00:43",152300
6700,100,100,"bu","09:59:00",152200
6700,100,1600,"bu","09:58:33",152100
6700,100,10000,"bu","09:56:37",150500
6700,100,10000,"bu","09:56:00",140500
6700,100,200,"bu","09:55:49",130500
6700,100,100,"bu","09:53:09",130300
6700,100,5000,"bu","09:52:08",130200
6600,0,400,"sd","09:51:42",125200
6600,0,3000,"sd","09:51:09",124800
6700,100,100,"bu","09:50:35",121800
6700,100,10000,"bu","09:50:07",121700
6600,0,300,"sd","09:49:35",111700
6700,100,2000,"bu","09:45:16",111400
6700,100,500,"bu","09:43:49",109400
6600,0,1000,"sd","09:43:10",108900
6600,0,100,"sd","09:43:06",107900
6600,0,1000,"sd","09:42:39",107800
6700,100,1000,"bu","09:41:16",106800
6700,100,1000,"bu","09:40:52",105800
6700,100,1000,"bu","09:40:49",104800
6700,100,8800,"sd","09:38:52",103800
6700,100,2000,"sd","09:38:33",95000
6700,100,300,"sd","09:38:14",93000
6700,100,1400,"sd","09:37:23",92700
6700,100,15600,"sd","09:37:11",91300
6700,100,3000,"sd","09:36:59",75700
6700,100,5000,"sd","09:36:49",72700
6800,200,2500,"bu","09:35:55",67700
6800,200,3000,"bu","09:33:15",65200
6800,200,100,"bu","09:31:54",62200
6800,200,400,"bu","09:28:15",62100
6800,200,1100,"bu","09:25:15",61700
6800,200,2200,"bu","09:24:12",60600
6800,200,500,"bu","09:19:13",58400
6800,200,100,"bu","09:18:27",57900
6800,200,1000,"bu","09:17:59",57800
6800,200,3000,"bu","09:17:51",56800
6800,200,1400,"bu","09:17:33",53800
6700,100,12400,"sd","02:17:32",52400
6800,200,1300,"bu","09:16:51",40000
6800,200,1000,"bu","09:15:47",38700
6800,200,300,"bu","09:14:24",37700
6800,200,4000,"bu","09:14:00",37400
6800,200,100,"bu","09:13:12",33400
6800,200,200,"bu","09:12:55",33300
6800,200,100,"bu","09:12:39",33100
6800,200,200,"bu","09:10:53",33000
6800,200,100,"bu","09:08:37",32800
6800,200,700,"bu","09:07:44",32700
6800,200,100,"bu","09:06:43",32000
6800,200,700,"bu","09:06:28",31900
6800,200,1000,"bu","09:06:15",31200
6800,200,1000,"sd","09:05:55",30200
6800,200,5000,"bu","09:05:28",29200
6800,200,10000,"bu","09:04:22",24200
6700,100,300,"bu","09:03:52",14200
6700,100,10000,"bu","09:03:42",13900
6700,100,100,"bu","09:01:56",3900
6700,100,500,"bu","09:01:27",3800
6700,100,3100,"sd","09:00:59",3300
6700,100,200,"sd","09:00:14",200
