"price","change","match_qtty","side","time","total_vol"
18500,-100,121300,"sd","14:45:02",3584200
18600,0,200,"bu","14:29:58",3462900
18600,0,5000,"bu","14:29:42",3462700
18600,0,1000,"bu","14:29:37",3457700
18600,0,3600,"bu","14:29:27",3456700
18500,-100,1000,"sd","14:29:16",3453100
18500,-100,200,"sd","14:29:05",3452100
18500,-100,100,"sd","14:28:59",3451900
18500,-100,7300,"sd","14:28:51",3451800
18500,-100,3300,"sd","14:27:44",3444500
18500,-100,400,"sd","14:27:09",3441200
18500,-100,200,"sd","14:27:08",3440800
18500,-100,10000,"sd","14:27:03",3440600
18500,-100,500,"sd","14:26:52",3430600
18500,-100,5000,"sd","14:26:51",3430100
18500,-100,1000,"sd","14:26:41",3425100
18500,-100,500,"sd","14:26:17",3424100
18500,-100,5000,"sd","14:26:13",3423600
18500,-100,400,"sd","14:26:06",3418600
18500,-100,10000,"sd","14:25:57",3418200
18500,-100,2200,"sd","14:25:48",3408200
18500,-100,400,"bu","14:25:41",3406000
18500,-100,50000,"bu","14:25:36",3405600
18500,-100,5000,"bu","14:25:30",3355600
18400,-200,500,"sd","14:25:29",3350600
18400,-200,500,"sd","14:25:25",3350100
18400,-200,1500,"sd","14:25:17",3349600
18400,-200,2200,"sd","14:25:12",3348100
18400,-200,500,"sd","14:24:59",3345900
18400,-200,100,"sd","14:24:46",3345400
18400,-200,20000,"sd","14:24:36",3345300
18400,-200,1000,"sd","14:24:23",3325300
18500,-100,200,"bu","14:24:19",3324300
18400,-200,1000,"sd","14:24:12",3324100
18400,-200,1000,"sd","14:24:07",3323100
18500,-100,17000,"bu","14:24:01",3322100
18400,-200,2000,"sd","14:23:54",3305100
18500,-100,3000,"sd","14:23:42",3303100
18500,-100,500,"sd","14:23:38",3300100
18500,-100,1000,"sd","14:23:36",3299600
18500,-100,200,"sd","14:23:34",3298600
18500,-100,400,"bu","14:23:28",3298400
18500,-100,500,"bu","14:23:26",3298000
18500,-100,6100,"sd","14:23:23",3297500
18500,-100,500,"sd","14:23:16",3291400
18500,-100,4000,"sd","14:23:09",3290900
18500,-100,12200,"sd","14:23:03",3286900
18500,-100,3400,"sd","14:22:53",3274700
18500,-100,3000,"sd","14:22:45",3271300
18500,-100,100,"sd","14:22:42",3268300
18500,-100,500,"sd","14:22:38",3268200
18500,-100,5000,"sd","14:22:34",3267700
18500,-100,1100,"sd","14:22:22",3262700
18600,0,100,"bu","14:22:07",3261600
18500,-100,15000,"sd","14:22:05",3261500
18500,-100,2000,"sd","14:21:56",3246500
18500,-100,200,"sd","14:21:55",3244500
18500,-100,17600,"sd","14:21:29",3244300
18500,-100,200,"sd","14:21:21",3226700
18500,-100,200,"sd","14:21:01",3226500
18500,-100,4000,"sd","14:20:59",3226300
18600,0,3100,"bu","14:20:50",3222300
18600,0,20000,"sd","14:20:47",3219200
18600,0,3300,"sd","14:20:44",3199200
18600,0,13000,"sd","14:20:43",3195900
18600,0,15000,"sd","14:20:42",3182900
18600,0,5000,"sd","14:20:39",3167900
18600,0,2000,"sd","14:20:36",3162900
18600,0,1000,"sd","14:20:35",3160900
18600,0,5000,"sd","14:20:28",3159900
18600,0,3800,"sd","14:20:27",3154900
18600,0,1800,"sd","14:20:26",3151100
18600,0,1000,"sd","14:20:24",3149300
18600,0,10000,"sd","14:20:15",3148300
18600,0,1000,"sd","14:20:08",3138300
18600,0,200,"sd","14:20:04",3137300
18600,0,8000,"sd","14:19:27",3137100
18600,0,100,"sd","14:19:22",3129100
18700,100,1000,"bu","14:19:10",3129000
18600,0,1000,"sd","14:18:51",3128000
18600,0,15000,"sd","14:18:37",3127000
18600,0,100,"sd","14:18:34",3112000
18600,0,18000,"sd","14:18:17",3111900
18600,0,40000,"sd","14:18:16",3093900
18600,0,100,"sd","14:18:14",3053900
18600,0,10000,"sd","14:18:13",3053800
18600,0,100,"sd","14:18:08",3043800
18600,0,9000,"sd","14:18:04",3043700
18600,0,200,"sd","14:17:18",3034700
18600,0,6000,"sd","14:17:12",3034500
18600,0,400,"sd","14:17:11",3028500
18600,0,100,"sd","14:17:00",3028100
18600,0,500,"sd","14:16:47",3028000
18600,0,1000,"sd","14:16:28",3027500
18600,0,1000,"sd","14:16:17",3026500
18600,0,2000,"sd","14:16:00",3025500
18600,0,500,"sd","14:15:39",3023500
18600,0,50000,"sd","14:15:09",3023000
18700,100,500,"bu","14:15:01",2973000
18700,100,500,"bu","14:15:00",2972500
18700,100,6500,"bu","14:14:04",2972000
18600,0,300,"sd","14:12:35",2965500
18600,0,59800,"sd","14:11:56",2965200
18600,0,10000,"sd","14:11:26",2905400
18700,100,500,"bu","14:11:16",2895400
18700,100,500,"bu","14:10:56",2894900
18700,100,2900,"bu","14:10:09",2894400
18700,100,200,"bu","14:10:08",2891500
18700,100,100,"bu","14:09:46",2891300
18700,100,1000,"bu","14:08:52",2891200
18700,100,100,"bu","14:08:03",2890200
18700,100,1000,"bu","14:08:00",2890100
18700,100,100,"bu","14:07:57",2889100
18700,100,7800,"bu","14:07:32",2889000
18700,100,1000,"sd","14:07:27",2881200
18700,100,32000,"sd","14:07:24",2880200
18700,100,10000,"sd","14:07:05",2848200
18700,100,2200,"sd","14:06:56",2838200
18700,100,3000,"sd","14:06:52",2836000
18700,100,27400,"sd","14:06:37",2833000
18700,100,1000,"sd","14:06:32",2805600
18700,100,6700,"sd","14:06:11",2804600
18700,100,7000,"sd","14:06:07",2797900
18700,100,3000,"sd","14:05:35",2790900
18700,100,20100,"sd","14:05:18",2787900
18700,100,600,"sd","14:04:56",2767800
18700,100,1000,"sd","14:04:43",2767200
18700,100,200,"sd","14:04:34",2766200
18700,100,50000,"sd","14:04:32",2766000
18700,100,2000,"sd","14:03:24",2716000
18700,100,1000,"sd","14:03:12",2714000
18700,100,2000,"sd","14:02:51",2713000
18700,100,1000,"sd","14:02:16",2711000
18700,100,500,"sd","14:02:10",2710000
18700,100,1000,"sd","14:02:04",2709500
18700,100,400,"sd","14:01:50",2708500
18700,100,1200,"sd","14:00:50",2708100
18700,100,500,"sd","14:00:26",2706900
18700,100,1700,"sd","13:59:45",2706400
18800,200,300,"bu","13:59:13",2704700
18700,100,5000,"sd","13:58:44",2704400
18700,100,1000,"sd","13:58:26",2699400
18800,200,500,"bu","13:58:19",2698400
18800,200,100,"bu","13:58:02",2697900
18700,100,5000,"sd","13:57:49",2697800
18800,200,1000,"bu","13:55:10",2692800
18800,200,100,"bu","13:54:22",2691800
18700,100,7500,"sd","13:54:09",2691700
18700,100,500,"sd","13:54:02",2684200
18700,100,3700,"sd","13:53:10",2683700
18700,100,1000,"sd","13:52:31",2680000
18700,100,1000,"sd","13:52:22",2679000
18700,100,1300,"sd","13:52:01",2678000
18800,200,100,"bu","13:51:39",2676700
18700,100,5000,"sd","13:51:09",2676600
18700,100,1200,"sd","13:50:48",2671600
18800,200,100,"bu","13:49:12",2670400
18800,200,500,"bu","13:48:32",2670300
18800,200,100,"bu","13:48:18",2669800
18800,200,1000,"bu","13:47:48",2669700
18800,200,1400,"bu","13:47:14",2668700
18800,200,100,"bu","13:47:05",2667300
18800,200,2000,"bu","13:46:51",2667200
18800,200,200,"bu","13:46:47",2665200
18800,200,2500,"bu","13:46:36",2665000
18800,200,5000,"bu","13:46:26",2662500
18800,200,3000,"bu","13:46:01",2657500
18800,200,1000,"bu","13:45:59",2654500
18800,200,5000,"bu","13:45:12",2653500
18700,100,2000,"sd","13:44:50",2648500
18800,200,20000,"bu","13:44:38",2646500
18800,200,100,"bu","13:44:11",2626500
18800,200,2000,"bu","13:43:31",2626400
18700,100,4000,"sd","13:41:13",2624400
18700,100,1100,"sd","13:41:09",2620400
18700,100,10000,"sd","13:36:43",2619300
18800,200,100,"bu","13:35:43",2609300
18700,100,1800,"sd","13:35:38",2609200
18800,200,100,"bu","13:35:32",2607400
18800,200,10500,"bu","13:35:11",2607300
18800,200,2400,"bu","13:34:10",2596800
18800,200,2400,"bu","13:33:54",2594400
18800,200,200,"bu","13:33:47",2592000
18800,200,2000,"bu","13:31:23",2591800
18800,200,5000,"bu","13:31:10",2589800
18800,200,8000,"bu","13:30:51",2584800
18800,200,1300,"sd","13:30:03",2576800
18800,200,3700,"bu","13:30:01",2575500
18800,200,6300,"bu","13:30:00",2571800
18800,200,1700,"sd","13:29:48",2565500
18800,200,100,"sd","13:29:32",2563800
18800,200,5000,"sd","13:29:31",2563700
18800,200,1000,"sd","13:28:56",2558700
18900,300,700,"bu","13:28:55",2557700
18900,300,2000,"bu","13:28:53",2557000
18800,200,2500,"sd","13:28:52",2555000
18800,200,1000,"sd","13:28:45",2552500
18800,200,5500,"sd","13:28:40",2551500
18800,200,2500,"sd","13:28:14",2546000
18800,200,5000,"sd","13:28:05",2543500
18800,200,10000,"sd","13:27:42",2538500
18800,200,7000,"sd","13:27:32",2528500
18800,200,500,"sd","13:26:57",2521500
18800,200,3000,"sd","13:26:35",2521000
18800,200,100,"sd","13:26:34",2518000
18800,200,100,"sd","13:26:25",2517900
18800,200,10000,"sd","13:26:22",2517800
18800,200,1000,"sd","13:25:46",2507800
18800,200,100,"sd","13:25:02",2506800
18800,200,10000,"sd","13:24:52",2506700
18800,200,200,"sd","13:23:25",2496700
18800,200,10000,"sd","13:23:03",2496500
18800,200,5000,"sd","13:22:53",2486500
18800,200,2000,"sd","13:22:44",2481500
18900,300,100,"bu","13:22:38",2479500
18800,200,1000,"sd","13:22:34",2479400
18800,200,800,"sd","13:21:31",2478400
18800,200,1400,"sd","13:21:07",2477600
18800,200,1000,"bu","13:21:03",2476200
18700,100,20000,"sd","13:21:01",2475200
18800,200,2600,"bu","13:20:55",2455200
18800,200,2000,"sd","13:20:51",2452600
18800,200,400,"sd","13:20:48",2450600
18800,200,9700,"bu","13:20:46",2450200
18800,200,500,"sd","13:20:43",2440500
18800,200,2000,"sd","13:20:40",2440000
18800,200,1000,"sd","13:20:21",2438000
18800,200,1600,"sd","13:19:47",2437000
18800,200,10000,"bu","13:19:42",2435400
18800,200,10000,"bu","13:19:41",2425400
18800,200,3700,"bu","13:19:35",2415400
18800,200,3000,"bu","13:19:33",2411700
18800,200,1600,"bu","13:19:13",2408700
18800,200,500,"bu","13:19:06",2407100
18800,200,2000,"bu","13:19:05",2406600
18800,200,43000,"bu","13:18:56",2404600
18800,200,500,"bu","13:18:48",2361600
18800,200,8700,"bu","13:18:25",2361100
18800,200,1100,"bu","13:18:19",2352400
18800,200,100,"bu","13:18:06",2351300
18800,200,1000,"bu","13:17:40",2351200
18800,200,10000,"bu","13:17:31",2350200
18800,200,1000,"bu","13:17:12",2340200
18800,200,2000,"bu","13:16:46",2339200
18700,100,3500,"sd","13:16:36",2337200
18700,100,10000,"sd","13:15:39",2333700
18700,100,100,"sd","13:15:01",2323700
18700,100,300,"sd","13:11:55",2323600
18700,100,1000,"sd","13:11:10",2323300
18700,100,1000,"sd","13:09:58",2322300
18700,100,3000,"sd","13:09:33",2321300
18700,100,1000,"sd","13:07:14",2318300
18800,200,300,"bu","13:07:10",2317300
18800,200,600,"bu","13:06:27",2317000
18700,100,300,"sd","13:06:15",2316400
18700,100,300,"sd","13:05:55",2316100
18800,200,2000,"bu","13:05:54",2315800
18700,100,200,"sd","13:05:42",2313800
18800,200,300,"bu","13:04:42",2313600
18800,200,800,"bu","13:04:15",2313300
18800,200,100,"bu","13:03:55",2312500
18800,200,200,"bu","13:03:12",2312400
18800,200,100,"bu","13:02:58",2312200
18800,200,4000,"sd","13:02:14",2312100
18800,200,4100,"sd","13:02:12",2308100
18800,200,1000,"sd","13:02:00",2304000
18800,200,16800,"sd","13:01:56",2303000
18800,200,500,"sd","13:01:46",2286200
18800,200,100,"sd","13:01:18",2285700
18800,200,3700,"sd","13:00:06",2285600
18800,200,1600,"sd","13:00:05",2281900
18800,200,3000,"sd","13:00:04",2280300
18800,200,1800,"sd","13:00:03",2277300
18800,200,1000,"sd","11:28:59",2275500
18800,200,5000,"sd","11:28:34",2274500
18900,300,1000,"bu","11:24:54",2269500
18900,300,800,"bu","11:22:40",2268500
18800,200,200,"bu","11:22:17",2267700
18800,200,100,"bu","11:21:55",2267500
18800,200,100,"bu","11:21:52",2267400
18800,200,200,"bu","11:21:04",2267300
18800,200,1000,"sd","11:20:59",2267100
18800,200,2000,"sd","11:20:58",2266100
18800,200,1900,"sd","11:20:25",2264100
18800,200,2000,"sd","11:20:12",2262200
18800,200,500,"sd","11:20:04",2260200
18800,200,2000,"sd","11:19:05",2259700
18800,200,500,"sd","11:18:56",2257700
18800,200,2000,"sd","11:18:24",2257200
18800,200,200,"sd","11:17:36",2255200
18800,200,900,"sd","11:17:21",2255000
18800,200,1500,"bu","11:17:18",2254100
18800,200,5000,"bu","11:17:03",2252600
18800,200,100,"bu","11:16:42",2247600
18800,200,2300,"bu","11:16:32",2247500
18800,200,1600,"bu","11:15:58",2245200
18800,200,10000,"sd","11:15:13",2243600
18800,200,1000,"sd","11:14:52",2233600
18800,200,400,"sd","11:14:41",2232600
18800,200,3000,"sd","11:12:57",2232200
18800,200,200,"sd","11:12:54",2229200
18800,200,1500,"sd","11:12:37",2229000
18800,200,1400,"sd","11:12:36",2227500
18800,200,1000,"sd","11:12:11",2226100
18800,200,200,"sd","11:11:39",2225100
18800,200,1400,"sd","11:11:34",2224900
18800,200,100,"sd","11:11:09",2223500
18800,200,1700,"bu","11:10:32",2223400
18800,200,300,"bu","11:10:29",2221700
18800,200,5000,"bu","11:10:16",2221400
18800,200,5000,"bu","11:10:08",2216400
18700,100,300,"sd","11:09:53",2211400
18800,200,5800,"bu","11:09:52",2211100
18700,100,200,"sd","11:08:48",2205300
18800,200,100,"bu","11:08:47",2205100
18800,200,1800,"sd","11:08:09",2205000
18800,200,17800,"sd","11:07:34",2203200
18800,200,100,"sd","11:06:42",2185400
18800,200,500,"sd","11:05:45",2185300
18800,200,500,"sd","11:05:33",2184800
18800,200,1000,"sd","11:04:45",2184300
18800,200,10000,"sd","11:04:34",2183300
18800,200,500,"sd","11:03:55",2173300
18800,200,1600,"sd","11:03:01",2172800
18800,200,300,"sd","11:02:36",2171200
18800,200,17500,"bu","11:02:15",2170900
18700,100,900,"sd","11:01:41",2153400
18800,200,500,"bu","11:01:27",2152500
18700,100,2100,"sd","11:01:23",2152000
18800,200,500,"bu","11:00:26",2149900
18800,200,1100,"bu","11:00:14",2149400
18800,200,2000,"bu","10:59:54",2148300
18800,200,3000,"bu","10:59:49",2146300
18700,100,1100,"sd","10:58:14",2143300
18700,100,2000,"sd","10:58:13",2142200
18800,200,800,"bu","10:58:08",2140200
18800,200,10000,"bu","10:57:59",2139400
18800,200,1000,"bu","10:57:56",2129400
18800,200,1000,"bu","10:57:54",2128400
18800,200,500,"bu","10:57:17",2127400
18800,200,500,"bu","10:56:58",2126900
18800,200,200,"bu","10:56:41",2126400
18800,200,100,"bu","10:55:46",2126200
18800,200,2000,"bu","10:55:42",2126100
18800,200,200,"bu","10:55:18",2124100
18800,200,200,"bu","10:54:51",2123900
18800,200,200,"bu","10:54:36",2123700
18800,200,3400,"bu","10:54:32",2123500
18800,200,100,"bu","10:54:22",2120100
18800,200,100,"bu","10:54:21",2120000
18800,200,400,"bu","10:54:04",2119900
18700,100,10200,"sd","10:51:40",2119500
18800,200,3000,"bu","10:51:39",2109300
18700,100,100,"sd","10:51:16",2106300
18700,100,1200,"sd","10:50:52",2106200
18800,200,500,"bu","10:50:48",2105000
18800,200,700,"bu","10:50:12",2104500
18800,200,1800,"bu","10:49:40",2103800
18800,200,100,"bu","10:49:38",2102000
18800,200,900,"bu","10:49:26",2101900
18800,200,200,"bu","10:49:22",2101000
18800,200,100,"bu","10:48:46",2100800
18800,200,2000,"bu","10:48:19",2100700
18800,200,5000,"bu","10:48:10",2098700
18800,200,200,"sd","10:47:34",2093700
18800,200,200,"sd","10:47:32",2093500
18800,200,8500,"sd","10:47:30",2093300
18800,200,1000,"sd","10:47:28",2084800
18800,200,1000,"sd","10:47:27",2083800
18800,200,1000,"sd","10:47:26",2082800
18800,200,4700,"sd","10:47:23",2081800
18800,200,100,"sd","10:47:20",2077100
18800,200,100,"sd","10:47:18",2077000
18800,200,500,"sd","10:47:10",2076900
18800,200,300,"sd","10:47:02",2076400
18800,200,1000,"sd","10:46:57",2076100
18800,200,3200,"sd","10:46:56",2075100
18800,200,1000,"sd","10:46:53",2071900
18800,200,2200,"sd","10:46:49",2070900
18800,200,100,"sd","10:46:46",2068700
18800,200,2900,"sd","10:46:37",2068600
18800,200,2300,"sd","10:46:33",2065700
18800,200,3000,"sd","10:46:32",2063400
18800,200,7700,"sd","10:46:27",2060400
18800,200,5000,"sd","10:46:22",2052700
18800,200,700,"sd","10:46:21",2047700
18800,200,2500,"sd","10:46:20",2047000
18800,200,10200,"sd","10:46:17",2044500
18800,200,4000,"sd","10:46:13",2034300
18800,200,50000,"sd","10:46:10",2030300
18800,200,30500,"sd","10:46:05",1980300
18800,200,1000,"sd","10:46:03",1949800
18800,200,300,"sd","10:46:00",1948800
18800,200,500,"sd","10:45:59",1948500
18800,200,1000,"sd","10:45:54",1948000
18800,200,21100,"sd","10:45:53",1947000
18800,200,2500,"sd","10:45:46",1925900
18800,200,10000,"sd","10:45:45",1923400
18800,200,1000,"sd","10:45:44",1913400
18800,200,18000,"sd","10:45:42",1912400
18800,200,10000,"sd","10:45:23",1894400
18800,200,500,"sd","10:45:21",1884400
18800,200,20000,"sd","10:45:17",1883900
18800,200,5900,"sd","10:44:35",1863900
18800,200,2600,"sd","10:44:25",1858000
18800,200,2000,"sd","10:44:23",1855400
18800,200,200,"sd","10:44:19",1853400
18800,200,5000,"sd","10:44:12",1853200
18800,200,300,"sd","10:44:03",1848200
18800,200,1200,"sd","10:44:02",1847900
18800,200,1000,"sd","10:44:00",1846700
18800,200,1000,"sd","10:43:54",1845700
18800,200,800,"sd","10:43:50",1844700
18800,200,300,"sd","10:43:37",1843900
18800,200,5000,"sd","10:43:31",1843600
18800,200,5000,"sd","10:43:30",1838600
18800,200,2000,"sd","10:43:20",1833600
18800,200,2000,"sd","10:43:07",1831600
18800,200,900,"sd","10:43:00",1829600
18800,200,5000,"sd","10:42:32",1828700
18800,200,200,"sd","10:41:48",1823700
18800,200,500,"sd","10:41:38",1823500
18800,200,5000,"sd","10:41:14",1823000
18800,200,5000,"sd","10:40:05",1818000
18800,200,5000,"sd","10:39:09",1813000
18900,300,300,"bu","10:39:00",1808000
18800,200,100,"sd","10:38:54",1807700
18800,200,300,"sd","10:38:14",1807600
18800,200,400,"sd","10:38:03",1807300
18800,200,18000,"sd","10:37:30",1806900
18800,200,200,"sd","10:37:25",1788900
18800,200,10000,"sd","10:37:20",1788700
18800,200,2000,"sd","10:37:06",1778700
18800,200,300,"sd","10:36:32",1776700
18900,300,100,"bu","10:36:26",1776400
18900,300,5000,"bu","10:35:18",1776300
18900,300,500,"bu","10:34:23",1771300
18900,300,200,"bu","10:34:22",1770800
18900,300,200,"bu","10:31:34",1770600
18900,300,100,"bu","10:31:13",1770400
18900,300,2400,"bu","10:30:31",1770300
18900,300,100,"bu","10:29:34",1767900
18900,300,800,"bu","10:29:24",1767800
18800,200,100,"sd","10:29:05",1767000
18800,200,1000,"sd","10:27:37",1766900
18900,300,3000,"bu","10:27:36",1765900
18800,200,500,"sd","10:27:12",1762900
18800,200,10000,"sd","10:26:40",1762400
18800,200,9900,"sd","10:25:09",1752400
18900,300,500,"bu","10:24:51",1742500
18900,300,4200,"bu","10:23:15",1742000
18900,300,2000,"bu","10:23:10",1737800
18900,300,200,"bu","10:21:48",1735800
18900,300,25000,"bu","10:21:24",1735600
18900,300,2000,"bu","10:21:21",1710600
18800,200,1200,"sd","10:21:20",1708600
18900,300,1000,"bu","10:20:46",1707400
18900,300,2200,"bu","10:20:43",1706400
18900,300,600,"bu","10:20:15",1704200
18900,300,19700,"bu","10:19:25",1703600
18900,300,200,"bu","10:18:49",1683900
18900,300,6700,"bu","10:18:07",1683700
18800,200,10000,"sd","10:17:49",1677000
18900,300,10000,"bu","10:16:49",1667000
18900,300,500,"bu","10:16:41",1657000
18900,300,1000,"bu","10:16:04",1656500
18900,300,100,"bu","10:15:29",1655500
18900,300,2000,"bu","10:15:24",1655400
18900,300,100,"bu","10:15:10",1653400
18800,200,1000,"sd","10:15:06",1653300
18900,300,1000,"bu","10:14:55",1652300
18800,200,20000,"sd","10:14:32",1651300
18900,300,1400,"bu","10:14:31",1631300
18900,300,400,"bu","10:13:58",1629900
18900,300,200,"bu","10:13:37",1629500
18900,300,1400,"bu","10:13:08",1629300
18900,300,500,"bu","10:12:56",1627900
18900,300,1000,"bu","10:12:36",1627400
18900,300,100,"bu","10:11:47",1626400
18900,300,200,"bu","10:11:08",1626300
18900,300,3800,"bu","10:10:39",1626100
18900,300,200,"bu","10:10:15",1622300
18900,300,500,"bu","10:10:13",1622100
18900,300,5000,"bu","10:10:02",1621600
18900,300,100,"bu","10:09:49",1616600
18900,300,500,"bu","10:09:18",1616500
18900,300,200,"bu","10:09:12",1616000
18900,300,200,"bu","10:08:44",1615800
18900,300,200,"bu","10:08:39",1615600
18800,200,100,"sd","10:08:33",1615400
18900,300,1000,"bu","10:08:30",1615300
18900,300,100,"bu","10:08:12",1614300
18900,300,500,"bu","10:07:50",1614200
18900,300,100,"bu","10:07:47",1613700
18900,300,200,"bu","10:07:27",1613600
18900,300,600,"bu","10:07:17",1613400
18900,300,500,"bu","10:06:57",1612800
18800,200,1000,"sd","10:06:50",1612300
18900,300,100,"bu","10:06:41",1611300
18900,300,500,"bu","10:06:33",1611200
18900,300,1400,"sd","10:06:20",1610700
18900,300,200,"sd","10:06:04",1609300
19000,400,3300,"bu","10:06:02",1609100
18900,300,5000,"sd","10:06:01",1605800
18900,300,2000,"sd","10:05:57",1600800
18900,300,5000,"sd","10:05:50",1598800
19000,400,100,"bu","10:05:39",1593800
18900,300,25000,"sd","10:05:31",1593700
18900,300,1200,"sd","10:05:27",1568700
18900,300,1000,"sd","10:05:26",1567500
18900,300,100,"sd","10:05:19",1566500
18900,300,10000,"sd","10:05:16",1566400
18900,300,1000,"sd","10:04:42",1556400
18900,300,3500,"sd","10:04:36",1555400
18900,300,2500,"sd","10:04:11",1551900
18900,300,1000,"sd","10:04:00",1549400
18900,300,500,"sd","10:03:48",1548400
18900,300,200,"sd","10:03:32",1547900
18900,300,400,"sd","10:03:31",1547700
18900,300,700,"sd","10:02:31",1547300
18900,300,1000,"sd","10:02:26",1546600
18900,300,5900,"sd","10:02:22",1545600
18900,300,800,"sd","10:02:02",1539700
18900,300,200,"sd","10:01:57",1538900
18900,300,9000,"sd","10:01:46",1538700
18900,300,1000,"sd","10:01:28",1529700
18900,300,900,"sd","10:01:14",1528700
18900,300,200,"sd","10:01:08",1527800
18900,300,500,"sd","10:00:45",1527600
18900,300,10000,"sd","10:00:33",1527100
18900,300,2000,"sd","09:59:58",1517100
18900,300,2000,"sd","09:59:44",1515100
18900,300,3000,"sd","09:59:42",1513100
19000,400,100,"bu","09:59:39",1510100
18900,300,3300,"sd","09:59:21",1510000
18900,300,100,"sd","09:59:05",1506700
18900,300,1100,"sd","09:58:42",1506600
18900,300,100,"sd","09:58:30",1505500
18900,300,5000,"sd","09:58:13",1505400
19000,400,200,"bu","09:58:02",1500400
19000,400,1000,"bu","09:57:55",1500200
19000,400,5000,"bu","09:57:45",1499200
18900,300,5000,"sd","09:57:24",1494200
18900,300,1000,"sd","09:57:18",1489200
18900,300,1000,"sd","09:57:13",1488200
18900,300,500,"sd","09:57:12",1487200
18900,300,500,"sd","09:56:43",1486700
18900,300,2000,"sd","09:56:34",1486200
18900,300,100,"sd","09:56:28",1484200
18900,300,500,"sd","09:55:59",1484100
18900,300,1000,"sd","09:55:42",1483600
19000,400,6000,"bu","09:55:33",1482600
19000,400,200,"bu","09:55:10",1476600
19000,400,500,"bu","09:54:46",1476400
18900,300,400,"sd","09:54:10",1475900
18900,300,11600,"sd","09:53:35",1475500
18900,300,100,"sd","09:53:29",1463900
18900,300,900,"sd","09:53:25",1463800
18900,300,2000,"sd","09:53:22",1462900
18900,300,500,"sd","09:53:18",1460900
18900,300,100,"sd","09:53:11",1460400
18900,300,1300,"sd","09:52:57",1460300
18900,300,1200,"sd","09:52:50",1459000
18900,300,200,"sd","09:52:22",1457800
18900,300,4000,"sd","09:52:18",1457600
18900,300,1200,"sd","09:51:55",1453600
18900,300,5100,"sd","09:51:46",1452400
19000,400,100,"bu","09:51:39",1447300
18900,300,2000,"sd","09:51:14",1447200
18900,300,1000,"sd","09:51:09",1445200
18900,300,500,"sd","09:50:45",1444200
19000,400,600,"bu","09:50:41",1443700
18900,300,2600,"sd","09:50:34",1443100
18900,300,1000,"sd","09:50:25",1440500
18900,300,200,"sd","09:50:22",1439500
18900,300,600,"sd","09:50:07",1439300
18900,300,1000,"sd","09:50:00",1438700
18900,300,1000,"sd","09:49:48",1437700
19000,400,100,"bu","09:49:39",1436700
19000,400,1000,"bu","09:49:29",1436600
18900,300,100,"sd","09:49:05",1435600
19000,400,2000,"bu","09:48:43",1435500
18900,300,6000,"sd","09:48:30",1433500
19000,400,500,"bu","09:48:16",1427500
19000,400,2200,"bu","09:48:02",1427000
19000,400,3800,"bu","09:47:55",1424800
19000,400,200,"bu","09:46:31",1421000
18900,300,10000,"sd","09:46:19",1420800
18900,300,100,"sd","09:46:10",1410800
18900,300,1000,"sd","09:45:00",1410700
19000,400,300,"bu","09:44:18",1409700
19000,400,3000,"bu","09:43:27",1409400
19000,400,100,"bu","09:43:25",1406400
19000,400,500,"bu","09:43:18",1406300
19000,400,2000,"bu","09:43:14",1405800
19000,400,1500,"bu","09:43:08",1403800
19000,400,5000,"bu","09:43:07",1402300
19000,400,1000,"bu","09:43:03",1397300
19000,400,500,"bu","09:42:45",1396300
19000,400,200,"bu","09:42:19",1395800
19000,400,1200,"bu","09:42:02",1395600
19000,400,100,"bu","09:41:48",1394400
19000,400,800,"bu","09:41:29",1394300
19000,400,2400,"sd","09:41:28",1393500
19000,400,7500,"sd","09:41:22",1391100
19000,400,30000,"sd","09:41:12",1383600
19000,400,1000,"sd","09:41:03",1353600
19000,400,500,"sd","09:41:01",1352600
19000,400,5000,"sd","09:40:40",1352100
19000,400,100,"sd","09:40:36",1347100
19000,400,3000,"sd","09:40:33",1347000
19000,400,400,"sd","09:40:28",1344000
19000,400,500,"sd","09:40:22",1343600
19000,400,100,"sd","09:39:38",1343100
19000,400,100,"sd","09:39:21",1343000
19000,400,4300,"bu","09:38:56",1342900
19000,400,5000,"bu","09:38:53",1338600
19000,400,200,"bu","09:38:52",1333600
19000,400,100,"bu","09:38:47",1333400
19000,400,5000,"bu","09:38:45",1333300
19000,400,1100,"bu","09:38:44",1328300
19000,400,5000,"bu","09:38:43",1327200
19000,400,4100,"bu","09:38:38",1322200
19000,400,200,"bu","09:38:35",1318100
19000,400,2000,"bu","09:38:29",1317900
19000,400,400,"bu","09:38:23",1315900
19000,400,2000,"bu","09:38:12",1315500
19000,400,5000,"bu","09:38:06",1313500
19000,400,400,"bu","09:37:58",1308500
19000,400,100,"bu","09:37:56",1308100
19000,400,500,"bu","09:37:55",1308000
19000,400,500,"bu","09:37:49",1307500
19000,400,2000,"bu","09:37:41",1307000
19000,400,2000,"bu","09:37:33",1305000
19000,400,15000,"bu","09:37:31",1303000
19000,400,1000,"bu","09:37:27",1288000
19000,400,300,"bu","09:37:12",1287000
18900,300,1000,"sd","09:37:10",1286700
19000,400,5200,"bu","09:37:07",1285700
19000,400,60000,"bu","09:37:02",1280500
19000,400,100,"sd","09:36:57",1220500
19000,400,1000,"sd","09:36:56",1220400
19000,400,100,"sd","09:36:54",1219400
19000,400,1500,"sd","09:36:42",1219300
19000,400,10800,"sd","09:36:30",1217800
19000,400,100,"bu","09:36:28",1207000
19000,400,10700,"sd","09:36:27",1206900
19100,500,3000,"bu","09:36:22",1196200
19000,400,500,"bu","09:36:06",1193200
19000,400,400,"bu","09:36:04",1192700
19000,400,1000,"bu","09:35:56",1192300
19000,400,8100,"bu","09:35:53",1191300
19000,400,1000,"sd","09:35:49",1183200
19000,400,21400,"bu","09:35:44",1182200
19000,400,1000,"bu","09:35:36",1160800
19000,400,3000,"bu","09:35:32",1159800
19000,400,2000,"bu","09:35:26",1156800
19000,400,4000,"bu","09:35:25",1154800
19000,400,1700,"bu","09:35:22",1150800
19000,400,1000,"bu","09:35:19",1149100
18900,300,300,"sd","09:35:09",1148100
19000,400,100,"bu","09:35:05",1147800
19000,400,1000,"bu","09:35:03",1147700
19000,400,1000,"bu","09:35:01",1146700
19000,400,300,"bu","09:34:53",1145700
19000,400,100,"bu","09:34:47",1145400
19000,400,900,"sd","09:34:46",1145300
19000,400,10000,"bu","09:34:45",1144400
19000,400,3000,"bu","09:34:43",1134400
19000,400,3900,"bu","09:34:38",1131400
19000,400,600,"sd","09:34:37",1127500
19000,400,1000,"sd","09:34:36",1126900
19000,400,2900,"sd","09:34:35",1125900
19000,400,1000,"sd","09:34:33",1123000
19000,400,10000,"sd","09:34:32",1122000
19000,400,3000,"sd","09:34:28",1112000
19000,400,400,"sd","09:34:27",1109000
19000,400,5000,"sd","09:34:23",1108600
19000,400,6000,"sd","09:34:19",1103600
19000,400,200,"sd","09:34:18",1097600
19000,400,300,"sd","09:34:17",1097400
19000,400,20000,"sd","09:34:15",1097100
19000,400,900,"sd","09:34:14",1077100
19000,400,1200,"sd","09:33:55",1076200
19100,500,100,"bu","09:33:54",1075000
19000,400,2000,"sd","09:33:50",1074900
19000,400,11000,"sd","09:33:37",1072900
19000,400,100,"sd","09:33:34",1061900
19000,400,3000,"sd","09:33:27",1061800
19000,400,1000,"sd","09:33:24",1058800
19000,400,300,"sd","09:33:23",1057800
19000,400,20000,"sd","09:33:16",1057500
19000,400,100,"sd","09:33:09",1037500
19000,400,500,"sd","09:33:08",1037400
19000,400,300,"sd","09:33:02",1036900
19100,500,5800,"bu","09:33:01",1036600
19000,400,100,"sd","09:32:52",1030800
19000,400,200,"sd","09:32:51",1030700
19000,400,500,"sd","09:32:49",1030500
19000,400,2800,"sd","09:32:48",1030000
19000,400,6900,"sd","09:32:47",1027200
19100,500,2000,"bu","09:32:46",1020300
19000,400,1400,"sd","09:32:45",1018300
19000,400,1700,"sd","09:32:44",1016900
19000,400,6000,"sd","09:32:39",1015200
19000,400,2000,"sd","09:32:38",1009200
19000,400,10100,"sd","09:32:33",1007200
19000,400,1400,"sd","09:32:19",997100
19000,400,89000,"sd","09:32:13",995700
19100,500,100,"bu","09:31:50",906700
19000,400,100,"sd","09:31:44",906600
19000,400,200,"sd","09:31:11",906500
19000,400,2700,"sd","09:31:06",906300
19100,500,20000,"bu","09:31:04",903600
19000,400,1000,"sd","09:30:54",883600
19100,500,3800,"bu","09:30:46",882600
19100,500,9000,"bu","09:30:42",878800
19100,500,1000,"bu","09:30:37",869800
19100,500,500,"bu","09:30:36",868800
19100,500,800,"bu","09:30:31",868300
19000,400,20000,"sd","09:30:29",867500
19100,500,3500,"bu","09:30:27",847500
19100,500,2000,"bu","09:30:26",844000
19100,500,500,"bu","09:30:23",842000
19100,500,4000,"bu","09:30:18",841500
19100,500,1000,"bu","09:30:12",837500
19100,500,1100,"bu","09:30:06",836500
19100,500,1000,"bu","09:30:05",835400
19100,500,100,"bu","09:29:53",834400
19100,500,100,"bu","09:29:44",834300
19000,400,100,"sd","09:29:40",834200
19000,400,20000,"sd","09:29:30",834100
19100,500,1100,"bu","09:29:18",814100
19100,500,1000,"bu","09:29:10",813000
19000,400,2000,"sd","09:29:05",812000
19000,400,1000,"sd","09:29:01",810000
19100,500,1000,"bu","09:28:58",809000
19100,500,1100,"bu","09:28:40",808000
19100,500,1400,"bu","09:28:39",806900
19100,500,200,"bu","09:28:35",805500
19100,500,500,"bu","09:28:33",805300
19100,500,1000,"bu","09:28:32",804800
19000,400,3000,"sd","09:28:28",803800
19100,500,300,"bu","09:28:26",800800
19100,500,1000,"bu","09:28:24",800500
19100,500,400,"bu","09:28:17",799500
19000,400,5000,"sd","09:28:13",799100
19000,400,1000,"sd","09:28:05",794100
19100,500,2000,"bu","09:28:04",793100
19100,500,400,"bu","09:27:50",791100
19100,500,1000,"bu","09:27:43",790700
19100,500,300,"bu","09:27:37",789700
19100,500,400,"bu","09:27:24",789400
19100,500,1000,"bu","09:27:16",789000
19100,500,900,"bu","09:27:13",788000
19000,400,500,"sd","09:27:10",787100
19100,500,1200,"bu","09:27:05",786600
19100,500,5000,"bu","09:27:01",785400
19100,500,400,"bu","09:26:51",780400
19100,500,3000,"bu","09:26:36",780000
19000,400,20000,"sd","09:26:26",777000
19100,500,200,"bu","09:26:24",757000
19000,400,100,"sd","09:26:18",756800
19000,400,3200,"sd","09:26:07",756700
19000,400,100,"bu","09:26:06",753500
19000,400,2000,"bu","09:26:05",753400
19000,400,3600,"bu","09:26:04",751400
19000,400,17800,"bu","09:26:02",747800
19000,400,2000,"bu","09:26:01",730000
19000,400,200,"bu","09:26:00",728000
19000,400,5000,"bu","09:25:59",727800
19000,400,5000,"bu","09:25:56",722800
19000,400,20700,"bu","09:25:54",717800
19000,400,100,"bu","09:25:50",697100
19000,400,1000,"bu","09:25:48",697000
19000,400,200,"bu","09:25:45",696000
19000,400,1000,"bu","09:25:42",695800
19000,400,900,"bu","09:25:38",694800
19000,400,10000,"bu","09:25:35",693900
19000,400,300,"bu","09:25:28",683900
19000,400,500,"bu","09:25:21",683600
19000,400,500,"bu","09:25:19",683100
19000,400,800,"bu","09:25:11",682600
19000,400,3600,"bu","09:25:07",681800
19000,400,500,"bu","09:25:06",678200
19000,400,5000,"bu","09:25:05",677700
19000,400,24800,"bu","09:25:02",672700
19000,400,300,"sd","09:24:45",647900
19000,400,3900,"bu","09:24:42",647600
19000,400,4900,"bu","09:24:41",643700
19000,400,20500,"bu","09:24:40",638800
19000,400,10500,"bu","09:24:39",618300
19000,400,30000,"bu","09:24:37",607800
19000,400,22800,"bu","09:24:34",577800
19000,400,3000,"bu","09:24:33",555000
19000,400,100,"bu","09:24:30",552000
19000,400,500,"bu","09:24:28",551900
19000,400,2000,"bu","09:24:27",551400
19000,400,5000,"bu","09:24:25",549400
19000,400,5300,"bu","09:24:23",544400
19000,400,5000,"bu","09:24:21",539100
19000,400,12000,"bu","09:24:18",534100
19000,400,5000,"bu","09:24:16",522100
19000,400,2700,"bu","09:24:15",517100
19000,400,1000,"bu","09:24:14",514400
19000,400,2000,"bu","09:24:11",513400
19000,400,4000,"bu","09:24:09",511400
19000,400,300,"bu","09:24:02",507400
19000,400,300,"bu","09:23:58",507100
19000,400,2600,"bu","09:23:55",506800
19000,400,700,"bu","09:23:48",504200
19000,400,50000,"bu","09:23:45",503500
18900,300,2000,"sd","09:23:36",453500
19000,400,4400,"bu","09:23:35",451500
18900,300,1500,"sd","09:23:32",447100
19000,400,500,"bu","09:22:48",445600
19000,400,10000,"bu","09:22:43",445100
18900,300,200,"sd","09:22:38",435100
18900,300,700,"sd","09:22:33",434900
18900,300,100,"sd","09:22:29",434200
18900,300,2000,"sd","09:22:27",434100
18900,300,1000,"sd","09:22:10",432100
19000,400,5400,"bu","09:22:04",431100
18900,300,600,"sd","09:21:31",425700
18900,300,400,"sd","09:21:07",425100
18900,300,6000,"sd","09:21:03",424700
18900,300,1500,"sd","09:20:54",418700
18900,300,20000,"sd","09:20:52",417200
18900,300,1000,"sd","09:20:46",397200
19000,400,9000,"bu","09:20:39",396200
18900,300,30000,"sd","09:20:37",387200
18900,300,200,"sd","09:20:35",357200
18900,300,1200,"sd","09:20:31",357000
18900,300,500,"sd","09:20:24",355800
18900,300,1200,"sd","09:20:20",355300
18900,300,4000,"bu","09:20:04",354100
18900,300,200,"bu","09:20:02",350100
18900,300,5000,"bu","09:19:59",349900
18900,300,2000,"bu","09:19:57",344900
18900,300,1000,"bu","09:19:55",342900
18900,300,1700,"bu","09:19:54",341900
18900,300,1000,"bu","09:19:53",340200
18900,300,5000,"bu","09:19:51",339200
18900,300,4600,"bu","09:19:48",334200
18900,300,3000,"bu","09:19:47",329600
18900,300,300,"bu","09:19:42",326600
18900,300,200,"bu","09:19:41",326300
18900,300,5000,"bu","09:19:39",326100
18900,300,100,"bu","09:19:37",321100
18900,300,20000,"bu","09:19:34",321000
18900,300,3000,"bu","09:19:33",301000
18900,300,1400,"bu","09:19:31",298000
18900,300,15000,"bu","09:19:29",296600
18900,300,500,"bu","09:19:22",281600
18900,300,300,"bu","09:19:15",281100
18900,300,3000,"bu","09:19:10",280800
18900,300,20000,"bu","09:19:08",277800
18800,200,5000,"sd","09:19:04",257800
18900,300,800,"bu","09:18:56",252800
18800,200,3000,"sd","09:18:55",252000
18900,300,5000,"bu","09:18:52",249000
18900,300,1000,"bu","09:18:40",244000
18900,300,2000,"bu","09:18:38",243000
18900,300,1000,"bu","09:18:26",241000
18900,300,1000,"bu","09:17:57",240000
18900,300,3000,"bu","09:17:44",239000
18900,300,1000,"bu","09:17:41",236000
18900,300,500,"bu","09:17:33",235000
18900,300,200,"bu","09:17:25",234500
18900,300,100,"bu","09:17:22",234300
18800,200,38000,"sd","09:17:20",234200
18900,300,50000,"bu","09:17:18",196200
18900,300,20500,"bu","09:17:17",146200
18900,300,2000,"bu","09:17:13",125700
18900,300,500,"bu","09:16:52",123700
18800,200,2000,"sd","09:16:47",123200
18900,300,5000,"bu","09:16:33",121200
18800,200,300,"sd","09:16:30",116200
18800,200,3000,"sd","09:15:59",115900
18800,200,1400,"bu","09:15:58",112900
18800,200,8700,"bu","09:15:54",111500
18800,200,4000,"sd","09:15:47",102800
18800,200,5000,"sd","09:15:44",98800
18800,200,200,"sd","09:15:34",93800
18900,300,5000,"bu","09:15:33",93600
18800,200,5300,"sd","09:15:20",88600
18800,200,4000,"sd","09:14:28",83300
18800,200,7000,"sd","09:14:27",79300
18900,300,300,"bu","09:14:06",72300
18800,200,200,"sd","09:13:51",72000
18800,200,1000,"sd","09:13:40",71800
18800,200,200,"sd","09:12:56",70800
18800,200,300,"sd","09:12:38",70600
18800,200,200,"sd","09:12:37",70300
18800,200,5000,"sd","09:12:03",70100
18800,200,200,"sd","09:11:40",65100
18800,200,1100,"bu","09:11:30",64900
18800,200,2000,"bu","09:11:29",63800
18800,200,800,"bu","09:11:26",61800
18800,200,500,"bu","09:11:25",61000
18800,200,5000,"bu","09:11:23",60500
18800,200,26500,"bu","09:11:14",55500
18800,200,500,"bu","09:11:09",29000
18800,200,5000,"bu","09:11:05",28500
18800,200,3000,"bu","09:11:01",23500
18800,200,400,"bu","09:10:30",20500
18700,100,1000,"sd","09:10:06",20100
18800,200,200,"bu","09:09:39",19100
18700,100,100,"sd","09:08:41",18900
18700,100,1000,"sd","09:07:42",18800
18700,100,600,"sd","09:06:47",17800
18700,100,900,"sd","09:06:24",17200
18700,100,100,"bu","09:06:05",16300
18700,100,1000,"bu","09:06:04",16200
18700,100,200,"sd","09:05:46",15200
18700,100,1900,"bu","09:05:10",15000
18700,100,200,"sd","09:04:45",13100
18800,200,300,"bu","09:04:36",12900
18800,200,1000,"bu","09:04:26",12600
18800,200,2000,"bu","09:03:56",11600
18700,100,100,"sd","09:03:48",9600
18700,100,1000,"sd","09:03:31",9500
18700,100,200,"sd","09:03:19",8500
18700,100,3300,"sd","09:03:04",8300
18700,100,600,"sd","09:01:58",5000
18800,200,3900,"bu","09:01:01",4400
18700,100,100,"sd","09:00:30",500
18600,0,400,"sd","09:00:09",400
