"price","change","match_qtty","side","time","total_vol"
46700,-600,27700,"unknown","14:45:02",1063100
47100,-200,1000,"sd","14:29:39",1035400
47100,-200,3900,"sd","14:29:37",1034400
47100,-200,300,"bu","14:29:32",1030500
47100,-200,1100,"bu","14:29:29",1030200
47100,-200,200,"bu","14:29:28",1029100
47000,-300,2600,"sd","14:29:25",1028900
47100,-200,500,"bu","14:29:24",1026300
47100,-200,100,"bu","14:29:19",1025800
47100,-200,500,"bu","14:29:12",1025700
47100,-200,300,"bu","14:29:03",1025200
47100,-200,200,"bu","14:29:02",1024900
47100,-200,1000,"bu","14:29:01",1024700
47000,-300,500,"sd","14:28:24",1023700
47000,-300,200,"sd","14:28:13",1023200
47000,-300,3000,"sd","14:28:12",1023000
47000,-300,100,"bu","14:28:10",1020000
47000,-300,200,"bu","14:28:07",1019900
47000,-300,200,"bu","14:28:05",1019700
47000,-300,1300,"bu","14:28:04",1019500
47000,-300,2600,"bu","14:27:51",1018200
47000,-300,1000,"bu","14:27:45",1015600
47000,-300,500,"bu","14:27:43",1014600
46900,-400,300,"sd","14:27:42",1014100
47000,-300,400,"bu","14:27:34",1013800
47000,-300,100,"bu","14:26:57",1013400
47000,-300,500,"bu","14:26:32",1013300
46800,-500,500,"sd","14:26:28",1012800
47000,-300,200,"bu","14:26:27",1012300
47000,-300,400,"bu","14:25:45",1012100
47000,-300,1000,"bu","14:25:14",1011700
47000,-300,2600,"sd","14:25:10",1010700
47000,-300,1400,"sd","14:24:48",1008100
46700,-600,100,"sd","14:24:43",1006700
46700,-600,200,"sd","14:24:42",1006600
46700,-600,300,"sd","14:24:41",1006400
46800,-500,100,"bu","14:24:39",1006100
46700,-600,100,"sd","14:24:35",1006000
46700,-600,2000,"bu","14:24:34",1005900
46700,-600,100,"bu","14:24:26",1003900
46700,-600,1100,"bu","14:24:15",1003800
46800,-500,100,"bu","14:24:08",1002700
46800,-500,800,"bu","14:24:06",1002600
47000,-300,200,"bu","14:23:52",1001800
46900,-400,100,"unknown","14:23:50",1001600
46900,-400,700,"bu","14:23:39",1001500
47000,-300,500,"bu","14:23:22",1000800
47000,-300,300,"bu","14:23:19",1000300
46900,-400,200,"sd","14:23:18",1000000
47000,-300,1200,"bu","14:23:16",999800
46900,-400,400,"sd","14:23:05",998600
46900,-400,100,"sd","14:22:55",998200
47000,-300,2800,"sd","14:22:38",998100
47000,-300,400,"sd","14:22:35",995300
47000,-300,1000,"sd","14:22:33",994900
47000,-300,9400,"sd","14:22:10",993900
47200,-100,300,"sd","14:22:07",984500
47200,-100,1000,"sd","14:22:06",984200
47200,-100,200,"sd","14:21:54",983200
47300,0,600,"bu","14:21:30",983000
47300,0,500,"sd","14:21:28",982400
47300,0,1400,"sd","14:21:27",981900
47300,0,1100,"sd","14:21:25",980500
47300,0,4000,"sd","14:21:18",979400
47300,0,5000,"sd","14:21:07",975400
47300,0,200,"sd","14:21:05",970400
47400,100,300,"bu","14:20:44",970200
47400,100,1100,"bu","14:20:36",969900
47400,100,1600,"sd","14:20:34",968800
47400,100,2000,"sd","14:20:33",967200
47400,100,3000,"sd","14:20:32",965200
47400,100,400,"sd","14:20:23",962200
47400,100,1000,"sd","14:20:10",961800
47400,100,100,"sd","14:20:01",960800
47400,100,300,"sd","14:19:41",960700
47400,100,1200,"sd","14:19:05",960400
47400,100,300,"sd","14:18:49",959200
47500,200,1200,"sd","14:18:13",958900
47500,200,900,"sd","14:18:05",957700
47500,200,300,"bu","14:18:03",956800
47500,200,500,"bu","14:17:55",956500
47400,100,300,"sd","14:17:53",956000
47500,200,500,"sd","14:17:47",955700
47500,200,100,"sd","14:17:36",955200
47500,200,1000,"sd","14:17:29",955100
47500,200,1700,"sd","14:17:26",954100
47500,200,500,"sd","14:17:12",952400
47500,200,300,"sd","14:17:10",951900
47500,200,500,"sd","14:16:56",951600
47500,200,500,"sd","14:16:47",951100
47500,200,100,"sd","14:16:08",950600
47500,200,1500,"bu","14:16:01",950500
47500,200,500,"unknown","14:15:26",949000
47500,200,1500,"sd","14:15:04",948500
47500,200,500,"sd","14:15:03",947000
47500,200,500,"sd","14:14:31",946500
47500,200,2500,"sd","14:14:20",946000
47500,200,100,"sd","14:13:39",943500
47500,200,800,"sd","14:13:10",943400
47500,200,400,"bu","14:11:54",942600
47500,200,100,"bu","14:10:56",942200
47500,200,200,"bu","14:10:34",942100
47500,200,1000,"bu","14:10:32",941900
47500,200,500,"bu","14:10:27",940900
47500,200,3400,"bu","14:10:16",940400
47500,200,3000,"bu","14:09:52",937000
47400,100,100,"sd","14:07:39",934000
47400,100,2100,"sd","14:06:47",933900
47400,100,2700,"bu","14:06:15",931800
47400,100,1100,"sd","14:04:45",929100
47400,100,500,"sd","14:04:16",928000
47400,100,1000,"sd","14:03:45",927500
47400,100,300,"sd","14:02:58",926500
47400,100,200,"sd","14:01:56",926200
47400,100,3800,"sd","14:01:43",926000
47400,100,500,"sd","14:01:34",922200
47400,100,500,"sd","14:01:23",921700
47400,100,1000,"sd","14:01:04",921200
47400,100,5000,"sd","14:00:47",920200
47400,100,500,"sd","13:59:41",915200
47400,100,100,"sd","13:59:08",914700
47500,200,2200,"bu","13:58:07",914600
47500,200,400,"bu","13:57:13",912400
47500,200,100,"bu","13:57:03",912000
47500,200,2000,"bu","13:56:04",911900
47500,200,400,"bu","13:55:24",909900
47500,200,700,"bu","13:55:10",909500
47500,200,2000,"bu","13:53:48",908800
47500,200,100,"bu","13:53:42",906800
47500,200,200,"bu","13:52:46",906700
47500,200,100,"bu","13:51:48",906500
47500,200,100,"bu","13:51:31",906400
47400,100,200,"sd","13:51:02",906300
47500,200,500,"bu","13:50:40",906100
47500,200,600,"bu","13:50:15",905600
47500,200,1500,"sd","13:49:42",905000
47500,200,1000,"bu","13:49:19",903500
47500,200,1000,"bu","13:49:15",902500
47400,100,200,"sd","13:48:03",901500
47400,100,100,"bu","13:47:52",901300
47400,100,1000,"sd","13:47:47",901200
47400,100,600,"sd","13:47:33",900200
47400,100,3000,"sd","13:47:13",899600
47400,100,1000,"sd","13:46:44",896600
47400,100,500,"sd","13:45:30",895600
47400,100,500,"sd","13:45:05",895100
47400,100,100,"sd","13:44:54",894600
47300,0,500,"sd","13:44:23",894500
47300,0,2900,"sd","13:43:34",894000
47300,0,1000,"sd","13:43:21",891100
47300,0,1000,"sd","13:43:07",890100
47400,100,100,"bu","13:43:04",889100
47300,0,3700,"sd","13:42:58",889000
47400,100,1000,"bu","13:42:36",885300
47300,0,2300,"sd","13:42:30",884300
47300,0,1000,"sd","13:42:22",882000
47400,100,1000,"sd","13:42:10",881000
47500,200,1000,"bu","13:42:07",880000
47400,100,200,"sd","13:41:02",879000
47300,0,19000,"sd","13:40:36",878800
47500,200,200,"bu","13:40:21",859800
47400,100,100,"sd","13:38:55",859600
47400,100,7800,"sd","13:38:44",859500
47500,200,100,"bu","13:38:05",851700
47500,200,1000,"unknown","13:36:48",851600
47500,200,400,"sd","13:35:13",850600
47500,200,200,"sd","13:34:47",850200
47500,200,800,"sd","13:33:48",850000
47600,300,3900,"sd","13:33:47",849200
47600,300,1500,"bu","13:33:33",845300
47500,200,700,"sd","13:32:56",843800
47500,200,300,"bu","13:32:37",843100
47500,200,500,"bu","13:32:31",842800
47500,200,200,"bu","13:32:27",842300
47500,200,200,"unknown","13:31:41",842100
47500,200,500,"bu","13:31:23",841900
47500,200,200,"bu","13:30:41",841400
47500,200,1000,"bu","13:29:41",841200
47500,200,200,"sd","13:29:28",840200
47500,200,1000,"sd","13:29:24",840000
47500,200,400,"bu","13:28:33",839000
47500,200,3000,"bu","13:28:19",838600
47500,200,200,"bu","13:27:37",835600
47500,200,500,"bu","13:26:43",835400
47500,200,500,"bu","13:26:28",834900
47500,200,500,"bu","13:25:49",834400
47500,200,1700,"bu","13:25:45",833900
47500,200,2000,"sd","13:24:39",832200
47500,200,200,"sd","13:23:55",830200
47500,200,1000,"sd","13:23:27",830000
47500,200,500,"sd","13:23:22",829000
47500,200,200,"sd","13:23:20",828500
47500,200,500,"bu","13:23:19",828300
47500,200,3100,"bu","13:23:10",827800
47500,200,500,"sd","13:23:04",824700
47500,200,3000,"sd","13:22:42",824200
47600,300,300,"bu","13:22:39",821200
47500,200,100,"sd","13:22:26",820900
47500,200,100,"sd","13:21:38",820800
47500,200,100,"sd","13:21:19",820700
47500,200,500,"bu","13:21:14",820600
47500,200,100,"bu","13:21:11",820100
47500,200,1000,"bu","13:21:08",820000
47500,200,600,"bu","13:20:55",819000
47400,100,2700,"sd","13:19:58",818400
47500,200,400,"bu","13:19:52",815700
47500,200,100,"bu","13:19:33",815300
47500,200,800,"bu","13:19:17",815200
47500,200,1000,"sd","13:19:13",814400
47500,200,200,"sd","13:18:28",813400
47500,200,100,"unknown","13:18:05",813200
47400,100,300,"sd","13:17:36",813100
47500,200,2000,"bu","13:17:30",812800
47400,100,400,"sd","13:17:21",810800
47500,200,1000,"bu","13:16:47",810400
47500,200,300,"bu","13:15:46",809400
47500,200,3000,"bu","13:15:17",809100
47500,200,300,"bu","13:15:11",806100
47500,200,2300,"bu","13:15:01",805800
47500,200,100,"sd","13:14:29",803500
47500,200,300,"sd","13:14:25",803400
47500,200,100,"sd","13:14:23",803100
47500,200,2000,"sd","13:14:20",803000
47500,200,100,"sd","13:13:55",801000
47500,200,200,"sd","13:13:48",800900
47500,200,100,"sd","13:12:58",800700
47500,200,100,"sd","13:12:18",800600
47500,200,100,"sd","13:11:53",800500
47500,200,100,"sd","13:11:46",800400
47500,200,100,"sd","13:11:36",800300
47500,200,1500,"sd","13:11:32",800200
47500,200,500,"bu","13:11:27",798700
47500,200,100,"sd","13:11:26",798200
47500,200,3000,"sd","13:11:18",798100
47500,200,500,"bu","13:11:17",795100
47400,100,100,"sd","13:11:07",794600
47400,100,400,"sd","13:10:42",794500
47400,100,100,"sd","13:10:19",794100
47400,100,100,"sd","13:10:03",794000
47400,100,3000,"sd","13:09:36",793900
47400,100,300,"sd","13:09:01",790900
47400,100,500,"sd","13:08:33",790600
47400,100,800,"sd","13:08:08",790100
47400,100,200,"sd","13:08:04",789300
47400,100,1000,"bu","13:07:41",789100
47300,0,10100,"sd","13:06:41",788100
47400,100,5000,"sd","13:06:34",778000
47400,100,100,"sd","13:06:11",773000
47400,100,200,"sd","13:06:02",772900
47400,100,2000,"sd","13:05:51",772700
47500,200,1500,"bu","13:05:45",770700
47400,100,100,"sd","13:05:18",769200
47400,100,300,"sd","13:05:07",769100
47500,200,400,"bu","13:04:19",768800
47400,100,400,"sd","13:04:06",768400
47400,100,500,"sd","13:04:04",768000
47400,100,1000,"sd","13:03:59",767500
47500,200,200,"bu","13:03:42",766500
47400,100,1200,"sd","13:03:28",766300
47400,100,2100,"sd","13:03:21",765100
47400,100,1000,"sd","13:03:07",763000
47500,200,100,"bu","13:02:59",762000
47500,200,11400,"sd","13:02:43",761900
47500,200,1100,"sd","13:02:38",750500
47500,200,1000,"sd","13:02:36",749400
47500,200,2000,"sd","13:02:24",748400
47500,200,100,"sd","13:02:21",746400
47500,200,200,"sd","13:02:19",746300
47500,200,500,"sd","13:02:15",746100
47500,200,100,"sd","13:02:03",745600
47500,200,500,"sd","13:02:02",745500
47500,200,300,"sd","13:01:54",745000
47500,200,100,"sd","13:01:44",744700
47500,200,100,"sd","13:01:39",744600
47500,200,100,"sd","13:01:31",744500
47500,200,300,"sd","13:01:17",744400
47600,300,2600,"bu","13:00:08",744100
47600,300,1400,"bu","13:00:05",741500
47600,300,1500,"bu","13:00:04",740100
47600,300,1200,"bu","13:00:03",738600
47500,200,200,"sd","13:00:02",737400
47600,300,100,"sd","11:27:38",737200
47600,300,1000,"sd","11:25:47",737100
47600,300,1400,"bu","11:24:54",736100
47600,300,1600,"bu","11:23:15",734700
47600,300,500,"sd","11:22:10",733100
47600,300,100,"sd","11:21:52",732600
47600,300,100,"sd","11:21:02",732500
47600,300,900,"sd","11:20:05",732400
47700,400,2000,"sd","11:18:52",731500
47700,400,1100,"bu","11:17:33",729500
47700,400,900,"sd","11:17:29",728400
47700,400,200,"sd","11:16:05",727500
47700,400,200,"sd","11:13:03",727300
47700,400,4600,"sd","11:12:45",727100
47700,400,100,"bu","11:11:39",722500
47700,400,1000,"bu","11:11:32",722400
47700,400,1000,"bu","11:09:14",721400
47600,300,300,"sd","11:08:59",720400
47600,300,500,"sd","11:08:49",720100
47600,300,1000,"sd","11:07:37",719600
47600,300,100,"sd","11:07:13",718600
47600,300,500,"bu","11:07:11",718500
47600,300,100,"bu","11:07:10",718000
47600,300,1000,"bu","11:06:58",717900
47600,300,1500,"sd","11:06:25",716900
47600,300,1000,"sd","11:05:42",715400
47600,300,100,"unknown","11:04:12",714400
47600,300,100,"bu","11:04:03",714300
47600,300,200,"bu","11:03:55",714200
47600,300,500,"bu","11:03:52",714000
47600,300,5000,"bu","11:03:29",713500
47600,300,100,"bu","11:02:59",708500
47600,300,100,"bu","11:02:57",708400
47600,300,200,"bu","11:02:17",708300
47600,300,100,"bu","11:02:12",708100
47600,300,500,"bu","11:02:11",708000
47600,300,100,"bu","11:01:56",707500
47600,300,500,"bu","11:01:40",707400
47600,300,1700,"bu","11:01:37",706900
47600,300,2000,"bu","11:01:33",705200
47600,300,500,"bu","11:01:29",703200
47600,300,5000,"bu","11:01:17",702700
47600,300,1500,"bu","11:01:14",697700
47600,300,1000,"bu","11:01:01",696200
47600,300,500,"bu","11:00:53",695200
47600,300,500,"bu","11:00:17",694700
47500,200,400,"sd","11:00:01",694200
47500,200,300,"sd","10:57:51",693800
47500,200,300,"sd","10:57:29",693500
47500,200,800,"sd","10:56:58",693200
47500,200,1000,"sd","10:56:39",692400
47500,200,300,"sd","10:56:27",691400
47500,200,800,"bu","10:55:21",691100
47500,200,2000,"bu","10:55:09",690300
47500,200,300,"sd","10:55:03",688300
47500,200,3000,"sd","10:54:51",688000
47500,200,1400,"sd","10:54:24",685000
47600,300,200,"bu","10:54:13",683600
47500,200,100,"sd","10:54:02",683400
47500,200,100,"sd","10:53:38",683300
47500,200,200,"sd","10:53:13",683200
47500,200,100,"sd","10:52:48",683000
47500,200,1200,"bu","10:52:19",682900
47500,200,100,"bu","10:52:17",681700
47500,200,800,"bu","10:52:11",681600
47500,200,100,"bu","10:52:09",680800
47500,200,500,"bu","10:51:58",680700
47500,200,1400,"bu","10:51:54",680200
47500,200,5000,"bu","10:51:53",678800
47500,200,500,"bu","10:51:50",673800
47400,100,500,"sd","10:50:14",673300
47400,100,500,"sd","10:50:12",672800
47400,100,500,"sd","10:50:08",672300
47400,100,500,"sd","10:50:03",671800
47400,100,4000,"sd","10:49:45",671300
47400,100,500,"sd","10:49:40",667300
47500,200,100,"bu","10:49:30",666800
47400,100,100,"sd","10:49:22",666700
47400,100,1000,"sd","10:49:04",666600
47500,200,400,"bu","10:48:31",665600
47500,200,200,"bu","10:48:23",665200
47500,200,300,"bu","10:48:07",665000
47500,200,1000,"sd","10:47:54",664700
47500,200,2000,"sd","10:47:48",663700
47500,200,2000,"sd","10:47:47",661700
47500,200,200,"sd","10:47:23",659700
47500,200,300,"sd","10:47:13",659500
47500,200,5000,"sd","10:47:09",659200
47500,200,100,"sd","10:46:48",654200
47500,200,1200,"sd","10:46:43",654100
47500,200,500,"sd","10:46:21",652900
47500,200,100,"sd","10:45:53",652400
47500,200,1600,"sd","10:45:43",652300
47600,300,1800,"bu","10:45:21",650700
47600,300,200,"sd","10:45:07",648900
47600,300,100,"sd","10:44:17",648700
47600,300,1100,"sd","10:44:14",648600
47600,300,1000,"sd","10:44:06",647500
47600,300,400,"sd","10:43:59",646500
47600,300,100,"sd","10:43:44",646100
47600,300,100,"sd","10:43:25",646000
47600,300,1000,"sd","10:43:20",645900
47600,300,3000,"sd","10:42:35",644900
47700,400,8000,"unknown","10:42:01",641900
47800,500,500,"bu","10:39:40",633900
47800,500,100,"bu","10:38:16",633400
47800,500,2000,"bu","10:38:03",633300
47800,500,200,"bu","10:37:50",631300
47700,400,100,"sd","10:37:31",631100
47700,400,200,"sd","10:37:15",631000
47700,400,1600,"sd","10:37:09",630800
47700,400,2000,"sd","10:36:23",629200
47700,400,500,"sd","10:36:12",627200
47700,400,500,"sd","10:36:00",626700
47700,400,500,"sd","10:35:56",626200
47700,400,3800,"sd","10:35:54",625700
47700,400,500,"sd","10:35:08",621900
47700,400,3000,"sd","10:35:00",621400
47800,500,600,"bu","10:34:59",618400
47800,500,200,"bu","10:34:52",617800
47800,500,500,"bu","10:34:02",617600
47800,500,400,"bu","10:33:56",617100
47800,500,300,"sd","10:33:47",616700
47800,500,300,"sd","10:33:22",616400
47800,500,3000,"sd","10:33:06",616100
47900,600,300,"bu","10:33:04",613100
47900,600,400,"bu","10:32:54",612800
47900,600,200,"sd","10:32:15",612400
47900,600,1000,"sd","10:32:08",612200
47900,600,400,"sd","10:31:36",611200
48000,700,300,"bu","10:31:14",610800
48000,700,1000,"bu","10:31:02",610500
48000,700,100,"bu","10:30:10",609500
48000,700,100,"bu","10:29:59",609400
48000,700,200,"bu","10:28:51",609300
48000,700,400,"unknown","10:27:03",609100
48000,700,3000,"sd","10:27:02",608700
48000,700,3000,"sd","10:26:44",605700
48000,700,500,"sd","10:26:41",602700
48100,800,200,"bu","10:26:16",602200
48000,700,200,"sd","10:26:12",602000
48000,700,3000,"sd","10:25:58",601800
48000,700,200,"sd","10:25:55",598800
48000,700,1000,"sd","10:25:27",598600
48000,700,500,"sd","10:25:26",597600
48000,700,200,"sd","10:25:08",597100
48000,700,2900,"bu","10:24:52",596900
48000,700,1000,"bu","10:24:49",594000
48000,700,1000,"bu","10:24:47",593000
48000,700,100,"bu","10:24:34",592000
48000,700,11000,"bu","10:24:18",591900
48000,700,18000,"bu","10:23:24",580900
47800,500,1000,"bu","10:23:04",562900
47800,500,1300,"sd","03:22:53",561900
47800,500,300,"sd","10:22:19",560600
47800,500,1000,"sd","10:22:03",560300
47800,500,100,"sd","10:21:57",559300
47800,500,100,"sd","10:21:53",559200
47800,500,900,"sd","10:21:10",559100
47800,500,300,"sd","10:20:55",558200
47800,500,300,"sd","10:20:50",557900
47800,500,500,"sd","10:20:35",557600
47900,600,2100,"bu","10:20:34",557100
47800,500,500,"sd","10:20:13",555000
47800,500,100,"sd","10:20:07",554500
47800,500,1200,"sd","10:19:57",554400
47800,500,1000,"bu","10:19:56",553200
47800,500,200,"bu","10:19:50",552200
47800,500,300,"bu","10:19:31",552000
47700,400,500,"sd","10:19:24",551700
47800,500,100,"bu","10:19:18",551200
47700,400,200,"sd","10:18:58",551100
47700,400,4000,"sd","10:18:34",550900
47800,500,200,"bu","10:18:27",546900
47800,500,1000,"bu","10:18:23",546700
47800,500,1300,"bu","10:18:16",545700
47800,500,300,"bu","10:17:55",544400
47800,500,300,"bu","10:17:52",544100
47800,500,700,"bu","10:17:37",543800
47800,500,4000,"bu","10:17:32",543100
47800,500,100,"bu","10:17:08",539100
47800,500,7200,"bu","10:16:52",539000
47800,500,1000,"sd","10:16:50",531800
47800,500,1200,"sd","10:16:49",530800
47800,500,4000,"sd","10:16:46",529600
47800,500,300,"sd","10:16:42",525600
47800,500,2000,"sd","10:16:38",525300
47800,500,2000,"sd","10:16:25",523300
47800,500,500,"sd","10:16:08",521300
47800,500,100,"sd","10:16:03",520800
47800,500,1000,"sd","10:15:52",520700
47800,500,1000,"sd","10:15:46",519700
47900,600,200,"bu","10:15:13",518700
47900,600,300,"bu","10:15:01",518500
47900,600,100,"bu","10:14:55",518200
47900,600,100,"bu","10:14:46",518100
47900,600,1000,"bu","10:14:41",518000
47900,600,2600,"sd","10:14:09",517000
47900,600,100,"sd","10:14:07",514400
47900,600,1800,"sd","10:13:00",514300
47900,600,200,"sd","10:12:59",512500
47900,600,200,"sd","10:12:52",512300
47900,600,500,"sd","10:12:50",512100
47900,600,400,"sd","10:12:44",511600
47900,600,1600,"sd","10:12:37",511200
47900,600,1200,"sd","10:12:30",509600
47900,600,500,"sd","10:12:27",508400
47900,600,10000,"sd","10:12:20",507900
48000,700,100,"bu","10:12:03",497900
47900,600,100,"sd","10:11:59",497800
47900,600,500,"sd","10:11:57",497700
47900,600,500,"sd","10:11:49",497200
47900,600,100,"sd","10:11:47",496700
47900,600,1000,"sd","10:11:33",496600
47900,600,10000,"sd","10:10:56",495600
47900,600,100,"sd","10:10:55",485600
47900,600,100,"sd","10:10:51",485500
47900,600,3000,"sd","10:09:49",485400
48000,700,400,"bu","10:09:34",482400
48000,700,100,"bu","10:09:18",482000
48000,700,900,"sd","10:08:47",481900
48000,700,400,"sd","10:08:42",481000
48000,700,5000,"sd","10:08:40",480600
48000,700,6000,"sd","10:08:38",475600
48100,800,400,"bu","10:08:37",469600
48000,700,200,"sd","10:08:32",469200
48000,700,2000,"sd","10:08:30",469000
48000,700,2600,"sd","10:08:29",467000
48000,700,1000,"sd","10:08:26",464400
48000,700,1900,"sd","10:08:24",463400
48000,700,3000,"sd","10:08:22",461500
48000,700,1200,"sd","10:08:19",458500
48000,700,500,"sd","10:08:14",457300
48000,700,200,"sd","10:08:08",456800
48000,700,200,"sd","10:08:07",456600
48000,700,200,"sd","10:08:05",456400
48000,700,10000,"sd","10:08:04",456200
48000,700,300,"sd","10:07:58",446200
48000,700,10000,"sd","10:07:54",445900
48000,700,500,"sd","10:07:33",435900
48000,700,2000,"sd","10:07:31",435400
48000,700,200,"sd","10:07:27",433400
48000,700,800,"sd","10:07:03",433200
48100,800,400,"bu","10:06:46",432400
48100,800,100,"bu","10:06:39",432000
48100,800,2000,"bu","10:04:56",431900
48000,700,200,"sd","10:04:53",429900
48100,800,3000,"bu","10:04:47",429700
48100,800,200,"bu","10:04:40",426700
48100,800,3200,"bu","10:04:31",426500
48100,800,1000,"bu","10:04:20",423300
48000,700,1000,"sd","10:04:08",422300
48000,700,500,"sd","10:03:38",421300
48000,700,1000,"sd","10:03:29",420800
48000,700,500,"sd","10:03:25",419800
48000,700,200,"sd","10:03:23",419300
48000,700,100,"sd","10:03:08",419100
48000,700,500,"sd","10:02:57",419000
48100,800,400,"bu","10:02:44",418500
48100,800,200,"bu","10:02:01",418100
48000,700,100,"sd","10:01:57",417900
48100,800,700,"bu","10:01:40",417800
48000,700,900,"sd","10:01:18",417100
48000,700,1500,"sd","10:01:16",416200
48000,700,100,"sd","10:01:09",414700
48000,700,100,"sd","10:00:58",414600
48000,700,500,"sd","10:00:46",414500
48000,700,400,"sd","10:00:38",414000
48000,700,1000,"sd","10:00:37",413600
48000,700,300,"sd","10:00:21",412600
48100,800,1000,"bu","09:59:45",412300
48100,800,200,"bu","09:59:13",411300
48000,700,500,"sd","09:59:10",411100
48100,800,6000,"bu","09:59:08",410600
48100,800,2000,"bu","09:59:05",404600
48000,700,300,"sd","09:58:50",402600
48000,700,3000,"sd","09:58:39",402300
48100,800,200,"bu","09:58:14",399300
48100,800,100,"bu","09:58:00",399100
48100,800,100,"bu","09:57:26",399000
48100,800,5000,"bu","09:57:19",398900
48100,800,100,"bu","09:56:54",393900
48100,800,1700,"bu","09:56:40",393800
48100,800,100,"bu","09:56:38",392100
48100,800,300,"bu","09:56:21",392000
48100,800,500,"bu","09:55:49",391700
48100,800,900,"bu","09:55:42",391200
48100,800,500,"bu","09:55:11",390300
48100,800,600,"bu","09:54:42",389800
48100,800,1300,"sd","09:54:26",389200
48100,800,200,"bu","09:54:22",387900
48100,800,1000,"sd","09:54:19",387700
48100,800,3000,"sd","09:54:14",386700
48100,800,500,"sd","09:53:51",383700
48100,800,2000,"sd","09:53:49",383200
48100,800,100,"sd","09:53:37",381200
48100,800,1100,"bu","09:53:28",381100
48100,800,500,"bu","09:53:20",380000
48100,800,1500,"sd","09:53:16",379500
48100,800,100,"sd","09:53:15",378000
48100,800,200,"sd","09:53:13",377900
48100,800,100,"sd","09:53:08",377700
48100,800,300,"sd","09:53:04",377600
48200,900,1500,"bu","09:53:01",377300
48100,800,10000,"sd","09:52:55",375800
48200,900,100,"bu","09:52:48",365800
48200,900,200,"bu","09:52:02",365700
48100,800,2000,"sd","09:51:53",365500
48200,900,500,"bu","09:51:35",363500
48200,900,200,"bu","09:51:19",363000
48200,900,100,"bu","09:51:15",362800
48200,900,100,"bu","09:51:14",362700
48200,900,4800,"bu","09:50:51",362600
48100,800,500,"sd","09:50:50",357800
48200,900,2000,"bu","09:50:40",357300
48200,900,100,"bu","09:50:38",355300
48100,800,100,"sd","09:50:29",355200
48200,900,400,"bu","09:50:20",355100
48200,900,400,"bu","09:49:58",354700
48100,800,1000,"sd","09:49:53",354300
48200,900,2000,"bu","09:49:36",353300
48100,800,800,"sd","09:49:21",351300
48100,800,500,"sd","09:49:16",350500
48100,800,200,"sd","09:49:14",350000
48100,800,10300,"sd","09:49:13",349800
48100,800,500,"bu","09:48:34",339500
48100,800,700,"bu","09:48:08",339000
48100,800,200,"bu","09:48:00",338300
48000,700,100,"sd","09:47:49",338100
48100,800,200,"bu","09:47:48",338000
48100,800,300,"sd","09:47:46",337800
48100,800,200,"bu","09:47:45",337500
48100,800,1200,"bu","09:47:41",337300
48100,800,1800,"bu","09:47:39",336100
48100,800,100,"bu","09:47:31",334300
48100,800,1100,"unknown","09:46:57",334200
48100,800,300,"bu","09:46:55",333100
48100,800,200,"bu","09:46:54",332800
48100,800,700,"bu","09:46:44",332600
48100,800,200,"bu","09:46:41",331900
48100,800,200,"bu","09:46:40",331700
48100,800,1000,"bu","09:46:19",331500
48100,800,200,"bu","09:46:18",330500
48100,800,500,"bu","09:46:17",330300
48100,800,500,"unknown","09:46:07",329800
48100,800,100,"bu","09:46:01",329300
48100,800,2000,"bu","09:45:54",329200
48100,800,300,"bu","09:45:50",327200
48100,800,100,"bu","09:45:49",326900
48100,800,300,"bu","09:45:38",326800
48100,800,100,"sd","09:45:29",326500
48100,800,400,"sd","09:45:24",326400
48000,700,3600,"sd","09:45:17",326000
48100,800,700,"sd","09:45:11",322400
48100,800,100,"bu","09:45:02",321700
48100,800,2300,"bu","09:44:55",321600
48100,800,200,"bu","09:44:49",319300
48100,800,300,"bu","09:44:45",319100
48100,800,100,"bu","09:44:44",318800
48100,800,500,"bu","09:44:41",318700
48100,800,100,"bu","09:44:18",318200
48100,800,900,"bu","09:44:16",318100
48100,800,100,"bu","09:44:07",317200
48100,800,1800,"bu","09:43:53",317100
48100,800,400,"sd","09:43:42",315300
48100,800,3600,"sd","09:43:36",314900
48100,800,500,"sd","09:43:34",311300
48100,800,100,"sd","09:43:25",310800
48100,800,100,"sd","09:43:09",310700
48100,800,5000,"sd","09:43:08",310600
48100,800,100,"sd","09:42:59",305600
48100,800,2000,"sd","09:42:56",305500
48200,900,100,"bu","09:42:55",303500
48100,800,1600,"sd","09:42:37",303400
48100,800,100,"sd","09:42:31",301800
48100,800,500,"sd","09:42:29",301700
48100,800,1000,"sd","09:42:26",301200
48100,800,500,"sd","09:42:22",300200
48100,800,1000,"sd","09:42:21",299700
48100,800,2000,"sd","09:42:16",298700
48100,800,1300,"sd","09:42:12",296700
48100,800,200,"sd","09:41:56",295400
48100,800,100,"sd","09:41:52",295200
48100,800,300,"sd","09:41:51",295100
48100,800,1000,"sd","09:41:49",294800
48100,800,5000,"sd","09:41:38",293800
48100,800,100,"sd","09:41:35",288800
48000,700,4000,"sd","09:41:28",288700
48100,800,500,"sd","09:41:25",284700
48100,800,300,"sd","09:41:24",284200
48100,800,300,"sd","09:41:23",283900
48100,800,700,"sd","09:41:14",283600
48100,800,1800,"sd","09:41:11",282900
48100,800,2000,"sd","09:41:10",281100
48100,800,100,"sd","09:41:04",279100
48100,800,200,"sd","09:40:59",279000
48100,800,600,"bu","09:40:56",278800
48100,800,100,"bu","09:40:54",278200
48100,800,1000,"bu","09:40:47",278100
48100,800,200,"bu","09:40:24",277100
48100,800,100,"bu","09:40:14",276900
48100,800,100,"sd","09:40:08",276800
48100,800,100,"sd","09:39:47",276700
48100,800,5000,"unknown","09:39:36",276600
48200,900,5000,"bu","09:39:20",271600
48100,800,5000,"sd","09:39:13",266600
48100,800,1000,"sd","09:39:08",261600
48100,800,200,"sd","09:39:06",260600
48100,800,100,"sd","09:38:57",260400
48100,800,200,"sd","09:38:47",260300
48100,800,100,"sd","09:38:36",260100
48100,800,1000,"sd","09:38:25",260000
48200,900,1400,"bu","09:38:19",259000
48200,900,200,"bu","09:38:06",257600
48200,900,900,"bu","09:37:25",257400
48100,800,100,"sd","09:37:21",256500
48100,800,1000,"sd","09:37:17",256400
48100,800,2000,"sd","09:37:04",255400
48200,900,200,"bu","09:36:38",253400
48200,900,200,"bu","09:35:59",253200
48200,900,100,"bu","09:35:52",253000
48100,800,500,"sd","09:35:49",252900
48100,800,200,"sd","09:35:48",252400
48100,800,500,"sd","09:35:32",252200
48200,900,1500,"bu","09:34:54",251700
48100,800,3000,"sd","09:34:40",250200
48100,800,200,"sd","09:34:25",247200
48100,800,100,"sd","09:34:11",247000
48200,900,400,"bu","09:34:01",246900
48200,900,500,"bu","09:33:54",246500
48100,800,500,"sd","09:33:53",246000
48100,800,100,"sd","09:33:44",245500
48100,800,200,"sd","09:33:29",245400
48100,800,100,"sd","09:33:03",245200
48100,800,5400,"bu","09:32:52",245100
48100,800,200,"bu","09:32:21",239700
48000,700,300,"bu","09:31:27",239500
48000,700,500,"bu","09:30:59",239200
48000,700,300,"bu","09:30:38",238700
48000,700,400,"bu","09:30:33",238400
48100,800,11800,"bu","09:30:03",238000
48000,700,1000,"bu","09:29:59",226200
48000,700,100,"bu","09:29:54",225200
48000,700,1600,"sd","09:29:52",225100
48000,700,1000,"sd","09:29:33",223500
48000,700,300,"sd","09:29:23",222500
48000,700,400,"sd","09:29:20",222200
48000,700,2000,"sd","09:29:12",221800
48000,700,1600,"bu","09:29:09",219800
48000,700,100,"bu","09:28:57",218200
48000,700,300,"bu","09:28:52",218100
48000,700,1000,"bu","09:28:49",217800
48000,700,2300,"bu","09:28:45",216800
48000,700,100,"bu","09:28:41",214500
48000,700,500,"bu","09:28:33",214400
48000,700,100,"bu","09:28:30",213900
48000,700,700,"bu","09:28:21",213800
47900,600,500,"sd","09:28:09",213100
48000,700,300,"bu","09:27:52",212600
48000,700,1000,"sd","09:27:46",212300
48000,700,1600,"sd","09:27:44",211300
48000,700,500,"sd","09:27:43",209700
48000,700,1200,"sd","09:27:35",209200
48000,700,500,"sd","09:27:30",208000
48000,700,200,"sd","09:27:17",207500
48100,800,500,"bu","09:27:05",207300
48100,800,1000,"bu","09:26:33",206800
48000,700,300,"sd","09:26:18",205800
48000,700,1000,"unknown","09:26:02",205500
48000,700,700,"bu","09:26:00",204500
48000,700,100,"bu","09:25:46",203800
48000,700,100,"bu","09:25:22",203700
48000,700,1000,"bu","09:25:08",203600
48000,700,500,"bu","09:24:48",202600
47900,600,2200,"sd","09:24:44",202100
48000,700,300,"sd","09:24:27",199900
48000,700,1000,"sd","09:24:23",199600
48000,700,500,"sd","09:23:55",198600
48100,800,2000,"bu","09:23:52",198100
48100,800,2000,"bu","09:23:48",196100
48100,800,1000,"bu","09:23:23",194100
48000,700,800,"sd","09:23:21",193100
48000,700,2700,"sd","09:23:20",192300
48000,700,100,"sd","09:23:02",189600
48000,700,100,"sd","09:22:49",189500
48000,700,600,"bu","09:22:48",189400
48000,700,100,"bu","09:22:30",188800
48000,700,200,"unknown","09:22:28",188700
48000,700,200,"bu","09:22:24",188500
48000,700,700,"bu","09:22:23",188300
48000,700,1000,"bu","09:22:17",187600
48000,700,100,"bu","09:22:16",186600
48000,700,4000,"bu","09:22:07",186500
48000,700,200,"bu","09:22:06",182500
48000,700,100,"bu","09:22:04",182300
48000,700,1800,"bu","09:21:58",182200
48000,700,1900,"bu","09:21:47",180400
48000,700,100,"bu","09:21:40",178500
48000,700,200,"bu","09:21:20",178400
48000,700,200,"bu","09:21:06",178200
47900,600,100,"sd","09:21:00",178000
47900,600,100,"sd","09:20:54",177900
47900,600,100,"sd","09:20:27",177800
47900,600,100,"sd","09:20:17",177700
47900,600,3500,"unknown","09:19:55",177600
47900,600,900,"bu","09:19:39",174100
47900,600,3100,"sd","09:19:29",173200
47900,600,500,"sd","09:19:19",170100
48000,700,700,"bu","09:19:08",169600
47900,600,300,"sd","09:18:19",168900
47900,600,1200,"sd","09:18:17",168600
47900,600,100,"sd","09:18:01",167400
48000,700,300,"bu","09:17:59",167300
48000,700,700,"bu","09:17:42",167000
48000,700,5000,"bu","09:17:30",166300
47900,600,300,"sd","09:17:27",161300
47900,600,1000,"sd","09:17:19",161000
48000,700,500,"bu","09:17:16",160000
48000,700,200,"bu","09:17:12",159500
47900,600,800,"sd","09:17:10",159300
48000,700,200,"bu","09:17:05",158500
48000,700,400,"bu","09:17:03",158300
48000,700,300,"bu","09:17:02",157900
48000,700,1000,"bu","09:16:53",157600
48000,700,200,"bu","09:16:40",156600
48000,700,700,"bu","09:16:30",156400
48000,700,100,"bu","09:16:24",155700
48000,700,1000,"bu","09:16:09",155600
48000,700,200,"bu","09:16:04",154600
48000,700,500,"bu","09:16:03",154400
48000,700,600,"bu","09:15:45",153900
48000,700,100,"bu","09:15:42",153300
48000,700,12200,"bu","09:15:39",153200
48100,800,200,"sd","09:15:05",141000
48100,800,100,"bu","09:15:03",140800
48100,800,100,"bu","09:15:02",140700
48100,800,300,"sd","09:14:53",140600
48100,800,1600,"bu","09:14:42",140300
48100,800,100,"bu","09:14:28",138700
48000,700,3000,"sd","09:14:24",138600
48100,800,2500,"bu","09:14:01",135600
48200,900,500,"bu","09:13:53",133100
48100,800,1900,"sd","09:13:51",132600
48200,900,200,"bu","09:13:46",130700
48100,800,500,"sd","09:13:40",130500
48200,900,500,"bu","09:13:15",130000
48200,900,100,"bu","09:12:49",129500
48200,900,200,"sd","09:12:47",129400
48200,900,2400,"sd","09:12:41",129200
48200,900,100,"bu","09:12:38",126800
48200,900,1100,"bu","09:12:16",126700
48200,900,200,"sd","09:12:10",125600
48200,900,400,"bu","09:12:06",125400
48300,1000,8000,"bu","09:11:25",125000
48200,900,400,"bu","09:11:13",117000
48200,900,1000,"sd","09:11:12",116600
48200,900,500,"sd","09:11:11",115600
48200,900,200,"sd","09:11:08",115100
48200,900,1000,"sd","09:11:05",114900
48300,1000,800,"bu","09:10:55",113900
48200,900,500,"sd","09:10:50",113100
48200,900,5000,"sd","09:10:49",112600
48300,1000,1200,"bu","09:10:44",107600
48300,1000,100,"bu","09:10:37",106400
48300,1000,400,"bu","09:10:17",106300
48200,900,1200,"sd","09:10:14",105900
48300,1000,3300,"bu","09:09:47",104700
48300,1000,200,"bu","09:09:43",101400
48300,1000,300,"bu","09:09:39",101200
48300,1000,4000,"bu","09:09:27",100900
48300,1000,100,"bu","09:09:26",96900
48300,1000,1000,"bu","09:09:22",96800
48300,1000,1600,"sd","09:09:19",95800
48300,1000,900,"sd","09:09:18",94200
48300,1000,4900,"sd","09:09:08",93300
48300,1000,500,"sd","09:08:59",88400
48400,1100,2700,"bu","09:08:49",87900
48300,1000,300,"sd","09:08:29",85200
48300,1000,3000,"sd","09:08:26",84900
48400,1100,100,"bu","09:08:23",81900
48300,1000,2000,"sd","09:08:19",81800
48300,1000,800,"sd","09:08:17",79800
48300,1000,200,"sd","09:08:07",79000
48300,1000,300,"sd","09:07:51",78800
48400,1100,200,"bu","09:07:50",78500
48300,1000,1300,"sd","09:07:49",78300
48300,1000,1000,"sd","09:07:48",77000
48400,1100,2000,"bu","09:07:36",76000
48300,1000,700,"sd","09:07:31",74000
48400,1100,500,"bu","09:07:27",73300
48400,1100,2000,"bu","09:07:19",72800
48400,1100,600,"bu","09:07:09",70800
48300,1000,3500,"bu","09:07:07",70200
48400,1100,1000,"bu","09:07:05",66700
48400,1100,500,"bu","09:07:03",65700
48300,1000,100,"sd","09:07:01",65200
48300,1000,500,"sd","09:07:00",65100
48300,1000,100,"sd","09:06:58",64600
48400,1100,2000,"bu","09:06:52",64500
48400,1100,900,"bu","09:06:45",62500
48400,1100,200,"bu","09:06:36",61600
48300,1000,500,"sd","09:06:35",61400
48400,1100,200,"bu","09:06:31",60900
48400,1100,500,"bu","09:06:16",60700
48500,1200,200,"bu","09:06:15",60200
48400,1100,1400,"sd","09:06:14",60000
48400,1100,1800,"bu","09:06:05",58600
48400,1100,200,"bu","09:06:03",56800
48300,1000,1300,"sd","09:06:01",56600
48300,1000,7700,"sd","09:05:48",55300
48200,900,1000,"sd","09:05:44",47600
48200,900,5700,"bu","09:05:42",46600
48100,800,500,"sd","09:05:41",40900
48200,900,100,"bu","09:05:25",40400
48100,800,1000,"sd","09:05:15",40300
48200,900,100,"bu","09:05:13",39300
48200,900,3900,"bu","09:05:10",39200
48100,800,1000,"sd","09:05:08",35300
48200,900,1000,"bu","09:05:07",34300
48200,900,5000,"bu","09:05:04",33300
48100,800,200,"sd","09:05:03",28300
48100,800,200,"bu","09:05:01",28100
48100,800,100,"bu","09:04:54",27900
48100,800,1100,"bu","09:04:51",27800
48200,900,400,"bu","09:04:45",26700
48100,800,200,"sd","09:04:43",26300
48100,800,100,"sd","09:04:42",26100
48100,800,400,"sd","09:04:32",26000
48100,800,200,"bu","09:04:27",25600
48100,800,400,"bu","09:04:17",25400
48000,700,900,"sd","09:04:15",25000
48000,700,100,"bu","09:04:14",24100
48200,900,5000,"bu","09:04:09",24000
48000,700,2300,"sd","09:04:06",19000
48100,800,2000,"bu","09:04:00",16700
48000,700,1000,"sd","09:03:55",14700
48100,800,300,"bu","09:03:47",13700
48100,800,800,"bu","09:03:35",13400
48100,800,1000,"bu","09:03:29",12600
48100,800,1000,"bu","09:03:28",11600
48000,700,200,"sd","09:03:27",10600
48100,800,100,"bu","09:03:26",10400
48100,800,200,"bu","09:03:18",10300
48000,700,100,"sd","09:03:16",10100
48000,700,100,"sd","09:03:01",10000
48000,700,200,"sd","09:02:54",9900
48100,800,300,"bu","09:02:50",9700
48000,700,100,"sd","09:02:44",9400
48000,700,2000,"sd","09:02:32",9300
48000,700,100,"sd","09:02:21",7300
48200,900,400,"bu","09:02:16",7200
48000,700,200,"sd","09:02:09",6800
48000,700,800,"bu","09:02:03",6600
48000,700,1500,"bu","09:01:57",5800
48000,700,2000,"bu","09:01:45",4300
47900,600,100,"sd","09:01:34",2300
47900,600,400,"sd","09:01:32",2200
47900,600,100,"sd","09:01:30",1800
47900,600,400,"bu","09:01:28",1700
47900,600,600,"sd","09:01:24",1300
47900,600,200,"bu","09:01:16",700
47900,600,200,"sd","09:01:11",500
47900,600,300,"sd","09:00:58",300
