"price","change","match_qtty","side","time","total_vol"
9800,-350,540200,"sd","14:45:01",4680600
9950,-200,2000,"sd","14:29:57",4140400
9950,-200,500,"sd","14:29:46",4138400
9950,-200,200,"sd","14:29:46",4137900
9950,-200,100,"sd","14:29:46",4137700
9950,-200,27000,"sd","14:29:46",4137600
9950,-200,100,"sd","14:29:46",4110600
9950,-200,500,"sd","14:29:46",4110500
9950,-200,1000,"sd","14:29:46",4110000
9950,-200,100,"sd","14:29:46",4109000
9950,-200,500,"sd","14:29:46",4108900
9960,-190,5000,"sd","14:29:46",4108400
9980,-170,2200,"sd","14:29:46",4103400
9980,-170,5000,"sd","14:29:46",4101200
9980,-170,1500,"sd","14:29:46",4096200
9950,-200,61800,"sd","14:29:46",4094700
10000,-150,400,"bu","14:29:41",4032900
10000,-150,400,"sd","14:29:36",4032500
10000,-150,16900,"sd","14:29:36",4032100
10000,-150,3000,"sd","14:29:35",4015200
10000,-150,10000,"bu","14:29:28",4012200
10000,-150,6500,"bu","14:29:28",4002200
10000,-150,100,"bu","14:29:28",3995700
10000,-150,500,"bu","14:29:28",3995600
10000,-150,1000,"bu","14:29:28",3995100
10000,-150,2100,"bu","14:29:28",3994100
10000,-150,1000,"bu","14:29:12",3992000
10000,-150,1000,"bu","14:29:12",3991000
10000,-150,100,"bu","14:29:12",3990000
10000,-150,900,"bu","14:29:12",3989900
10000,-150,200,"bu","14:28:49",3989000
10000,-150,300,"bu","14:28:09",3988800
9980,-170,13300,"bu","14:28:05",3988500
9970,-180,100,"bu","14:28:05",3975200
9980,-170,100,"bu","14:28:05",3975100
9980,-170,200,"bu","14:28:00",3975000
9960,-190,100,"bu","14:27:52",3974800
9950,-200,1000,"bu","14:27:22",3974700
9950,-200,300,"bu","14:27:14",3973700
9940,-210,300,"sd","14:27:10",3973400
9950,-200,11000,"bu","14:27:09",3973100
9950,-200,100,"bu","14:27:09",3962100
9950,-200,100,"bu","14:27:09",3962000
9950,-200,100,"sd","14:27:07",3961900
9950,-200,200,"sd","14:27:07",3961800
9950,-200,100,"sd","14:27:07",3961600
9950,-200,23400,"sd","14:27:07",3961500
9980,-170,2500,"bu","14:27:02",3938100
9980,-170,1300,"bu","14:26:54",3935600
9970,-180,2500,"sd","14:26:53",3934300
9970,-180,500,"sd","14:26:53",3931800
9970,-180,4000,"bu","14:26:46",3931300
9970,-180,500,"bu","14:26:46",3927300
9950,-200,200,"sd","14:26:34",3926800
9950,-200,300,"bu","14:26:33",3926600
9950,-200,26100,"bu","14:26:33",3926300
9950,-200,9900,"bu","14:26:23",3900200
9950,-200,11800,"bu","14:26:23",3890300
9950,-200,28300,"bu","14:26:23",3878500
9950,-200,500,"bu","14:26:09",3850200
9910,-240,1000,"sd","14:26:02",3849700
9940,-210,800,"sd","14:26:02",3848700
9940,-210,100,"sd","14:26:02",3847900
9940,-210,100,"sd","14:26:02",3847800
9950,-200,500,"bu","14:25:52",3847700
9950,-200,1000,"bu","14:25:35",3847200
9950,-200,3000,"bu","14:25:27",3846200
9950,-200,5000,"bu","14:25:22",3843200
9950,-200,200,"bu","14:25:18",3838200
9950,-200,200,"bu","14:24:56",3838000
9950,-200,100,"bu","14:24:54",3837800
9950,-200,1000,"bu","14:24:54",3837700
9950,-200,200,"bu","14:24:54",3836700
9950,-200,1000,"bu","14:24:54",3836500
9950,-200,300,"bu","14:24:54",3835500
9950,-200,1300,"bu","14:24:54",3835200
9950,-200,100,"sd","14:24:54",3833900
9950,-200,3000,"sd","14:24:54",3833800
9950,-200,200,"sd","14:24:54",3830800
9950,-200,200,"sd","14:24:54",3830600
9950,-200,100,"sd","14:24:54",3830400
9950,-200,1000,"sd","14:24:54",3830300
9950,-200,1000,"sd","14:24:54",3829300
9950,-200,1300,"sd","14:24:54",3828300
9950,-200,1200,"sd","14:24:54",3827000
9950,-200,100,"sd","14:24:54",3825800
9950,-200,4200,"sd","14:24:54",3825700
9950,-200,100,"sd","14:24:54",3821500
9950,-200,1300,"sd","14:24:54",3821400
9950,-200,2000,"sd","14:24:54",3820100
9950,-200,1000,"sd","14:24:54",3818100
9950,-200,100,"sd","14:24:54",3817100
9950,-200,10000,"sd","14:24:54",3817000
9950,-200,500,"sd","14:24:54",3807000
9950,-200,4300,"sd","14:24:43",3806500
9950,-200,1600,"sd","14:24:42",3802200
9960,-190,500,"sd","14:24:42",3800600
9970,-180,200,"sd","14:24:42",3800100
9970,-180,200,"sd","14:24:42",3799900
9970,-180,1100,"sd","14:24:39",3799700
9970,-180,900,"sd","14:24:39",3798600
9970,-180,300,"sd","14:24:32",3797700
9950,-200,9900,"sd","14:24:18",3797400
9950,-200,500,"sd","14:24:18",3787500
9960,-190,100,"sd","14:24:18",3787000
9960,-190,500,"sd","14:24:18",3786900
9960,-190,200,"sd","14:24:18",3786400
9960,-190,2500,"sd","14:24:18",3786200
9960,-190,3900,"sd","14:24:18",3783700
9960,-190,100,"sd","14:24:18",3779800
9970,-180,200,"sd","14:24:18",3779700
9970,-180,2100,"sd","14:24:18",3779500
9970,-180,2000,"sd","14:24:12",3777400
9970,-180,400,"sd","14:24:12",3775400
9970,-180,500,"sd","14:24:12",3775000
9970,-180,100,"sd","14:24:12",3774500
9970,-180,1500,"sd","14:23:50",3774400
9970,-180,1500,"sd","14:23:40",3772900
9970,-180,200,"sd","14:23:40",3771400
9970,-180,1000,"sd","14:23:40",3771200
9970,-180,500,"sd","14:23:40",3770200
9970,-180,100,"sd","14:23:40",3769700
9970,-180,700,"sd","14:23:40",3769600
9980,-170,2700,"bu","14:23:23",3768900
9980,-170,2300,"bu","14:23:23",3766200
9970,-180,200,"sd","14:23:21",3763900
9970,-180,2000,"sd","14:23:21",3763700
9970,-180,100,"sd","14:23:21",3761700
9970,-180,300,"sd","14:23:21",3761600
9970,-180,5000,"sd","14:23:21",3761300
9970,-180,1000,"sd","14:23:21",3756300
9970,-180,3600,"sd","14:23:21",3755300
9980,-170,2000,"bu","14:23:20",3751700
9980,-170,1000,"bu","14:23:04",3749700
9970,-180,1400,"sd","14:23:02",3748700
9970,-180,100,"sd","14:23:02",3747300
9970,-180,100,"sd","14:23:02",3747200
9970,-180,2800,"sd","14:23:02",3747100
9980,-170,1000,"bu","14:22:56",3744300
9970,-180,100,"sd","14:22:54",3743300
9970,-180,100,"sd","14:22:52",3743200
9980,-170,5000,"bu","14:22:39",3743100
9980,-170,50000,"bu","14:22:39",3738100
9980,-170,1000,"bu","14:22:39",3688100
9980,-170,40000,"bu","14:22:39",3687100
9980,-170,200,"bu","14:22:39",3647100
9980,-170,200,"bu","14:22:39",3646900
9980,-170,100,"bu","14:22:39",3646700
9980,-170,3000,"bu","14:22:39",3646600
9980,-170,5000,"bu","14:22:39",3643600
9980,-170,5000,"bu","14:22:39",3638600
9980,-170,100,"unknown","14:22:39",3633600
9980,-170,1000,"sd","14:22:39",3633500
9980,-170,1000,"sd","14:22:39",3632500
9980,-170,200,"sd","14:22:39",3631500
9980,-170,1500,"sd","14:22:39",3631300
9980,-170,2000,"sd","14:22:39",3629800
9980,-170,3600,"sd","14:22:39",3627800
9980,-170,300,"sd","14:22:39",3624200
9980,-170,300,"sd","14:22:39",3623900
9980,-170,100,"sd","14:22:39",3623600
9980,-170,3200,"sd","14:22:39",3623500
9990,-160,300,"bu","14:22:36",3620300
9990,-160,400,"bu","14:22:36",3620000
9990,-160,500,"sd","14:22:36",3619600
9990,-160,100,"sd","14:22:36",3619100
9990,-160,1000,"sd","14:22:36",3619000
9990,-160,200,"sd","14:22:36",3618000
9990,-160,200,"sd","14:22:36",3617800
9990,-160,100,"sd","14:22:36",3617600
9990,-160,1000,"sd","14:22:36",3617500
9990,-160,3800,"sd","14:22:36",3616500
9990,-160,1000,"sd","14:22:36",3612700
9990,-160,100,"sd","14:22:36",3611700
9990,-160,1000,"sd","14:22:36",3611600
9990,-160,500,"sd","14:22:16",3610600
9990,-160,100,"sd","14:22:16",3610100
9990,-160,500,"sd","14:22:16",3610000
9990,-160,8900,"sd","14:22:16",3609500
10000,-150,100,"sd","14:21:08",3600600
10000,-150,300,"sd","14:21:08",3600500
10000,-150,1000,"sd","14:21:00",3600200
10000,-150,600,"sd","14:20:53",3599200
10000,-150,500,"sd","14:20:53",3598600
10000,-150,100,"sd","14:20:53",3598100
10000,-150,500,"sd","14:20:44",3598000
10000,-150,500,"sd","14:20:44",3597500
10000,-150,100,"sd","14:20:44",3597000
10000,-150,6500,"sd","14:20:44",3596900
10000,-150,4900,"sd","14:20:44",3590400
10000,-150,500,"sd","14:20:44",3585500
10000,-150,2000,"sd","14:20:44",3585000
10000,-150,5000,"sd","14:20:44",3583000
10050,-100,400,"bu","14:20:36",3578000
10050,-100,1100,"bu","14:20:36",3577600
10050,-100,500,"bu","14:20:36",3576500
10000,-150,17500,"sd","14:20:29",3576000
10000,-150,2000,"sd","14:20:29",3558500
10000,-150,1000,"sd","14:20:29",3556500
10000,-150,10000,"sd","14:20:29",3555500
10000,-150,500,"sd","14:20:29",3545500
10000,-150,1000,"sd","14:20:29",3545000
10000,-150,5000,"sd","14:20:29",3544000
10000,-150,2000,"sd","14:20:29",3539000
10000,-150,1000,"sd","14:20:29",3537000
10000,-150,1000,"sd","14:20:29",3536000
10000,-150,500,"sd","14:20:29",3535000
10000,-150,5000,"sd","14:20:29",3534500
10000,-150,1000,"sd","14:20:29",3529500
10000,-150,500,"sd","14:20:29",3528500
10000,-150,2000,"sd","14:20:29",3528000
10050,-100,1000,"sd","14:20:07",3526000
10050,-100,1000,"sd","14:20:07",3525000
10050,-100,1500,"sd","14:20:07",3524000
10050,-100,1000,"sd","14:20:07",3522500
10050,-100,1000,"sd","14:20:07",3521500
10050,-100,1000,"sd","14:20:07",3520500
10050,-100,2500,"sd","14:20:07",3519500
10100,-50,500,"bu","14:20:01",3517000
10100,-50,1400,"bu","14:18:51",3516500
10150,0,100,"bu","14:18:25",3515100
10100,-50,200,"sd","14:18:22",3515000
10100,-50,1000,"sd","14:18:12",3514800
10150,0,200,"bu","14:17:48",3513800
10100,-50,2400,"sd","14:17:34",3513600
10150,0,100,"bu","14:17:12",3511200
10100,-50,1200,"sd","14:16:57",3511100
10100,-50,1800,"sd","14:16:56",3509900
10100,-50,100,"bu","14:16:53",3508100
10100,-50,500,"bu","14:16:52",3508000
10100,-50,600,"sd","14:16:31",3507500
10100,-50,3200,"bu","14:16:22",3506900
10100,-50,200,"bu","14:16:22",3503700
10100,-50,1000,"bu","14:16:22",3503500
10100,-50,700,"bu","14:16:22",3502500
10100,-50,10000,"bu","14:16:22",3501800
10100,-50,300,"bu","14:16:22",3491800
10100,-50,100,"bu","14:15:07",3491500
10050,-100,300,"sd","14:14:40",3491400
10100,-50,100,"bu","14:14:39",3491100
10050,-100,5000,"sd","14:14:34",3491000
10050,-100,600,"sd","14:14:25",3486000
10100,-50,2000,"bu","14:14:18",3485400
10050,-100,1000,"sd","14:13:59",3483400
10050,-100,700,"sd","14:13:29",3482400
10050,-100,2000,"sd","14:13:16",3481700
10050,-100,1800,"sd","14:12:16",3479700
10050,-100,1000,"sd","14:12:16",3477900
10050,-100,100,"sd","14:12:15",3476900
10050,-100,100,"sd","14:12:15",3476800
10050,-100,6200,"sd","14:12:15",3476700
10050,-100,3200,"sd","14:10:12",3470500
10050,-100,10000,"sd","14:10:01",3467300
10050,-100,1200,"sd","14:10:01",3457300
10050,-100,3400,"sd","14:10:01",3456100
10050,-100,6000,"bu","14:10:01",3452700
10000,-150,800,"sd","14:09:32",3446700
10000,-150,500,"sd","14:09:32",3445900
10000,-150,500,"sd","14:09:32",3445400
10000,-150,200,"sd","14:09:32",3444900
10000,-150,300,"sd","14:08:54",3444700
10000,-150,2800,"bu","14:08:30",3444400
10000,-150,400,"bu","14:08:27",3441600
10000,-150,100,"bu","14:08:27",3441200
10000,-150,1700,"bu","14:08:14",3441100
10000,-150,2100,"bu","14:07:42",3439400
10000,-150,1600,"sd","14:07:28",3437300
10000,-150,500,"sd","14:07:28",3435700
10000,-150,2500,"sd","14:07:28",3435200
10000,-150,500,"sd","14:07:28",3432700
10000,-150,1000,"sd","14:07:28",3432200
10000,-150,2400,"sd","14:07:18",3431200
10000,-150,600,"sd","14:07:18",3428800
10000,-150,1400,"bu","14:06:36",3428200
10000,-150,1000,"bu","14:06:30",3426800
10000,-150,800,"bu","14:06:30",3425800
10000,-150,200,"bu","14:06:30",3425000
10000,-150,1000,"bu","14:06:29",3424800
10000,-150,500,"bu","14:05:25",3423800
10000,-150,500,"bu","14:04:52",3423300
10000,-150,300,"bu","14:04:49",3422800
10000,-150,100,"bu","14:04:35",3422500
10000,-150,300,"bu","14:04:34",3422400
10000,-150,3000,"sd","14:04:25",3422100
10000,-150,8200,"sd","14:04:19",3419100
10000,-150,3000,"sd","14:04:13",3410900
10000,-150,3000,"bu","14:04:08",3407900
10000,-150,1000,"bu","14:04:08",3404900
10000,-150,1800,"bu","14:04:08",3403900
10000,-150,1600,"sd","14:03:22",3402100
10000,-150,1700,"bu","14:03:16",3400500
10000,-150,100,"sd","14:02:41",3398800
10000,-150,500,"sd","14:02:41",3398700
10000,-150,900,"sd","14:02:41",3398200
10000,-150,300,"sd","14:02:33",3397300
10000,-150,1000,"sd","14:02:25",3397000
10000,-150,4000,"sd","14:02:17",3396000
10000,-150,2400,"sd","14:02:11",3392000
10000,-150,3800,"sd","14:02:11",3389600
10000,-150,300,"sd","14:02:00",3385800
10000,-150,1200,"sd","14:01:54",3385500
10000,-150,2600,"sd","14:01:44",3384300
10000,-150,100,"sd","14:01:44",3381700
10000,-150,500,"sd","14:01:44",3381600
10000,-150,100,"sd","14:01:44",3381100
10000,-150,1500,"sd","14:01:30",3381000
10000,-150,2300,"sd","14:01:19",3379500
10000,-150,3200,"sd","14:01:19",3377200
10000,-150,4400,"sd","14:00:56",3374000
10000,-150,300,"bu","14:00:32",3369600
10000,-150,800,"sd","14:00:28",3369300
10000,-150,200,"sd","14:00:17",3368500
10000,-150,1000,"sd","14:00:17",3368300
10050,-100,1000,"bu","14:00:13",3367300
10000,-150,3200,"sd","14:00:10",3366300
10000,-150,30000,"sd","14:00:04",3363100
10000,-150,6800,"bu","13:59:43",3333100
10000,-150,200,"bu","13:59:18",3326300
10000,-150,1000,"sd","13:58:40",3326100
10000,-150,300,"sd","13:58:40",3325100
10000,-150,7700,"sd","13:58:40",3324800
10000,-150,300,"bu","13:58:05",3317100
10000,-150,2000,"bu","13:58:05",3316800
10000,-150,1000,"bu","13:58:03",3314800
10000,-150,300,"bu","13:57:49",3313800
9990,-160,600,"sd","13:57:36",3313500
10000,-150,300,"bu","13:57:15",3312900
9990,-160,500,"sd","13:56:14",3312600
9990,-160,1000,"sd","13:56:14",3312100
9990,-160,300,"sd","13:56:14",3311100
9990,-160,100,"sd","13:56:14",3310800
9990,-160,100,"sd","13:56:14",3310700
9990,-160,1000,"sd","13:56:14",3310600
10000,-150,1500,"bu","13:56:11",3309600
10000,-150,500,"bu","13:56:09",3308100
10000,-150,5000,"bu","13:55:50",3307600
10000,-150,500,"bu","13:55:43",3302600
10000,-150,5000,"sd","13:55:38",3302100
10000,-150,1000,"sd","13:55:38",3297100
10000,-150,1000,"sd","13:55:38",3296100
10000,-150,1900,"sd","13:55:38",3295100
10000,-150,3100,"sd","13:55:16",3293200
10000,-150,100,"sd","13:55:16",3290100
10000,-150,200,"sd","13:55:16",3290000
10000,-150,100,"sd","13:55:16",3289800
10000,-150,100,"sd","13:55:16",3289700
10000,-150,200,"sd","13:54:12",3289600
10000,-150,500,"sd","13:54:09",3289400
10000,-150,4200,"sd","13:54:03",3288900
10000,-150,1000,"sd","13:54:03",3284700
10000,-150,1000,"sd","13:54:03",3283700
10000,-150,800,"sd","13:54:03",3282700
10000,-150,4200,"bu","13:53:50",3281900
10000,-150,800,"sd","13:53:40",3277700
10000,-150,200,"bu","13:53:38",3276900
10000,-150,5000,"bu","13:53:36",3276700
10000,-150,200,"bu","13:53:35",3271700
10000,-150,1800,"bu","13:53:35",3271500
10000,-150,900,"bu","13:53:07",3269700
10000,-150,100,"bu","13:53:03",3268800
10000,-150,3000,"bu","13:52:55",3268700
10000,-150,100,"sd","13:52:22",3265700
10000,-150,1100,"sd","13:52:22",3265600
10000,-150,200,"sd","13:52:22",3264500
10000,-150,1000,"sd","13:52:22",3264300
10000,-150,200,"sd","13:52:22",3263300
10000,-150,300,"sd","13:52:22",3263100
10000,-150,3000,"sd","13:52:22",3262800
10000,-150,800,"sd","13:52:22",3259800
10000,-150,5000,"sd","13:52:22",3259000
10000,-150,100,"sd","13:52:22",3254000
10000,-150,2400,"sd","13:52:22",3253900
10000,-150,200,"sd","13:52:22",3251500
10000,-150,2400,"sd","13:52:15",3251300
10000,-150,2000,"sd","13:52:15",3248900
10000,-150,3000,"sd","13:52:09",3246900
10000,-150,1300,"sd","13:52:09",3243900
10000,-150,1000,"sd","13:52:06",3242600
10000,-150,1800,"sd","13:52:03",3241600
10000,-150,900,"sd","13:51:58",3239800
10000,-150,1000,"sd","13:51:58",3238900
10000,-150,1500,"sd","13:51:58",3237900
10000,-150,3500,"sd","13:51:53",3236400
10000,-150,2000,"sd","13:51:53",3232900
10000,-150,100,"sd","13:51:53",3230900
10000,-150,600,"sd","13:51:53",3230800
10000,-150,400,"sd","13:51:44",3230200
10000,-150,100,"sd","13:51:44",3229800
10000,-150,2500,"sd","13:51:44",3229700
10000,-150,10000,"sd","13:51:39",3227200
10050,-100,200,"sd","13:51:17",3217200
10050,-100,900,"sd","13:51:17",3217000
10050,-100,2700,"sd","13:51:16",3216100
10050,-100,800,"sd","13:51:16",3213400
10050,-100,1000,"sd","13:51:16",3212600
10050,-100,500,"sd","13:51:16",3211600
10100,-50,500,"bu","13:51:14",3211100
10100,-50,500,"bu","13:51:14",3210600
10050,-100,1700,"sd","13:51:10",3210100
10050,-100,1000,"sd","13:51:04",3208400
10050,-100,4600,"sd","13:50:58",3207400
10050,-100,2600,"sd","13:50:58",3202800
10050,-100,5000,"sd","13:50:51",3200200
10050,-100,700,"sd","13:50:43",3195200
10100,-50,800,"bu","13:50:33",3194500
10100,-50,900,"sd","13:50:20",3193700
10100,-50,100,"bu","13:50:15",3192800
10100,-50,500,"bu","13:50:12",3192700
10100,-50,500,"bu","13:50:12",3192200
10100,-50,2200,"bu","13:50:06",3191700
10100,-50,3300,"bu","13:50:06",3189500
10100,-50,2200,"bu","13:49:56",3186200
10100,-50,900,"bu","13:49:56",3184000
10100,-50,100,"bu","13:49:16",3183100
10100,-50,400,"bu","13:49:16",3183000
10100,-50,9600,"bu","13:48:22",3182600
10100,-50,2600,"bu","13:48:22",3173000
10100,-50,100,"sd","13:47:50",3170400
10100,-50,5200,"sd","13:47:42",3170300
10100,-50,4000,"bu","13:47:39",3165100
10100,-50,700,"bu","13:47:39",3161100
10100,-50,1000,"bu","13:47:30",3160400
10100,-50,400,"sd","13:47:23",3159400
10100,-50,1000,"sd","13:47:10",3159000
10100,-50,200,"sd","13:47:10",3158000
10150,0,1400,"sd","13:46:56",3157800
10150,0,2100,"sd","13:46:52",3156400
10150,0,3000,"bu","13:46:47",3154300
10150,0,19700,"bu","13:46:47",3151300
10100,-50,1800,"bu","13:46:47",3131600
10100,-50,2000,"bu","13:46:47",3129800
10150,0,300,"sd","13:46:14",3127800
10150,0,200,"bu","13:46:13",3127500
10150,0,2100,"sd","13:46:09",3127300
10150,0,200,"bu","13:46:07",3125200
10150,0,700,"bu","13:46:07",3125000
10150,0,100,"bu","13:46:04",3124300
10050,-100,2100,"sd","13:45:50",3124200
10150,0,600,"sd","13:45:50",3122100
10150,0,5000,"bu","13:45:46",3121500
10150,0,2000,"bu","13:45:46",3116500
10150,0,500,"bu","13:45:46",3114500
10150,0,300,"bu","13:45:46",3114000
10150,0,500,"bu","13:45:46",3113700
10150,0,100,"bu","13:45:46",3113200
10150,0,2100,"bu","13:45:46",3113100
10150,0,200,"bu","13:45:46",3111000
10150,0,100,"bu","13:45:46",3110800
10150,0,200,"bu","13:45:46",3110700
10150,0,300,"bu","13:45:46",3110500
10150,0,1000,"bu","13:45:46",3110200
10100,-50,1000,"bu","13:45:46",3109200
10100,-50,3000,"bu","13:45:46",3108200
10100,-50,3100,"bu","13:45:46",3105200
10050,-100,4600,"sd","13:45:41",3102100
10050,-100,900,"sd","13:45:41",3097500
10100,-50,900,"bu","13:45:38",3096600
10100,-50,1000,"sd","13:45:14",3095700
10100,-50,1000,"sd","13:45:10",3094700
10100,-50,400,"sd","13:45:10",3093700
10100,-50,3600,"sd","13:45:10",3093300
10100,-50,2000,"sd","13:44:45",3089700
10100,-50,4400,"bu","13:44:37",3087700
10100,-50,5400,"bu","13:44:22",3083300
10050,-100,2100,"sd","13:44:16",3077900
10100,-50,200,"bu","13:44:12",3075800
10100,-50,100,"bu","13:44:08",3075600
10100,-50,200,"bu","13:43:47",3075500
10100,-50,10000,"bu","13:43:18",3075300
10150,0,1200,"bu","13:43:09",3065300
10100,-50,2100,"bu","13:43:09",3064100
10100,-50,100,"bu","13:43:09",3062000
10100,-50,1600,"bu","13:43:09",3061900
10100,-50,2000,"bu","13:42:39",3060300
10100,-50,2000,"bu","13:42:32",3058300
10100,-50,100,"bu","13:42:32",3056300
10100,-50,500,"bu","13:42:32",3056200
10100,-50,1000,"bu","13:42:32",3055700
10100,-50,2000,"bu","13:42:32",3054700
10100,-50,3000,"bu","13:42:32",3052700
10100,-50,3000,"bu","13:42:32",3049700
10100,-50,600,"bu","13:42:32",3046700
10050,-100,200,"unknown","13:42:32",3046100
10050,-100,3000,"bu","13:42:32",3045900
10050,-100,5200,"bu","13:42:32",3042900
10000,-150,2500,"bu","13:42:32",3037700
10100,-50,400,"bu","13:42:32",3035200
10000,-150,12800,"sd","13:42:30",3034800
10000,-150,500,"sd","13:42:30",3022000
10000,-150,1000,"sd","13:42:30",3021500
10000,-150,10000,"sd","13:42:30",3020500
10000,-150,3200,"sd","13:42:30",3010500
10050,-100,4800,"bu","13:42:30",3007300
10050,-100,200,"bu","13:42:30",3002500
10050,-100,1800,"bu","13:42:25",3002300
10050,-100,1000,"bu","13:42:25",3000500
10050,-100,900,"bu","13:42:25",2999500
10050,-100,3200,"bu","13:42:25",2998600
10050,-100,700,"bu","13:42:25",2995400
10050,-100,400,"bu","13:42:25",2994700
10000,-150,300,"bu","13:42:07",2994300
10000,-150,1000,"bu","13:42:07",2994000
10000,-150,500,"bu","13:42:07",2993000
10000,-150,500,"bu","13:42:05",2992500
10000,-150,1000,"bu","13:42:05",2992000
10000,-150,2000,"bu","13:42:05",2991000
10000,-150,10000,"bu","13:42:05",2989000
10000,-150,15000,"bu","13:42:05",2979000
10000,-150,20800,"bu","13:42:05",2964000
10000,-150,500,"bu","13:42:05",2943200
10000,-150,200,"bu","13:42:05",2942700
10000,-150,200,"bu","13:41:32",2942500
10000,-150,4000,"bu","13:41:30",2942300
10000,-150,1300,"bu","13:41:14",2938300
10000,-150,2000,"bu","13:41:05",2937000
10000,-150,13000,"bu","13:40:51",2935000
10000,-150,1000,"bu","13:40:51",2922000
9990,-160,2700,"sd","13:40:22",2921000
9990,-160,8000,"sd","13:40:13",2918300
9990,-160,5000,"sd","13:39:38",2910300
9990,-160,1000,"bu","13:38:56",2905300
9990,-160,3500,"bu","13:38:56",2904300
9990,-160,5000,"bu","13:38:47",2900800
9990,-160,200,"bu","13:38:32",2895800
9990,-160,1900,"bu","13:38:18",2895600
9990,-160,100,"bu","13:38:18",2893700
9990,-160,700,"bu","13:37:58",2893600
9990,-160,100,"bu","13:37:51",2892900
9990,-160,2000,"bu","13:37:46",2892800
9990,-160,1000,"bu","13:37:39",2890800
9980,-170,5000,"sd","13:37:34",2889800
9990,-160,100,"bu","13:37:34",2884800
9990,-160,100,"sd","13:37:10",2884700
9990,-160,400,"bu","13:37:07",2884600
9990,-160,1100,"bu","13:36:59",2884200
9990,-160,500,"sd","13:36:59",2883100
9990,-160,500,"sd","13:36:54",2882600
9990,-160,500,"sd","13:36:51",2882100
9990,-160,100,"sd","13:36:51",2881600
9990,-160,1900,"sd","13:36:51",2881500
9990,-160,2200,"sd","13:36:50",2879600
9990,-160,1000,"sd","13:36:50",2877400
9990,-160,300,"sd","13:36:50",2876400
9990,-160,2000,"bu","13:36:06",2876100
9990,-160,100,"bu","13:35:58",2874100
10000,-150,4900,"bu","13:35:58",2874000
9990,-160,200,"bu","13:35:57",2869100
9990,-160,1800,"bu","13:35:57",2868900
9990,-160,500,"bu","13:35:13",2867100
9990,-160,100,"bu","13:35:11",2866600
9990,-160,1000,"sd","13:34:52",2866500
9990,-160,100,"sd","13:34:52",2865500
9990,-160,100,"sd","13:34:52",2865400
9990,-160,100,"sd","13:34:52",2865300
9990,-160,1000,"sd","13:34:52",2865200
9990,-160,600,"sd","13:34:52",2864200
9990,-160,500,"sd","13:34:52",2863600
9990,-160,800,"sd","13:34:52",2863100
10000,-150,100,"bu","13:34:45",2862300
10000,-150,100,"bu","13:34:39",2862200
10000,-150,100,"bu","13:34:24",2862100
10000,-150,500,"bu","13:34:23",2862000
10000,-150,100,"bu","13:34:17",2861500
10000,-150,100,"bu","13:34:02",2861400
10000,-150,500,"bu","13:33:13",2861300
10000,-150,1900,"bu","13:33:09",2860800
10000,-150,100,"bu","13:33:09",2858900
10000,-150,1000,"bu","13:32:24",2858800
9990,-160,5200,"sd","13:32:22",2857800
9990,-160,2000,"sd","13:32:22",2852600
9990,-160,500,"sd","13:32:21",2850600
9990,-160,1000,"sd","13:32:21",2850100
9990,-160,100,"sd","13:32:21",2849100
9990,-160,100,"sd","13:32:21",2849000
9990,-160,100,"sd","13:32:21",2848900
9990,-160,100,"sd","13:32:21",2848800
9990,-160,900,"sd","13:32:21",2848700
10000,-150,1000,"bu","13:32:14",2847800
9990,-160,500,"sd","13:32:14",2846800
9990,-160,8600,"sd","13:32:12",2846300
9990,-160,300,"sd","13:32:12",2837700
9990,-160,1100,"sd","13:32:12",2837400
10000,-150,100,"bu","13:30:59",2836300
10000,-150,500,"bu","13:30:58",2836200
10000,-150,300,"sd","13:30:53",2835700
10000,-150,1000,"sd","13:30:46",2835400
10000,-150,3400,"sd","13:30:39",2834400
10000,-150,300,"bu","13:30:36",2831000
9990,-160,8900,"sd","13:30:27",2830700
10000,-150,1100,"sd","13:30:27",2821800
10000,-150,5000,"sd","13:30:22",2820700
10000,-150,800,"sd","13:30:16",2815700
10000,-150,1000,"bu","13:30:13",2814900
10000,-150,1000,"bu","13:30:13",2813900
10000,-150,1100,"bu","13:30:13",2812900
10000,-150,900,"bu","13:30:06",2811800
10000,-150,1000,"sd","13:29:51",2810900
10000,-150,100,"sd","13:29:51",2809900
10000,-150,900,"sd","13:29:51",2809800
10000,-150,2000,"bu","13:29:46",2808900
10000,-150,1000,"bu","13:29:46",2806900
10000,-150,1000,"bu","13:29:46",2805900
10000,-150,3100,"bu","13:29:46",2804900
10000,-150,400,"bu","13:29:42",2801800
10000,-150,2000,"bu","13:29:38",2801400
10000,-150,100,"bu","13:29:33",2799400
10000,-150,1000,"bu","13:29:22",2799300
10000,-150,4000,"bu","13:29:14",2798300
10000,-150,4600,"bu","13:28:59",2794300
10000,-150,1000,"bu","13:28:46",2789700
10000,-150,500,"bu","13:28:44",2788700
10000,-150,100,"bu","13:28:43",2788200
10000,-150,300,"bu","13:28:39",2788100
10000,-150,10000,"bu","13:28:26",2787800
10000,-150,800,"bu","13:28:12",2777800
10000,-150,1000,"bu","13:28:10",2777000
10000,-150,1100,"bu","13:28:07",2776000
10000,-150,900,"bu","13:28:07",2774900
10000,-150,500,"bu","13:28:06",2774000
10000,-150,600,"bu","13:27:50",2773500
10000,-150,1400,"bu","13:27:50",2772900
10000,-150,400,"bu","13:27:22",2771500
10000,-150,100,"bu","13:27:16",2771100
10000,-150,1200,"bu","13:26:59",2771000
10000,-150,800,"sd","13:26:57",2769800
10000,-150,1300,"sd","13:26:46",2769000
10000,-150,700,"bu","13:26:42",2767700
10000,-150,200,"bu","13:26:42",2767000
10000,-150,100,"sd","13:26:38",2766800
10000,-150,100,"bu","13:26:31",2766700
10000,-150,200,"bu","13:26:28",2766600
10000,-150,300,"bu","13:26:28",2766400
10000,-150,2000,"bu","13:26:24",2766100
10000,-150,2000,"bu","13:26:17",2764100
10000,-150,5000,"bu","13:25:55",2762100
10000,-150,300,"bu","13:25:08",2757100
10000,-150,100,"bu","13:25:06",2756800
10000,-150,500,"bu","13:24:53",2756700
10000,-150,600,"bu","13:24:53",2756200
10000,-150,100,"bu","13:24:51",2755600
10000,-150,1800,"bu","13:24:46",2755500
10000,-150,1000,"bu","13:24:32",2753700
10000,-150,1900,"bu","13:24:28",2752700
10000,-150,500,"bu","13:23:54",2750800
10000,-150,100,"bu","13:23:47",2750300
10000,-150,1000,"bu","13:23:42",2750200
10000,-150,100,"bu","13:23:42",2749200
10000,-150,600,"sd","13:23:34",2749100
10000,-150,200,"sd","13:23:34",2748500
10000,-150,1000,"sd","13:23:34",2748300
10000,-150,100,"sd","13:23:34",2747300
10000,-150,1000,"sd","13:23:34",2747200
10000,-150,1000,"sd","13:23:34",2746200
10000,-150,4700,"sd","13:23:34",2745200
10000,-150,200,"sd","13:23:34",2740500
10000,-150,10000,"sd","13:23:34",2740300
10000,-150,2000,"sd","13:23:34",2730300
10000,-150,1900,"sd","13:23:34",2728300
10000,-150,200,"sd","13:23:31",2726400
10050,-100,800,"bu","13:23:28",2726200
10050,-100,300,"bu","13:23:28",2725400
10050,-100,1200,"bu","13:23:28",2725100
10050,-100,2000,"bu","13:23:28",2723900
10050,-100,700,"bu","13:23:28",2721900
10000,-150,2800,"sd","13:22:08",2721200
10000,-150,100,"sd","13:22:01",2718400
10000,-150,100,"sd","13:22:01",2718300
10000,-150,7500,"sd","13:22:01",2718200
10050,-100,2600,"bu","13:22:00",2710700
10050,-100,1100,"bu","13:21:59",2708100
10050,-100,10000,"bu","13:21:59",2707000
10050,-100,4000,"bu","13:21:59",2697000
10050,-100,3400,"bu","13:21:59",2693000
10050,-100,1000,"bu","13:21:59",2689600
10050,-100,500,"bu","13:21:59",2688600
10000,-150,1800,"sd","13:21:54",2688100
10000,-150,700,"sd","13:21:48",2686300
10000,-150,100,"sd","13:21:48",2685600
10000,-150,1700,"sd","13:21:48",2685500
10000,-150,8000,"sd","13:21:42",2683800
10000,-150,300,"sd","13:21:36",2675800
10000,-150,1200,"sd","13:21:36",2675500
10000,-150,1800,"sd","13:21:36",2674300
10000,-150,500,"sd","13:21:36",2672500
10000,-150,3600,"sd","13:21:36",2672000
10000,-150,1400,"sd","13:21:30",2668400
10000,-150,100,"sd","13:21:30",2667000
10000,-150,600,"sd","13:21:30",2666900
10000,-150,200,"sd","13:21:30",2666300
10000,-150,800,"sd","13:21:25",2666100
10000,-150,3200,"sd","13:21:25",2665300
10000,-150,800,"sd","13:21:19",2662100
10000,-150,6400,"sd","13:21:19",2661300
10000,-150,3000,"sd","13:21:16",2654900
10000,-150,600,"sd","13:21:12",2651900
10000,-150,400,"sd","13:21:12",2651300
10000,-150,600,"sd","13:21:07",2650900
10000,-150,1000,"sd","13:21:07",2650300
10000,-150,500,"sd","13:21:07",2649300
10000,-150,200,"sd","13:21:07",2648800
10000,-150,8200,"sd","13:21:00",2648600
10000,-150,1600,"sd","13:20:55",2640400
10000,-150,100,"sd","13:20:55",2638800
10000,-150,300,"sd","13:20:55",2638700
10000,-150,600,"sd","13:20:50",2638400
10000,-150,3000,"sd","13:20:49",2637800
10000,-150,1300,"sd","13:20:43",2634800
10000,-150,1000,"bu","13:20:38",2633500
10000,-150,1800,"bu","13:20:38",2632500
10000,-150,5000,"bu","13:20:38",2630700
10000,-150,200,"bu","13:20:33",2625700
10000,-150,300,"bu","13:20:33",2625500
10000,-150,400,"bu","13:20:31",2625200
10000,-150,100,"bu","13:20:18",2624800
10000,-150,700,"bu","13:20:04",2624700
10000,-150,1000,"bu","13:19:57",2624000
10000,-150,400,"sd","13:19:54",2623000
10000,-150,100,"sd","13:19:54",2622600
10000,-150,5000,"sd","13:19:54",2622500
10000,-150,2000,"sd","13:19:54",2617500
10000,-150,3000,"sd","13:19:52",2615500
10000,-150,1200,"sd","13:19:46",2612500
10000,-150,3800,"sd","13:19:40",2611300
10000,-150,100,"sd","13:19:40",2607500
10000,-150,3300,"sd","13:19:40",2607400
10000,-150,2000,"sd","13:19:35",2604100
10000,-150,1200,"bu","13:19:00",2602100
10000,-150,3500,"bu","13:19:00",2600900
10000,-150,500,"bu","13:18:56",2597400
10000,-150,200,"bu","13:18:51",2596900
10000,-150,300,"bu","13:18:48",2596700
10000,-150,200,"bu","13:18:33",2596400
10000,-150,2300,"sd","13:18:31",2596200
10000,-150,1400,"bu","13:18:23",2593900
10000,-150,200,"bu","13:18:23",2592500
10000,-150,5000,"bu","13:18:23",2592300
10000,-150,100,"bu","13:18:23",2587300
10000,-150,1000,"bu","13:18:23",2587200
10000,-150,100,"bu","13:17:31",2586200
10000,-150,2200,"bu","13:17:28",2586100
10000,-150,500,"bu","13:17:28",2583900
10000,-150,2300,"bu","13:17:28",2583400
9980,-170,1800,"sd","13:17:26",2581100
9990,-160,7600,"sd","13:17:26",2579300
9990,-160,200,"sd","13:17:21",2571700
9990,-160,2200,"bu","13:17:20",2571500
9990,-160,800,"bu","13:17:19",2569300
9990,-160,400,"bu","13:17:17",2568500
9990,-160,100,"bu","13:17:12",2568100
9990,-160,100,"sd","13:16:08",2568000
9970,-180,15900,"sd","13:15:22",2567900
9980,-170,100,"sd","13:15:22",2552000
9990,-160,700,"sd","13:15:22",2551900
9990,-160,500,"sd","13:15:22",2551200
9980,-170,3000,"sd","13:15:22",2550700
9990,-160,200,"sd","13:15:22",2547700
9980,-170,100,"sd","13:15:22",2547500
9980,-170,1100,"sd","13:15:22",2547400
9990,-160,100,"sd","13:15:22",2546300
9990,-160,100,"sd","13:15:22",2546200
9990,-160,400,"sd","13:15:22",2546100
9990,-160,5100,"sd","13:15:22",2545700
9990,-160,100,"sd","13:15:22",2540600
9990,-160,1000,"sd","13:15:22",2540500
9980,-170,100,"sd","13:15:22",2539500
9990,-160,100,"sd","13:15:22",2539400
9990,-160,700,"sd","13:15:22",2539300
9980,-170,100,"sd","13:15:22",2538600
9990,-160,10100,"sd","13:15:22",2538500
9980,-170,1700,"sd","13:15:22",2528400
9990,-160,3000,"sd","13:15:22",2526700
9980,-170,7100,"sd","13:15:22",2523700
9980,-170,1300,"sd","13:15:22",2516600
9980,-170,10000,"sd","13:15:22",2514800
9990,-160,500,"sd","13:15:22",2515300
9990,-160,100,"sd","13:15:22",2504800
9990,-160,1300,"sd","13:15:22",2504700
9990,-160,200,"sd","13:15:22",2503400
9990,-160,10000,"sd","13:15:22",2503200
9990,-160,5000,"sd","13:15:22",2493200
9990,-160,1000,"sd","13:15:22",2488200
9990,-160,100,"sd","13:15:22",2487200
9990,-160,1000,"sd","13:15:22",2487100
9990,-160,2800,"sd","13:15:22",2486100
9990,-160,1000,"sd","13:15:22",2483300
9990,-160,200,"sd","13:15:22",2482300
9990,-160,100,"sd","13:15:22",2482100
9990,-160,100,"sd","13:15:22",2482000
10000,-150,300,"bu","13:15:19",2481900
10000,-150,400,"bu","13:15:15",2481600
10000,-150,300,"bu","13:15:15",2481200
10000,-150,300,"bu","13:15:15",2480900
10000,-150,600,"bu","13:15:14",2480600
10000,-150,1000,"bu","13:15:11",2480000
10000,-150,2000,"bu","13:15:08",2479000
10000,-150,1000,"bu","13:14:51",2477000
10000,-150,100,"bu","13:14:37",2476000
10000,-150,100,"bu","13:14:37",2475900
10000,-150,100,"bu","13:14:35",2475800
9990,-160,5000,"sd","13:14:28",2475700
10000,-150,5000,"bu","13:14:26",2470700
10000,-150,500,"bu","13:14:24",2465700
10000,-150,800,"bu","13:14:19",2465200
10000,-150,1000,"bu","13:14:17",2464400
10000,-150,300,"bu","13:14:13",2463400
10000,-150,500,"bu","13:14:08",2463100
10000,-150,100,"bu","13:14:05",2462600
10000,-150,600,"bu","13:13:56",2462500
10000,-150,1000,"bu","13:13:50",2461900
10000,-150,20000,"bu","13:13:36",2460900
10000,-150,600,"bu","13:13:15",2440900
10000,-150,1000,"bu","13:13:03",2440300
10000,-150,200,"bu","13:13:00",2439300
10000,-150,100,"bu","13:12:43",2439100
10000,-150,1300,"bu","13:12:43",2439000
10000,-150,700,"bu","13:12:38",2437700
10000,-150,1300,"bu","13:12:38",2437000
10000,-150,100,"bu","13:12:29",2435700
10000,-150,200,"bu","13:12:26",2435600
10000,-150,800,"sd","13:12:25",2435400
10000,-150,200,"sd","13:12:19",2434600
10000,-150,100,"sd","13:12:19",2434400
10000,-150,4700,"sd","13:12:19",2434300
10000,-150,2800,"sd","13:12:10",2429600
10000,-150,1200,"bu","13:12:09",2426800
10000,-150,1300,"bu","13:12:09",2425600
10000,-150,500,"bu","13:12:00",2424300
10000,-150,400,"bu","13:12:00",2423800
10000,-150,7800,"bu","13:11:59",2423400
10000,-150,2200,"bu","13:11:59",2415600
10000,-150,100,"bu","13:11:58",2413400
10000,-150,7900,"bu","13:11:45",2413300
10000,-150,2100,"bu","13:11:45",2405400
10000,-150,1400,"bu","13:11:40",2403300
9990,-160,200,"sd","13:11:39",2401900
10000,-150,100,"bu","13:11:24",2401700
10000,-150,200,"bu","13:11:09",2401600
10000,-150,2000,"sd","13:11:07",2401400
10000,-150,200,"sd","13:11:07",2399400
10000,-150,2800,"sd","13:11:07",2399200
10000,-150,3000,"sd","13:11:04",2396400
10000,-150,3000,"sd","13:11:01",2393400
10000,-150,1200,"sd","13:10:55",2390400
9990,-160,1700,"sd","13:10:47",2389200
9990,-160,100,"sd","13:10:47",2387500
10000,-150,1200,"unknown","13:10:47",2387400
10000,-150,8800,"bu","13:10:43",2386200
10000,-150,500,"bu","13:10:40",2377400
10000,-150,1000,"bu","13:10:39",2376900
10000,-150,1000,"bu","13:10:34",2375900
10000,-150,100,"bu","13:10:17",2374900
10000,-150,100,"bu","13:10:17",2374800
10000,-150,100,"bu","13:10:13",2374700
10000,-150,1000,"sd","13:10:12",2374600
10000,-150,500,"sd","13:10:12",2373600
10000,-150,10000,"sd","13:10:12",2373100
10000,-150,100,"sd","13:10:12",2363100
10000,-150,1000,"sd","13:10:12",2363000
10000,-150,3000,"sd","13:10:12",2362000
10000,-150,1600,"sd","13:10:11",2359000
10000,-150,1000,"sd","13:10:11",2357400
10000,-150,200,"sd","13:10:11",2356400
10000,-150,300,"sd","13:10:08",2356200
10000,-150,100,"sd","13:10:08",2355900
10000,-150,500,"sd","13:10:08",2355800
10000,-150,500,"sd","13:10:08",2355300
10000,-150,3600,"sd","13:10:08",2354800
10000,-150,200,"sd","13:10:08",2351200
10000,-150,9200,"sd","13:10:04",2351000
10000,-150,6600,"sd","13:09:59",2341800
10000,-150,400,"sd","13:09:52",2335200
10000,-150,500,"sd","13:09:52",2334800
10000,-150,300,"sd","13:09:52",2334300
10000,-150,1100,"sd","13:09:52",2334000
10000,-150,200,"sd","13:09:52",2332900
10000,-150,500,"sd","13:09:52",2332700
10000,-150,2000,"sd","13:09:48",2332200
10050,-100,400,"bu","13:09:47",2330200
10000,-150,500,"sd","13:09:12",2329800
10000,-150,100,"sd","13:09:12",2329300
10000,-150,100,"sd","13:09:12",2329200
10000,-150,5000,"sd","13:09:12",2329100
10000,-150,200,"sd","13:09:12",2324100
10000,-150,100,"sd","13:09:12",2323900
10000,-150,2000,"sd","13:09:12",2323800
10000,-150,200,"sd","13:09:12",2321800
10000,-150,6700,"sd","13:09:12",2321600
10000,-150,7200,"sd","13:09:12",2314900
10000,-150,100,"sd","13:09:12",2307700
10000,-150,100,"sd","13:09:12",2307600
10000,-150,500,"sd","13:09:12",2307500
10000,-150,5000,"sd","13:09:12",2307000
10050,-100,500,"sd","13:09:10",2302000
10050,-100,200,"sd","13:09:10",2301500
10050,-100,1500,"sd","13:09:10",2301300
10050,-100,600,"sd","13:09:10",2299800
10050,-100,200,"sd","13:09:05",2299200
10050,-100,1000,"sd","13:08:57",2299000
10050,-100,4200,"bu","13:08:45",2298000
10050,-100,1600,"bu","13:08:45",2293800
10050,-100,2400,"bu","13:08:45",2292200
10050,-100,100,"bu","13:08:30",2289800
10050,-100,100,"sd","13:08:11",2289700
10050,-100,400,"sd","13:08:11",2289600
10050,-100,100,"sd","13:08:08",2289200
10050,-100,2000,"sd","13:08:08",2289100
10050,-100,100,"sd","13:07:57",2287100
10050,-100,100,"sd","13:07:57",2287000
10050,-100,100,"sd","13:07:57",2286900
10050,-100,2000,"sd","13:07:57",2286800
10050,-100,1900,"sd","13:07:52",2284800
10050,-100,3000,"sd","13:07:47",2282900
10050,-100,2300,"bu","13:07:41",2279900
10050,-100,800,"bu","13:07:41",2277600
10050,-100,200,"bu","13:07:38",2276800
10050,-100,500,"bu","13:07:38",2276600
10050,-100,1000,"bu","13:07:38",2276100
10050,-100,500,"bu","13:07:29",2275100
10050,-100,100,"sd","13:07:27",2274600
10050,-100,1600,"sd","13:07:27",2274500
10050,-100,1200,"sd","13:07:21",2272900
10050,-100,1800,"bu","13:07:09",2271700
10050,-100,1700,"bu","13:06:46",2269900
10050,-100,1000,"bu","13:06:46",2268200
10050,-100,200,"bu","13:06:46",2267200
10050,-100,400,"bu","13:06:46",2267000
10050,-100,4400,"bu","13:06:46",2266600
10050,-100,2200,"bu","13:06:46",2262200
10050,-100,100,"bu","13:06:46",2260000
10000,-150,400,"sd","13:05:49",2259900
10000,-150,700,"bu","13:05:13",2259500
10000,-150,1000,"bu","13:05:13",2258800
10000,-150,1200,"bu","13:05:13",2257800
10000,-150,100,"bu","13:05:09",2256600
10000,-150,5000,"bu","13:05:05",2256500
10000,-150,500,"bu","13:05:04",2251500
10000,-150,100,"bu","13:04:42",2251000
10000,-150,20000,"bu","13:04:37",2250900
10000,-150,3100,"bu","13:04:35",2230900
10000,-150,3600,"bu","13:04:29",2227800
10000,-150,200,"bu","13:04:19",2224200
10000,-150,1000,"bu","13:03:25",2224000
10000,-150,5000,"sd","13:03:05",2223000
10000,-150,100,"sd","13:03:04",2218000
10000,-150,100,"sd","13:03:04",2217900
10000,-150,2300,"sd","13:03:01",2217800
10000,-150,2200,"sd","13:02:55",2215500
10000,-150,400,"bu","13:02:47",2213300
10000,-150,2600,"bu","13:02:37",2212900
10000,-150,400,"bu","13:02:37",2210300
10000,-150,100,"bu","13:02:23",2209900
10000,-150,100,"bu","13:02:08",2209800
9990,-160,100,"sd","13:02:05",2209700
9990,-160,200,"sd","13:02:05",2209600
10000,-150,1000,"bu","13:01:28",2209400
10000,-150,500,"bu","13:01:27",2208400
10000,-150,500,"bu","13:01:27",2207900
10000,-150,1000,"bu","13:00:58",2207400
10000,-150,1500,"sd","13:00:49",2206400
10000,-150,3300,"bu","13:00:42",2204900
10000,-150,200,"bu","13:00:42",2201600
10000,-150,200,"sd","13:00:30",2201400
10000,-150,1000,"sd","13:00:30",2201200
10000,-150,200,"sd","13:00:30",2200200
10000,-150,500,"sd","13:00:30",2200000
10000,-150,500,"sd","13:00:30",2199500
10000,-150,100,"sd","13:00:30",2199000
10000,-150,100,"sd","13:00:30",2198900
10000,-150,100,"sd","13:00:30",2198800
10000,-150,1000,"sd","13:00:30",2198700
10000,-150,100,"sd","13:00:30",2197700
10000,-150,2000,"sd","13:00:30",2197600
10000,-150,4200,"sd","13:00:30",2195600
10000,-150,800,"sd","13:00:27",2191400
10000,-150,500,"sd","13:00:27",2190600
10000,-150,5900,"sd","13:00:27",2190100
10000,-150,2500,"sd","13:00:25",2184200
10000,-150,400,"sd","13:00:25",2181700
10000,-150,1200,"sd","13:00:22",2181300
10000,-150,300,"sd","13:00:22",2180100
10000,-150,2900,"sd","13:00:22",2179800
10000,-150,2100,"sd","13:00:16",2176900
10000,-150,100,"sd","13:00:16",2174800
10000,-150,1000,"sd","13:00:09",2174700
9990,-160,800,"sd","13:00:00",2173700
9990,-160,100,"sd","13:00:00",2172900
10000,-150,2100,"bu","13:00:00",2172800
10000,-150,500,"bu","13:00:00",2170700
10000,-150,300,"bu","11:29:55",2170200
10000,-150,2000,"bu","11:29:44",2169900
10000,-150,7200,"bu","11:29:30",2167900
10000,-150,2800,"bu","11:29:30",2160700
10000,-150,200,"sd","11:29:06",2157900
10000,-150,1000,"sd","11:29:06",2157700
10000,-150,100,"sd","11:29:06",2156700
10000,-150,2000,"sd","11:29:06",2156600
10000,-150,100,"sd","11:29:06",2154600
10000,-150,3000,"sd","11:29:06",2154500
10000,-150,200,"sd","11:29:06",2151500
10000,-150,10000,"sd","11:29:06",2151300
10000,-150,5600,"sd","11:29:06",2141300
10000,-150,4400,"sd","11:29:03",2135700
10000,-150,800,"sd","11:29:03",2131300
10000,-150,100,"sd","11:28:54",2130500
10000,-150,100,"sd","11:28:54",2130400
10000,-150,1000,"sd","11:28:54",2130300
10000,-150,100,"sd","11:28:54",2129300
10000,-150,100,"sd","11:28:35",2129200
10000,-150,300,"sd","11:28:15",2129100
10000,-150,700,"sd","11:27:52",2128800
10000,-150,1400,"sd","11:27:52",2128100
10000,-150,3600,"sd","11:27:44",2126700
10000,-150,500,"sd","11:27:44",2123100
10000,-150,100,"sd","11:27:44",2122600
10000,-150,1000,"sd","11:27:44",2122500
10000,-150,100,"sd","11:27:44",2121500
10000,-150,200,"sd","11:27:44",2121400
10000,-150,100,"sd","11:27:15",2121200
10000,-150,700,"sd","11:27:15",2121100
10000,-150,300,"sd","11:27:07",2120400
10000,-150,1000,"sd","11:26:29",2120100
10000,-150,2000,"sd","11:26:20",2119100
10000,-150,3000,"sd","11:26:20",2117100
10000,-150,2300,"sd","11:26:14",2114100
10000,-150,1200,"sd","11:26:07",2111800
10000,-150,3300,"sd","11:26:01",2110600
10000,-150,200,"sd","11:25:55",2107300
10000,-150,1800,"sd","11:25:55",2107100
10000,-150,1800,"sd","11:25:50",2105300
10000,-150,2200,"sd","11:25:44",2103500
10000,-150,1000,"sd","11:25:32",2101300
10000,-150,3200,"sd","11:25:21",2100300
10000,-150,100,"sd","11:25:21",2097100
10000,-150,600,"sd","11:25:21",2097000
10000,-150,200,"sd","11:25:21",2096400
10000,-150,300,"sd","11:25:21",2096200
10000,-150,100,"sd","11:25:21",2095900
10000,-150,2000,"sd","11:25:21",2095800
10000,-150,100,"sd","11:25:21",2093800
10000,-150,1000,"sd","11:25:21",2093700
10000,-150,400,"sd","11:25:21",2092700
10000,-150,200,"sd","11:25:21",2092300
10050,-100,100,"bu","11:25:16",2092100
10000,-150,100,"sd","11:25:15",2092000
10000,-150,1000,"sd","11:25:15",2091900
10000,-150,1900,"sd","11:25:15",2090900
10050,-100,300,"bu","11:25:11",2089000
10000,-150,1900,"sd","11:25:10",2088700
10000,-150,1200,"sd","11:25:01",2086800
10000,-150,1400,"sd","11:25:01",2085600
10000,-150,3200,"sd","11:24:54",2084200
10050,-100,9500,"bu","11:24:27",2081000
10050,-100,100,"sd","11:24:26",2071500
10050,-100,4000,"sd","11:24:19",2071400
10050,-100,1200,"sd","11:24:14",2067400
10050,-100,1100,"bu","11:24:08",2066200
10050,-100,2000,"bu","11:24:08",2065100
10050,-100,300,"bu","11:24:08",2063100
10050,-100,1200,"bu","11:24:08",2062800
10050,-100,600,"bu","11:24:08",2061600
10000,-150,5400,"sd","11:24:08",2061000
10000,-150,1200,"sd","11:24:08",2055600
10000,-150,100,"sd","11:24:08",2054400
10000,-150,3300,"sd","11:24:08",2054300
10000,-150,2300,"sd","11:24:00",2051000
10000,-150,1900,"sd","11:23:55",2048700
10000,-150,3900,"sd","11:23:50",2046800
10000,-150,5100,"sd","11:23:50",2042900
10000,-150,200,"sd","11:23:45",2037800
10000,-150,4700,"sd","11:23:40",2037600
10000,-150,500,"sd","11:23:40",2032900
10000,-150,100,"sd","11:23:40",2032400
10000,-150,1800,"sd","11:23:40",2032300
10000,-150,6000,"sd","11:23:31",2030500
10000,-150,1900,"sd","11:23:24",2024500
10000,-150,300,"sd","11:23:19",2022600
10000,-150,1900,"sd","11:23:19",2022300
10000,-150,5400,"sd","11:23:13",2020400
10000,-150,100,"sd","11:23:11",2015000
10000,-150,2600,"sd","11:23:08",2014900
10000,-150,500,"sd","11:23:08",2012300
10000,-150,4600,"sd","11:23:08",2011800
10050,-100,200,"bu","11:23:05",2007200
10000,-150,400,"sd","11:23:02",2007000
10000,-150,1600,"sd","11:23:02",2006600
10000,-150,400,"sd","11:22:55",2005000
10000,-150,100,"sd","11:22:55",2004600
10000,-150,700,"sd","11:22:55",2004500
10000,-150,1000,"sd","11:22:55",2003800
10000,-150,500,"sd","11:22:55",2002800
10000,-150,800,"sd","11:22:51",2002300
10000,-150,2700,"sd","11:22:46",2001500
10000,-150,1000,"sd","11:22:40",1998800
10000,-150,1000,"sd","11:22:40",1997800
10000,-150,100,"sd","11:22:40",1996800
10000,-150,300,"sd","11:22:40",1996700
10000,-150,100,"sd","11:22:40",1996400
10000,-150,1000,"sd","11:22:40",1996300
10000,-150,1000,"sd","11:22:33",1995300
10000,-150,1000,"sd","11:22:33",1994300
10000,-150,2400,"sd","11:22:33",1993300
10000,-150,300,"sd","11:21:51",1990900
10000,-150,1700,"sd","11:21:46",1990600
10000,-150,5600,"sd","11:21:42",1988900
10000,-150,500,"sd","11:21:42",1983300
10000,-150,900,"sd","11:21:42",1982800
10000,-150,800,"sd","11:21:39",1981900
10000,-150,3300,"sd","11:21:33",1981100
10000,-150,1700,"sd","11:21:33",1977800
10000,-150,1300,"sd","11:21:20",1976100
10000,-150,400,"sd","11:21:20",1974800
10000,-150,1000,"sd","11:21:12",1974400
10000,-150,1200,"sd","11:21:04",1973400
10000,-150,200,"sd","11:20:58",1972200
10000,-150,1000,"sd","11:20:58",1972000
10000,-150,200,"sd","11:20:58",1971000
10000,-150,1000,"sd","11:20:58",1970800
10000,-150,200,"sd","11:20:58",1969800
10000,-150,1000,"sd","11:20:58",1969600
10000,-150,300,"sd","11:20:58",1968600
10000,-150,2400,"sd","11:20:58",1968300
10000,-150,300,"sd","11:20:58",1965900
10000,-150,200,"sd","11:20:47",1965600
10000,-150,1000,"sd","11:20:47",1965400
10000,-150,100,"sd","11:20:47",1964400
10000,-150,2000,"sd","11:20:47",1964300
10000,-150,100,"sd","11:20:47",1962300
10000,-150,500,"sd","11:20:47",1962200
10000,-150,300,"sd","11:20:47",1961700
10000,-150,400,"sd","11:20:47",1961400
10000,-150,100,"sd","11:20:47",1961000
10000,-150,2000,"sd","11:20:47",1960900
10000,-150,500,"sd","11:20:47",1958900
10000,-150,500,"sd","11:20:47",1958400
10000,-150,600,"sd","11:20:39",1957900
10000,-150,2000,"sd","11:20:39",1957300
10000,-150,600,"sd","11:20:39",1955300
10000,-150,2300,"sd","11:20:33",1954700
10000,-150,100,"sd","11:20:28",1952400
10000,-150,1700,"sd","11:20:28",1952300
10000,-150,1000,"sd","11:20:19",1950600
10050,-100,200,"bu","11:20:15",1949600
10000,-150,2100,"sd","11:20:12",1949400
10000,-150,200,"sd","11:20:06",1947300
10000,-150,8100,"sd","11:20:06",1947100
10050,-100,3000,"bu","11:20:06",1939000
10000,-150,1200,"sd","11:20:00",1936000
10000,-150,700,"sd","11:19:55",1934800
10000,-150,200,"sd","11:19:55",1934100
10000,-150,9100,"sd","11:19:55",1933900
10000,-150,900,"sd","11:19:49",1924800
10000,-150,1000,"sd","11:19:49",1923900
10000,-150,1000,"sd","11:19:49",1922900
10000,-150,100,"sd","11:19:49",1921900
10000,-150,300,"sd","11:19:49",1921800
10000,-150,500,"sd","11:19:49",1921500
10000,-150,1000,"sd","11:19:49",1921000
10000,-150,1800,"sd","11:19:49",1920000
10000,-150,7700,"sd","11:19:44",1918200
10050,-100,100,"bu","11:19:40",1910500
10000,-150,500,"sd","11:19:28",1910400
10000,-150,100,"sd","11:19:28",1909900
10000,-150,1400,"sd","11:19:28",1909800
10000,-150,4600,"sd","11:19:22",1908400
10000,-150,1600,"sd","11:19:16",1903800
10000,-150,2400,"sd","11:19:16",1902200
10000,-150,100,"sd","11:19:16",1899800
10000,-150,1000,"sd","11:19:16",1899700
10000,-150,400,"sd","11:19:16",1898700
10000,-150,1100,"sd","11:19:16",1898300
10000,-150,3900,"sd","11:19:09",1897200
10000,-150,1000,"sd","11:19:09",1893300
10000,-150,100,"sd","11:19:09",1892300
10000,-150,2000,"sd","11:19:09",1892200
10000,-150,1000,"sd","11:19:09",1890200
10000,-150,200,"sd","11:19:09",1889200
10000,-150,600,"sd","11:19:09",1889000
10000,-150,1400,"sd","11:19:03",1888400
10000,-150,2200,"sd","11:19:03",1887000
10050,-100,100,"bu","11:19:01",1884800
10000,-150,7400,"sd","11:18:56",1884700
10000,-150,2300,"sd","11:18:48",1877300
10000,-150,5500,"sd","11:18:42",1875000
10000,-150,2000,"sd","11:18:33",1869500
10050,-100,200,"bu","11:18:28",1867500
10000,-150,1800,"sd","11:18:27",1867300
10050,-100,1100,"bu","11:18:25",1865500
10050,-100,500,"bu","11:18:25",1864400
10000,-150,2000,"sd","11:18:21",1863900
10050,-100,1000,"bu","11:18:15",1861900
10000,-150,5000,"sd","11:18:08",1860900
10000,-150,1800,"sd","11:18:02",1855900
10000,-150,100,"sd","11:18:02",1854100
10000,-150,3400,"sd","11:18:02",1854000
10050,-100,2900,"sd","11:18:02",1850600
10050,-100,2100,"bu","11:18:02",1847700
10050,-100,900,"sd","11:17:53",1845600
10050,-100,2000,"sd","11:17:44",1844700
10050,-100,2100,"bu","11:17:43",1842700
10000,-150,3600,"sd","11:17:37",1840600
10000,-150,4600,"sd","11:17:37",1837000
10050,-100,300,"bu","11:17:34",1832400
10000,-150,2300,"sd","11:17:32",1832100
10000,-150,200,"sd","11:17:32",1829800
10000,-150,1000,"sd","11:17:32",1829600
10000,-150,200,"sd","11:17:32",1828600
10000,-150,1000,"sd","11:17:32",1828400
10000,-150,400,"sd","11:17:32",1827400
10000,-150,1000,"sd","11:17:32",1827000
10000,-150,500,"sd","11:17:32",1826000
10000,-150,3400,"sd","11:17:32",1825500
10050,-100,200,"bu","11:17:18",1822100
10050,-100,100,"bu","11:17:13",1821900
10050,-100,4400,"sd","11:17:00",1821800
10050,-100,5600,"sd","11:16:53",1817400
10050,-100,1600,"sd","11:16:53",1811800
10050,-100,1400,"sd","11:16:46",1810200
10050,-100,100,"sd","11:16:46",1808800
10050,-100,600,"sd","11:16:41",1808700
10050,-100,100,"sd","11:16:41",1808100
10050,-100,1000,"sd","11:16:41",1808000
10050,-100,2200,"sd","11:16:34",1807000
10050,-100,200,"sd","11:16:31",1804800
10050,-100,5000,"sd","11:16:25",1804600
10050,-100,1600,"sd","11:16:20",1799600
10050,-100,500,"sd","11:16:20",1798000
10050,-100,500,"sd","11:16:14",1797500
10050,-100,100,"sd","11:16:14",1797000
10050,-100,700,"sd","11:16:14",1796900
10050,-100,3000,"sd","11:16:14",1796200
10050,-100,2300,"sd","11:16:14",1793200
10050,-100,1200,"sd","11:16:09",1790900
10050,-100,6500,"sd","11:16:03",1789700
10050,-100,700,"sd","11:16:03",1783200
10050,-100,300,"sd","11:15:55",1782500
10050,-100,100,"sd","11:15:55",1782200
10050,-100,2000,"sd","11:15:55",1782100
10050,-100,100,"sd","11:15:55",1780100
10050,-100,6300,"sd","11:15:55",1780000
10050,-100,1700,"sd","11:15:49",1773700
10050,-100,2000,"sd","11:15:42",1772000
10050,-100,1000,"sd","11:15:42",1770000
10050,-100,3000,"sd","11:15:42",1769000
10050,-100,1800,"sd","11:15:36",1766000
10050,-100,200,"sd","11:15:29",1764200
10050,-100,1000,"sd","11:15:29",1764000
10050,-100,100,"sd","11:15:29",1763000
10050,-100,500,"sd","11:15:29",1762900
10050,-100,1200,"sd","11:15:29",1762400
10050,-100,10000,"sd","11:15:23",1761200
10050,-100,3000,"sd","11:15:14",1751200
10100,-50,1500,"bu","11:14:50",1748200
10100,-50,200,"sd","11:14:44",1746700
10100,-50,200,"sd","11:14:37",1746500
10100,-50,800,"sd","11:14:37",1746300
10100,-50,200,"sd","11:14:35",1745500
10100,-50,100,"sd","11:14:26",1745300
10100,-50,100,"sd","11:14:26",1745200
10100,-50,300,"sd","11:14:26",1745100
10100,-50,100,"sd","11:14:26",1744800
10100,-50,1000,"sd","11:14:25",1744700
10100,-50,1000,"sd","11:14:25",1743700
10100,-50,700,"sd","11:14:25",1742700
10100,-50,2300,"sd","11:14:18",1742000
10100,-50,5000,"sd","11:14:09",1739700
10100,-50,600,"sd","11:13:59",1734700
10100,-50,1000,"sd","11:13:59",1734100
10100,-50,500,"sd","11:13:59",1733100
10100,-50,600,"sd","11:13:59",1732600
10100,-50,4400,"sd","11:13:23",1732000
10100,-50,600,"sd","11:13:23",1727600
10100,-50,400,"sd","11:11:51",1727000
10100,-50,100,"sd","11:11:51",1726600
10150,0,100,"bu","11:10:22",1726500
10150,0,100,"bu","11:10:22",1726400
10150,0,500,"bu","11:10:22",1726300
10150,0,100,"bu","11:10:22",1725800
10150,0,100,"sd","11:09:34",1725700
10150,0,600,"sd","11:09:34",1725600
10150,0,1000,"sd","11:09:34",1725000
10150,0,100,"sd","11:09:34",1724000
10150,0,1200,"sd","11:09:34",1723900
10150,0,2800,"sd","11:07:22",1722700
10150,0,200,"sd","11:07:22",1719900
10150,0,800,"sd","11:06:54",1719700
10150,0,1000,"sd","11:06:54",1718900
10150,0,600,"sd","11:06:54",1717900
10150,0,600,"sd","11:06:54",1717300
10150,0,100,"sd","11:06:25",1716700
10150,0,100,"sd","11:06:12",1716600
10150,0,300,"sd","11:04:56",1716500
10200,50,1000,"bu","11:04:37",1716200
10150,0,2900,"sd","11:03:51",1715200
10150,0,100,"sd","11:03:50",1712300
10150,0,100,"sd","11:03:01",1712200
10250,100,2500,"bu","11:02:51",1712100
10200,50,2000,"bu","11:02:51",1709600
10200,50,500,"bu","11:02:51",1707600
10200,50,5000,"bu","11:02:51",1707100
10200,50,600,"bu","11:02:51",1702100
10200,50,2900,"bu","11:02:13",1701500
10200,50,1500,"bu","11:01:12",1698600
10200,50,1300,"bu","11:01:12",1697100
10200,50,200,"bu","11:01:12",1695800
10200,50,800,"bu","11:00:51",1695600
10200,50,4000,"bu","11:00:51",1694800
10200,50,200,"bu","11:00:50",1690800
10150,0,200,"unknown","11:00:36",1690600
10150,0,1600,"unknown","11:00:36",1690400
10150,0,500,"bu","11:00:34",1688800
10150,0,900,"bu","11:00:20",1688300
10150,0,100,"bu","11:00:20",1687400
10100,-50,100,"sd","11:00:14",1687300
10100,-50,200,"bu","10:59:50",1687200
10100,-50,1000,"bu","10:59:46",1687000
10100,-50,200,"bu","10:59:44",1686000
10100,-50,200,"bu","10:59:41",1685800
10100,-50,1000,"bu","10:59:36",1685600
10100,-50,1000,"bu","10:59:25",1684600
10100,-50,100,"bu","10:59:21",1683600
10100,-50,7700,"bu","10:59:21",1683500
10100,-50,1300,"bu","10:59:21",1675800
10100,-50,1000,"bu","10:59:21",1674500
10100,-50,2000,"bu","10:59:13",1673500
10100,-50,300,"bu","10:59:02",1671500
10050,-100,2000,"sd","10:58:20",1671200
10050,-100,3800,"sd","10:57:19",1669200
10050,-100,5000,"sd","10:57:19",1665400
10050,-100,1000,"sd","10:57:19",1660400
10050,-100,200,"sd","10:57:19",1659400
10050,-100,1800,"sd","10:55:51",1659200
10050,-100,100,"sd","10:55:51",1657400
10050,-100,1000,"sd","10:55:51",1657300
10050,-100,1000,"sd","10:55:51",1656300
10050,-100,200,"sd","10:55:51",1655300
10050,-100,500,"bu","10:55:02",1655100
10050,-100,200,"bu","10:54:56",1654600
10050,-100,500,"bu","10:54:54",1654400
10050,-100,500,"bu","10:54:54",1653900
10050,-100,5000,"bu","10:54:42",1653400
10000,-150,1600,"sd","10:54:29",1648400
10000,-150,200,"sd","10:54:29",1646800
10000,-150,1000,"sd","10:54:29",1646600
10000,-150,500,"sd","10:54:29",1645600
10000,-150,1200,"sd","10:54:29",1645100
10000,-150,6000,"sd","10:54:00",1643900
10000,-150,100,"sd","10:53:55",1637900
10050,-100,1000,"bu","10:53:52",1637800
10050,-100,300,"bu","10:53:32",1636800
10050,-100,1000,"bu","10:53:28",1636500
10050,-100,200,"bu","10:53:28",1635500
10000,-150,5500,"sd","10:53:27",1635300
10000,-150,400,"sd","10:53:26",1629800
10000,-150,1000,"sd","10:53:26",1629400
10000,-150,100,"sd","10:53:26",1628400
10000,-150,500,"sd","10:53:26",1628300
10000,-150,1000,"sd","10:53:26",1627800
10000,-150,500,"sd","10:53:26",1626800
10000,-150,300,"sd","10:53:26",1626300
10000,-150,5000,"sd","10:53:26",1626000
10000,-150,100,"sd","10:53:26",1621000
10000,-150,200,"sd","10:53:26",1620900
10000,-150,1000,"sd","10:53:26",1620700
10000,-150,200,"sd","10:53:26",1619700
10000,-150,20000,"sd","10:53:26",1619500
10000,-150,4600,"sd","10:53:26",1599500
10000,-150,300,"sd","10:53:26",1594900
10000,-150,14900,"sd","10:53:26",1594600
10000,-150,500,"sd","10:53:26",1579700
10000,-150,500,"sd","10:53:26",1579200
10000,-150,100,"sd","10:53:26",1578700
10000,-150,500,"sd","10:53:26",1578600
10000,-150,6000,"sd","10:53:26",1578100
10000,-150,6000,"sd","10:53:26",1572100
10000,-150,200,"sd","10:53:26",1566100
10000,-150,200,"sd","10:53:26",1565900
10000,-150,200,"sd","10:53:26",1565700
10000,-150,200,"sd","10:53:26",1565500
10050,-100,1000,"bu","10:53:24",1565300
10050,-100,500,"bu","10:53:21",1564300
10050,-100,200,"bu","10:53:21",1563800
10050,-100,200,"bu","10:53:16",1563600
10050,-100,100,"bu","10:53:09",1563400
10050,-100,900,"bu","10:53:09",1563300
10050,-100,1000,"bu","10:53:04",1562400
10000,-150,200,"sd","10:52:52",1561400
10000,-150,1800,"sd","10:52:52",1561200
10050,-100,100,"bu","10:52:48",1559400
10000,-150,4000,"sd","10:52:15",1559300
10000,-150,200,"sd","10:52:05",1555300
10000,-150,4000,"sd","10:52:04",1555100
10000,-150,1600,"sd","10:52:04",1551100
10000,-150,1500,"sd","10:52:04",1549500
10000,-150,900,"sd","10:52:04",1548000
10000,-150,2900,"sd","10:52:01",1547100
10000,-150,4700,"sd","10:51:41",1544200
10000,-150,1500,"sd","10:51:09",1539500
10000,-150,1000,"sd","10:51:09",1538000
10000,-150,100,"sd","10:51:09",1537000
10000,-150,1600,"sd","10:51:09",1536900
10000,-150,1000,"sd","10:51:09",1535300
10000,-150,19800,"sd","10:51:09",1534300
10000,-150,10200,"sd","10:50:55",1514500
10000,-150,1000,"sd","10:50:55",1504300
10000,-150,500,"sd","10:50:55",1503300
10000,-150,4000,"sd","10:50:55",1502800
10000,-150,1000,"sd","10:50:55",1498800
10000,-150,18900,"sd","10:50:55",1497800
10000,-150,1000,"sd","10:50:55",1478900
10000,-150,6000,"sd","10:50:55",1477900
10000,-150,500,"sd","10:50:55",1471900
10000,-150,500,"sd","10:50:55",1471400
10000,-150,300,"sd","10:50:55",1470900
10000,-150,100,"sd","10:50:55",1470600
10000,-150,3000,"sd","10:50:55",1470500
10000,-150,500,"sd","10:50:55",1467500
10000,-150,500,"sd","10:50:55",1467000
10000,-150,500,"sd","10:50:55",1466500
10000,-150,500,"sd","10:50:55",1466000
10000,-150,2000,"sd","10:50:55",1465500
10000,-150,900,"sd","10:50:55",1463500
10000,-150,1000,"sd","10:50:55",1462600
10000,-150,2000,"sd","10:50:55",1461600
10000,-150,700,"sd","10:50:55",1459600
10000,-150,5000,"sd","10:50:55",1458900
10000,-150,100,"sd","10:50:55",1453900
10000,-150,1000,"sd","10:50:55",1453800
10000,-150,1500,"sd","10:50:55",1452800
10000,-150,300,"sd","10:50:55",1451300
10000,-150,200,"sd","10:50:55",1451000
10000,-150,1000,"sd","10:50:55",1450800
10000,-150,100,"sd","10:50:55",1449800
10000,-150,200,"sd","10:50:55",1449700
10050,-100,100,"sd","10:50:55",1449500
10000,-150,10000,"sd","10:50:55",1449400
10050,-100,200,"sd","10:50:55",1439400
10000,-150,100,"sd","10:50:55",1439200
10050,-100,4700,"sd","10:50:55",1439100
10000,-150,500,"sd","10:50:55",1434400
10000,-150,100,"sd","10:50:55",1433900
10000,-150,500,"sd","10:50:55",1433800
10000,-150,2000,"sd","10:50:55",1433300
10000,-150,500,"sd","10:50:55",1431300
10000,-150,5000,"sd","10:50:55",1430800
10050,-100,200,"sd","10:50:55",1425800
10050,-100,100,"sd","10:50:55",1425600
10050,-100,1000,"sd","10:50:55",1425500
10050,-100,5000,"sd","10:50:55",1424500
10050,-100,300,"sd","10:50:16",1419500
10050,-100,9000,"sd","10:50:16",1419200
10050,-100,100,"sd","10:50:16",1410200
10050,-100,500,"sd","10:50:16",1410100
10050,-100,1000,"sd","10:50:16",1409600
10050,-100,1000,"sd","10:50:16",1408600
10050,-100,1000,"sd","10:50:16",1407600
10050,-100,1900,"sd","10:50:16",1406600
10050,-100,5000,"sd","10:50:15",1404700
10050,-100,5000,"sd","10:50:15",1399700
10050,-100,1000,"sd","10:50:15",1394700
10050,-100,5000,"sd","10:50:15",1393700
10050,-100,1800,"sd","10:50:15",1388700
10100,-50,200,"sd","10:50:15",1386900
10100,-50,500,"sd","10:50:15",1386700
10100,-50,500,"sd","10:50:15",1386200
10100,-50,200,"sd","10:50:15",1385700
10100,-50,1000,"sd","10:50:15",1385500
10100,-50,3000,"bu","10:49:45",1384500
10100,-50,2000,"bu","10:49:41",1381500
10050,-100,200,"sd","10:49:41",1379500
10050,-100,200,"sd","10:49:41",1379300
10050,-100,200,"sd","10:49:41",1379100
10050,-100,200,"sd","10:49:41",1378900
10050,-100,1000,"sd","10:49:41",1378700
10050,-100,200,"sd","10:49:41",1377700
10100,-50,5000,"bu","10:49:34",1377500
10100,-50,100,"bu","10:48:50",1372500
10100,-50,500,"bu","10:48:33",1372400
10100,-50,1000,"bu","10:48:24",1371900
10100,-50,100,"sd","10:48:12",1370900
10100,-50,900,"sd","10:48:12",1370800
10100,-50,500,"sd","10:48:12",1369900
10100,-50,100,"sd","10:48:12",1369400
10100,-50,100,"sd","10:48:12",1369300
10100,-50,300,"sd","10:48:12",1369200
10150,0,500,"bu","10:48:11",1368900
10100,-50,200,"bu","10:47:35",1368400
10100,-50,100,"bu","10:47:30",1368200
10100,-50,100,"bu","10:47:27",1368100
10100,-50,5000,"bu","10:47:18",1368000
10100,-50,400,"sd","10:47:11",1363000
10100,-50,100,"sd","10:47:11",1362600
10100,-50,600,"sd","10:47:11",1362500
10100,-50,400,"sd","10:47:11",1361900
10100,-50,100,"sd","10:47:11",1361500
10100,-50,100,"sd","10:47:11",1361400
10100,-50,1000,"sd","10:47:11",1361300
10100,-50,2000,"sd","10:47:11",1360300
10100,-50,1500,"sd","10:47:11",1358300
10100,-50,900,"sd","10:47:11",1356800
10100,-50,500,"sd","10:47:11",1355900
10100,-50,10000,"sd","10:47:11",1355400
10100,-50,1000,"sd","10:47:11",1345400
10100,-50,2300,"sd","10:47:11",1344400
10100,-50,100,"sd","10:47:11",1342100
10100,-50,100,"sd","10:47:11",1342000
10100,-50,1000,"sd","10:47:11",1341900
10100,-50,1000,"sd","10:47:11",1340900
10100,-50,1000,"sd","10:47:11",1339900
10100,-50,500,"sd","10:47:11",1338900
10150,0,500,"bu","10:46:35",1338400
10150,0,500,"bu","10:46:28",1337900
10150,0,400,"bu","10:46:16",1337400
10150,0,100,"bu","10:46:16",1337000
10150,0,100,"bu","10:46:00",1336900
10100,-50,100,"sd","10:45:51",1336800
10100,-50,5000,"sd","10:45:12",1336700
10150,0,900,"bu","10:44:51",1331700
10100,-50,2600,"sd","10:43:29",1330800
10100,-50,400,"sd","10:43:29",1328200
10100,-50,2000,"sd","10:43:29",1327800
10100,-50,200,"sd","10:43:29",1325800
10100,-50,100,"sd","10:43:29",1325600
10100,-50,1000,"sd","10:43:29",1325500
10100,-50,1000,"sd","10:43:29",1324500
10100,-50,600,"sd","10:43:29",1323500
10100,-50,1000,"sd","10:43:29",1322900
10100,-50,300,"sd","10:43:29",1321900
10100,-50,800,"sd","10:43:29",1321600
10150,0,100,"bu","10:43:28",1320800
10100,-50,100,"sd","10:42:52",1320700
10150,0,500,"bu","10:42:48",1320600
10150,0,100,"bu","10:42:39",1320100
10150,0,100,"bu","10:42:39",1320000
10150,0,1000,"bu","10:42:39",1319900
10150,0,100,"bu","10:42:39",1318900
10150,0,1000,"bu","10:41:31",1318800
10150,0,900,"bu","10:41:31",1317800
10150,0,100,"sd","10:41:04",1316900
10150,0,200,"sd","10:41:04",1316800
10200,50,1400,"bu","10:40:19",1316600
10200,50,3900,"bu","10:40:19",1315200
10150,0,4700,"bu","10:40:19",1311300
10150,0,8800,"bu","10:39:58",1306600
10150,0,300,"sd","10:39:04",1297800
10150,0,400,"sd","10:39:04",1297500
10150,0,2000,"sd","10:39:04",1297100
10200,50,1100,"sd","10:38:49",1295100
10200,50,900,"bu","10:38:39",1294000
10150,0,8000,"sd","10:38:32",1293100
10150,0,2000,"sd","10:38:32",1285100
10150,0,3000,"sd","10:38:05",1283100
10100,-50,100,"sd","10:37:52",1280100
10100,-50,2000,"sd","10:37:52",1280000
10100,-50,500,"sd","10:37:52",1278000
10100,-50,3000,"sd","10:37:52",1277500
10100,-50,500,"sd","10:37:52",1274500
10100,-50,1000,"sd","10:37:52",1274000
10100,-50,5000,"sd","10:37:52",1273000
10100,-50,100,"sd","10:37:52",1268000
10100,-50,1000,"sd","10:37:52",1267900
10100,-50,2000,"sd","10:37:52",1266900
10100,-50,100,"sd","10:37:52",1264900
10100,-50,300,"sd","10:37:52",1264800
10100,-50,1000,"sd","10:37:52",1264500
10100,-50,2000,"sd","10:37:52",1263500
10100,-50,200,"sd","10:37:52",1261500
10100,-50,200,"sd","10:37:52",1261300
10100,-50,2000,"sd","10:37:52",1261100
10100,-50,200,"sd","10:37:52",1259100
10100,-50,100,"sd","10:37:52",1258900
10100,-50,500,"sd","10:37:52",1258800
10100,-50,100,"sd","10:37:52",1258300
10100,-50,100,"sd","10:37:52",1258200
10100,-50,1500,"sd","10:37:52",1258100
10150,0,500,"sd","10:37:52",1256600
10100,-50,3000,"sd","10:37:52",1256100
10150,0,1000,"sd","10:37:52",1253100
10100,-50,50000,"sd","10:37:52",1252100
10150,0,500,"sd","10:37:52",1202100
10150,0,1000,"sd","10:37:52",1201600
10100,-50,200,"sd","10:37:52",1200600
10150,0,100,"sd","10:37:52",1200400
10100,-50,1000,"sd","10:37:52",1200300
10100,-50,700,"sd","10:37:52",1199300
10100,-50,500,"sd","10:37:52",1198600
10150,0,4100,"sd","10:36:55",1198100
10200,50,900,"sd","10:36:55",1194000
10200,50,100,"sd","10:36:45",1193100
10250,100,6000,"bu","10:36:44",1193000
10250,100,1500,"bu","10:36:44",1187000
10250,100,7500,"bu","10:36:44",1185500
10150,0,45900,"sd","10:36:27",1178000
10150,0,100,"sd","10:36:27",1132100
10150,0,500,"sd","10:36:27",1132000
10150,0,1000,"sd","10:36:27",1131500
10150,0,100,"sd","10:36:27",1130500
10150,0,100,"sd","10:36:27",1130400
10150,0,10000,"sd","10:36:27",1130300
10150,0,500,"sd","10:36:27",1120300
10150,0,3000,"sd","10:36:27",1119800
10150,0,500,"sd","10:36:27",1116800
10150,0,2000,"sd","10:36:27",1116300
10150,0,1000,"sd","10:36:27",1114300
10150,0,100,"sd","10:36:27",1113300
10150,0,1000,"sd","10:36:27",1113200
10150,0,1000,"sd","10:36:27",1112200
10150,0,22000,"sd","10:36:27",1111200
10150,0,10000,"sd","10:36:27",1089200
10150,0,1000,"sd","10:36:27",1079200
10150,0,10000,"sd","10:36:27",1078200
10150,0,1000,"sd","10:36:27",1068200
10150,0,2000,"sd","10:36:27",1067200
10150,0,2000,"sd","10:36:27",1065200
10150,0,1000,"sd","10:36:27",1063200
10150,0,1000,"sd","10:36:27",1062200
10150,0,200,"sd","10:36:27",1061200
10150,0,2000,"sd","10:36:26",1061000
10150,0,2000,"sd","10:36:26",1059000
10150,0,2500,"sd","10:36:26",1057000
10150,0,1400,"sd","10:36:26",1054500
10150,0,300,"sd","10:36:26",1053100
10150,0,500,"sd","10:36:26",1052800
10150,0,700,"sd","10:36:26",1052300
10150,0,1500,"sd","10:36:26",1051600
10150,0,20000,"sd","10:36:26",1050100
10200,50,5100,"sd","10:36:26",1030100
10200,50,4900,"bu","10:36:19",1025000
10200,50,2900,"bu","10:36:07",1020100
10200,50,100,"bu","10:36:07",1017200
10200,50,500,"bu","10:35:28",1017100
10200,50,700,"sd","10:35:19",1016600
10200,50,800,"bu","10:35:03",1015900
10200,50,1500,"sd","10:35:01",1015100
10200,50,200,"sd","10:34:39",1013600
10200,50,3000,"sd","10:34:39",1013400
10200,50,1200,"sd","10:34:39",1010400
10200,50,2000,"sd","10:34:39",1009200
10200,50,2000,"bu","10:34:39",1007200
10200,50,100,"bu","10:34:39",1005200
10200,50,100,"bu","10:33:46",1005100
10200,50,500,"bu","10:33:25",1005000
10200,50,800,"bu","10:33:23",1004500
10200,50,500,"bu","10:33:12",1003700
10200,50,200,"sd","10:33:08",1003200
10200,50,1000,"sd","10:33:08",1003000
10200,50,300,"sd","10:33:08",1002000
10200,50,500,"sd","10:33:08",1001700
10200,50,100,"sd","10:33:08",1001200
10200,50,1000,"sd","10:33:08",1001100
10200,50,900,"sd","10:33:08",1000100
10200,50,200,"sd","10:33:08",999200
10200,50,1000,"sd","10:33:08",999000
10200,50,8300,"sd","10:33:08",998000
10200,50,6500,"sd","10:32:57",989700
10250,100,500,"bu","10:32:56",983200
10200,50,8200,"sd","10:32:51",982700
10200,50,5500,"sd","10:32:45",974500
10200,50,1500,"sd","10:32:39",969000
10200,50,100,"sd","10:32:39",967500
10200,50,200,"sd","10:32:39",967400
10200,50,3800,"sd","10:32:39",967200
10250,100,100,"bu","10:32:35",963400
10200,50,6200,"sd","10:32:34",963300
10200,50,1000,"sd","10:32:34",957100
10200,50,1000,"sd","10:32:34",956100
10200,50,10000,"sd","10:32:29",955100
10250,100,1900,"sd","10:32:05",945100
10250,100,4100,"bu","10:31:22",943200
10250,100,3500,"sd","10:30:57",939100
10250,100,12400,"sd","10:30:57",935600
10250,100,2000,"sd","10:30:33",923200
10250,100,200,"sd","10:30:16",921200
10250,100,1200,"sd","10:29:47",921000
10250,100,1000,"sd","10:29:16",919800
10250,100,2000,"sd","10:28:11",918800
10250,100,1000,"bu","10:28:04",916800
10250,100,200,"bu","10:28:04",915800
10250,100,200,"bu","10:27:38",915600
10250,100,400,"bu","10:27:25",915400
10250,100,200,"bu","10:26:29",915000
10250,100,5000,"bu","10:26:29",914800
10250,100,10000,"bu","10:26:29",909800
10250,100,1000,"bu","10:26:29",899800
10250,100,1000,"bu","10:26:29",898800
10250,100,10000,"bu","10:26:29",897800
10250,100,2800,"bu","10:26:29",887800
10200,50,100,"sd","10:25:31",885000
10200,50,400,"sd","10:25:30",884900
10200,50,400,"sd","10:25:30",884500
10200,50,1600,"sd","10:24:42",884100
10200,50,400,"sd","10:24:42",882500
10200,50,1000,"sd","10:24:32",882100
10200,50,1000,"sd","10:24:32",881100
10200,50,7200,"sd","10:24:26",880100
10200,50,3200,"sd","10:24:16",872900
10200,50,1000,"bu","10:24:13",869700
10200,50,1000,"bu","10:24:13",868700
10200,50,10000,"bu","10:24:13",867700
10200,50,1000,"bu","10:24:13",857700
10200,50,3000,"bu","10:24:13",856700
10200,50,1200,"bu","10:24:13",853700
10200,50,3800,"bu","10:23:59",852500
10200,50,6200,"bu","10:23:59",848700
10200,50,300,"bu","10:23:58",842500
10200,50,300,"bu","10:23:10",842200
10200,50,3200,"bu","10:22:36",841900
10200,50,1000,"bu","10:22:36",838700
10200,50,1500,"bu","10:22:36",837700
10200,50,4300,"bu","10:22:36",836200
10200,50,1000,"bu","10:21:59",831900
10200,50,2300,"bu","10:21:26",830900
10200,50,500,"bu","10:21:06",828600
10200,50,1900,"bu","10:20:29",828100
10200,50,1100,"bu","10:20:29",826200
10200,50,500,"bu","10:20:25",825100
10200,50,100,"bu","10:20:00",824600
10200,50,500,"bu","10:19:47",824500
10200,50,900,"bu","10:19:47",824000
10200,50,1000,"sd","10:19:39",823100
10200,50,13100,"bu","10:19:23",822100
10200,50,500,"bu","10:19:12",809000
10200,50,100,"bu","10:19:07",808500
10200,50,6300,"bu","10:17:53",808400
10200,50,5000,"bu","10:17:53",802100
10200,50,300,"bu","10:17:53",797100
10200,50,500,"bu","10:17:30",796800
10200,50,200,"sd","10:17:21",796300
10200,50,6000,"sd","10:17:21",796100
10200,50,9000,"sd","10:17:15",790100
10200,50,3000,"sd","10:17:09",781100
10200,50,2000,"sd","10:17:06",778100
10200,50,2000,"bu","10:17:06",776100
10200,50,5200,"sd","10:16:54",774100
10200,50,500,"sd","10:16:47",768900
10200,50,1100,"sd","10:16:47",768400
10200,50,1100,"bu","10:16:47",767300
10200,50,300,"bu","10:16:47",766200
10200,50,5000,"bu","10:16:29",765900
10200,50,600,"bu","10:16:29",760900
10200,50,1500,"bu","10:16:29",760300
10200,50,600,"bu","10:16:29",758800
10200,50,800,"bu","10:16:29",758200
10200,50,1500,"bu","10:16:29",757400
10200,50,1600,"bu","10:16:03",755900
10200,50,200,"bu","10:15:47",754300
10200,50,300,"bu","10:15:24",754100
10200,50,900,"bu","10:15:20",753800
10200,50,500,"bu","10:14:35",752900
10200,50,2100,"bu","10:14:34",752400
10200,50,200,"bu","10:13:54",750300
10200,50,4300,"sd","10:13:53",750100
10200,50,2800,"bu","10:13:47",745800
10200,50,900,"bu","10:13:47",743000
10200,50,1700,"bu","10:13:30",742100
10200,50,1500,"bu","10:13:30",740400
10200,50,1000,"bu","10:13:30",738900
10200,50,5800,"bu","10:13:30",737900
10200,50,300,"bu","10:13:02",732100
10200,50,3900,"sd","10:12:49",731800
10200,50,3500,"sd","10:12:41",727900
10200,50,1500,"sd","10:12:31",724400
10200,50,300,"sd","10:12:28",722900
10200,50,800,"bu","10:12:24",722600
10200,50,9200,"bu","10:12:21",721800
10200,50,10000,"bu","10:12:21",712600
10200,50,800,"bu","10:12:21",702600
10200,50,500,"bu","10:11:43",701800
10200,50,500,"bu","10:11:42",701300
10200,50,500,"bu","10:11:36",700800
10200,50,500,"bu","10:11:36",700300
10200,50,500,"bu","10:10:58",699800
10200,50,2000,"bu","10:09:35",699300
10200,50,1000,"bu","10:09:09",697300
10200,50,2000,"bu","10:08:25",696300
10200,50,100,"bu","10:08:06",694300
10200,50,700,"bu","10:07:15",694200
10200,50,300,"bu","10:07:15",693500
10200,50,1000,"bu","10:06:48",693200
10200,50,500,"sd","10:06:24",692200
10200,50,500,"sd","10:06:24",691700
10200,50,1000,"sd","10:06:24",691200
10200,50,300,"sd","10:06:12",690200
10200,50,5000,"sd","10:06:06",689900
10200,50,3400,"sd","10:05:59",684900
10200,50,300,"sd","10:05:51",681500
10200,50,1200,"bu","10:05:44",681200
10200,50,1000,"bu","10:05:44",680000
10200,50,800,"bu","10:05:44",679000
10200,50,600,"bu","10:05:20",678200
10200,50,700,"bu","10:05:20",677600
10200,50,700,"bu","10:04:43",676900
10200,50,100,"bu","10:04:40",676200
10200,50,500,"bu","10:04:27",676100
10200,50,1000,"bu","10:04:27",675600
10200,50,8500,"bu","10:04:27",674600
10200,50,500,"bu","10:02:53",666100
10200,50,1000,"sd","10:02:35",665600
10200,50,1000,"sd","10:02:29",664600
10200,50,1400,"sd","10:02:29",663600
10200,50,800,"sd","10:02:29",662200
10200,50,500,"sd","10:02:27",661400
10200,50,3700,"sd","10:02:23",660900
10200,50,500,"sd","10:02:23",657200
10200,50,800,"sd","10:02:23",656700
10200,50,1200,"sd","10:02:17",655900
10200,50,1000,"sd","10:02:17",654700
10200,50,1000,"sd","10:02:17",653700
10200,50,1000,"sd","10:02:17",652700
10200,50,2400,"sd","10:02:17",651700
10200,50,2200,"sd","10:02:10",649300
10200,50,8800,"sd","10:02:04",647100
10200,50,5000,"sd","10:02:00",638300
10200,50,1000,"sd","10:01:28",633300
10200,50,5000,"sd","10:01:26",632300
10200,50,5200,"sd","10:01:20",627300
10200,50,3200,"sd","10:01:09",622100
10200,50,7000,"sd","10:00:56",618900
10200,50,200,"sd","10:00:30",611900
10200,50,200,"sd","10:00:30",611700
10200,50,1000,"sd","10:00:30",611500
10200,50,4100,"sd","10:00:30",610500
10200,50,5900,"sd","10:00:23",606400
10200,50,1000,"sd","10:00:23",600500
10200,50,1000,"sd","10:00:23",599500
10200,50,100,"sd","10:00:23",598500
10200,50,100,"sd","10:00:23",598400
10200,50,400,"sd","10:00:23",598300
10200,50,1500,"sd","10:00:23",597900
10200,50,2000,"sd","10:00:20",596400
10200,50,300,"sd","10:00:02",594400
10250,100,200,"bu","09:57:53",594100
10250,100,500,"bu","09:57:41",593900
10250,100,900,"bu","09:57:30",593400
10250,100,5100,"bu","09:57:30",592500
10250,100,500,"bu","09:57:28",587400
10250,100,1500,"bu","09:57:16",586900
10200,50,6200,"sd","09:57:14",585400
10200,50,1000,"sd","09:57:14",579200
10200,50,100,"sd","09:57:14",578200
10200,50,100,"sd","09:57:14",578100
10200,50,500,"sd","09:57:14",578000
10200,50,2100,"sd","09:57:14",577500
10200,50,1000,"sd","09:56:41",575400
10200,50,2200,"sd","09:56:27",574400
10200,50,1000,"sd","09:56:08",572200
10200,50,3700,"sd","09:55:54",571200
10200,50,300,"sd","09:55:54",567500
10250,100,1000,"bu","09:55:10",567200
10200,50,5000,"sd","09:54:58",566200
10250,100,1900,"bu","09:54:36",561200
10250,100,1100,"bu","09:54:36",559300
10200,50,2800,"sd","09:54:13",558200
10250,100,300,"bu","09:53:10",555400
10250,100,500,"bu","09:53:00",555100
10250,100,300,"bu","09:52:39",554600
10250,100,1000,"bu","09:52:39",554300
10250,100,700,"bu","09:52:39",553300
10200,50,1500,"sd","09:51:52",552600
10200,50,100,"sd","09:51:29",551100
10200,50,600,"sd","09:51:10",551000
10200,50,100,"sd","09:51:10",550400
10200,50,300,"sd","09:51:10",550300
10200,50,200,"sd","09:50:33",550000
10200,50,3000,"unknown","09:50:00",549800
10200,50,7000,"bu","09:49:51",546800
10200,50,3000,"bu","09:49:51",539800
10200,50,100,"bu","09:49:47",536800
10200,50,100,"bu","09:49:39",536700
10200,50,900,"bu","09:48:58",536600
10200,50,500,"bu","09:48:39",535700
10200,50,1000,"bu","09:48:39",535200
10200,50,6000,"bu","09:48:39",534200
10200,50,100,"bu","09:48:39",528200
10200,50,900,"bu","09:48:39",528100
10200,50,100,"bu","09:48:39",527200
10200,50,500,"bu","09:48:39",527100
10200,50,2000,"bu","09:48:39",526600
10200,50,500,"bu","09:48:39",524600
10200,50,500,"bu","09:48:39",524100
10200,50,2000,"bu","09:48:39",523600
10200,50,100,"bu","09:48:38",521600
10200,50,100,"bu","09:48:38",521500
10200,50,100,"bu","09:48:38",521400
10200,50,900,"bu","09:48:38",521300
10200,50,1100,"bu","09:48:38",520400
10200,50,5000,"bu","09:48:38",519300
10200,50,600,"bu","09:48:38",514300
10200,50,1100,"bu","09:48:38",513700
10200,50,1000,"sd","09:48:38",512600
10200,50,100,"sd","09:48:21",511600
10200,50,200,"sd","09:48:21",511500
10200,50,5700,"sd","09:48:21",511300
10200,50,4300,"sd","09:48:16",505600
10200,50,4500,"sd","09:48:16",501300
10250,100,200,"bu","09:48:11",496800
10250,100,6800,"bu","09:48:11",496600
10200,50,500,"sd","09:48:10",489800
10200,50,1000,"sd","09:48:10",489300
10200,50,100,"sd","09:48:10",488300
10200,50,100,"sd","09:48:10",488200
10200,50,100,"sd","09:48:10",488100
10200,50,200,"sd","09:48:10",488000
10250,100,2000,"bu","09:47:36",487800
10250,100,300,"bu","09:47:29",485800
10250,100,500,"sd","09:47:18",485500
10250,100,400,"sd","09:47:18",485000
10250,100,1100,"sd","09:47:10",484600
10250,100,300,"bu","09:46:56",483500
10250,100,2700,"bu","09:46:50",483200
10250,100,200,"bu","09:46:50",480500
10250,100,100,"bu","09:46:34",480300
10250,100,100,"bu","09:46:10",480200
10250,100,500,"sd","09:45:19",480100
10250,100,300,"sd","09:45:19",479600
10250,100,300,"sd","09:45:13",479300
10250,100,1000,"sd","09:45:02",479000
10250,100,400,"sd","09:45:02",478000
10250,100,100,"bu","09:45:01",477600
10250,100,200,"bu","09:44:29",477500
10250,100,100,"sd","09:44:08",477300
10250,100,800,"sd","09:44:08",477200
10250,100,2000,"sd","09:43:59",476400
10250,100,5200,"sd","09:43:52",474400
10250,100,100,"sd","09:43:52",469200
10250,100,500,"sd","09:43:52",469100
10250,100,500,"sd","09:43:52",468600
10250,100,100,"sd","09:43:52",468100
10250,100,400,"sd","09:43:52",468000
10250,100,200,"sd","09:43:52",467600
10250,100,1200,"sd","09:43:52",467400
10250,100,1100,"sd","09:43:46",466200
10250,100,1000,"sd","09:43:46",465100
10250,100,1000,"sd","09:43:46",464100
10250,100,2000,"sd","09:43:46",463100
10250,100,1200,"sd","09:43:46",461100
10250,100,500,"sd","09:43:46",459900
10250,100,3200,"sd","09:43:46",459400
10250,100,100,"sd","09:43:38",456200
10250,100,100,"sd","09:43:38",456100
10250,100,500,"sd","09:43:31",456000
10250,100,1000,"sd","09:43:31",455500
10250,100,500,"sd","09:43:31",454500
10250,100,500,"sd","09:43:30",454000
10250,100,1100,"sd","09:43:30",453500
10250,100,400,"sd","09:43:30",452400
10250,100,400,"sd","09:43:29",452000
10250,100,500,"sd","09:43:29",451600
10250,100,1100,"sd","09:43:29",451100
10250,100,2000,"sd","09:43:28",450000
10300,150,100,"bu","09:42:47",448000
10300,150,1000,"bu","09:42:03",447900
10250,100,100,"sd","09:41:47",446900
10300,150,100,"sd","09:41:35",446800
10300,150,100,"sd","09:41:20",446700
10300,150,2100,"sd","09:41:20",446600
10300,150,5000,"sd","09:41:15",444500
10300,150,700,"sd","09:41:13",439500
10300,150,2000,"sd","09:41:08",438800
10300,150,7000,"sd","09:41:02",436800
10300,150,1600,"sd","09:40:56",429800
10300,150,1600,"bu","09:40:50",428200
10300,150,100,"sd","09:40:41",426600
10300,150,100,"sd","09:40:24",426500
10300,150,900,"bu","09:39:45",426400
10300,150,1000,"sd","09:39:32",425500
10300,150,100,"sd","09:39:32",424500
10300,150,300,"sd","09:39:27",424400
10300,150,1100,"sd","09:39:05",424100
10300,150,3300,"sd","09:38:57",423000
10350,200,100,"bu","09:38:51",419700
10300,150,5000,"sd","09:38:48",419600
10300,150,2000,"sd","09:38:41",414600
10300,150,3200,"bu","09:38:37",412600
10300,150,400,"sd","09:38:28",409400
10300,150,1400,"sd","09:38:07",409000
10300,150,500,"sd","09:38:07",407600
10300,150,100,"sd","09:38:07",407100
10300,150,200,"sd","09:38:07",407000
10300,150,400,"sd","09:37:56",406800
10300,150,1400,"sd","09:37:56",406400
10300,150,400,"sd","09:37:45",405000
10300,150,3300,"sd","09:37:35",404600
10300,150,600,"sd","09:37:30",401300
10300,150,2800,"bu","09:37:25",400700
10300,150,1500,"bu","09:37:25",397900
10300,150,1500,"bu","09:37:10",396400
10300,150,1000,"bu","09:37:10",394900
10300,150,500,"bu","09:37:10",393900
10300,150,500,"bu","09:36:21",393400
10250,100,3600,"sd","09:35:38",392900
10300,150,100,"bu","09:35:32",389300
10250,100,2000,"sd","09:33:47",389200
10300,150,800,"bu","09:33:44",387200
10300,150,2500,"bu","09:33:23",386400
10300,150,100,"bu","09:33:23",383900
10300,150,500,"bu","09:33:23",383800
10300,150,1000,"bu","09:33:23",383300
10300,150,4500,"bu","09:33:23",382300
10300,150,500,"bu","09:32:09",377800
10300,150,1500,"bu","09:32:09",377300
10300,150,400,"bu","09:31:52",375800
10300,150,600,"bu","09:31:52",375400
10300,150,900,"bu","09:31:31",374800
10250,100,700,"sd","09:31:31",373900
10250,100,2400,"sd","09:31:03",373200
10250,100,500,"sd","09:31:03",370800
10300,150,200,"bu","09:30:30",370300
10300,150,400,"bu","09:29:14",370100
10300,150,12900,"sd","09:29:14",369700
10300,150,5000,"sd","09:29:10",356800
10300,150,2100,"sd","09:29:05",351800
10300,150,800,"sd","09:29:05",349700
10300,150,200,"sd","09:29:00",348900
10300,150,100,"sd","09:29:00",348700
10300,150,100,"sd","09:29:00",348600
10300,150,500,"sd","09:29:00",348500
10300,150,100,"sd","09:29:00",348000
10300,150,2000,"sd","09:29:00",347900
10300,150,1000,"sd","09:28:54",345900
10300,150,100,"sd","09:28:54",344900
10300,150,200,"sd","09:28:54",344800
10300,150,500,"sd","09:28:54",344600
10300,150,1200,"sd","09:28:54",344100
10300,150,800,"sd","09:28:54",342900
10300,150,8000,"sd","09:28:48",342100
10300,150,3000,"sd","09:28:41",334100
10300,150,1800,"sd","09:28:35",331100
10300,150,3300,"sd","09:28:30",329300
10300,150,1900,"sd","09:28:17",326000
10300,150,100,"sd","09:28:17",324100
10350,200,100,"bu","09:28:13",324000
10350,200,1400,"bu","09:28:13",323900
10350,200,800,"sd","09:27:56",322500
10350,200,3200,"bu","09:27:50",321700
10350,200,800,"bu","09:27:34",318500
10400,250,1000,"bu","09:27:25",317700
10350,200,1000,"sd","09:27:21",316700
10400,250,9800,"sd","09:27:14",315700
10400,250,2000,"sd","09:27:12",305900
10400,250,4000,"sd","09:27:06",303900
10400,250,6200,"bu","09:26:59",299900
10350,200,6000,"bu","09:26:59",293700
10400,250,2000,"bu","09:26:59",287700
10350,200,1000,"sd","09:26:57",285700
10350,200,500,"sd","09:26:56",284700
10350,200,3000,"sd","09:26:56",284200
10350,200,5000,"sd","09:26:50",281200
10350,200,1300,"sd","09:26:48",276200
10350,200,4200,"sd","09:26:43",274900
10350,200,800,"sd","09:26:43",270700
10350,200,600,"sd","09:26:33",269900
10350,200,600,"sd","09:26:33",269300
10350,200,1400,"sd","09:26:21",268700
10350,200,300,"sd","09:26:21",267300
10350,200,300,"sd","09:26:21",267000
10400,250,600,"sd","09:24:52",266700
10400,250,1000,"unknown","09:24:39",266100
10400,250,500,"unknown","09:24:39",265100
10400,250,200,"unknown","09:24:39",264600
10400,250,200,"sd","09:23:53",264400
10400,250,600,"sd","09:23:53",264200
10400,250,100,"sd","09:23:40",263600
10400,250,200,"sd","09:23:34",263500
10400,250,300,"sd","09:23:34",263300
10400,250,200,"sd","09:23:21",263000
10400,250,300,"sd","09:23:21",262800
10450,300,100,"bu","09:23:02",262500
10450,300,400,"bu","09:23:02",262400
10400,250,400,"sd","09:22:54",262000
10400,250,100,"sd","09:22:54",261600
10400,250,500,"sd","09:22:50",261500
10450,300,100,"sd","09:21:15",261000
10450,300,400,"sd","09:20:59",260900
10450,300,500,"sd","09:20:59",260500
10450,300,1000,"sd","09:20:54",260000
10450,300,500,"sd","09:20:48",259000
10450,300,500,"sd","09:20:48",258500
10500,350,500,"bu","09:20:19",258000
10500,350,200,"bu","09:20:08",257500
10500,350,300,"bu","09:19:59",257300
10500,350,500,"bu","09:19:59",257000
10500,350,300,"bu","09:19:46",256500
10500,350,300,"bu","09:19:43",256200
10500,350,1000,"bu","09:19:41",255900
10500,350,2400,"bu","09:19:27",254900
10500,350,500,"bu","09:19:27",252500
10500,350,100,"bu","09:19:27",252000
10500,350,3800,"bu","09:19:27",251900
10500,350,6200,"bu","09:19:01",248100
10500,350,100,"bu","09:19:01",241900
10500,350,200,"bu","09:19:01",241800
10500,350,10000,"bu","09:19:01",241600
10500,350,2500,"bu","09:19:01",231600
10450,300,1000,"bu","09:19:01",229100
10450,300,100,"bu","09:18:51",228100
10450,300,200,"bu","09:18:51",228000
10300,150,400,"sd","09:18:36",227800
10300,150,1500,"sd","09:18:08",227400
10300,150,1000,"sd","09:18:08",225900
10300,150,100,"sd","09:18:08",224900
10300,150,1000,"sd","09:18:08",224800
10300,150,1400,"sd","09:18:08",223800
10350,200,1500,"sd","09:18:08",222400
10450,300,200,"bu","09:18:06",220900
10450,300,500,"bu","09:18:02",220700
10300,150,200,"sd","09:17:57",220200
10450,300,1000,"bu","09:17:57",220000
10450,300,200,"bu","09:17:54",219000
10450,300,200,"bu","09:17:41",218800
10300,150,400,"bu","09:17:28",218600
10500,350,500,"bu","09:17:20",218200
10300,150,1500,"bu","09:17:20",217700
10300,150,200,"bu","09:17:03",216200
10300,150,200,"bu","09:16:59",216000
10300,150,200,"bu","09:16:57",215800
10300,150,200,"bu","09:16:55",215600
10300,150,600,"bu","09:16:50",215400
10300,150,1000,"sd","09:16:39",214800
10300,150,300,"sd","09:16:39",213800
10300,150,100,"sd","09:16:39",213500
10300,150,100,"sd","09:16:39",213400
10300,150,600,"sd","09:16:39",213300
10450,300,700,"bu","09:16:38",212700
10450,300,200,"bu","09:16:38",212000
10350,200,100,"bu","09:16:38",211800
10300,150,200,"sd","09:16:21",211700
10300,150,200,"sd","09:15:28",211500
10500,350,600,"bu","09:15:27",211300
10500,350,1000,"bu","09:15:27",210700
10550,400,209700,"bu","09:15:01",209700
