"price","change","match_qtty","side","time","total_vol"
15750,-150,466800,"unknown","14:45:00",5767500
15850,-50,300,"sd","14:29:57",5300700
15900,0,200,"bu","14:29:53",5300400
15900,0,2000,"bu","14:29:53",5300200
15900,0,3800,"bu","14:29:53",5298200
15850,-50,200,"sd","14:29:49",5294400
15850,-50,3600,"sd","14:29:48",5294200
15850,-50,300,"sd","14:29:48",5290600
15850,-50,23100,"sd","14:29:48",5290300
15850,-50,500,"sd","14:29:43",5267200
15850,-50,100,"sd","14:29:33",5266700
15900,0,1000,"bu","14:29:31",5266600
15850,-50,1300,"sd","14:29:29",5265600
15850,-50,3700,"sd","14:29:29",5264300
15850,-50,2300,"sd","14:29:25",5260600
15850,-50,500,"sd","14:29:25",5258300
15850,-50,100,"sd","14:29:25",5257800
15850,-50,100,"sd","14:29:25",5257700
15850,-50,200,"sd","14:29:25",5257600
15850,-50,1000,"sd","14:29:25",5257400
15850,-50,100,"sd","14:29:25",5256400
15850,-50,100,"sd","14:29:25",5256300
15850,-50,100,"sd","14:29:25",5256200
15850,-50,100,"sd","14:29:25",5256100
15850,-50,100,"sd","14:29:25",5256000
15850,-50,500,"sd","14:29:25",5255900
15850,-50,100,"sd","14:29:25",5255400
15850,-50,1500,"sd","14:29:25",5255300
15850,-50,100,"sd","14:29:25",5253800
15850,-50,400,"sd","14:29:25",5253700
15850,-50,11700,"sd","14:29:25",5253300
15850,-50,1300,"sd","14:29:25",5241600
15850,-50,1000,"sd","14:29:22",5240300
15900,0,200,"bu","14:29:09",5239300
15900,0,800,"bu","14:29:09",5239100
15900,0,200,"bu","14:29:08",5238300
15850,-50,6000,"sd","14:29:05",5238100
15850,-50,1700,"sd","14:29:05",5232100
15850,-50,3300,"sd","14:28:51",5230400
15850,-50,600,"sd","14:28:51",5227100
15850,-50,600,"sd","14:28:51",5226500
15850,-50,1000,"sd","14:28:51",5225900
15850,-50,1000,"sd","14:28:51",5224900
15850,-50,500,"sd","14:28:51",5223900
15850,-50,2000,"sd","14:28:51",5223400
15850,-50,500,"sd","14:28:22",5221400
15850,-50,1000,"sd","14:28:22",5220900
15850,-50,100,"sd","14:28:22",5219900
15850,-50,1000,"sd","14:28:22",5219800
15850,-50,400,"sd","14:28:22",5218800
15900,0,100,"bu","14:28:15",5218400
15900,0,1000,"bu","14:27:59",5218300
15850,-50,300,"sd","14:27:59",5217300
15850,-50,100,"sd","14:27:59",5217000
15900,0,200,"bu","14:27:44",5216900
15900,0,700,"bu","14:27:44",5216700
15850,-50,400,"sd","14:27:42",5216000
15900,0,400,"bu","14:27:41",5215600
15900,0,200,"bu","14:27:38",5215200
15900,0,100,"bu","14:27:38",5215000
15900,0,200,"bu","14:27:38",5214900
15900,0,100,"sd","14:27:25",5214700
15900,0,100,"sd","14:27:25",5214600
15900,0,100,"sd","14:27:20",5214500
15900,0,200,"sd","14:27:20",5214400
15900,0,700,"sd","14:27:20",5214200
15900,0,500,"sd","14:27:18",5213500
15900,0,5000,"sd","14:27:17",5213000
15900,0,300,"sd","14:27:09",5208000
15900,0,1000,"sd","14:27:08",5207700
15900,0,500,"sd","14:27:01",5206700
15900,0,9600,"sd","14:26:58",5206200
15900,0,300,"sd","14:26:52",5196600
15900,0,8300,"sd","14:26:48",5196300
15900,0,1600,"sd","14:26:48",5188000
15900,0,400,"sd","14:26:35",5186400
15900,0,2200,"sd","14:26:26",5186000
15900,0,100,"sd","14:26:26",5183800
15900,0,200,"sd","14:26:26",5183700
15900,0,300,"sd","14:26:26",5183500
15900,0,200,"sd","14:26:26",5183200
15900,0,100,"sd","14:26:18",5183000
15900,0,900,"sd","14:26:18",5182900
15900,0,100,"sd","14:26:18",5182000
15900,0,200,"sd","14:26:18",5181900
15950,50,2000,"bu","14:26:14",5181700
15900,0,300,"sd","14:26:02",5179700
15900,0,200,"sd","14:25:59",5179400
15900,0,4300,"sd","14:25:50",5179200
15900,0,700,"sd","14:25:50",5174900
15900,0,300,"sd","14:25:45",5174200
15950,50,500,"bu","14:25:37",5173900
15950,50,100,"bu","14:25:29",5173400
15950,50,500,"bu","14:25:29",5173300
15950,50,2000,"bu","14:25:29",5172800
15950,50,400,"bu","14:25:29",5170800
15900,0,300,"sd","14:25:28",5170400
15900,0,3000,"sd","14:25:18",5170100
15900,0,400,"sd","14:25:11",5167100
15950,50,1100,"bu","14:25:08",5166700
15950,50,500,"bu","14:25:08",5165600
15950,50,1000,"bu","14:25:08",5165100
15950,50,4700,"bu","14:25:07",5164100
15900,0,300,"sd","14:24:54",5159400
15900,0,300,"sd","14:24:38",5159100
15950,50,300,"bu","14:24:33",5158800
15900,0,300,"sd","14:24:21",5158500
15900,0,100,"sd","14:24:15",5158200
15900,0,700,"sd","14:24:14",5158100
15900,0,1000,"bu","14:24:10",5157400
15900,0,1800,"bu","14:24:10",5156400
15900,0,200,"bu","14:24:10",5154600
15900,0,2300,"bu","14:24:10",5154400
15900,0,1000,"bu","14:24:09",5152100
15850,-50,500,"sd","14:24:07",5151100
15850,-50,100,"sd","14:24:07",5150600
15850,-50,1000,"sd","14:24:07",5150500
15850,-50,1400,"sd","14:24:07",5149500
15850,-50,400,"sd","14:24:04",5148100
15900,0,1600,"bu","14:24:04",5147700
15850,-50,300,"sd","14:23:47",5146100
15850,-50,300,"sd","14:23:31",5145800
15900,0,100,"bu","14:23:29",5145500
15900,0,100,"bu","14:23:29",5145400
15850,-50,300,"sd","14:23:14",5145300
15850,-50,1000,"sd","14:23:11",5145000
15850,-50,1300,"sd","14:23:05",5144000
15850,-50,1300,"sd","14:23:05",5142700
15850,-50,300,"sd","14:22:57",5141400
15850,-50,200,"sd","14:22:42",5141100
15850,-50,400,"sd","14:22:40",5140900
15850,-50,300,"sd","14:22:23",5140500
15850,-50,500,"sd","14:22:18",5140200
15850,-50,100,"sd","14:22:14",5139700
15850,-50,100,"sd","14:22:14",5139600
15850,-50,300,"sd","14:22:07",5139500
15850,-50,600,"bu","14:21:57",5139200
15800,-100,300,"sd","14:21:50",5138600
15850,-50,100,"bu","14:21:50",5138300
15800,-100,400,"sd","14:21:46",5138200
15850,-50,500,"bu","14:21:45",5137800
15850,-50,500,"bu","14:21:36",5137300
15800,-100,400,"sd","14:21:33",5136800
15850,-50,1100,"bu","14:21:25",5136400
15850,-50,100,"bu","14:21:25",5135300
15800,-100,500,"sd","14:21:19",5135200
15800,-100,300,"sd","14:21:16",5134700
15800,-100,1900,"sd","14:21:14",5134400
15800,-100,100,"sd","14:21:14",5132500
15850,-50,2600,"bu","14:21:13",5132400
15850,-50,300,"bu","14:21:13",5129800
15850,-50,1100,"bu","14:21:13",5129500
15750,-150,100,"sd","14:21:09",5128400
15800,-100,100,"sd","14:21:09",5128300
15800,-100,300,"sd","14:21:09",5128200
15800,-100,200,"sd","14:21:00",5127900
15800,-100,100,"sd","14:21:00",5127700
15800,-100,400,"sd","14:20:54",5127600
15800,-100,100,"bu","14:20:51",5127200
15800,-100,500,"bu","14:20:48",5127100
15800,-100,4500,"bu","14:20:48",5126600
15800,-100,100,"bu","14:20:48",5122100
15750,-150,300,"sd","14:20:43",5122000
15800,-100,100,"sd","14:20:36",5121700
15800,-100,700,"sd","14:20:36",5121600
15800,-100,300,"sd","14:20:36",5120900
15800,-100,100,"sd","14:20:36",5120600
15800,-100,1000,"sd","14:20:36",5120500
15800,-100,500,"sd","14:20:36",5119500
15800,-100,1000,"sd","14:20:36",5119000
15800,-100,500,"sd","14:20:36",5118000
15800,-100,1200,"sd","14:20:36",5117500
15850,-50,3900,"bu","14:20:34",5116300
15850,-50,1000,"bu","14:20:34",5112400
15850,-50,2900,"bu","14:20:34",5111400
15850,-50,2200,"bu","14:20:34",5108500
15800,-100,300,"sd","14:20:26",5106300
15800,-100,500,"bu","14:20:13",5106000
15750,-150,400,"sd","14:20:09",5105500
15750,-150,100,"sd","14:19:56",5105100
15750,-150,300,"sd","14:19:52",5105000
15750,-150,10000,"bu","14:19:47",5104700
15750,-150,1000,"bu","14:19:47",5094700
15750,-150,38200,"bu","14:19:47",5093700
15700,-200,1000,"sd","14:19:44",5055500
15750,-150,10000,"bu","14:19:44",5054500
15750,-150,100,"bu","14:19:42",5044500
15700,-200,300,"sd","14:19:36",5044400
15700,-200,3000,"sd","14:19:34",5044100
15750,-150,100,"bu","14:19:28",5041100
15700,-200,300,"sd","14:19:21",5041000
15700,-200,100,"sd","14:19:19",5040700
15700,-200,200,"sd","14:19:19",5040600
15700,-200,100,"bu","14:19:13",5040400
15700,-200,1000,"bu","14:19:12",5040300
15700,-200,900,"bu","14:19:12",5039300
15700,-200,1000,"bu","14:19:12",5038400
15700,-200,100,"bu","14:19:12",5037400
15700,-200,300,"sd","14:19:02",5037300
15700,-200,100,"sd","14:19:02",5037000
15700,-200,300,"sd","14:19:02",5036900
15700,-200,200,"sd","14:19:02",5036600
15700,-200,300,"sd","14:19:01",5036400
15700,-200,500,"sd","14:19:01",5036100
15700,-200,2200,"sd","14:19:01",5035600
15700,-200,1000,"sd","14:19:00",5033400
15700,-200,10000,"sd","14:19:00",5032400
15700,-200,100,"sd","14:19:00",5022400
15700,-200,200,"sd","14:19:00",5022300
15700,-200,200,"sd","14:19:00",5022100
15700,-200,1300,"sd","14:19:00",5021900
15700,-200,2000,"sd","14:19:00",5020600
15700,-200,200,"sd","14:19:00",5018600
15700,-200,1000,"sd","14:19:00",5018400
15700,-200,300,"sd","14:19:00",5017400
15700,-200,200,"sd","14:19:00",5017100
15700,-200,1000,"sd","14:19:00",5016900
15700,-200,100,"sd","14:19:00",5015900
15700,-200,200,"sd","14:19:00",5015800
15700,-200,100,"sd","14:19:00",5015600
15700,-200,2000,"sd","14:19:00",5015500
15700,-200,500,"sd","14:19:00",5013500
15700,-200,200,"sd","14:19:00",5013000
15700,-200,100,"sd","14:19:00",5012800
15700,-200,100,"sd","14:19:00",5012700
15700,-200,1100,"sd","14:19:00",5012600
15700,-200,200,"sd","14:19:00",5011500
15700,-200,100,"sd","14:19:00",5011300
15700,-200,100,"sd","14:19:00",5011200
15700,-200,2000,"sd","14:19:00",5011100
15700,-200,10000,"sd","14:19:00",5009100
15700,-200,200,"sd","14:19:00",4999100
15700,-200,200,"sd","14:19:00",4998900
15700,-200,500,"sd","14:19:00",4998700
15700,-200,4000,"sd","14:19:00",4998200
15700,-200,100,"sd","14:19:00",4994200
15700,-200,500,"sd","14:19:00",4994100
15700,-200,100,"sd","14:19:00",4993600
15700,-200,100,"sd","14:19:00",4993500
15700,-200,200,"sd","14:19:00",4993400
15700,-200,200,"sd","14:19:00",4993200
15700,-200,800,"sd","14:19:00",4993000
15700,-200,1000,"sd","14:19:00",4992200
15700,-200,500,"sd","14:19:00",4991200
15700,-200,100,"sd","14:19:00",4990700
15700,-200,500,"sd","14:19:00",4990600
15700,-200,1000,"sd","14:19:00",4990100
15700,-200,100,"sd","14:19:00",4989100
15700,-200,600,"sd","14:19:00",4989000
15700,-200,300,"sd","14:19:00",4988400
15700,-200,1000,"sd","14:19:00",4988100
15700,-200,300,"sd","14:19:00",4987100
15700,-200,500,"sd","14:19:00",4986800
15700,-200,500,"sd","14:19:00",4986300
15700,-200,2400,"sd","14:19:00",4985800
15700,-200,100,"sd","14:18:55",4983400
15700,-200,500,"sd","14:18:55",4983300
15700,-200,200,"sd","14:18:55",4982800
15700,-200,5000,"sd","14:18:55",4982600
15700,-200,200,"sd","14:18:55",4977600
15700,-200,100,"sd","14:18:55",4977400
15700,-200,200,"sd","14:18:55",4977300
15700,-200,500,"sd","14:18:55",4977100
15700,-200,1000,"sd","14:18:55",4976600
15700,-200,100,"sd","14:18:55",4975600
15700,-200,100,"sd","14:18:55",4975500
15700,-200,100,"sd","14:18:55",4975400
15700,-200,2600,"sd","14:18:55",4975300
15700,-200,100,"sd","14:18:55",4972700
15700,-200,500,"sd","14:18:55",4972600
15700,-200,2000,"sd","14:18:55",4972100
15700,-200,100,"sd","14:18:49",4970100
15700,-200,1000,"sd","14:18:49",4970000
15700,-200,500,"sd","14:18:49",4969000
15700,-200,1000,"sd","14:18:49",4968500
15700,-200,500,"sd","14:18:49",4967500
15700,-200,1900,"sd","14:18:49",4967000
15750,-150,500,"bu","14:18:49",4965100
15750,-150,1100,"bu","14:18:46",4964600
15750,-150,900,"bu","14:18:46",4963500
15700,-200,100,"sd","14:18:45",4962600
15700,-200,200,"sd","14:18:45",4962500
15750,-150,600,"sd","14:18:42",4962300
15750,-150,500,"sd","14:18:42",4961700
15750,-150,300,"sd","14:18:42",4961200
15750,-150,100,"sd","14:18:42",4960900
15750,-150,600,"sd","14:18:42",4960800
15750,-150,500,"sd","14:18:42",4960200
15750,-150,1000,"sd","14:18:42",4959700
15750,-150,1000,"sd","14:18:42",4958700
15750,-150,5000,"sd","14:18:42",4957700
15750,-150,200,"sd","14:18:42",4952700
15750,-150,100,"sd","14:18:42",4952500
15750,-150,2000,"sd","14:18:42",4952400
15750,-150,2000,"sd","14:18:42",4950400
15750,-150,500,"sd","14:18:42",4948400
15750,-150,5000,"sd","14:18:42",4947900
15750,-150,200,"sd","14:18:42",4942900
15750,-150,900,"sd","14:18:42",4942700
15750,-150,100,"sd","14:18:42",4941800
15750,-150,100,"sd","14:18:42",4941700
15750,-150,100,"sd","14:18:42",4941600
15750,-150,1000,"sd","14:18:42",4941500
15750,-150,2000,"sd","14:18:42",4940500
15750,-150,500,"sd","14:18:42",4938500
15750,-150,10000,"sd","14:18:42",4938000
15750,-150,3800,"sd","14:18:42",4928000
15750,-150,16200,"sd","14:18:42",4924200
15750,-150,100,"sd","14:18:42",4908000
15750,-150,300,"sd","14:18:42",4907900
15750,-150,700,"sd","14:18:42",4907600
15750,-150,100,"sd","14:18:42",4906900
15750,-150,100,"sd","14:18:42",4906800
15750,-150,100,"sd","14:18:42",4906700
15750,-150,100,"sd","14:18:42",4906600
15750,-150,400,"sd","14:18:42",4906500
15750,-150,5000,"sd","14:18:42",4906100
15750,-150,3000,"sd","14:18:42",4901100
15750,-150,500,"sd","14:18:42",4898100
15750,-150,200,"sd","14:18:42",4897600
15750,-150,200,"sd","14:18:42",4897400
15750,-150,300,"sd","14:18:42",4897200
15750,-150,200,"sd","14:18:42",4896900
15750,-150,2000,"sd","14:18:42",4896700
15750,-150,500,"sd","14:18:42",4894700
15800,-100,300,"sd","14:18:38",4894200
15800,-100,100,"sd","14:18:38",4893900
15800,-100,100,"sd","14:18:38",4893800
15800,-100,100,"sd","14:18:38",4893700
15800,-100,800,"sd","14:18:38",4893600
15800,-100,200,"sd","14:18:36",4892800
15800,-100,100,"sd","14:18:36",4892600
15800,-100,400,"sd","14:18:36",4892500
15800,-100,500,"sd","14:18:36",4892100
15800,-100,100,"sd","14:18:36",4891600
15800,-100,3400,"sd","14:18:36",4891500
15800,-100,100,"sd","14:18:36",4888100
15800,-100,200,"sd","14:18:36",4888000
15800,-100,800,"sd","14:18:35",4887800
15800,-100,1000,"sd","14:18:35",4887000
15800,-100,100,"sd","14:18:31",4886000
15800,-100,100,"sd","14:18:31",4885900
15800,-100,12000,"sd","14:18:29",4885800
15800,-100,300,"sd","14:18:29",4873800
15800,-100,300,"sd","14:18:29",4873500
15800,-100,30000,"sd","14:18:29",4873200
15800,-100,300,"sd","14:18:28",4843200
15800,-100,20000,"sd","14:18:27",4842900
15800,-100,100,"sd","14:18:25",4822900
15800,-100,100,"sd","14:18:25",4822800
15800,-100,1000,"sd","14:18:25",4822700
15800,-100,100,"sd","14:18:25",4821700
15800,-100,400,"sd","14:18:25",4821600
15800,-100,200,"sd","14:18:25",4821200
15800,-100,100,"sd","14:18:25",4821000
15800,-100,300,"sd","14:18:25",4820900
15800,-100,200,"sd","14:18:25",4820600
15800,-100,100,"sd","14:18:25",4820400
15800,-100,100,"sd","14:18:25",4820300
15800,-100,500,"sd","14:18:25",4820200
15800,-100,700,"sd","14:18:25",4819700
15800,-100,500,"sd","14:18:25",4819000
15800,-100,1600,"sd","14:18:25",4818500
15800,-100,1000,"sd","14:18:25",4816900
15800,-100,700,"sd","14:18:25",4815900
15800,-100,100,"sd","14:18:25",4815200
15800,-100,500,"sd","14:18:25",4815100
15800,-100,200,"sd","14:18:25",4814600
15800,-100,200,"sd","14:18:25",4814400
15800,-100,200,"sd","14:18:25",4814200
15800,-100,17100,"sd","14:18:25",4814000
15800,-100,1000,"sd","14:18:25",4796900
15800,-100,6900,"sd","14:18:25",4795900
15800,-100,100,"sd","14:18:25",4789000
15800,-100,1000,"sd","14:18:25",4788900
15800,-100,2000,"sd","14:18:25",4787900
15800,-100,100,"sd","14:18:25",4785900
15800,-100,3000,"sd","14:18:25",4785800
15800,-100,100,"sd","14:18:25",4782800
15800,-100,200,"sd","14:18:25",4782700
15800,-100,1000,"sd","14:18:25",4782500
15800,-100,1300,"sd","14:18:25",4781500
15800,-100,15000,"sd","14:18:25",4780200
15800,-100,100,"sd","14:18:25",4765200
15800,-100,100,"sd","14:18:25",4765100
15800,-100,1000,"sd","14:18:25",4765000
15800,-100,100,"sd","14:18:25",4764000
15800,-100,10100,"sd","14:18:25",4763900
15800,-100,2000,"sd","14:18:25",4753800
15800,-100,5100,"sd","14:18:25",4751800
15800,-100,2000,"sd","14:18:25",4746700
15800,-100,600,"sd","14:18:25",4744700
15800,-100,500,"sd","14:18:25",4744100
15800,-100,1200,"sd","14:18:25",4743600
15800,-100,200,"sd","14:18:25",4742400
15800,-100,200,"sd","14:18:25",4742200
15800,-100,100,"sd","14:18:25",4742000
15800,-100,400,"sd","14:18:25",4741900
15800,-100,500,"sd","14:18:25",4741500
15800,-100,300,"sd","14:18:25",4741000
15800,-100,1500,"sd","14:18:24",4740700
15800,-100,700,"sd","14:18:24",4739200
15800,-100,2000,"sd","14:18:24",4738500
15800,-100,2000,"sd","14:18:24",4736500
15800,-100,1900,"sd","14:18:24",4734500
15800,-100,100,"sd","14:18:24",4732600
15800,-100,300,"sd","14:18:24",4732500
15800,-100,5000,"sd","14:18:24",4732200
15800,-100,100,"sd","14:18:24",4727200
15800,-100,100,"sd","14:18:24",4727100
15800,-100,100,"sd","14:18:24",4727000
15800,-100,1000,"sd","14:18:24",4726900
15800,-100,100,"sd","14:18:24",4725900
15800,-100,1000,"sd","14:18:24",4725800
15800,-100,100,"sd","14:18:24",4724800
15800,-100,1000,"sd","14:18:24",4724700
15800,-100,300,"sd","14:18:24",4723700
15800,-100,500,"sd","14:18:24",4723400
15800,-100,300,"sd","14:18:22",4722900
15800,-100,1000,"sd","14:18:22",4722600
15800,-100,100,"sd","14:18:22",4721600
15800,-100,300,"sd","14:18:22",4721500
15800,-100,200,"sd","14:18:22",4721200
15800,-100,300,"sd","14:18:22",4721000
15800,-100,1000,"sd","14:18:22",4720700
15800,-100,500,"sd","14:18:22",4719700
15800,-100,300,"sd","14:18:22",4719200
15800,-100,500,"sd","14:18:22",4718900
15800,-100,200,"sd","14:18:22",4718400
15800,-100,3000,"sd","14:18:22",4718200
15800,-100,500,"sd","14:18:22",4715200
15800,-100,1000,"sd","14:18:22",4714700
15800,-100,200,"sd","14:18:22",4713700
15800,-100,5000,"sd","14:18:22",4713500
15800,-100,500,"sd","14:18:22",4708500
15800,-100,500,"sd","14:18:22",4708000
15800,-100,500,"sd","14:18:22",4707500
15800,-100,200,"sd","14:18:22",4707000
15800,-100,500,"sd","14:18:22",4706800
15800,-100,100,"sd","14:18:21",4706300
15800,-100,200,"sd","14:18:21",4706200
15800,-100,1000,"sd","14:18:21",4706000
15800,-100,100,"sd","14:18:21",4705000
15800,-100,2000,"sd","14:18:21",4704900
15800,-100,100,"sd","14:18:21",4702900
15800,-100,800,"sd","14:18:21",4702800
15800,-100,300,"sd","14:18:21",4702000
15800,-100,2400,"sd","14:18:21",4701700
15800,-100,100,"sd","14:18:21",4699300
15800,-100,4300,"sd","14:18:21",4699200
15850,-50,500,"bu","14:18:20",4694900
15800,-100,5000,"sd","14:18:12",4694400
15800,-100,300,"sd","14:18:12",4689400
15800,-100,200,"sd","14:18:09",4689100
15850,-50,1000,"bu","14:18:06",4688900
15800,-100,200,"sd","14:18:06",4687900
15800,-100,100,"sd","14:18:06",4687700
15800,-100,300,"sd","14:18:06",4687600
15800,-100,100,"sd","14:18:06",4687300
15800,-100,200,"sd","14:18:06",4687200
15800,-100,1000,"sd","14:18:06",4687000
15800,-100,100,"sd","14:18:06",4686000
15800,-100,36000,"sd","14:18:04",4685900
15800,-100,300,"sd","14:18:02",4649900
15800,-100,13600,"sd","14:18:01",4649600
15800,-100,100,"sd","14:18:01",4636000
15800,-100,500,"sd","14:18:01",4635900
15800,-100,100,"sd","14:18:01",4635400
15800,-100,100,"sd","14:18:01",4635300
15800,-100,15600,"sd","14:18:01",4635200
15800,-100,10000,"sd","14:18:00",4619600
15800,-100,1000,"sd","14:17:58",4609600
15800,-100,300,"sd","14:17:55",4608600
15850,-50,600,"bu","14:17:52",4608300
15800,-100,6000,"sd","14:17:50",4607700
15800,-100,6000,"sd","14:17:48",4601700
15800,-100,1000,"sd","14:17:46",4595700
15800,-100,5000,"sd","14:17:43",4594700
15800,-100,400,"sd","14:17:38",4589700
15800,-100,4700,"sd","14:17:37",4589300
15800,-100,4000,"sd","14:17:37",4584600
15800,-100,1000,"sd","14:17:37",4580600
15800,-100,300,"sd","14:17:37",4579600
15850,-50,500,"bu","14:17:35",4579300
15850,-50,500,"bu","14:17:30",4578800
15850,-50,100,"bu","14:17:29",4578300
15850,-50,1000,"bu","14:17:29",4578200
15850,-50,100,"bu","14:17:29",4577200
15850,-50,100,"bu","14:17:29",4577100
15850,-50,100,"bu","14:17:29",4577000
15850,-50,500,"bu","14:17:29",4576900
15850,-50,200,"bu","14:17:29",4576400
15850,-50,100,"bu","14:17:29",4576200
15850,-50,200,"bu","14:17:29",4576100
15850,-50,500,"bu","14:17:29",4575900
15850,-50,1000,"bu","14:17:29",4575400
15850,-50,100,"bu","14:17:29",4574400
15850,-50,300,"bu","14:17:29",4574300
15850,-50,100,"bu","14:17:29",4574000
15850,-50,1500,"bu","14:17:29",4573900
15850,-50,1000,"unknown","14:17:29",4572400
15850,-50,100,"sd","14:17:29",4571400
15850,-50,11500,"sd","14:17:29",4571300
15850,-50,500,"sd","14:17:29",4559800
15850,-50,1200,"sd","14:17:29",4559300
15850,-50,3600,"sd","14:17:29",4558100
15850,-50,200,"sd","14:17:29",4554500
15850,-50,200,"sd","14:17:29",4554300
15850,-50,2500,"sd","14:17:29",4554100
15850,-50,600,"sd","14:17:29",4551600
15850,-50,100,"sd","14:17:29",4551000
15850,-50,200,"sd","14:17:29",4550900
15850,-50,1000,"sd","14:17:29",4550700
15850,-50,100,"sd","14:17:29",4549700
15850,-50,100,"sd","14:17:29",4549600
15850,-50,500,"sd","14:17:29",4549500
15850,-50,200,"sd","14:17:29",4549000
15850,-50,2000,"sd","14:17:29",4548800
15850,-50,7000,"sd","14:17:29",4546800
15850,-50,2000,"sd","14:17:29",4539800
15850,-50,1000,"sd","14:17:29",4537800
15850,-50,1000,"sd","14:17:29",4536800
15850,-50,100,"sd","14:17:29",4535800
15850,-50,100,"sd","14:17:29",4535700
15850,-50,1000,"sd","14:17:29",4535600
15900,0,100,"bu","14:17:28",4534600
15850,-50,300,"sd","14:17:21",4534500
15850,-50,1400,"sd","14:17:14",4534200
15850,-50,1000,"sd","14:17:14",4532800
15850,-50,1000,"sd","14:17:14",4531800
15850,-50,100,"sd","14:17:14",4530800
15850,-50,1000,"sd","14:17:14",4530700
15850,-50,100,"sd","14:17:14",4529700
15850,-50,400,"sd","14:17:14",4529600
15900,0,4000,"bu","14:17:07",4529200
15900,0,1000,"bu","14:17:07",4525200
15850,-50,300,"sd","14:17:05",4524200
15850,-50,1300,"sd","14:17:04",4523900
15850,-50,1000,"sd","14:17:04",4522600
15850,-50,500,"sd","14:17:04",4521600
15850,-50,100,"sd","14:17:04",4521100
15850,-50,2000,"sd","14:17:04",4521000
15850,-50,200,"sd","14:17:04",4519000
15850,-50,300,"sd","14:17:04",4518800
15850,-50,600,"sd","14:17:04",4518500
15850,-50,700,"sd","14:16:58",4517900
15850,-50,100,"sd","14:16:58",4517200
15850,-50,100,"sd","14:16:58",4517100
15850,-50,100,"sd","14:16:58",4517000
15850,-50,1900,"sd","14:16:56",4516900
15850,-50,800,"sd","14:16:56",4515000
15850,-50,300,"sd","14:16:56",4514200
15850,-50,200,"sd","14:16:48",4513900
15850,-50,100,"sd","14:16:48",4513700
15850,-50,900,"sd","14:16:47",4513600
15850,-50,100,"sd","14:16:47",4512700
15900,0,1000,"bu","14:16:44",4512600
15900,0,300,"bu","14:16:44",4511600
15900,0,1000,"bu","14:16:44",4511300
15900,0,5000,"bu","14:16:44",4510300
15900,0,2700,"bu","14:16:44",4505300
15850,-50,100,"sd","14:16:32",4502600
15850,-50,1000,"sd","14:16:32",4502500
15850,-50,100,"sd","14:16:32",4501500
15850,-50,100,"sd","14:16:32",4501400
15850,-50,2000,"sd","14:16:32",4501300
15850,-50,2000,"sd","14:16:32",4499300
15850,-50,900,"sd","14:16:32",4497300
15850,-50,2000,"sd","14:16:32",4496400
15850,-50,500,"sd","14:16:32",4494400
15850,-50,1000,"sd","14:16:32",4493900
15850,-50,1000,"sd","14:16:32",4492900
15850,-50,200,"sd","14:16:32",4491900
15850,-50,5000,"sd","14:16:32",4491700
15850,-50,500,"sd","14:16:32",4486700
15850,-50,2000,"sd","14:16:32",4486200
15850,-50,1600,"sd","14:16:32",4484200
15850,-50,400,"sd","14:16:31",4482600
15900,0,100,"bu","14:16:18",4482200
15850,-50,300,"sd","14:16:14",4482100
15900,0,200,"bu","14:16:09",4481800
15900,0,200,"bu","14:16:09",4481600
15900,0,100,"bu","14:16:09",4481400
15900,0,700,"bu","14:16:09",4481300
15900,0,7800,"bu","14:16:09",4480600
15850,-50,300,"sd","14:15:58",4472800
15850,-50,900,"sd","14:15:56",4472500
15850,-50,100,"sd","14:15:56",4471600
15850,-50,1000,"sd","14:15:56",4471500
15850,-50,100,"sd","14:15:55",4470500
15850,-50,300,"sd","14:15:55",4470400
15850,-50,200,"sd","14:15:55",4470100
15850,-50,500,"sd","14:15:55",4469900
15850,-50,100,"sd","14:15:55",4469400
15850,-50,100,"sd","14:15:55",4469300
15850,-50,1000,"sd","14:15:55",4469200
15850,-50,300,"sd","14:15:55",4468200
15850,-50,800,"sd","14:15:55",4467900
15850,-50,600,"sd","14:15:55",4467100
15850,-50,300,"sd","14:15:41",4466500
15850,-50,100,"sd","14:15:24",4466200
15850,-50,200,"sd","14:15:24",4466100
15850,-50,300,"sd","14:15:07",4465900
15850,-50,100,"sd","14:15:07",4465600
15900,0,1000,"sd","14:14:57",4465500
15900,0,100,"sd","14:14:57",4464500
15900,0,2000,"sd","14:14:57",4464400
15900,0,500,"sd","14:14:57",4462400
15900,0,2000,"sd","14:14:57",4461900
15900,0,100,"sd","14:14:57",4459900
15900,0,500,"sd","14:14:57",4459800
15900,0,500,"sd","14:14:57",4459300
15900,0,5000,"sd","14:14:57",4458800
15900,0,1000,"sd","14:14:57",4453800
15900,0,200,"sd","14:14:57",4452800
15900,0,100,"sd","14:14:57",4452600
15900,0,1000,"sd","14:14:57",4452500
15900,0,500,"sd","14:14:57",4451500
15900,0,5000,"sd","14:14:57",4451000
15900,0,100,"sd","14:14:57",4446000
15900,0,200,"sd","14:14:57",4445900
15900,0,5400,"sd","14:14:57",4445700
15900,0,8000,"sd","14:14:53",4440300
15950,50,1000,"bu","14:14:53",4432300
15900,0,300,"sd","14:14:50",4431300
15900,0,300,"sd","14:14:34",4431000
15900,0,100,"sd","14:14:28",4430700
15900,0,300,"sd","14:14:28",4430600
15900,0,600,"sd","14:14:28",4430300
15950,50,4000,"bu","14:14:25",4429700
15950,50,400,"bu","14:14:25",4425700
15950,50,500,"bu","14:14:25",4425300
15950,50,1000,"bu","14:14:25",4424800
15950,50,1100,"bu","14:14:25",4423800
15900,0,900,"sd","14:14:20",4422700
15900,0,1100,"sd","14:14:20",4421800
15900,0,300,"sd","14:14:17",4420700
15900,0,300,"sd","14:14:03",4420400
15900,0,300,"sd","14:14:00",4420100
15900,0,100,"sd","14:14:00",4419800
15950,50,500,"bu","14:13:46",4419700
15900,0,300,"sd","14:13:43",4419200
15950,50,100,"bu","14:13:40",4418900
15900,0,500,"sd","14:13:34",4418800
15950,50,1400,"bu","14:13:27",4418300
15900,0,300,"sd","14:13:27",4416900
15900,0,200,"sd","14:13:10",4416600
15900,0,100,"sd","14:13:10",4416400
15950,50,10000,"bu","14:13:04",4416300
15900,0,100,"sd","14:12:53",4406300
15900,0,200,"sd","14:12:53",4406200
15900,0,400,"sd","14:12:36",4406000
15900,0,400,"sd","14:12:20",4405600
15900,0,1000,"sd","14:12:20",4405200
15900,0,1000,"sd","14:12:20",4404200
15900,0,600,"sd","14:12:20",4403200
15900,0,100,"sd","14:12:20",4402600
15900,0,300,"sd","14:12:20",4402500
15900,0,500,"sd","14:12:20",4402200
15900,0,1100,"sd","14:12:20",4401700
15900,0,300,"sd","14:12:19",4400600
15900,0,300,"sd","14:12:03",4400300
15900,0,300,"sd","14:11:46",4400000
15900,0,400,"sd","14:11:29",4399700
15900,0,300,"sd","14:11:12",4399300
15900,0,1300,"sd","14:11:02",4399000
15900,0,500,"sd","14:11:02",4397700
15900,0,300,"sd","14:11:02",4397200
15900,0,2200,"sd","14:11:02",4396900
15900,0,500,"sd","14:11:02",4394700
15900,0,300,"sd","14:10:56",4394200
15900,0,300,"sd","14:10:39",4393900
15900,0,1000,"sd","14:10:26",4393600
15900,0,300,"sd","14:10:22",4392600
15900,0,10000,"sd","14:10:21",4392300
15900,0,300,"sd","14:10:06",4382300
15900,0,7600,"sd","14:10:06",4382000
15900,0,1000,"sd","14:10:06",4374400
15900,0,1000,"sd","14:10:06",4373400
15900,0,100,"sd","14:10:06",4372400
15900,0,400,"sd","14:10:05",4372300
15900,0,5200,"sd","14:09:49",4371900
15900,0,300,"bu","14:09:48",4366700
15900,0,800,"bu","14:09:48",4366400
15900,0,100,"bu","14:09:40",4365600
15900,0,1000,"sd","14:09:39",4365500
15900,0,100,"sd","14:09:39",4364500
15900,0,3000,"sd","14:09:39",4364400
15900,0,300,"sd","14:09:32",4361400
15950,50,1900,"bu","14:09:29",4361100
15950,50,100,"bu","14:09:29",4359200
15900,0,3600,"sd","14:09:20",4359100
15900,0,100,"sd","14:09:20",4355500
15900,0,500,"sd","14:09:20",4355400
15900,0,200,"sd","14:09:20",4354900
15900,0,1000,"sd","14:09:20",4354700
15900,0,2000,"sd","14:09:20",4353700
15900,0,100,"sd","14:09:20",4351700
15900,0,300,"sd","14:09:20",4351600
15900,0,300,"sd","14:09:20",4351300
15900,0,2000,"sd","14:09:20",4351000
15900,0,2500,"sd","14:09:20",4349000
15900,0,200,"sd","14:09:20",4346500
15900,0,9700,"sd","14:09:20",4346300
15900,0,1500,"sd","14:09:20",4336600
15900,0,100,"sd","14:09:20",4335100
15900,0,300,"sd","14:09:20",4335000
15900,0,200,"sd","14:09:20",4334700
15900,0,500,"sd","14:09:20",4334500
15900,0,500,"sd","14:09:20",4334000
15900,0,500,"sd","14:09:20",4333500
15900,0,1000,"sd","14:09:20",4333000
15900,0,200,"sd","14:09:20",4332000
15900,0,4700,"sd","14:09:20",4331800
15900,0,500,"sd","14:09:20",4327100
15900,0,200,"sd","14:09:20",4326600
15900,0,1000,"sd","14:09:20",4326400
15900,0,6000,"sd","14:09:20",4325400
15900,0,5000,"sd","14:09:20",4319400
15900,0,1000,"sd","14:09:20",4314400
15900,0,1000,"sd","14:09:20",4313400
15900,0,100,"sd","14:09:20",4312400
15900,0,100,"sd","14:09:20",4312300
15900,0,500,"sd","14:09:20",4312200
15900,0,500,"sd","14:09:20",4311700
15900,0,5000,"sd","14:09:20",4311200
15900,0,2000,"sd","14:09:20",4306200
15900,0,1600,"sd","14:09:20",4304200
15900,0,16500,"sd","14:09:20",4302600
15900,0,300,"sd","14:09:15",4286100
15900,0,400,"sd","14:08:58",4285800
15900,0,300,"sd","14:08:41",4285400
15900,0,300,"sd","14:08:25",4285100
15900,0,300,"sd","14:08:08",4284800
15950,50,100,"bu","14:08:06",4284500
15900,0,300,"sd","14:07:51",4284400
15900,0,800,"sd","14:07:41",4284100
15900,0,1000,"sd","14:07:41",4283300
15900,0,15000,"sd","14:07:41",4282300
15900,0,3000,"sd","14:07:41",4267300
15900,0,200,"sd","14:07:41",4264300
15900,0,200,"sd","14:07:35",4264100
15950,50,300,"sd","14:07:35",4263900
15950,50,400,"sd","14:07:34",4263600
15950,50,300,"sd","14:07:32",4263200
15950,50,200,"sd","14:07:32",4262900
15950,50,200,"sd","14:07:17",4262700
15950,50,100,"sd","14:07:17",4262500
16000,100,1300,"bu","14:07:12",4262400
16000,100,500,"bu","14:07:12",4261100
16000,100,1400,"bu","14:07:12",4260600
16000,100,300,"bu","14:07:12",4259200
16000,100,100,"bu","14:07:12",4258900
15950,50,100,"sd","14:07:01",4258800
15950,50,200,"sd","14:07:01",4258700
15950,50,1300,"sd","14:06:51",4258500
15950,50,400,"sd","14:06:51",4257200
15950,50,3300,"sd","14:06:51",4256800
15950,50,300,"sd","14:06:44",4253500
16000,100,100,"bu","14:06:37",4253200
16000,100,900,"bu","14:06:37",4253100
15950,50,400,"sd","14:06:37",4252200
15950,50,400,"sd","14:06:27",4251800
15950,50,300,"sd","14:06:23",4251400
15950,50,300,"sd","14:06:10",4251100
15950,50,300,"sd","14:05:55",4250800
15950,50,3100,"sd","14:05:55",4250500
15950,50,500,"sd","14:05:55",4247400
15950,50,2000,"sd","14:05:55",4246900
15950,50,300,"sd","14:05:55",4244900
15950,50,500,"sd","14:05:55",4244600
15950,50,5000,"sd","14:05:55",4244100
15950,50,3300,"sd","14:05:55",4239100
15950,50,300,"sd","14:05:53",4235800
15950,50,300,"sd","14:05:37",4235500
15950,50,1000,"sd","14:05:35",4235200
16000,100,100,"bu","14:05:30",4234200
15950,50,300,"sd","14:05:20",4234100
15950,50,400,"sd","14:05:03",4233800
16000,100,100,"bu","14:05:03",4233400
15950,50,200,"sd","14:04:52",4233300
16000,100,1400,"bu","14:04:50",4233100
16000,100,1600,"bu","14:04:49",4231700
16000,100,400,"bu","14:04:49",4230100
15950,50,200,"sd","14:04:46",4229700
15950,50,100,"sd","14:04:46",4229500
16000,100,900,"bu","14:04:32",4229400
15950,50,300,"sd","14:04:30",4228500
15950,50,100,"sd","14:04:27",4228200
16000,100,1000,"bu","14:04:22",4228100
15950,50,300,"sd","14:04:13",4227100
15950,50,300,"sd","14:03:56",4226800
15950,50,100,"sd","14:03:56",4226500
15950,50,300,"sd","14:03:39",4226400
15950,50,100,"sd","14:03:22",4226100
15950,50,200,"sd","14:03:22",4226000
15950,50,300,"sd","14:03:06",4225800
16000,100,500,"bu","14:02:57",4225500
15900,0,300,"sd","14:02:49",4225000
16000,100,200,"bu","14:02:38",4224700
15900,0,400,"sd","14:02:32",4224500
15900,0,100,"sd","14:02:21",4224100
15900,0,1000,"sd","14:02:21",4224000
15900,0,7300,"sd","14:02:21",4223000
15900,0,100,"sd","14:02:21",4215700
15900,0,1500,"sd","14:02:21",4215600
15900,0,300,"sd","14:02:15",4214100
15900,0,200,"sd","14:01:59",4213800
15900,0,100,"sd","14:01:59",4213600
15900,0,300,"sd","14:01:42",4213500
15900,0,200,"sd","14:01:25",4213200
15900,0,200,"sd","14:01:25",4213000
15900,0,300,"bu","14:01:09",4212800
15850,-50,300,"sd","14:01:08",4212500
15900,0,100,"bu","14:01:08",4212200
15900,0,100,"sd","14:01:02",4212100
15900,0,500,"sd","14:01:02",4212000
15900,0,500,"sd","14:01:02",4211500
15900,0,200,"sd","14:01:02",4211000
15900,0,700,"sd","14:01:02",4210800
16000,100,100,"sd","14:01:02",4210100
16000,100,100,"bu","14:00:58",4210000
15900,0,1300,"sd","14:00:51",4209900
15900,0,3700,"sd","14:00:51",4208600
15900,0,300,"sd","14:00:51",4204900
15900,0,300,"bu","14:00:35",4204600
15900,0,5400,"bu","14:00:35",4204300
15900,0,100,"bu","14:00:32",4198900
15900,0,500,"bu","14:00:27",4198800
15900,0,1000,"bu","14:00:26",4198300
15900,0,1300,"bu","14:00:24",4197300
15900,0,5000,"bu","14:00:23",4196000
15900,0,6800,"sd","14:00:22",4191000
15900,0,500,"sd","14:00:22",4184200
15900,0,1100,"sd","14:00:22",4183700
15900,0,11000,"sd","14:00:21",4182600
15900,0,2000,"sd","14:00:21",4171600
15900,0,100,"sd","14:00:21",4169600
15950,50,200,"sd","14:00:21",4169500
15950,50,300,"sd","14:00:18",4169300
15900,0,400,"sd","14:00:01",4169000
16050,150,900,"bu","13:59:54",4168600
15900,0,100,"bu","13:59:54",4167700
15850,-50,2000,"sd","13:59:49",4167600
15850,-50,300,"sd","13:59:44",4165600
16050,150,100,"bu","13:59:41",4165300
16050,150,2000,"bu","13:59:41",4165200
16050,150,1500,"bu","13:59:41",4163200
16050,150,100,"bu","13:59:41",4161700
16050,150,100,"bu","13:59:41",4161600
16050,150,1000,"bu","13:59:41",4161500
16050,150,5000,"bu","13:59:41",4160500
16100,200,800,"bu","13:59:41",4155500
16050,150,5000,"bu","13:59:41",4154700
16050,150,1000,"bu","13:59:41",4149700
16100,200,1000,"bu","13:59:41",4148700
16050,150,2000,"bu","13:59:41",4147700
16100,200,10000,"bu","13:59:41",4145700
16050,150,200,"bu","13:59:41",4135700
16100,200,3000,"bu","13:59:41",4135500
16050,150,2900,"bu","13:59:41",4132500
16100,200,1000,"bu","13:59:41",4129600
16000,100,100,"bu","13:59:41",4128600
16100,200,5000,"bu","13:59:41",4128500
16000,100,4600,"bu","13:59:41",4123500
16100,200,300,"bu","13:59:41",4118900
16000,100,500,"bu","13:59:41",4118600
16100,200,500,"bu","13:59:41",4118100
16000,100,2500,"bu","13:59:41",4117600
16100,200,10000,"bu","13:59:41",4115100
16000,100,7000,"bu","13:59:41",4105100
16100,200,1000,"bu","13:59:41",4098100
16000,100,300,"bu","13:59:41",4097100
16050,150,500,"bu","13:59:41",4096800
16000,100,500,"bu","13:59:41",4096300
16050,150,200,"bu","13:59:41",4095800
16000,100,2000,"bu","13:59:41",4095600
16050,150,3000,"bu","13:59:41",4093600
16000,100,1000,"bu","13:59:41",4090600
16000,100,19500,"bu","13:59:41",4089600
16000,100,3800,"bu","13:59:41",4070100
16000,100,12100,"bu","13:59:41",4066300
16000,100,30200,"bu","13:59:41",4054200
16000,100,1000,"bu","13:59:41",4024000
16000,100,1000,"bu","13:59:41",4023000
16000,100,700,"bu","13:59:41",4022000
16000,100,2000,"bu","13:59:41",4021300
15950,50,1000,"bu","13:59:41",4019300
15950,50,1400,"bu","13:59:41",4018300
15950,50,100,"bu","13:59:41",4016900
15950,50,1000,"bu","13:59:41",4016800
15900,0,1200,"bu","13:59:41",4015800
15900,0,100,"bu","13:59:41",4014600
15900,0,400,"bu","13:59:41",4014500
15900,0,10000,"bu","13:59:41",4014100
15900,0,38800,"bu","13:59:41",4004100
15900,0,500,"bu","13:59:41",3965300
15850,-50,2000,"sd","13:59:40",3964800
15850,-50,300,"sd","13:59:28",3962800
15850,-50,500,"sd","13:59:23",3962500
15850,-50,500,"sd","13:59:23",3962000
15850,-50,500,"sd","13:59:23",3961500
15850,-50,200,"sd","13:59:11",3961000
15850,-50,100,"sd","13:59:11",3960800
15850,-50,400,"sd","13:58:54",3960700
15900,0,700,"bu","13:58:39",3960300
15900,0,300,"bu","13:58:39",3959600
15900,0,700,"bu","13:58:39",3959300
15900,0,100,"bu","13:58:39",3958600
15900,0,900,"bu","13:58:39",3958500
15900,0,2800,"bu","13:58:39",3957600
15900,0,500,"bu","13:58:39",3954800
15900,0,500,"bu","13:58:39",3954300
15900,0,4500,"bu","13:58:39",3953800
15850,-50,300,"sd","13:58:37",3949300
15900,0,1000,"bu","13:58:31",3949000
15850,-50,1000,"sd","13:58:20",3948000
15850,-50,300,"sd","13:58:20",3947000
15900,0,1000,"bu","13:58:16",3946700
15900,0,100,"bu","13:58:09",3945700
15850,-50,2000,"sd","13:58:08",3945600
15850,-50,300,"sd","13:58:04",3943600
15850,-50,300,"sd","13:57:47",3943300
15850,-50,400,"sd","13:57:30",3943000
15850,-50,100,"sd","13:57:16",3942600
15850,-50,300,"sd","13:57:13",3942500
15850,-50,300,"sd","13:56:57",3942200
15850,-50,300,"sd","13:56:40",3941900
15900,0,4000,"bu","13:56:29",3941600
15850,-50,400,"sd","13:56:23",3937600
15850,-50,200,"sd","13:56:07",3937200
15850,-50,2500,"sd","13:56:07",3937000
15850,-50,300,"sd","13:56:06",3934500
15900,0,1000,"bu","13:55:54",3934200
15850,-50,5000,"sd","13:55:53",3933200
15850,-50,300,"sd","13:55:49",3928200
15850,-50,300,"sd","13:55:33",3927900
15850,-50,5000,"sd","13:55:20",3927600
15850,-50,300,"sd","13:55:16",3922600
15900,0,400,"bu","13:55:08",3922300
15900,0,3000,"bu","13:55:04",3921900
15900,0,100,"bu","13:54:59",3918900
15850,-50,400,"sd","13:54:59",3918800
15900,0,500,"bu","13:54:54",3918400
15900,0,100,"bu","13:54:53",3917900
15900,0,500,"bu","13:54:45",3917800
15900,0,100,"bu","13:54:45",3917300
15850,-50,300,"sd","13:54:42",3917200
15900,0,1000,"sd","13:54:28",3916900
15900,0,500,"sd","13:54:28",3915900
15900,0,100,"sd","13:54:28",3915400
15900,0,100,"sd","13:54:28",3915300
15900,0,100,"sd","13:54:28",3915200
15900,0,2000,"sd","13:54:27",3915100
15900,0,2000,"sd","13:54:27",3913100
15900,0,7900,"sd","13:54:27",3911100
15900,0,300,"sd","13:54:26",3903200
15900,0,300,"sd","13:54:09",3902900
15900,0,400,"sd","13:53:52",3902600
15900,0,30000,"sd","13:53:44",3902200
15900,0,300,"sd","13:53:35",3872200
16000,100,100,"bu","13:53:30",3871900
15900,0,300,"sd","13:53:18",3871800
15900,0,500,"bu","13:53:16",3871500
15850,-50,300,"sd","13:53:02",3871000
15850,-50,1700,"sd","13:53:00",3870700
15900,0,4000,"sd","13:53:00",3869000
15900,0,200,"sd","13:53:00",3865000
15900,0,100,"sd","13:53:00",3864800
15900,0,500,"sd","13:53:00",3864700
15900,0,8500,"sd","13:53:00",3864200
15900,0,1500,"bu","13:52:53",3855700
15900,0,3100,"bu","13:52:51",3854200
15900,0,4000,"bu","13:52:50",3851100
15900,0,100,"bu","13:52:50",3847100
15900,0,100,"bu","13:52:47",3847000
15900,0,1900,"bu","13:52:47",3846900
15900,0,2000,"bu","13:52:47",3845000
15850,-50,300,"sd","13:52:45",3843000
15900,0,100,"bu","13:52:45",3842700
15900,0,5000,"bu","13:52:42",3842600
15900,0,100,"bu","13:52:42",3837600
15900,0,1000,"bu","13:52:35",3837500
15900,0,1900,"bu","13:52:34",3836500
15900,0,2000,"bu","13:52:34",3834600
15900,0,300,"bu","13:52:32",3832600
15850,-50,400,"sd","13:52:28",3832300
15900,0,1000,"bu","13:52:22",3831900
15900,0,100,"bu","13:52:21",3830900
15900,0,4000,"bu","13:52:19",3830800
15900,0,100,"bu","13:52:16",3826800
15900,0,1000,"bu","13:52:12",3826700
15900,0,200,"bu","13:52:12",3825700
15850,-50,300,"sd","13:52:11",3825500
15900,0,200,"bu","13:52:09",3825200
15900,0,100,"bu","13:52:05",3825000
15900,0,100,"bu","13:51:59",3824900
15850,-50,300,"sd","13:51:55",3824800
15900,0,1000,"sd","13:51:52",3824500
15900,0,2800,"sd","13:51:52",3823500
15900,0,1000,"sd","13:51:52",3820700
15900,0,1000,"sd","13:51:52",3819700
15900,0,5000,"sd","13:51:52",3818700
15900,0,1000,"sd","13:51:52",3813700
15900,0,5000,"sd","13:51:52",3812700
15900,0,1000,"sd","13:51:52",3807700
15900,0,500,"sd","13:51:52",3806700
15900,0,500,"sd","13:51:52",3806200
15900,0,1000,"sd","13:51:52",3805700
15900,0,100,"sd","13:51:52",3804700
15900,0,100,"sd","13:51:52",3804600
15900,0,300,"sd","13:51:52",3804500
15900,0,2000,"sd","13:51:52",3804200
15900,0,5000,"sd","13:51:52",3802200
15900,0,1000,"sd","13:51:52",3797200
15900,0,3000,"sd","13:51:52",3796200
15900,0,3000,"sd","13:51:52",3793200
15900,0,500,"sd","13:51:52",3790200
15900,0,200,"sd","13:51:52",3789700
15900,0,100,"sd","13:51:52",3789500
15900,0,2200,"sd","13:51:52",3789400
15900,0,1500,"sd","13:51:52",3787200
15900,0,3100,"sd","13:51:52",3785700
15900,0,2600,"sd","13:51:52",3782600
15900,0,2000,"sd","13:51:52",3780000
15900,0,600,"sd","13:51:52",3778000
15900,0,1000,"sd","13:51:52",3777400
15900,0,2100,"sd","13:51:52",3776400
15900,0,100,"sd","13:51:52",3774300
15950,50,1400,"sd","13:51:52",3774200
15900,0,2000,"sd","13:51:52",3772800
15900,0,500,"sd","13:51:52",3770800
15900,0,200,"sd","13:51:52",3770300
15900,0,2000,"sd","13:51:52",3770100
15900,0,300,"sd","13:51:52",3768100
15900,0,1200,"sd","13:51:52",3767800
15900,0,500,"sd","13:51:52",3766600
15950,50,500,"sd","13:51:52",3766100
15900,0,1000,"sd","13:51:52",3765600
15950,50,1800,"sd","13:51:52",3764600
15950,50,100,"sd","13:51:52",3762800
15900,0,3000,"sd","13:51:52",3762700
15950,50,1000,"sd","13:51:52",3759700
15900,0,5000,"sd","13:51:52",3758700
15950,50,400,"sd","13:51:52",3753700
15900,0,2000,"sd","13:51:52",3753300
15900,0,400,"sd","13:51:52",3751300
15950,50,100,"sd","13:51:52",3750900
15950,50,2100,"sd","13:51:52",3750800
16000,100,3000,"sd","13:51:52",3748700
15950,50,2500,"sd","13:51:52",3745700
16000,100,3400,"sd","13:51:52",3743200
16000,100,5100,"sd","13:51:52",3739800
15950,50,7000,"sd","13:51:52",3734700
15950,50,2000,"sd","13:51:52",3727700
16000,100,10000,"sd","13:51:52",3725700
16000,100,100,"sd","13:51:42",3715700
16000,100,100,"sd","13:51:41",3715600
16000,100,300,"sd","13:51:38",3715500
16000,100,2000,"sd","13:51:31",3715200
16000,100,100,"bu","13:51:22",3713200
16000,100,600,"bu","13:51:22",3713100
15950,50,400,"sd","13:51:21",3712500
16000,100,100,"bu","13:51:09",3712100
15950,50,300,"sd","13:51:04",3712000
15950,50,300,"sd","13:50:47",3711700
16000,100,1000,"bu","13:50:46",3711400
16000,100,2300,"sd","13:50:45",3710400
16000,100,200,"sd","13:50:31",3708100
16000,100,100,"sd","13:50:31",3707900
16000,100,300,"sd","13:50:14",3707800
16000,100,1600,"sd","13:50:13",3707500
16000,100,9000,"sd","13:50:13",3705900
16000,100,100,"sd","13:50:13",3696900
16000,100,1000,"sd","13:50:13",3696800
16000,100,200,"sd","13:50:13",3695800
16000,100,100,"sd","13:50:09",3695600
16000,100,600,"sd","13:50:09",3695500
16000,100,300,"sd","13:50:09",3694900
16050,150,100,"bu","13:50:04",3694600
16050,150,100,"bu","13:50:04",3694500
16000,100,400,"sd","13:49:57",3694400
16000,100,1000,"sd","13:49:42",3694000
16000,100,300,"sd","13:49:40",3693000
16000,100,100,"sd","13:49:36",3692700
16000,100,400,"sd","13:49:33",3692600
16000,100,2100,"sd","13:49:33",3692200
16050,150,9900,"bu","13:49:30",3690100
16050,150,100,"bu","13:49:30",3680200
16000,100,200,"sd","13:49:29",3680100
16000,100,900,"sd","13:49:29",3679900
16000,100,100,"sd","13:49:29",3679000
16000,100,300,"sd","13:49:24",3678900
16000,100,100,"sd","13:49:17",3678600
16000,100,1900,"sd","13:49:15",3678500
16000,100,3800,"sd","13:49:12",3676600
16000,100,200,"sd","13:49:07",3672800
16000,100,100,"sd","13:49:07",3672600
16000,100,500,"sd","13:48:57",3672500
16000,100,400,"sd","13:48:50",3672000
16000,100,300,"sd","13:48:44",3671600
16000,100,400,"sd","13:48:44",3671300
16000,100,500,"sd","13:48:44",3670900
16000,100,500,"sd","13:48:27",3670400
16000,100,2000,"bu","13:48:25",3669900
16000,100,2000,"bu","13:48:25",3667900
16000,100,500,"bu","13:48:24",3665900
16000,100,5000,"bu","13:48:22",3665400
16000,100,1000,"sd","13:48:14",3660400
16000,100,900,"sd","13:48:14",3659400
16050,150,5100,"bu","13:48:14",3658500
16000,100,100,"sd","13:48:14",3653400
16000,100,1800,"sd","13:48:14",3653300
16050,150,5700,"bu","13:48:14",3651500
16000,100,1200,"sd","13:48:14",3645800
16000,100,200,"sd","13:48:10",3644600
16000,100,100,"sd","13:48:10",3644400
16000,100,200,"sd","13:48:10",3644300
16000,100,500,"sd","13:48:05",3644100
16000,100,500,"sd","13:48:01",3643600
16000,100,1800,"sd","13:47:55",3643100
16000,100,5000,"sd","13:47:55",3641300
16000,100,1000,"sd","13:47:55",3636300
16000,100,1000,"sd","13:47:55",3635300
16000,100,100,"sd","13:47:55",3634300
16000,100,1000,"sd","13:47:55",3634200
16000,100,1700,"sd","13:47:55",3633200
16000,100,400,"sd","13:47:50",3631500
16000,100,1000,"sd","13:47:42",3631100
16000,100,500,"sd","13:47:35",3630100
16050,150,200,"bu","13:47:34",3629600
16000,100,400,"sd","13:47:13",3629400
16000,100,600,"sd","13:47:13",3629000
16000,100,500,"sd","13:47:09",3628400
16000,100,1100,"sd","13:46:56",3627900
16000,100,10000,"sd","13:46:56",3626800
16000,100,5000,"sd","13:46:56",3616800
16000,100,1000,"sd","13:46:56",3611800
16000,100,2000,"sd","13:46:56",3610800
16000,100,1500,"sd","13:46:56",3608800
16000,100,200,"sd","13:46:56",3607300
16000,100,2400,"sd","13:46:56",3607100
16050,150,100,"sd","13:46:48",3604700
16050,150,400,"sd","13:46:43",3604600
16050,150,100,"sd","13:46:43",3604200
16050,150,300,"sd","13:46:43",3604100
16050,150,700,"sd","13:46:43",3603800
16050,150,300,"sd","13:46:40",3603100
16050,150,2000,"sd","13:46:36",3602800
16050,150,1000,"bu","13:46:35",3600800
16050,150,5000,"bu","13:46:35",3599800
16050,150,500,"bu","13:46:35",3594800
16050,150,3300,"bu","13:46:35",3594300
16050,150,100,"bu","13:46:35",3591000
16050,150,10000,"bu","13:46:35",3590900
16050,150,500,"bu","13:46:35",3580900
16050,150,500,"bu","13:46:35",3580400
16050,150,1000,"bu","13:46:35",3579900
16050,150,2800,"bu","13:46:35",3578900
16050,150,300,"bu","13:46:35",3576100
16050,150,100,"bu","13:46:35",3575800
16050,150,500,"bu","13:46:35",3575700
16050,150,1800,"bu","13:46:35",3575200
16050,150,100,"bu","13:46:35",3573400
16050,150,5000,"bu","13:46:35",3573300
16050,150,1000,"bu","13:46:35",3568300
16050,150,200,"bu","13:46:35",3567300
16050,150,100,"bu","13:46:35",3567100
16050,150,100,"bu","13:46:35",3567000
16050,150,13100,"bu","13:46:35",3566900
16050,150,4300,"bu","13:46:33",3553800
16050,150,700,"bu","13:46:33",3549500
16050,150,300,"bu","13:46:30",3548800
16050,150,200,"bu","13:46:30",3548500
16000,100,1000,"sd","13:46:25",3548300
16000,100,100,"sd","13:46:20",3547300
16000,100,500,"sd","13:46:17",3547200
16000,100,3000,"sd","13:46:08",3546700
16000,100,500,"sd","13:45:51",3543700
15950,50,500,"sd","13:45:28",3543200
15950,50,1500,"bu","13:45:25",3542700
15950,50,500,"bu","13:45:19",3541200
15950,50,1000,"sd","13:45:19",3540700
15950,50,2000,"sd","13:45:19",3539700
15950,50,100,"sd","13:45:19",3537700
16000,100,100,"sd","13:45:19",3537600
16000,100,400,"sd","13:45:19",3537500
16050,150,800,"bu","13:45:16",3537100
16050,150,1000,"bu","13:45:16",3536300
16050,150,1000,"bu","13:45:16",3535300
16050,150,100,"bu","13:45:16",3534300
16050,150,100,"bu","13:45:16",3534200
16050,150,1500,"bu","13:45:16",3534100
16050,150,3000,"bu","13:45:16",3532600
16050,150,5000,"bu","13:45:16",3529600
16050,150,100,"bu","13:45:16",3524600
16050,150,1000,"bu","13:45:16",3524500
16000,100,100,"bu","13:45:06",3523500
16000,100,100,"bu","13:45:06",3523400
16000,100,3000,"bu","13:45:01",3523300
16000,100,200,"bu","13:45:01",3520300
16000,100,500,"bu","13:45:01",3520100
16000,100,1000,"bu","13:45:01",3519600
16000,100,2700,"bu","13:45:01",3518600
16000,100,200,"bu","13:45:01",3515900
16000,100,200,"bu","13:45:01",3515700
16000,100,700,"bu","13:45:01",3515500
16000,100,10000,"bu","13:45:01",3514800
16000,100,2400,"bu","13:45:01",3504800
16000,100,11300,"bu","13:45:01",3502400
16000,100,200,"bu","13:45:01",3491100
16000,100,100,"bu","13:45:01",3490900
16000,100,2000,"bu","13:45:01",3490800
16000,100,500,"bu","13:45:01",3488800
16000,100,25000,"bu","13:45:01",3488300
16000,100,2000,"bu","13:45:01",3463300
16000,100,500,"bu","13:45:01",3461300
16000,100,200,"bu","13:45:01",3460800
16000,100,100,"bu","13:45:01",3460600
16000,100,1000,"bu","13:45:01",3460500
16000,100,4000,"bu","13:45:01",3459500
16000,100,3100,"bu","13:45:01",3455500
16000,100,700,"bu","13:45:01",3452400
16000,100,2000,"bu","13:45:01",3451700
16000,100,2000,"bu","13:45:01",3449700
16000,100,3000,"bu","13:45:01",3447700
16000,100,500,"bu","13:45:01",3444700
16000,100,100,"bu","13:45:01",3444200
16000,100,300,"bu","13:45:01",3444100
16000,100,300,"bu","13:45:01",3443800
16000,100,500,"bu","13:45:01",3443500
16000,100,1000,"bu","13:45:01",3443000
16000,100,200,"bu","13:45:01",3442000
16000,100,900,"bu","13:45:01",3441800
16000,100,1000,"bu","13:45:01",3440900
16000,100,100,"bu","13:45:01",3439900
16000,100,4000,"bu","13:45:01",3439800
16000,100,500,"bu","13:45:01",3435800
16000,100,2000,"bu","13:45:01",3435300
15950,50,500,"sd","13:44:59",3433300
15950,50,900,"bu","13:44:52",3432800
15950,50,200,"bu","13:44:49",3431900
15950,50,600,"bu","13:44:42",3431700
15950,50,500,"bu","13:44:37",3431100
15950,50,2000,"sd","13:44:10",3430600
15950,50,10000,"sd","13:44:10",3428600
15950,50,800,"sd","13:44:10",3418600
15950,50,600,"bu","13:44:05",3417800
15950,50,200,"bu","13:44:05",3417200
15950,50,600,"bu","13:44:05",3417000
15950,50,200,"bu","13:44:05",3416400
15950,50,1000,"bu","13:44:05",3416200
15950,50,100,"bu","13:44:05",3415200
15950,50,100,"bu","13:44:05",3415100
15950,50,100,"bu","13:44:05",3415000
15950,50,1300,"bu","13:44:05",3414900
15950,50,3700,"bu","13:44:03",3413600
15950,50,5300,"bu","13:44:03",3409900
15950,50,4700,"bu","13:43:59",3404600
15950,50,300,"bu","13:43:59",3399900
15950,50,200,"bu","13:43:55",3399600
15950,50,100,"bu","13:43:55",3399400
15950,50,700,"bu","13:43:55",3399300
15950,50,5000,"bu","13:43:53",3398600
15950,50,500,"bu","13:43:47",3393600
15950,50,200,"bu","13:43:40",3393100
15950,50,200,"bu","13:43:17",3392900
15950,50,600,"bu","13:43:15",3392700
15950,50,200,"bu","13:43:06",3392100
15950,50,2200,"bu","13:42:53",3391900
15950,50,100,"bu","13:42:27",3389700
15900,0,100,"sd","13:42:21",3389600
15950,50,4400,"bu","13:42:20",3389500
15950,50,2100,"bu","13:42:20",3385100
15950,50,300,"bu","13:42:16",3383000
15950,50,600,"bu","13:42:07",3382700
15950,50,1000,"bu","13:42:03",3382100
15950,50,500,"bu","13:41:52",3381100
15950,50,1400,"bu","13:41:49",3380600
15950,50,100,"bu","13:41:37",3379200
15950,50,400,"bu","13:41:37",3379100
15950,50,100,"bu","13:41:37",3378700
15950,50,1200,"bu","13:41:37",3378600
15900,0,800,"sd","13:41:33",3377400
15900,0,1000,"sd","13:41:33",3376600
15900,0,100,"sd","13:41:33",3375600
15900,0,200,"sd","13:41:33",3375500
15900,0,100,"sd","13:41:33",3375300
15900,0,200,"sd","13:41:33",3375200
15900,0,100,"sd","13:41:33",3375000
15900,0,500,"sd","13:41:33",3374900
15900,0,400,"sd","13:40:45",3374400
15900,0,100,"sd","13:40:34",3374000
15900,0,100,"bu","13:39:50",3373900
15900,0,900,"bu","13:39:50",3373800
15900,0,2900,"bu","13:39:49",3372900
15900,0,500,"bu","13:39:48",3370000
15900,0,1500,"bu","13:39:45",3369500
15900,0,100,"bu","13:39:43",3368000
15900,0,1000,"bu","13:39:42",3367900
15900,0,2000,"bu","13:39:40",3366900
15900,0,8100,"bu","13:39:37",3364900
15900,0,700,"bu","13:39:37",3356800
15900,0,100,"bu","13:39:37",3356100
15900,0,10000,"bu","13:39:37",3356000
15900,0,1000,"bu","13:39:37",3346000
15900,0,400,"bu","13:39:37",3345000
15900,0,5200,"bu","13:39:37",3344600
15900,0,1000,"bu","13:39:37",3339400
15900,0,500,"bu","13:39:37",3338400
15900,0,2000,"bu","13:39:37",3337900
15900,0,10000,"bu","13:39:37",3335900
15900,0,2000,"bu","13:39:37",3325900
15900,0,500,"bu","13:39:37",3323900
15900,0,2000,"bu","13:39:37",3323400
15900,0,1000,"bu","13:39:37",3321400
15900,0,1000,"bu","13:39:37",3320400
15900,0,4000,"bu","13:39:37",3319400
15900,0,500,"bu","13:39:37",3315400
15900,0,5000,"bu","13:39:20",3314900
15900,0,100,"bu","13:39:18",3309900
15900,0,1900,"bu","13:39:14",3309800
15900,0,5000,"bu","13:39:12",3307900
15900,0,1500,"bu","13:39:03",3302900
15900,0,1300,"bu","13:38:57",3301400
15900,0,1700,"bu","13:38:57",3300100
15900,0,100,"bu","13:38:54",3298400
15900,0,100,"bu","13:38:54",3298300
15900,0,3300,"bu","13:38:54",3298200
15900,0,200,"bu","13:38:53",3294900
15900,0,500,"bu","13:38:49",3294700
15900,0,1000,"bu","13:38:43",3294200
15900,0,200,"bu","13:38:43",3293200
15900,0,2700,"bu","13:38:43",3293000
15900,0,400,"bu","13:38:35",3290300
15900,0,200,"bu","13:38:34",3289900
15900,0,500,"bu","13:38:23",3289700
15850,-50,500,"sd","13:37:30",3289200
15850,-50,300,"sd","13:37:09",3288700
15850,-50,1500,"sd","13:36:42",3288400
15850,-50,100,"sd","13:36:42",3286900
15850,-50,2900,"sd","13:36:42",3286800
15850,-50,5500,"sd","13:36:42",3283900
15900,0,500,"bu","13:36:36",3278400
15900,0,200,"bu","13:36:23",3277900
15900,0,500,"bu","13:35:41",3277700
15900,0,500,"bu","13:35:34",3277200
15900,0,100,"bu","13:35:21",3276700
15850,-50,700,"sd","13:35:10",3276600
15850,-50,1500,"sd","13:34:54",3275900
15900,0,4400,"bu","13:34:38",3274400
15900,0,100,"bu","13:34:38",3270000
15900,0,2000,"bu","13:34:38",3269900
15900,0,300,"bu","13:34:38",3267900
15900,0,100,"bu","13:34:38",3267600
15900,0,2000,"bu","13:34:38",3267500
15900,0,1100,"bu","13:34:38",3265500
15900,0,500,"bu","13:34:33",3264400
15900,0,500,"bu","13:34:23",3263900
15900,0,100,"bu","13:34:05",3263400
15900,0,400,"bu","13:33:53",3263300
15900,0,100,"bu","13:33:45",3262900
15900,0,200,"bu","13:33:35",3262800
15850,-50,500,"sd","13:33:27",3262600
15850,-50,1800,"sd","13:33:21",3262100
15850,-50,100,"sd","13:33:21",3260300
15850,-50,2000,"sd","13:33:21",3260200
15850,-50,200,"sd","13:33:21",3258200
15850,-50,200,"sd","13:33:21",3258000
15850,-50,4600,"sd","13:33:21",3257800
15850,-50,200,"sd","13:33:13",3253200
15900,0,1000,"bu","13:33:07",3253000
15900,0,100,"bu","13:33:02",3252000
15900,0,500,"bu","13:32:54",3251900
15900,0,200,"bu","13:32:46",3251400
15900,0,3000,"bu","13:31:32",3251200
15900,0,2000,"bu","13:31:29",3248200
15850,-50,100,"sd","13:31:22",3246200
15850,-50,100,"sd","13:31:09",3246100
15900,0,400,"bu","13:30:43",3246000
15900,0,600,"bu","13:30:43",3245600
15900,0,100,"bu","13:30:41",3245000
15900,0,1000,"bu","13:30:35",3244900
15900,0,1300,"bu","13:30:29",3243900
15900,0,2000,"bu","13:30:29",3242600
15900,0,5000,"bu","13:30:29",3240600
15900,0,500,"bu","13:30:28",3235600
15900,0,500,"bu","13:30:28",3235100
15900,0,700,"bu","13:30:28",3234600
15900,0,7300,"bu","13:30:18",3233900
15900,0,1900,"bu","13:29:31",3226600
15900,0,1000,"sd","13:29:30",3224700
15900,0,2000,"sd","13:29:30",3223700
15900,0,1000,"sd","13:29:30",3221700
15900,0,17100,"sd","13:29:30",3220700
15900,0,13900,"sd","13:29:20",3203600
15900,0,100,"sd","13:28:56",3189700
15900,0,15900,"bu","13:28:49",3189600
15900,0,1000,"bu","13:28:22",3173700
15900,0,2000,"bu","13:28:18",3172700
15900,0,2100,"bu","13:27:55",3170700
15900,0,900,"bu","13:27:55",3168600
15900,0,100,"bu","13:27:50",3167700
15900,0,500,"bu","13:27:50",3167600
15900,0,900,"bu","13:27:50",3167100
15900,0,1000,"bu","13:27:37",3166200
15900,0,1000,"bu","13:27:26",3165200
15900,0,100,"bu","13:26:54",3164200
15900,0,100,"bu","13:26:50",3164100
15900,0,1000,"bu","13:26:49",3164000
15900,0,2000,"bu","13:26:47",3163000
15900,0,1000,"bu","13:26:37",3161000
15900,0,1500,"sd","13:26:33",3160000
15900,0,100,"sd","13:26:33",3158500
15900,0,100,"sd","13:26:33",3158400
15900,0,700,"sd","13:26:33",3158300
15900,0,200,"sd","13:26:33",3157600
15900,0,200,"sd","13:26:33",3157400
15900,0,100,"sd","13:26:33",3157200
15900,0,2000,"sd","13:26:30",3157100
15900,0,200,"sd","13:26:30",3155100
15900,0,200,"sd","13:26:30",3154900
15900,0,600,"sd","13:26:30",3154700
15900,0,400,"sd","13:26:14",3154100
15900,0,100,"sd","13:26:14",3153700
15900,0,400,"sd","13:26:10",3153600
15900,0,200,"sd","13:26:10",3153200
15900,0,200,"sd","13:26:10",3153000
15900,0,27200,"sd","13:26:10",3152800
15900,0,400,"sd","13:25:23",3125600
15950,50,600,"bu","13:25:14",3125200
15950,50,4000,"bu","13:25:14",3124600
15950,50,400,"bu","13:25:14",3120600
15950,50,45000,"bu","13:25:14",3120200
15900,0,10000,"sd","13:24:51",3075200
15900,0,1000,"sd","13:24:32",3065200
15950,50,5000,"bu","13:24:24",3064200
15900,0,2900,"sd","13:23:55",3059200
15950,50,100,"bu","13:23:50",3056300
15900,0,2000,"sd","13:23:28",3056200
15900,0,2000,"sd","13:23:25",3054200
15950,50,500,"bu","13:23:04",3052200
15900,0,2000,"sd","13:22:44",3051700
15900,0,2500,"bu","13:22:32",3049700
15900,0,100,"bu","13:22:24",3047200
15900,0,200,"sd","13:22:22",3047100
15900,0,200,"sd","13:22:22",3046900
15950,50,100,"bu","13:22:20",3046700
15900,0,800,"bu","13:21:43",3046600
15900,0,100,"bu","13:21:40",3045800
15900,0,2300,"bu","13:21:34",3045700
15900,0,50000,"sd","13:21:23",3043400
15900,0,500,"sd","13:21:23",2993400
15900,0,300,"sd","13:21:23",2992900
15900,0,100,"sd","13:21:23",2992600
15900,0,100,"sd","13:21:23",2992500
15900,0,100,"sd","13:21:23",2992400
15900,0,100,"sd","13:21:23",2992300
15900,0,600,"sd","13:21:23",2992200
15900,0,500,"sd","13:21:19",2991600
15900,0,100,"sd","13:21:04",2991100
15900,0,3800,"sd","13:20:46",2991000
15900,0,100,"sd","13:20:46",2987200
15900,0,6100,"sd","13:20:46",2987100
15900,0,300,"sd","13:20:16",2981000
15900,0,200,"bu","13:20:12",2980700
15900,0,300,"sd","13:20:01",2980500
15900,0,100,"bu","13:19:59",2980200
15900,0,1000,"bu","13:19:59",2980100
15900,0,500,"bu","13:19:59",2979100
15900,0,100,"bu","13:19:59",2978600
15900,0,200,"bu","13:19:56",2978500
15900,0,100,"bu","13:19:55",2978300
15900,0,300,"bu","13:19:51",2978200
15900,0,400,"bu","13:19:49",2977900
15900,0,1000,"bu","13:19:49",2977500
15900,0,600,"bu","13:19:49",2976500
15900,0,200,"bu","13:19:34",2975900
15900,0,100,"bu","13:19:31",2975700
15900,0,6000,"bu","13:19:23",2975600
15900,0,400,"bu","13:19:22",2969600
15900,0,900,"bu","13:19:22",2969200
15850,-50,400,"sd","13:19:16",2968300
15900,0,200,"bu","13:19:10",2967900
15850,-50,100,"sd","13:19:09",2967700
15850,-50,100,"sd","13:19:09",2967600
15850,-50,800,"sd","13:19:09",2967500
15900,0,1900,"sd","13:18:57",2966700
15900,0,2000,"sd","13:18:52",2964800
15900,0,2100,"sd","13:18:51",2962800
15900,0,100,"sd","13:18:51",2960700
15900,0,200,"sd","13:18:51",2960600
15900,0,1000,"sd","13:18:51",2960400
15900,0,1000,"sd","13:18:44",2959400
15900,0,500,"sd","13:18:40",2958400
15900,0,500,"sd","13:18:40",2957900
15900,0,9500,"bu","13:18:34",2957400
15900,0,2000,"bu","13:18:34",2947900
15900,0,2700,"bu","13:18:32",2945900
15900,0,100,"bu","13:18:32",2943200
15900,0,100,"bu","13:18:32",2943100
15900,0,1000,"bu","13:18:32",2943000
15900,0,2000,"bu","13:18:32",2942000
15900,0,2000,"bu","13:18:32",2940000
15900,0,2000,"bu","13:18:32",2938000
15900,0,2000,"bu","13:18:32",2936000
15900,0,4000,"bu","13:18:32",2934000
15900,0,2000,"bu","13:18:28",2930000
15900,0,500,"bu","13:18:27",2928000
15900,0,1600,"bu","13:18:26",2927500
15900,0,1600,"bu","13:18:25",2925900
15900,0,300,"bu","13:18:24",2924300
15900,0,200,"bu","13:18:24",2924000
15900,0,500,"bu","13:18:24",2923800
15900,0,100,"bu","13:18:20",2923300
15900,0,100,"bu","13:18:19",2923200
15900,0,800,"bu","13:18:15",2923100
15900,0,9200,"bu","13:18:15",2922300
15900,0,200,"bu","13:18:14",2913100
15900,0,500,"bu","13:18:12",2912900
15900,0,3200,"bu","13:18:01",2912400
15900,0,100,"bu","13:17:45",2909200
15900,0,1000,"bu","13:17:43",2909100
15900,0,100,"bu","13:17:35",2908100
15900,0,100,"bu","13:17:34",2908000
15900,0,1300,"bu","13:17:32",2907900
15900,0,200,"bu","13:17:28",2906600
15900,0,1500,"bu","13:17:16",2906400
15900,0,700,"bu","13:17:09",2904900
15900,0,200,"bu","13:17:08",2904200
15900,0,100,"bu","13:16:55",2904000
15900,0,100,"bu","13:16:47",2903900
15900,0,100,"bu","13:16:43",2903800
15900,0,1400,"bu","13:16:24",2903700
15900,0,1500,"bu","13:16:24",2902300
15900,0,2000,"bu","13:16:10",2900800
15900,0,4300,"bu","13:16:04",2898800
15900,0,5000,"bu","13:16:04",2894500
15900,0,200,"bu","13:16:04",2889500
15900,0,500,"bu","13:16:04",2889300
15900,0,300,"bu","13:16:04",2888800
15900,0,7000,"bu","13:16:04",2888500
15900,0,2000,"bu","13:16:04",2881500
15900,0,20000,"bu","13:16:04",2879500
15900,0,700,"bu","13:16:04",2859500
15900,0,200,"bu","13:15:40",2858800
15900,0,100,"bu","13:14:53",2858600
15850,-50,100,"sd","13:14:51",2858500
15850,-50,500,"sd","13:14:27",2858400
15850,-50,1500,"sd","13:14:23",2857900
15850,-50,5000,"sd","13:14:17",2856400
15850,-50,300,"bu","13:14:12",2851400
15850,-50,1000,"bu","13:14:12",2851100
15850,-50,100,"bu","13:14:12",2850100
15850,-50,700,"bu","13:14:12",2850000
15800,-100,1000,"sd","13:14:01",2849300
15800,-100,200,"sd","13:13:59",2848300
15800,-100,100,"sd","13:13:59",2848100
15800,-100,200,"sd","13:13:59",2848000
15850,-50,100,"bu","13:13:57",2847800
15850,-50,900,"bu","13:13:42",2847700
15850,-50,100,"bu","13:13:42",2846800
15850,-50,100,"unknown","13:13:27",2846700
15850,-50,100,"unknown","13:13:27",2846600
15850,-50,100,"unknown","13:13:27",2846500
15850,-50,1000,"unknown","13:13:27",2846400
15850,-50,1000,"sd","13:13:27",2845400
15850,-50,100,"sd","13:13:27",2844400
15850,-50,2400,"sd","13:13:27",2844300
15850,-50,500,"sd","13:13:27",2841900
15850,-50,200,"sd","13:13:27",2841400
15850,-50,200,"sd","13:13:27",2841200
15850,-50,200,"sd","13:13:27",2841000
15850,-50,100,"sd","13:13:27",2840800
15850,-50,300,"sd","13:13:27",2840700
15850,-50,300,"sd","13:13:27",2840400
15850,-50,500,"sd","13:13:27",2840100
15850,-50,500,"sd","13:13:27",2839600
15850,-50,500,"sd","13:13:27",2839100
15850,-50,100,"sd","13:13:27",2838600
15850,-50,500,"sd","13:13:27",2838500
15850,-50,200,"sd","13:13:27",2838000
15850,-50,2000,"sd","13:13:27",2837800
15850,-50,500,"sd","13:13:27",2835800
15850,-50,100,"sd","13:13:27",2835300
15850,-50,1000,"sd","13:13:27",2835200
15850,-50,800,"sd","13:13:27",2834200
15850,-50,200,"sd","13:13:27",2833400
15850,-50,200,"sd","13:13:27",2833200
15850,-50,9400,"sd","13:13:27",2833000
15850,-50,1000,"sd","13:13:23",2823600
15850,-50,1000,"sd","13:13:12",2822600
15850,-50,400,"sd","13:13:11",2821600
15850,-50,100,"sd","13:13:01",2821200
15850,-50,300,"sd","13:12:46",2821100
15850,-50,2000,"sd","13:12:42",2820800
15850,-50,5800,"sd","13:12:30",2818800
15850,-50,100,"sd","13:12:30",2813000
15850,-50,100,"sd","13:12:30",2812900
15850,-50,300,"sd","13:12:30",2812800
15850,-50,2000,"sd","13:12:30",2812500
15850,-50,200,"sd","13:12:30",2810500
15850,-50,1500,"sd","13:12:30",2810300
15850,-50,3500,"sd","13:12:29",2808800
15850,-50,100,"sd","13:12:29",2805300
15850,-50,200,"sd","13:12:29",2805200
15850,-50,500,"sd","13:12:29",2805000
15850,-50,700,"sd","13:12:29",2804500
15850,-50,300,"sd","13:12:28",2803800
15850,-50,700,"sd","13:12:28",2803500
15900,0,1500,"bu","13:12:00",2802800
15850,-50,1500,"sd","13:11:55",2801300
15850,-50,500,"sd","13:11:55",2799800
15850,-50,2000,"sd","13:11:55",2799300
15850,-50,500,"sd","13:11:55",2797300
15850,-50,100,"sd","13:11:55",2796800
15850,-50,200,"sd","13:11:55",2796700
15850,-50,100,"sd","13:11:55",2796500
15850,-50,100,"sd","13:11:55",2796400
15850,-50,3900,"sd","13:11:55",2796300
15900,0,300,"bu","13:11:55",2792400
15850,-50,300,"sd","13:11:55",2792100
15850,-50,300,"sd","13:11:55",2791800
15850,-50,500,"sd","13:11:55",2791500
15900,0,1500,"sd","13:11:44",2791000
15900,0,100,"sd","13:11:44",2789500
15900,0,3000,"sd","13:11:44",2789400
15900,0,2000,"sd","13:11:44",2786400
15900,0,100,"sd","13:11:44",2784400
15900,0,100,"sd","13:11:44",2784300
15900,0,500,"sd","13:11:44",2784200
15900,0,100,"sd","13:11:44",2783700
15900,0,2900,"sd","13:11:44",2783600
15900,0,100,"sd","13:11:44",2780700
15900,0,1000,"sd","13:11:44",2780600
15900,0,100,"sd","13:11:44",2779600
15900,0,1000,"sd","13:11:44",2779500
15900,0,10000,"sd","13:11:44",2778500
15900,0,1000,"sd","13:11:44",2768500
15900,0,400,"sd","13:11:44",2767500
15900,0,500,"sd","13:11:44",2767100
15900,0,4900,"sd","13:11:44",2766600
15900,0,500,"sd","13:11:44",2761700
15900,0,5000,"sd","13:11:44",2761200
15900,0,1000,"sd","13:11:44",2756200
15900,0,6000,"sd","13:11:44",2755200
15900,0,600,"sd","13:11:44",2749200
15900,0,100,"sd","13:11:44",2748600
15900,0,200,"sd","13:11:44",2748500
15900,0,100,"sd","13:11:44",2748300
15900,0,1300,"sd","13:11:44",2748200
15900,0,10000,"sd","13:11:44",2746900
15900,0,2000,"sd","13:11:44",2736900
15900,0,10000,"sd","13:11:44",2734900
15900,0,100,"sd","13:11:44",2724900
15900,0,100,"sd","13:11:44",2724800
15900,0,300,"sd","13:11:44",2724700
15900,0,100,"sd","13:11:44",2724400
15900,0,400,"sd","13:11:44",2724300
15900,0,1100,"sd","13:11:44",2723900
15900,0,3000,"sd","13:11:42",2722800
15900,0,2600,"sd","13:11:32",2719800
15900,0,200,"sd","13:11:24",2717200
15900,0,900,"sd","13:11:20",2717000
15950,50,200,"bu","13:11:17",2716100
15900,0,20000,"sd","13:11:09",2715900
15950,50,100,"bu","13:10:52",2695900
15900,0,200,"sd","13:10:51",2695800
15900,0,100,"sd","13:10:07",2695600
15900,0,900,"sd","13:10:04",2695500
15900,0,20000,"sd","13:09:28",2694600
15950,50,100,"sd","13:09:26",2674600
15950,50,500,"sd","13:09:26",2674500
15950,50,500,"sd","13:09:26",2674000
15950,50,400,"sd","13:09:26",2673500
15950,50,100,"sd","13:09:26",2673100
15900,0,300,"sd","13:09:09",2673000
15950,50,900,"sd","13:09:09",2672700
15950,50,100,"bu","13:09:07",2671800
15950,50,1000,"bu","13:09:07",2671700
15950,50,1000,"bu","13:09:07",2670700
15950,50,100,"bu","13:09:07",2669700
15950,50,400,"bu","13:09:07",2669600
15950,50,200,"bu","13:08:41",2669200
15950,50,400,"sd","13:08:34",2669000
15950,50,600,"sd","13:08:34",2668600
15950,50,600,"sd","13:08:34",2668000
15950,50,100,"sd","13:08:34",2667400
15950,50,100,"sd","13:08:34",2667300
15950,50,100,"sd","13:08:27",2667200
15950,50,100,"sd","13:08:17",2667100
15950,50,3800,"sd","13:08:17",2667000
15950,50,500,"sd","13:08:17",2663200
15950,50,2000,"sd","13:08:15",2662700
15950,50,100,"sd","13:08:02",2660700
15950,50,2000,"sd","13:07:49",2660600
15950,50,500,"sd","13:07:48",2658600
15950,50,100,"sd","13:07:43",2658100
15950,50,800,"sd","13:07:40",2658000
15950,50,200,"sd","13:07:29",2657200
15950,50,400,"sd","13:07:29",2657000
15950,50,600,"sd","13:07:02",2656600
15950,50,100,"sd","13:07:02",2656000
15950,50,1900,"sd","13:06:47",2655900
15950,50,100,"bu","13:06:43",2654000
15950,50,1500,"bu","13:06:34",2653900
15950,50,3100,"bu","13:06:34",2652400
15950,50,400,"bu","13:06:33",2649300
15950,50,500,"bu","13:06:33",2648900
15950,50,100,"bu","13:06:33",2648400
15950,50,100,"bu","13:06:30",2648300
15950,50,1600,"bu","13:06:30",2648200
15950,50,200,"bu","13:06:27",2646600
15900,0,200,"sd","13:06:22",2646400
15900,0,100,"sd","13:05:34",2646200
15900,0,400,"sd","13:05:20",2646100
15900,0,100,"sd","13:05:20",2645700
15950,50,300,"sd","13:05:15",2645600
15950,50,100,"sd","13:05:15",2645300
15950,50,100,"sd","13:05:15",2645200
15950,50,200,"sd","13:05:15",2645100
15950,50,500,"sd","13:05:15",2644900
15950,50,200,"sd","13:05:14",2644400
15950,50,300,"sd","13:05:03",2644200
15950,50,1700,"sd","13:05:03",2643900
15950,50,300,"sd","13:04:53",2642200
15950,50,100,"sd","13:04:53",2641900
15950,50,600,"sd","13:04:53",2641800
15950,50,500,"sd","13:04:51",2641200
15950,50,200,"sd","13:04:43",2640700
15950,50,100,"sd","13:04:37",2640500
15950,50,400,"sd","13:04:33",2640400
15950,50,1000,"sd","13:04:29",2640000
15950,50,200,"sd","13:04:20",2639000
15950,50,500,"sd","13:04:19",2638800
15950,50,500,"sd","13:04:19",2638300
15950,50,4600,"sd","13:04:17",2637800
15950,50,2000,"sd","13:04:06",2633200
15950,50,1000,"sd","13:03:59",2631200
15950,50,100,"sd","13:03:20",2630200
15950,50,100,"sd","13:03:16",2630100
15950,50,800,"sd","13:03:15",2630000
15950,50,5400,"sd","13:02:52",2629200
15950,50,4000,"sd","13:02:48",2623800
15950,50,200,"sd","13:02:43",2619800
15950,50,200,"bu","13:02:36",2619600
15950,50,100,"bu","13:02:36",2619400
15950,50,300,"bu","13:02:36",2619300
15950,50,200,"bu","13:02:36",2619000
15950,50,100,"bu","13:02:36",2618800
15950,50,500,"bu","13:02:36",2618700
15950,50,600,"bu","13:02:36",2618200
15950,50,200,"bu","13:02:36",2617600
15950,50,500,"bu","13:02:36",2617400
15950,50,1100,"bu","13:02:36",2616900
15950,50,5000,"bu","13:02:36",2615800
15950,50,1000,"bu","13:02:36",2610800
15950,50,1800,"bu","13:02:36",2609800
15900,0,5000,"bu","13:02:36",2608000
15900,0,200,"bu","13:02:36",2603000
15900,0,300,"bu","13:02:36",2602800
15900,0,3600,"bu","13:02:36",2602500
15900,0,2900,"bu","13:02:36",2598900
15900,0,7700,"bu","13:02:36",2596000
15900,0,200,"bu","13:02:27",2588300
15850,-50,2100,"sd","13:02:16",2588100
15850,-50,300,"sd","13:02:16",2586000
15850,-50,1000,"sd","13:02:16",2585700
15850,-50,500,"sd","13:02:16",2584700
15850,-50,500,"sd","13:02:16",2584200
15850,-50,100,"sd","13:02:16",2583700
15850,-50,500,"sd","13:02:16",2583600
15900,0,200,"sd","13:01:41",2583100
15900,0,6600,"sd","13:01:41",2582900
15900,0,300,"sd","13:01:41",2576300
15900,0,100,"sd","13:01:41",2576000
15900,0,500,"sd","13:01:41",2575900
15900,0,5000,"sd","13:01:41",2575400
15900,0,500,"sd","13:01:41",2570400
15900,0,500,"sd","13:01:41",2569900
15900,0,100,"sd","13:01:41",2569400
15900,0,100,"sd","13:01:41",2569300
15900,0,1000,"sd","13:01:41",2569200
15900,0,200,"sd","13:01:41",2568200
15900,0,3000,"sd","13:01:41",2568000
15900,0,20000,"sd","13:01:41",2565000
15900,0,3000,"sd","13:01:41",2545000
15900,0,100,"sd","13:01:41",2542000
15900,0,900,"sd","13:01:40",2541900
15900,0,100,"sd","13:01:26",2541000
15900,0,1000,"sd","13:01:26",2540900
15900,0,1000,"sd","13:01:26",2539900
15900,0,400,"sd","13:01:26",2538900
15900,0,100,"sd","13:01:18",2538500
15900,0,1500,"sd","13:01:03",2538400
15900,0,3000,"sd","13:01:03",2536900
15900,0,500,"sd","13:01:03",2533900
15900,0,300,"sd","13:01:03",2533400
15900,0,700,"sd","13:01:03",2533100
15900,0,700,"sd","13:01:00",2532400
15900,0,200,"sd","13:01:00",2531700
15900,0,100,"sd","13:00:26",2531500
15900,0,500,"sd","13:00:26",2531400
15900,0,1000,"sd","13:00:26",2530900
15900,0,200,"sd","13:00:26",2529900
15900,0,200,"sd","13:00:26",2529700
15950,50,1000,"bu","13:00:25",2529500
15950,50,100,"bu","13:00:16",2528500
15900,0,100,"sd","13:00:13",2528400
15950,50,100,"bu","13:00:12",2528300
15950,50,1000,"bu","13:00:11",2528200
15950,50,500,"bu","13:00:11",2527200
15900,0,200,"sd","13:00:11",2526700
15900,0,100,"sd","13:00:11",2526500
15900,0,1000,"sd","13:00:11",2526400
15900,0,500,"sd","13:00:09",2525400
15950,50,200,"bu","13:00:08",2524900
15950,50,300,"bu","13:00:07",2524700
15950,50,200,"bu","13:00:07",2524400
15950,50,100,"bu","13:00:05",2524200
15950,50,5000,"bu","13:00:04",2524100
15900,0,500,"sd","13:00:04",2519100
15900,0,7000,"sd","13:00:04",2518600
15900,0,1000,"sd","13:00:04",2511600
15900,0,300,"sd","13:00:04",2510600
15900,0,2600,"sd","13:00:04",2510300
15900,0,2800,"sd","13:00:04",2507700
15900,0,100,"sd","13:00:04",2504900
15900,0,1000,"sd","13:00:04",2504800
15900,0,500,"sd","13:00:04",2503800
15900,0,500,"sd","13:00:04",2503300
15900,0,3000,"sd","13:00:03",2502800
15900,0,10000,"sd","13:00:03",2499800
15900,0,200,"sd","13:00:03",2489800
15900,0,1000,"sd","13:00:02",2489600
15950,50,10000,"bu","13:00:02",2488600
15900,0,9500,"sd","13:00:02",2478600
15950,50,100,"bu","13:00:02",2469100
15950,50,100,"bu","13:00:02",2469000
15900,0,300,"sd","13:00:02",2468900
15950,50,4900,"bu","13:00:02",2468600
15950,50,4900,"bu","13:00:02",2463700
15900,0,700,"sd","13:00:01",2458800
15900,0,9100,"sd","13:00:01",2458100
15950,50,600,"bu","13:00:01",2449000
15950,50,200,"bu","13:00:01",2448400
15950,50,100,"bu","13:00:01",2448200
15950,50,100,"bu","13:00:01",2448100
15900,0,200,"sd","13:00:00",2448000
15950,50,100,"sd","13:00:00",2447800
15950,50,100,"sd","13:00:00",2447700
15950,50,1000,"sd","13:00:00",2447600
15950,50,500,"sd","11:29:43",2446600
15950,50,8000,"bu","11:29:34",2446100
15950,50,200,"bu","11:29:34",2438100
15950,50,300,"sd","11:29:02",2437900
15950,50,200,"sd","11:29:01",2437600
15950,50,100,"bu","11:29:01",2437400
15950,50,900,"sd","11:28:53",2437300
15950,50,100,"sd","11:28:51",2436400
16000,100,400,"bu","11:28:35",2436300
15950,50,100,"bu","11:28:35",2435900
15900,0,1100,"sd","11:28:33",2435800
15900,0,100,"sd","11:28:28",2434700
15900,0,10000,"sd","11:28:09",2434600
15950,50,1000,"bu","11:27:41",2424600
15950,50,5000,"bu","11:27:39",2423600
15950,50,3900,"sd","11:26:45",2418600
15950,50,100,"sd","11:26:44",2414700
15950,50,1000,"sd","11:26:40",2414600
15950,50,1000,"sd","11:26:40",2413600
15950,50,4000,"sd","11:26:30",2412600
15950,50,1000,"sd","11:26:30",2408600
16000,100,1800,"bu","11:26:09",2407600
16000,100,900,"bu","11:25:24",2405800
16000,100,300,"bu","11:25:24",2404900
16000,100,2000,"bu","11:25:24",2404600
16000,100,500,"bu","11:25:24",2402600
15950,50,1000,"bu","11:25:24",2402100
15950,50,300,"bu","11:25:24",2401100
15950,50,3000,"bu","11:25:16",2400800
15950,50,3700,"bu","11:25:08",2397800
15950,50,600,"bu","11:25:08",2394100
15950,50,500,"bu","11:25:08",2393500
15950,50,300,"bu","11:25:08",2393000
15950,50,900,"bu","11:24:51",2392700
15950,50,4100,"bu","11:24:51",2391800
15950,50,900,"bu","11:24:37",2387700
15950,50,200,"bu","11:24:37",2386800
15950,50,1000,"bu","11:24:37",2386600
15950,50,900,"bu","11:24:37",2385600
15950,50,4100,"bu","11:24:20",2384700
15950,50,100,"bu","11:24:20",2380600
15950,50,800,"bu","11:24:20",2380500
15950,50,200,"bu","11:24:01",2379700
15900,0,700,"sd","11:23:24",2379500
15900,0,5300,"sd","11:21:05",2378800
15900,0,200,"sd","11:20:58",2373500
15950,50,2000,"bu","11:20:50",2373300
15900,0,500,"sd","11:19:52",2371300
15900,0,1000,"sd","11:19:23",2370800
15900,0,100,"sd","11:19:23",2369800
15900,0,1000,"sd","11:18:59",2369700
15900,0,2000,"sd","11:18:25",2368700
15900,0,5000,"sd","11:18:18",2366700
15900,0,200,"sd","11:18:07",2361700
15900,0,300,"sd","11:17:49",2361500
15900,0,2000,"sd","11:17:23",2361200
15900,0,500,"sd","11:17:23",2359200
15900,0,2000,"sd","11:17:03",2358700
15950,50,200,"bu","11:16:19",2356700
15900,0,300,"sd","11:15:41",2356500
15900,0,200,"sd","11:14:16",2356200
15950,50,2300,"bu","11:14:05",2356000
15950,50,700,"bu","11:14:05",2353700
15950,50,4300,"bu","11:13:43",2353000
15950,50,1000,"bu","11:13:43",2348700
15950,50,3000,"bu","11:13:43",2347700
15950,50,1400,"bu","11:13:43",2344700
15950,50,300,"bu","11:13:43",2343300
15900,0,600,"sd","11:13:39",2343000
15950,50,100,"bu","11:12:16",2342400
15950,50,100,"bu","11:09:44",2342300
15900,0,100,"sd","11:09:31",2342200
15900,0,1000,"sd","11:09:08",2342100
15900,0,56000,"bu","11:08:32",2341100
15900,0,300,"bu","11:08:25",2285100
15900,0,700,"bu","11:08:25",2284800
15900,0,100,"sd","11:08:22",2284100
15900,0,29200,"sd","11:08:22",2284000
15900,0,20000,"bu","11:08:06",2254800
15900,0,200,"bu","11:08:06",2234800
15900,0,50600,"bu","11:08:06",2234600
15900,0,1000,"bu","11:08:03",2184000
15900,0,8200,"bu","11:08:02",2183000
15900,0,1500,"bu","11:08:02",2174800
15900,0,300,"bu","11:08:02",2173300
15900,0,1000,"sd","11:07:35",2173000
15900,0,100,"sd","11:07:35",2172000
15900,0,11000,"sd","11:07:35",2171900
15900,0,200,"sd","11:07:35",2160900
15900,0,100,"sd","11:07:35",2160700
15900,0,100,"sd","11:07:35",2160600
15900,0,500,"sd","11:07:35",2160500
15900,0,500,"sd","11:07:35",2160000
15900,0,1000,"sd","11:07:35",2159500
15900,0,100,"sd","11:07:35",2158500
15900,0,100,"sd","11:07:35",2158400
15900,0,100,"sd","11:07:35",2158300
15900,0,200,"sd","11:07:35",2158200
15900,0,300,"sd","11:07:35",2158000
15900,0,200,"sd","11:07:35",2157700
15900,0,10000,"sd","11:07:35",2157500
15900,0,100,"sd","11:07:35",2147500
15900,0,3500,"sd","11:07:35",2147400
15900,0,300,"sd","11:07:34",2143900
15900,0,10000,"sd","11:06:48",2143600
15900,0,1000,"sd","11:06:39",2133600
15900,0,200,"sd","11:06:31",2132600
15900,0,1000,"sd","11:06:10",2132400
15900,0,100,"sd","11:06:10",2131400
15900,0,1500,"sd","11:06:10",2131300
15900,0,2000,"sd","11:06:10",2129800
15900,0,2000,"sd","11:06:10",2127800
15900,0,200,"sd","11:06:10",2125800
15900,0,200,"sd","11:06:10",2125600
15900,0,1000,"sd","11:06:10",2125400
15900,0,1000,"sd","11:06:10",2124400
15900,0,600,"sd","11:06:10",2123400
15900,0,500,"sd","11:06:10",2122800
15900,0,100,"sd","11:06:10",2122300
15900,0,1000,"sd","11:06:10",2122200
15900,0,600,"sd","11:06:10",2121200
15900,0,2500,"sd","11:06:10",2120600
15900,0,5000,"sd","11:06:10",2118100
15900,0,100,"sd","11:06:10",2113100
15900,0,200,"sd","11:06:10",2113000
15900,0,100,"sd","11:06:10",2112800
15900,0,1000,"sd","11:06:10",2112700
15900,0,500,"sd","11:06:10",2111700
15900,0,2700,"sd","11:06:10",2111200
15900,0,1500,"sd","11:06:10",2108500
15900,0,100,"sd","11:06:10",2107000
15900,0,200,"sd","11:06:10",2106900
15900,0,100,"sd","11:06:10",2106700
15900,0,300,"sd","11:06:10",2106600
15900,0,5000,"sd","11:06:10",2106300
15900,0,200,"sd","11:06:10",2101300
15900,0,5000,"sd","11:06:10",2101100
15900,0,500,"sd","11:06:10",2096100
15900,0,100,"sd","11:06:10",2095600
15900,0,900,"sd","11:06:10",2095500
15900,0,5500,"sd","11:06:10",2094600
15900,0,200,"sd","11:06:10",2089100
15900,0,7000,"sd","11:06:10",2088900
15900,0,100,"sd","11:06:10",2081900
15900,0,100,"sd","11:06:10",2081800
15900,0,500,"sd","11:06:10",2081700
15900,0,100,"sd","11:06:10",2081200
15900,0,100,"sd","11:06:10",2081100
15900,0,200,"sd","11:06:10",2081000
15900,0,1200,"sd","11:06:10",2080800
15900,0,5000,"sd","11:06:10",2079600
15900,0,300,"sd","11:06:10",2074600
15900,0,500,"sd","11:06:10",2074300
15900,0,500,"sd","11:06:10",2073800
15900,0,500,"sd","11:06:10",2073300
15900,0,12500,"sd","11:06:10",2072800
15900,0,100,"sd","11:06:10",2060300
15900,0,1000,"sd","11:06:10",2060200
15900,0,2000,"sd","11:06:10",2059200
15900,0,1000,"sd","11:06:10",2057200
15900,0,3000,"sd","11:06:10",2056200
15900,0,800,"sd","11:06:10",2053200
15900,0,500,"sd","11:05:57",2052400
16000,100,500,"bu","11:05:51",2051900
16000,100,200,"bu","11:05:51",2051400
16000,100,500,"bu","11:05:51",2051200
16000,100,200,"bu","11:05:51",2050700
16000,100,600,"bu","11:05:51",2050500
16000,100,200,"bu","11:05:32",2049900
15950,50,100,"sd","11:05:12",2049700
15950,50,200,"sd","11:04:21",2049600
15950,50,1000,"bu","11:03:54",2049400
15950,50,3800,"bu","11:03:54",2048400
15950,50,1200,"bu","11:03:51",2044600
15950,50,2800,"bu","11:03:51",2043400
15950,50,100,"bu","11:03:46",2040600
15950,50,3000,"bu","11:03:27",2040500
15950,50,400,"bu","11:03:27",2037500
15950,50,1600,"bu","11:03:27",2037100
15950,50,100,"bu","11:03:10",2035500
15950,50,100,"sd","11:03:01",2035400
15950,50,200,"sd","11:03:01",2035300
15950,50,400,"bu","11:02:53",2035100
15950,50,200,"sd","11:02:45",2034700
15900,0,1900,"sd","11:01:06",2034500
15950,50,200,"sd","11:01:06",2032600
15950,50,900,"sd","11:01:06",2032400
15950,50,600,"bu","11:00:52",2031500
15950,50,100,"bu","11:00:45",2030900
15950,50,800,"sd","11:00:29",2030800
15950,50,1000,"bu","11:00:25",2030000
15950,50,500,"bu","11:00:25",2029000
15950,50,700,"bu","11:00:25",2028500
15950,50,300,"bu","11:00:21",2027800
15950,50,200,"bu","11:00:21",2027500
15950,50,300,"sd","10:59:09",2027300
15950,50,2000,"sd","10:58:59",2027000
15950,50,2700,"bu","10:58:53",2025000
15950,50,100,"sd","10:58:50",2022300
15950,50,1200,"sd","10:58:50",2022200
15950,50,300,"sd","10:58:18",2021000
15950,50,300,"sd","10:58:18",2020700
15950,50,1000,"sd","10:58:18",2020400
15950,50,200,"sd","10:58:18",2019400
15950,50,200,"sd","10:58:18",2019200
15950,50,300,"sd","10:57:52",2019000
15950,50,1000,"sd","10:57:52",2018700
15950,50,500,"sd","10:57:52",2017700
15950,50,500,"sd","10:57:52",2017200
15950,50,700,"sd","10:57:52",2016700
15950,50,5000,"sd","10:57:46",2016000
15950,50,1000,"sd","10:56:31",2011000
16000,100,200,"bu","10:56:23",2010000
15950,50,3300,"sd","10:56:23",2009800
15950,50,2000,"sd","10:56:23",2006500
15950,50,5000,"sd","10:56:23",2004500
15950,50,2000,"sd","10:56:23",1999500
15950,50,1000,"sd","10:56:23",1997500
15950,50,500,"sd","10:56:23",1996500
15950,50,300,"sd","10:56:23",1996000
15950,50,1000,"sd","10:56:23",1995700
15950,50,400,"sd","10:56:23",1994700
15950,50,9500,"sd","10:56:23",1994300
15950,50,200,"sd","10:55:17",1984800
16000,100,300,"bu","10:54:45",1984600
16000,100,200,"bu","10:54:32",1984300
16000,100,900,"bu","10:54:32",1984100
16000,100,10000,"bu","10:54:14",1983200
16000,100,100,"bu","10:54:14",1973200
16000,100,3000,"bu","10:54:02",1973100
16000,100,100,"bu","10:53:36",1970100
16000,100,100,"bu","10:53:34",1970000
16000,100,100,"bu","10:51:47",1969900
16000,100,400,"bu","10:51:29",1969800
16000,100,500,"bu","10:51:16",1969400
16000,100,3300,"bu","10:51:10",1968900
16000,100,100,"bu","10:51:10",1965600
16000,100,6000,"bu","10:51:10",1965500
16000,100,100,"bu","10:51:10",1959500
16000,100,2500,"bu","10:51:10",1959400
16000,100,700,"bu","10:51:10",1956900
16000,100,100,"bu","10:51:10",1956200
16000,100,100,"bu","10:49:22",1956100
15950,50,2000,"bu","10:49:18",1956000
15950,50,500,"bu","10:49:18",1954000
15950,50,2000,"bu","10:49:18",1953500
15950,50,1000,"bu","10:49:18",1951500
15950,50,2000,"bu","10:49:18",1950500
15950,50,800,"bu","10:49:18",1948500
15950,50,400,"bu","10:49:17",1947700
15950,50,100,"bu","10:49:17",1947300
15950,50,500,"bu","10:49:17",1947200
15950,50,20000,"bu","10:49:14",1946700
15950,50,3000,"bu","10:49:11",1926700
15950,50,200,"bu","10:49:09",1923700
15950,50,100,"bu","10:49:03",1923500
15950,50,1000,"bu","10:48:58",1923400
15950,50,2000,"bu","10:48:54",1922400
15950,50,100,"bu","10:48:42",1920400
15950,50,400,"bu","10:48:42",1920300
15950,50,600,"bu","10:48:42",1919900
15950,50,1000,"bu","10:48:42",1919300
15950,50,100,"bu","10:48:42",1918300
15950,50,300,"bu","10:48:42",1918200
15950,50,1000,"bu","10:48:25",1917900
15950,50,5000,"bu","10:47:06",1916900
15950,50,300,"bu","10:46:39",1911900
15900,0,5100,"sd","10:46:16",1911600
15900,0,200,"sd","10:46:15",1906500
15900,0,800,"sd","10:46:15",1906300
15900,0,100,"sd","10:46:15",1905500
15900,0,100,"sd","10:46:15",1905400
15900,0,500,"sd","10:46:15",1905300
15900,0,100,"sd","10:46:15",1904800
15900,0,1000,"sd","10:46:15",1904700
15900,0,900,"sd","10:46:15",1903700
15900,0,2000,"sd","10:46:15",1902800
15900,0,100,"sd","10:46:15",1900800
15900,0,1000,"sd","10:46:15",1900700
15900,0,200,"sd","10:46:15",1899700
15900,0,300,"sd","10:46:15",1899500
15900,0,1000,"sd","10:46:15",1899200
15900,0,1000,"sd","10:46:15",1898200
15900,0,500,"sd","10:46:15",1897200
15900,0,2000,"sd","10:46:15",1896700
15900,0,2000,"sd","10:46:15",1894700
15900,0,300,"sd","10:46:15",1892700
15900,0,100,"sd","10:46:15",1892400
15900,0,3000,"sd","10:46:15",1892300
15900,0,500,"sd","10:46:15",1889300
15900,0,100,"sd","10:46:15",1888800
15900,0,2100,"sd","10:46:15",1888700
15950,50,100,"bu","10:46:02",1886600
15900,0,200,"sd","10:45:48",1886500
15900,0,1800,"sd","10:45:48",1886300
15950,50,1000,"bu","10:45:00",1884500
15950,50,200,"bu","10:44:28",1883500
15950,50,300,"bu","10:44:04",1883300
15950,50,300,"bu","10:43:32",1883000
15950,50,200,"bu","10:43:03",1882700
15950,50,200,"bu","10:42:59",1882500
15950,50,300,"bu","10:42:48",1882300
15950,50,100,"bu","10:42:27",1882000
15950,50,100,"bu","10:42:23",1881900
15950,50,100,"bu","10:42:11",1881800
15950,50,4800,"bu","10:41:21",1881700
15950,50,4000,"bu","10:40:48",1876900
15950,50,500,"bu","10:40:24",1872900
15950,50,2000,"bu","10:39:54",1872400
15950,50,7300,"bu","10:39:38",1870400
15950,50,10000,"bu","10:39:38",1863100
15950,50,2700,"bu","10:39:38",1853100
15900,0,200,"sd","10:39:31",1850400
15900,0,1000,"sd","10:39:31",1850200
15900,0,100,"sd","10:39:31",1849200
15900,0,2000,"sd","10:39:31",1849100
15900,0,500,"sd","10:39:11",1847100
15900,0,500,"sd","10:37:35",1846600
15900,0,500,"sd","10:37:35",1846100
15950,50,2000,"bu","10:37:32",1845600
15900,0,200,"sd","10:37:27",1843600
15900,0,500,"sd","10:37:27",1843400
15900,0,3100,"sd","10:37:27",1842900
15900,0,100,"sd","10:37:27",1839800
15900,0,1000,"sd","10:37:27",1839700
15900,0,500,"sd","10:37:27",1838700
15900,0,1000,"sd","10:37:27",1838200
15900,0,100,"sd","10:37:27",1837200
15950,50,100,"bu","10:37:16",1837100
15950,50,200,"bu","10:37:09",1837000
15950,50,200,"sd","10:36:47",1836800
15950,50,5000,"sd","10:36:47",1836600
15950,50,300,"sd","10:36:47",1831600
15950,50,100,"sd","10:36:47",1831300
15950,50,300,"sd","10:36:47",1831200
15950,50,200,"sd","10:36:47",1830900
15950,50,200,"sd","10:36:47",1830700
15950,50,4000,"sd","10:36:47",1830500
15950,50,100,"sd","10:36:47",1826500
15950,50,500,"sd","10:36:47",1826400
15950,50,200,"sd","10:36:47",1825900
15950,50,3000,"sd","10:36:47",1825700
15950,50,13200,"sd","10:36:47",1822700
15950,50,5000,"sd","10:36:46",1809500
16000,100,100,"bu","10:36:34",1804500
15950,50,600,"sd","10:36:24",1804400
15950,50,10000,"sd","10:36:19",1803800
15950,50,15000,"sd","10:36:18",1793800
15950,50,2000,"sd","10:35:52",1778800
15950,50,2000,"sd","10:35:48",1776800
15950,50,10000,"sd","10:35:40",1774800
15950,50,2400,"sd","10:35:38",1764800
16000,100,100,"bu","10:35:38",1762400
16000,100,3000,"bu","10:35:32",1762300
16000,100,2600,"bu","10:34:57",1759300
16000,100,1000,"bu","10:34:57",1756700
16000,100,1400,"bu","10:34:57",1755700
16000,100,300,"bu","10:34:48",1754300
16000,100,800,"bu","10:34:05",1754000
15950,50,1000,"sd","10:33:40",1753200
16000,100,200,"bu","10:33:31",1752200
16000,100,1200,"bu","10:33:20",1752000
16000,100,20000,"bu","10:33:20",1750800
16000,100,500,"bu","10:33:20",1730800
16000,100,300,"bu","10:33:20",1730300
16000,100,1000,"bu","10:32:08",1730000
16000,100,800,"sd","10:32:06",1729000
16000,100,400,"sd","10:32:06",1728200
16000,100,1000,"sd","10:32:03",1727800
16000,100,2200,"sd","10:31:59",1726800
16000,100,400,"sd","10:31:51",1724600
16000,100,600,"sd","10:31:51",1724200
16000,100,100,"sd","10:31:49",1723600
16000,100,300,"sd","10:31:48",1723500
16000,100,400,"sd","10:31:48",1723200
16000,100,200,"sd","10:31:36",1722800
16000,100,2900,"sd","10:31:27",1722600
16000,100,500,"sd","10:31:27",1719700
16000,100,1600,"sd","10:31:27",1719200
16000,100,200,"sd","10:31:13",1717600
16000,100,500,"sd","10:31:11",1717400
16000,100,1000,"sd","10:31:07",1716900
16000,100,600,"sd","10:30:30",1715900
16000,100,500,"bu","10:30:30",1715300
16000,100,1000,"bu","10:30:30",1714800
16000,100,800,"bu","10:30:30",1713800
16000,100,100,"bu","10:30:30",1713000
16000,100,300,"bu","10:30:30",1712900
16000,100,800,"bu","10:30:30",1712600
16000,100,1000,"bu","10:30:30",1711800
16000,100,100,"bu","10:30:30",1710800
16000,100,500,"bu","10:30:30",1710700
16000,100,300,"bu","10:30:27",1710200
16000,100,700,"bu","10:30:25",1709900
16000,100,200,"bu","10:30:25",1709200
16000,100,300,"bu","10:30:22",1709000
16000,100,100,"bu","10:30:22",1708700
16000,100,100,"bu","10:30:22",1708600
16000,100,100,"bu","10:30:19",1708500
16000,100,1000,"bu","10:30:19",1708400
16000,100,1000,"bu","10:30:19",1707400
16000,100,5300,"bu","10:30:19",1706400
16000,100,200,"bu","10:30:19",1701100
16000,100,12400,"bu","10:30:19",1700900
16000,100,1000,"bu","10:30:04",1688500
16000,100,3500,"bu","10:29:58",1687500
16000,100,3100,"bu","10:29:45",1684000
16000,100,2000,"bu","10:29:45",1680900
16000,100,1000,"bu","10:29:45",1678900
16000,100,2200,"bu","10:29:45",1677900
16000,100,1800,"bu","10:29:40",1675700
16000,100,2000,"bu","10:29:40",1673900
16000,100,400,"bu","10:29:40",1671900
16000,100,800,"bu","10:29:40",1671500
15950,50,100,"sd","10:28:39",1670700
16000,100,300,"bu","10:28:16",1670600
16000,100,900,"bu","10:28:09",1670300
16000,100,100,"bu","10:28:09",1669400
16000,100,300,"bu","10:28:09",1669300
15950,50,10000,"sd","10:27:25",1669000
15950,50,5000,"sd","10:26:19",1659000
15950,50,1500,"sd","10:26:18",1654000
15950,50,4300,"sd","10:25:53",1652500
15950,50,1000,"sd","10:25:40",1648200
15950,50,100,"sd","10:25:21",1647200
15950,50,300,"sd","10:24:25",1647100
15950,50,900,"sd","10:24:11",1646800
15950,50,2000,"sd","10:24:01",1645900
15950,50,400,"bu","10:23:55",1643900
15950,50,13200,"bu","10:23:55",1643500
15950,50,100,"bu","10:23:49",1630300
15900,0,200,"sd","10:23:46",1630200
15900,0,200,"sd","10:23:41",1630000
15900,0,100,"sd","10:23:41",1629800
15900,0,200,"sd","10:23:41",1629700
15950,50,3000,"bu","10:23:40",1629500
15900,0,100,"sd","10:23:40",1626500
15900,0,1000,"sd","10:23:35",1626400
15900,0,1000,"sd","10:23:35",1625400
15900,0,500,"sd","10:23:08",1624400
15900,0,2000,"sd","10:23:03",1623900
15950,50,100,"bu","10:22:52",1621900
15950,50,1000,"sd","10:22:38",1621800
15950,50,200,"sd","10:22:38",1620800
15950,50,3000,"sd","10:22:38",1620600
15950,50,3500,"sd","10:22:38",1617600
15950,50,1000,"sd","10:22:38",1614100
15950,50,5000,"sd","10:22:38",1613100
15950,50,2000,"sd","10:22:38",1608100
15950,50,500,"sd","10:22:38",1606100
15950,50,400,"sd","10:22:38",1605600
15950,50,200,"sd","10:22:38",1605200
15950,50,2000,"sd","10:22:38",1605000
15950,50,1000,"sd","10:22:38",1603000
15950,50,700,"sd","10:22:38",1602000
15950,50,100,"sd","10:22:38",1601300
15950,50,100,"sd","10:22:38",1601200
15950,50,900,"sd","10:22:38",1601100
15950,50,100,"sd","10:22:35",1600200
15950,50,1000,"sd","10:22:35",1600100
15950,50,200,"sd","10:22:35",1599100
16000,100,1000,"sd","10:21:40",1598900
16000,100,100,"sd","10:21:40",1597900
16000,100,16000,"sd","10:21:40",1597800
16000,100,2000,"sd","10:21:40",1581800
16000,100,2000,"sd","10:21:40",1579800
16000,100,2000,"sd","10:21:40",1577800
16000,100,3100,"sd","10:21:40",1575800
16000,100,1300,"sd","10:21:40",1572700
16000,100,100,"sd","10:21:38",1571400
16000,100,2200,"sd","10:21:38",1571300
16000,100,1900,"sd","10:21:38",1569100
16000,100,1000,"sd","10:21:38",1567200
16000,100,3800,"sd","10:21:37",1566200
16000,100,1000,"sd","10:21:37",1562400
16000,100,200,"sd","10:21:37",1561400
16000,100,200,"sd","10:21:37",1561200
16000,100,600,"sd","10:21:29",1561000
16000,100,100,"sd","10:21:29",1560400
16000,100,1000,"sd","10:21:29",1560300
16000,100,12000,"sd","10:21:29",1559300
16000,100,1000,"sd","10:21:29",1547300
16000,100,200,"sd","10:21:29",1546300
16000,100,1500,"sd","10:21:29",1546100
16000,100,1000,"sd","10:21:29",1544600
16000,100,100,"sd","10:21:29",1543600
16000,100,500,"sd","10:21:29",1543500
16000,100,500,"sd","10:21:29",1543000
16000,100,300,"sd","10:21:29",1542500
16000,100,600,"sd","10:21:29",1542200
16000,100,1000,"sd","10:21:29",1541600
16000,100,100,"sd","10:21:29",1540600
16000,100,49500,"sd","10:21:29",1540500
16000,100,6000,"sd","10:21:25",1491000
16000,100,100,"sd","10:21:22",1485000
16000,100,100,"sd","10:20:57",1484900
16000,100,200,"sd","10:20:44",1484800
16000,100,1300,"sd","10:20:42",1484600
16000,100,100,"sd","10:20:15",1483300
16000,100,200,"sd","10:20:13",1483200
16000,100,1000,"sd","10:19:32",1483000
16000,100,1500,"sd","10:19:31",1482000
16000,100,300,"sd","10:19:31",1480500
16000,100,1000,"sd","10:19:31",1480200
16000,100,5000,"sd","10:19:31",1479200
16000,100,2200,"sd","10:19:31",1474200
16000,100,8500,"sd","10:19:30",1472000
16000,100,1000,"sd","10:19:26",1463500
16000,100,200,"sd","10:19:25",1462500
16000,100,500,"sd","10:18:58",1462300
16000,100,600,"sd","10:18:51",1461800
16000,100,200,"sd","10:18:51",1461200
16050,150,200,"bu","10:18:46",1461000
16000,100,1000,"sd","10:18:13",1460800
16000,100,35400,"sd","10:18:04",1459800
16000,100,3000,"sd","10:17:58",1424400
16000,100,700,"sd","10:17:58",1421400
16000,100,3000,"sd","10:17:53",1420700
16000,100,2000,"sd","10:17:40",1417700
16000,100,7600,"sd","10:17:30",1415700
16000,100,1000,"sd","10:16:52",1408100
16050,150,2600,"bu","10:16:41",1407100
16000,100,5000,"sd","10:16:16",1404500
16000,100,2100,"sd","10:16:01",1399500
16050,150,1000,"bu","10:15:28",1397400
16050,150,200,"bu","10:14:36",1396400
16050,150,900,"bu","10:14:28",1396200
16050,150,100,"bu","10:14:28",1395300
16000,100,1000,"sd","10:14:14",1395200
16050,150,100,"bu","10:13:59",1394200
16000,100,5000,"sd","10:13:37",1394100
16000,100,5000,"sd","10:13:25",1389100
16050,150,400,"bu","10:13:08",1384100
16000,100,5000,"sd","10:12:36",1383700
16050,150,500,"sd","10:12:28",1378700
16050,150,100,"sd","10:12:28",1378200
16050,150,300,"sd","10:11:58",1378100
16050,150,2500,"sd","10:11:58",1377800
16050,150,200,"sd","10:11:58",1375300
16050,150,1000,"sd","10:11:58",1375100
16050,150,300,"sd","10:11:58",1374100
16050,150,1000,"sd","10:11:58",1373800
16050,150,1100,"sd","10:11:58",1372800
16050,150,500,"sd","10:11:58",1371700
16050,150,200,"sd","10:11:58",1371200
16050,150,2000,"sd","10:11:58",1371000
16050,150,500,"sd","10:11:58",1369000
16050,150,100,"sd","10:11:58",1368500
16050,150,3000,"sd","10:11:58",1368400
16050,150,4500,"sd","10:11:51",1365400
16050,150,2100,"sd","10:11:51",1360900
16050,150,3000,"sd","10:11:51",1358800
16050,150,500,"sd","10:11:51",1355800
16050,150,200,"sd","10:11:51",1355300
16050,150,500,"sd","10:11:51",1355100
16050,150,1000,"sd","10:11:51",1354600
16050,150,100,"sd","10:11:51",1353600
16050,150,2000,"sd","10:11:51",1353500
16050,150,500,"sd","10:11:51",1351500
16050,150,300,"sd","10:11:51",1351000
16050,150,10000,"sd","10:11:51",1350700
16050,150,3000,"sd","10:11:51",1340700
16050,150,300,"sd","10:11:51",1337700
16100,200,200,"bu","10:11:08",1337400
16100,200,200,"bu","10:10:50",1337200
16050,150,200,"sd","10:10:14",1337000
16100,200,8100,"bu","10:10:05",1336800
16100,200,1000,"bu","10:10:05",1328700
16100,200,400,"bu","10:10:05",1327700
16100,200,500,"bu","10:10:05",1327300
16050,150,1500,"sd","10:10:02",1326800
16050,150,500,"sd","10:10:02",1325300
16050,150,1000,"sd","10:09:27",1324800
16050,150,200,"sd","10:09:18",1323800
16050,150,3300,"sd","10:09:03",1323600
16050,150,1200,"sd","10:09:03",1320300
16050,150,800,"sd","10:08:54",1319100
16050,150,200,"sd","10:08:54",1318300
16100,200,200,"bu","10:08:17",1318100
16100,200,2000,"bu","10:08:17",1317900
16100,200,800,"bu","10:08:17",1315900
16100,200,200,"bu","10:08:01",1315100
16100,200,200,"bu","10:08:01",1314900
16100,200,100,"bu","10:08:01",1314700
16100,200,2000,"bu","10:07:55",1314600
16100,200,1000,"bu","10:07:55",1312600
16100,200,2000,"bu","10:07:50",1311600
16100,200,1000,"bu","10:07:50",1309600
16100,200,1500,"bu","10:07:50",1308600
16100,200,1000,"bu","10:07:50",1307100
16100,200,1000,"bu","10:07:46",1306100
16100,200,700,"bu","10:07:26",1305100
16100,200,1000,"bu","10:07:26",1304400
16100,200,600,"bu","10:07:26",1303400
16050,150,1000,"sd","10:07:22",1302800
16100,200,1000,"bu","10:07:03",1301800
16100,200,1000,"bu","10:06:51",1300800
16100,200,200,"bu","10:06:51",1299800
16100,200,200,"bu","10:06:41",1299600
16100,200,1000,"bu","10:06:39",1299400
16100,200,1000,"bu","10:06:39",1298400
16100,200,500,"bu","10:06:39",1297400
16100,200,100,"bu","10:06:39",1296900
16100,200,1000,"bu","10:06:39",1296800
16100,200,100,"bu","10:06:39",1295800
16100,200,600,"bu","10:06:39",1295700
16100,200,600,"bu","10:06:35",1295100
16100,200,100,"bu","10:06:22",1294500
16050,150,100,"sd","10:05:59",1294400
16100,200,200,"bu","10:05:34",1294300
16100,200,1500,"bu","10:05:24",1294100
16100,200,500,"bu","10:05:24",1292600
16100,200,1000,"bu","10:05:24",1292100
16100,200,2000,"bu","10:05:24",1291100
16100,200,1000,"bu","10:05:18",1289100
16100,200,600,"bu","10:05:18",1288100
16100,200,200,"bu","10:05:11",1287500
16100,200,1200,"bu","10:05:05",1287300
16100,200,1000,"bu","10:05:05",1286100
16100,200,2000,"bu","10:05:05",1285100
16100,200,100,"bu","10:05:05",1283100
16100,200,100,"bu","10:05:05",1283000
16100,200,400,"bu","10:05:05",1282900
16100,200,200,"bu","10:05:05",1282500
16100,200,800,"bu","10:04:59",1282300
16100,200,1000,"bu","10:04:59",1281500
16100,200,100,"bu","10:04:50",1280500
16100,200,400,"bu","10:04:50",1280400
16100,200,1600,"bu","10:04:50",1280000
16100,200,200,"bu","10:04:50",1278400
16100,200,500,"bu","10:04:50",1278200
16100,200,200,"bu","10:04:50",1277700
16100,200,500,"bu","10:04:50",1277500
16100,200,2000,"bu","10:04:50",1277000
16100,200,1000,"bu","10:04:46",1275000
16100,200,1500,"bu","10:04:43",1274000
16100,200,100,"bu","10:04:43",1272500
16100,200,1500,"bu","10:04:43",1272400
16100,200,200,"bu","10:04:38",1270900
16050,150,2000,"sd","10:04:29",1270700
16100,200,5000,"bu","10:04:21",1268700
16100,200,200,"bu","10:04:16",1263700
16050,150,1000,"sd","10:04:08",1263500
16050,150,1000,"sd","10:03:56",1262500
16100,200,2000,"bu","10:03:47",1261500
16100,200,4800,"bu","10:01:54",1259500
16100,200,1800,"bu","10:01:41",1254700
16100,200,5000,"bu","10:01:15",1252900
16050,150,500,"bu","10:01:08",1247900
16050,150,1000,"bu","10:01:08",1247400
16050,150,4800,"bu","10:01:08",1246400
16050,150,500,"bu","10:01:07",1241600
16050,150,100,"bu","10:01:04",1241100
16050,150,500,"bu","10:01:02",1241000
16050,150,8100,"bu","10:00:58",1240500
16050,150,2100,"bu","10:00:50",1232400
16050,150,3900,"bu","10:00:50",1230300
16050,150,200,"bu","10:00:50",1226400
16050,150,10000,"bu","10:00:44",1226200
16050,150,500,"bu","10:00:43",1216200
16050,150,200,"bu","10:00:37",1215700
16050,150,200,"bu","10:00:31",1215500
16050,150,1000,"bu","10:00:31",1215300
16050,150,1000,"bu","10:00:31",1214300
16050,150,3000,"bu","10:00:31",1213300
16050,150,4800,"bu","10:00:31",1210300
16000,100,2000,"sd","09:59:52",1205500
16000,100,100,"sd","09:59:52",1203500
16000,100,200,"sd","09:59:52",1203400
16000,100,5000,"sd","09:59:48",1203200
16000,100,1400,"sd","09:59:44",1198200
16000,100,800,"sd","09:59:11",1196800
16000,100,1000,"sd","09:59:11",1196000
16000,100,200,"sd","09:59:11",1195000
16000,100,100,"sd","09:59:09",1194800
16000,100,1400,"sd","09:58:55",1194700
16050,150,200,"bu","09:58:29",1193300
16050,150,200,"bu","09:58:17",1193100
16050,150,300,"bu","09:58:01",1192900
16050,150,500,"bu","09:57:59",1192600
16000,100,100,"sd","09:57:49",1192100
16050,150,200,"bu","09:57:48",1192000
16000,100,200,"sd","09:57:36",1191800
16000,100,500,"sd","09:57:36",1191600
16050,150,1500,"bu","09:57:29",1191100
15950,50,100,"sd","09:57:27",1189600
15950,50,200,"sd","09:57:27",1189500
15950,50,3100,"sd","09:57:27",1189300
15950,50,1000,"sd","09:57:27",1186200
15950,50,200,"sd","09:57:27",1185200
15950,50,10000,"sd","09:57:27",1185000
15950,50,5000,"sd","09:57:27",1175000
15950,50,500,"sd","09:57:27",1170000
15950,50,300,"sd","09:57:27",1169500
15950,50,100,"sd","09:57:27",1169200
15950,50,100,"sd","09:57:27",1169100
15950,50,200,"sd","09:57:27",1169000
15950,50,500,"sd","09:57:27",1168800
15950,50,2000,"sd","09:57:27",1168300
15950,50,200,"sd","09:57:27",1166300
15950,50,1000,"sd","09:57:27",1166100
15950,50,1000,"sd","09:57:27",1165100
15950,50,500,"sd","09:57:27",1164100
15950,50,1000,"sd","09:57:27",1163600
15950,50,700,"sd","09:57:27",1162600
16000,100,1000,"sd","09:57:27",1161900
16000,100,1000,"sd","09:57:27",1160900
16000,100,300,"sd","09:57:27",1159900
16050,150,200,"bu","09:57:26",1159600
16000,100,200,"sd","09:57:11",1159400
16000,100,200,"sd","09:57:11",1159200
16000,100,200,"sd","09:57:11",1159000
16000,100,3000,"sd","09:57:11",1158800
16000,100,400,"sd","09:57:11",1155800
16050,150,4500,"bu","09:57:10",1155400
16000,100,100,"sd","09:57:08",1150900
16000,100,1000,"sd","09:57:08",1150800
16000,100,200,"sd","09:57:08",1149800
16000,100,1000,"sd","09:57:00",1149600
16050,150,3000,"bu","09:56:57",1148600
16050,150,300,"bu","09:56:54",1145600
16050,150,4500,"bu","09:56:44",1145300
16050,150,200,"bu","09:56:39",1140800
16050,150,200,"bu","09:56:28",1140600
16000,100,200,"sd","09:56:27",1140400
16000,100,1200,"sd","09:56:23",1140200
16000,100,200,"sd","09:56:23",1139000
16000,100,500,"sd","09:56:23",1138800
16000,100,100,"sd","09:56:23",1138300
16000,100,200,"sd","09:56:23",1138200
16000,100,2000,"sd","09:56:23",1138000
16000,100,200,"sd","09:56:23",1136000
16000,100,1000,"sd","09:56:23",1135800
16000,100,2500,"sd","09:56:23",1134800
16000,100,2100,"sd","09:56:23",1132300
16050,150,4400,"bu","09:56:16",1130200
16050,150,2900,"bu","09:56:10",1125800
16000,100,500,"sd","09:56:09",1122900
16000,100,100,"sd","09:56:06",1122400
16000,100,300,"sd","09:56:02",1122300
16000,100,200,"sd","09:56:02",1122000
16000,100,300,"sd","09:56:01",1121800
16000,100,600,"sd","09:56:01",1121500
16000,100,1000,"sd","09:56:01",1120900
16000,100,1300,"sd","09:56:01",1119900
16000,100,10000,"sd","09:56:01",1118600
16000,100,2800,"sd","09:56:01",1108600
16000,100,2500,"sd","09:55:47",1105800
16050,150,100,"bu","09:55:47",1103300
16050,150,100,"bu","09:55:36",1103200
16050,150,500,"bu","09:55:27",1103100
16050,150,3700,"bu","09:55:14",1102600
16100,200,1900,"bu","09:55:03",1098900
16050,150,1000,"bu","09:55:03",1097000
16100,200,100,"bu","09:55:00",1096000
16000,100,4700,"sd","09:54:54",1095900
16000,100,1000,"sd","09:54:54",1091200
16000,100,20000,"sd","09:54:54",1090200
16000,100,1000,"sd","09:54:54",1070200
16000,100,200,"sd","09:54:54",1069200
16000,100,200,"sd","09:54:54",1069000
16000,100,100,"sd","09:54:54",1068800
16000,100,100,"sd","09:54:54",1068700
16000,100,5000,"sd","09:54:54",1068600
16000,100,100,"sd","09:54:54",1063600
16000,100,15000,"sd","09:54:54",1063500
16000,100,5000,"sd","09:54:54",1048500
16000,100,200,"sd","09:54:54",1043500
16000,100,2100,"sd","09:54:54",1043300
16000,100,500,"sd","09:54:54",1041200
16000,100,500,"sd","09:54:54",1040700
16000,100,300,"sd","09:54:54",1040200
16000,100,5400,"sd","09:54:54",1039900
16000,100,2000,"sd","09:54:54",1034500
16000,100,300,"sd","09:54:54",1032500
16050,150,500,"sd","09:54:54",1032200
16000,100,500,"sd","09:54:54",1031700
16050,150,5000,"sd","09:54:54",1031200
16000,100,1000,"sd","09:54:54",1026200
16050,150,1000,"sd","09:54:54",1025200
16000,100,2000,"sd","09:54:54",1024200
16000,100,1200,"sd","09:54:54",1022200
16000,100,500,"sd","09:54:54",1021000
16050,150,300,"sd","09:54:54",1020500
16000,100,1000,"sd","09:54:54",1020200
16050,150,1200,"sd","09:54:54",1019200
16050,150,100,"sd","09:54:54",1018000
16050,150,2000,"sd","09:54:54",1017900
16050,150,12000,"sd","09:54:54",1015900
16050,150,3000,"sd","09:54:54",1003900
16050,150,5000,"sd","09:54:54",1000900
16100,200,100,"bu","09:54:53",995900
16100,200,2400,"sd","09:54:48",995800
16150,250,3700,"bu","09:54:42",993400
16150,250,100,"bu","09:54:42",989700
16100,200,22800,"bu","09:54:39",989600
