"price","change","match_qtty","side","time","total_vol"
2900,0,6300,"unknown","14:45:02",235700
2890,-10,300,"sd","14:26:39",229400
2900,0,100,"bu","14:24:44",229100
2900,0,200,"bu","14:24:23",229000
2890,-10,100,"bu","14:23:15",228800
2890,-10,200,"bu","14:21:57",228700
2890,-10,100,"bu","14:19:24",228500
2870,-30,400,"sd","14:16:18",228400
2870,-30,100,"sd","14:16:18",228000
2870,-30,1000,"sd","14:16:18",227900
2870,-30,100,"sd","14:16:18",226900
2870,-30,100,"sd","14:16:18",226800
2880,-20,100,"sd","14:16:18",226700
2880,-20,500,"sd","14:16:18",226600
2880,-20,200,"sd","14:16:18",226100
2880,-20,100,"sd","14:16:18",225900
2880,-20,100,"sd","14:16:18",225800
2880,-20,200,"sd","14:16:18",225700
2880,-20,200,"sd","14:10:57",225500
2880,-20,300,"sd","14:10:31",225300
2880,-20,100,"sd","14:10:31",225000
2890,-10,1100,"sd","14:10:31",224900
2890,-10,900,"sd","14:09:46",223800
2890,-10,100,"sd","14:09:46",222900
2890,-10,200,"sd","14:09:32",222800
2900,0,100,"bu","14:08:39",222600
2900,0,100,"bu","14:08:16",222500
2900,0,200,"sd","14:08:01",222400
2910,10,100,"bu","14:07:19",222200
2910,10,400,"bu","14:04:59",222100
2900,0,500,"sd","14:04:50",221700
2910,10,1000,"bu","13:52:11",221200
2910,10,500,"bu","13:51:35",220200
2910,10,300,"bu","13:50:52",219700
2900,0,200,"bu","13:48:52",219400
2900,0,100,"sd","13:47:59",219200
2900,0,100,"bu","13:44:47",219100
2900,0,1000,"sd","13:40:56",219000
2910,10,200,"bu","13:40:23",218000
2910,10,300,"bu","13:39:45",217800
2920,20,100,"bu","13:34:35",217500
2910,10,200,"bu","13:29:28",217400
2900,0,200,"bu","13:28:39",217200
2900,0,800,"bu","13:28:39",217000
2900,0,100,"bu","13:21:26",216200
2860,-40,1100,"bu","13:16:54",216100
2860,-40,2000,"sd","13:16:21",215000
2860,-40,20000,"sd","13:16:21",213000
2860,-40,1000,"sd","13:16:21",193000
2870,-30,9000,"sd","13:16:21",192000
2860,-40,2000,"sd","13:16:21",183000
2880,-20,300,"sd","13:16:21",181000
2880,-20,4000,"sd","13:16:21",180700
2870,-30,20000,"sd","13:16:21",174700
2880,-20,2000,"sd","13:16:21",176700
2880,-20,10000,"sd","13:16:21",154700
2880,-20,5000,"sd","13:16:21",144700
2880,-20,300,"sd","13:16:21",139700
2880,-20,900,"sd","13:16:21",139400
2880,-20,3000,"sd","13:16:21",138500
2890,-10,1600,"sd","13:16:21",135500
2890,-10,300,"sd","13:16:21",133900
2890,-10,300,"sd","13:16:21",133600
2890,-10,1000,"sd","13:16:21",133300
2910,10,200,"bu","13:12:48",132300
2890,-10,2400,"sd","13:04:26",132100
2890,-10,1000,"sd","13:04:26",129700
2900,0,100,"sd","13:04:26",128700
2900,0,100,"sd","13:04:26",128600
2900,0,600,"sd","13:04:26",128500
2900,0,800,"sd","13:04:26",127900
2910,10,200,"sd","11:26:02",127100
2910,10,200,"sd","11:26:02",126900
2910,10,200,"sd","11:19:15",126700
2920,20,100,"bu","11:18:00",126500
2920,20,400,"bu","11:01:50",126400
2920,20,200,"sd","10:58:50",126000
2920,20,700,"sd","10:58:50",125800
2920,20,300,"sd","10:52:34",125100
2930,30,100,"bu","10:48:23",124800
2930,30,300,"bu","10:48:23",124700
2920,20,1000,"bu","10:48:12",124400
2900,0,200,"bu","10:47:00",123400
2900,0,2000,"bu","10:46:17",123200
2900,0,2800,"bu","10:44:31",121200
2900,0,1000,"bu","10:44:31",118400
2890,-10,6200,"bu","10:44:31",117400
2890,-10,100,"bu","10:43:44",111200
2890,-10,200,"bu","10:40:39",111100
2890,-10,200,"sd","10:40:00",110900
2890,-10,100,"sd","10:40:00",110700
2890,-10,14600,"sd","10:40:00",110600
2890,-10,22000,"sd","10:38:22",96000
2890,-10,1000,"sd","10:37:48",74000
2890,-10,2400,"sd","10:37:25",73000
2890,-10,700,"sd","10:37:25",70600
2890,-10,500,"sd","10:37:25",69900
2890,-10,2000,"sd","10:37:25",69400
2890,-10,2900,"sd","10:37:25",67400
2900,0,300,"bu","10:34:27",64500
2900,0,300,"bu","10:30:55",64200
2900,0,200,"bu","10:30:49",63900
2900,0,300,"bu","10:30:45",63700
2900,0,800,"bu","10:29:28",63400
2900,0,200,"bu","10:27:10",62600
2900,0,1100,"bu","10:27:00",62400
2900,0,600,"bu","10:26:55",61300
2900,0,100,"bu","10:25:37",60700
2900,0,100,"sd","10:23:08",60600
2890,-10,7100,"sd","10:18:13",60500
2890,-10,100,"sd","10:18:13",53400
2890,-10,200,"sd","10:18:13",53300
2890,-10,700,"sd","10:18:13",53100
2900,0,1000,"sd","10:18:13",52400
2900,0,600,"sd","10:18:13",51400
2900,0,300,"sd","10:18:13",50800
2900,0,9700,"sd","10:17:46",50500
2900,0,200,"sd","10:17:46",40800
2910,10,100,"unknown","10:17:46",40600
2940,40,4200,"bu","10:14:54",40500
2930,30,100,"bu","10:14:20",36300
2930,30,500,"bu","10:14:20",36200
2930,30,1000,"bu","10:14:20",35700
2930,30,100,"bu","10:14:20",34700
2920,20,1000,"bu","10:14:20",34600
2920,20,300,"bu","10:14:20",33600
2900,0,2700,"bu","10:13:33",33300
2900,0,1700,"bu","10:13:33",30600
2890,-10,100,"sd","10:12:05",28900
2900,0,100,"bu","10:06:44",28800
2900,0,100,"bu","10:05:32",28700
2900,0,100,"bu","10:03:23",28600
2900,0,100,"bu","09:54:56",28500
2880,-20,17000,"sd","09:54:38",28400
2880,-20,1000,"sd","09:54:38",11400
2880,-20,100,"sd","09:54:38",10400
2890,-10,300,"sd","09:54:23",10300
2890,-10,1600,"sd","09:54:23",10000
2900,0,1200,"bu","09:53:32",8400
2900,0,500,"bu","09:52:42",7200
2900,0,900,"bu","09:52:15",6700
2900,0,100,"bu","09:50:54",5800
2900,0,1600,"bu","09:50:31",5700
2900,0,100,"sd","09:50:09",4100
2900,0,300,"sd","09:50:09",4000
2930,30,800,"bu","09:49:47",3700
2930,30,100,"bu","09:46:12",2900
2930,30,100,"bu","09:34:44",2800
2930,30,100,"bu","09:32:54",2700
2930,30,700,"bu","09:32:54",2600
2930,30,100,"bu","09:29:54",1900
2890,-10,400,"sd","09:29:45",1800
2930,30,200,"sd","09:21:18",1400
2940,40,1000,"bu","09:17:18",1200
2900,0,200,"bu","09:16:12",200
