"price","change","match_qtty","side","time","total_vol"
15800,500,38700,"unknown","14:45:02",480100
15700,400,100,"sd","14:28:47",441400
15700,400,200,"sd","14:28:45",441300
15700,400,7700,"sd","14:28:36",441100
15800,500,500,"bu","14:27:45",433400
15700,400,1000,"sd","14:27:40",432900
15800,500,300,"bu","14:24:44",431900
15800,500,4000,"sd","14:24:38",431600
15800,500,1500,"bu","14:23:05",427600
15900,600,100,"bu","14:22:45",426100
15800,500,500,"sd","14:22:38",426000
15800,500,5000,"sd","14:22:01",425500
15800,500,1000,"sd","14:21:58",420500
15800,500,5000,"sd","14:21:46",419500
15800,500,5100,"sd","14:20:17",414500
15800,500,100,"bu","14:20:00",409400
15800,500,2500,"sd","14:19:47",409300
15800,500,2500,"sd","14:18:40",406800
15800,500,1000,"sd","14:18:07",404300
15800,500,5700,"sd","14:16:06",403300
15800,500,1000,"bu","14:15:29",397600
15800,500,200,"bu","14:14:05",396600
15800,500,600,"bu","14:14:00",396400
15800,500,2800,"bu","14:11:58",395800
15800,500,100,"sd","14:11:47",393000
15800,500,2500,"sd","14:11:39",392900
15800,500,3600,"sd","14:10:26",390400
15800,500,600,"sd","14:09:58",386800
15800,500,200,"bu","14:09:50",386200
15800,500,2000,"bu","14:09:49",386000
15800,500,200,"bu","14:09:45",384000
15800,500,700,"unknown","14:09:13",383800
15800,500,200,"bu","14:08:53",383100
15800,500,100,"bu","14:08:50",382900
15800,500,100,"sd","14:08:39",382800
15800,500,1000,"sd","14:08:32",382700
15800,500,4200,"sd","14:07:52",381700
15800,500,800,"bu","14:07:16",377500
15800,500,200,"bu","14:07:11",376700
15800,500,100,"bu","14:07:07",376500
15800,500,300,"bu","14:06:36",376400
15800,500,1000,"bu","14:06:22",376100
15800,500,100,"bu","14:05:49",375100
15800,500,100,"bu","14:05:29",375000
15800,500,200,"bu","14:05:18",374900
15800,500,3000,"bu","14:04:41",374700
15700,400,100,"sd","14:03:43",371700
15700,400,100,"sd","14:01:37",371600
15700,400,100,"sd","14:01:33",371500
15700,400,4400,"bu","14:01:31",371400
15700,400,200,"bu","14:01:22",367000
15700,400,1000,"bu","14:01:08",366800
15700,400,100,"bu","13:59:55",365800
15700,400,200,"bu","13:58:40",365700
15700,400,100,"bu","13:55:59",365500
15600,300,100,"sd","13:52:28",365400
15600,300,100,"sd","13:44:53",365300
15600,300,200,"sd","13:41:17",365200
15600,300,600,"sd","13:40:35",365000
15600,300,900,"bu","13:39:17",364400
15600,300,2000,"sd","13:38:10",363500
15600,300,300,"sd","13:37:59",361500
15600,300,100,"sd","13:37:20",361200
15600,300,100,"bu","13:37:16",361100
15500,200,3000,"sd","13:37:12",361000
15600,300,300,"bu","13:36:43",358000
15600,300,100,"sd","13:34:47",357700
15600,300,500,"sd","13:31:37",357600
15600,300,1000,"sd","13:31:20",357100
15600,300,400,"bu","13:30:57",356100
15600,300,3000,"bu","13:30:34",355700
15600,300,3000,"bu","13:29:54",352700
15500,200,1000,"sd","13:29:00",349700
15500,200,700,"sd","13:28:05",348700
15600,300,100,"bu","13:21:33",348000
15600,300,600,"bu","13:20:29",347900
15600,300,100,"bu","13:19:42",347300
15600,300,100,"bu","13:19:35",347200
15600,300,1000,"bu","13:18:29",347100
15600,300,600,"bu","13:16:36",346100
15600,300,5000,"bu","13:16:04",345500
15600,300,2000,"bu","13:14:40",340500
15600,300,100,"bu","13:11:58",338500
15500,200,2100,"bu","13:08:04",338400
15400,100,1000,"sd","13:07:50",336300
15400,100,400,"sd","13:07:36",335300
15500,200,500,"sd","13:07:34",334900
15500,200,600,"sd","13:07:26",334400
15500,200,1400,"sd","13:07:21",333800
15500,200,3000,"sd","13:07:04",332400
15500,200,1000,"sd","13:06:01",329400
15500,200,5000,"sd","13:05:47",328400
15500,200,300,"sd","13:01:59",323400
15500,200,1000,"sd","13:01:48",323100
15500,200,9000,"sd","13:01:30",322100
15600,300,100,"bu","13:00:08",313100
15600,300,100,"bu","13:00:07",313000
15600,300,5000,"bu","11:28:46",312900
15600,300,100,"bu","11:23:27",307900
15400,100,1600,"sd","11:19:46",307800
15600,300,3900,"bu","11:19:11",306200
15500,200,900,"bu","11:18:15",302300
15500,200,2100,"sd","11:16:41",301400
15500,200,1000,"sd","11:14:43",299300
15400,100,300,"sd","11:11:18",298300
15400,100,5000,"sd","11:09:42",298000
15400,100,5000,"sd","11:08:23",293000
15400,100,17000,"sd","11:05:05",288000
15500,200,500,"sd","11:02:40",271000
15500,200,7000,"sd","10:58:09",270500
15500,200,100,"sd","10:55:30",263500
15500,200,7300,"sd","10:55:12",263400
15500,200,100,"bu","10:51:00",256100
15500,200,1300,"bu","10:43:41",256000
15500,200,100,"sd","10:41:05",254700
15500,200,1000,"sd","10:40:02",254600
15500,200,2000,"sd","10:38:58",253600
15500,200,500,"sd","10:35:54",251600
15500,200,3000,"sd","10:35:01",251100
15500,200,100,"sd","10:31:06",248100
15500,200,1300,"sd","10:30:23",248000
15500,200,2000,"sd","10:28:38",246700
15400,100,300,"sd","10:25:34",244700
15500,200,100,"bu","10:24:33",244400
15500,200,500,"bu","10:18:38",244300
15400,100,100,"sd","10:18:04",243800
15500,200,200,"bu","10:17:53",243700
15400,100,9900,"sd","10:17:07",243500
15500,200,500,"sd","10:15:06",233600
15500,200,400,"sd","10:13:34",233100
15500,200,6000,"bu","10:13:22",232700
15500,200,1700,"bu","10:10:20",226700
15500,200,2900,"sd","10:09:51",225000
15500,200,100,"bu","10:08:48",222100
15400,100,2000,"sd","10:08:01",222000
15400,100,2400,"sd","10:06:46",220000
15500,200,400,"bu","10:05:48",217600
15500,200,1000,"bu","10:05:17",217200
15500,200,100,"bu","10:05:08",216200
15500,200,1000,"bu","10:05:06",216100
15500,200,8500,"bu","10:05:00",215100
15400,100,3700,"sd","10:04:25",206600
15400,100,2900,"bu","10:04:18",202900
15400,100,100,"bu","10:03:45",200000
15400,100,500,"bu","10:03:11",199900
15400,100,1000,"bu","10:03:00",199400
15400,100,200,"sd","10:02:39",198400
15400,100,5000,"sd","10:02:10",198200
15400,100,5000,"sd","10:01:42",193200
15400,100,1500,"sd","10:01:33",188200
15400,100,5000,"sd","10:01:30",186700
15400,100,5000,"sd","10:01:22",181700
15500,200,1000,"bu","10:01:16",176700
15500,200,2700,"bu","10:00:53",175700
15600,300,2000,"bu","10:00:40",173000
15500,200,5000,"sd","10:00:39",171000
15500,200,5000,"sd","10:00:23",166000
15600,300,1000,"bu","09:56:33",161000
15600,300,2000,"bu","09:56:10",160000
15600,300,3200,"sd","09:52:41",158000
15600,300,1700,"sd","09:52:15",154800
15600,300,5000,"sd","09:52:04",153100
15600,300,200,"sd","09:52:02",148100
15600,300,1800,"sd","09:51:43",147900
15600,300,1000,"sd","09:50:33",146100
15600,300,1000,"sd","09:49:21",145100
15700,400,100,"bu","09:44:24",144100
15700,400,100,"bu","09:43:43",144000
15600,300,1000,"sd","09:43:40",143900
15700,400,400,"bu","09:43:04",142900
15600,300,5500,"sd","09:40:53",142500
15600,300,100,"bu","09:40:04",137000
15500,200,1000,"sd","09:39:15",136900
15600,300,2400,"bu","09:38:41",135900
15600,300,5000,"sd","09:38:02",133500
15700,400,3200,"bu","09:36:50",128500
15700,400,100,"bu","09:30:11",125300
15600,300,100,"sd","09:30:06",125200
15700,400,100,"bu","09:27:51",125100
15700,400,2600,"sd","09:27:32",125000
15700,400,2400,"bu","09:27:15",122400
15600,300,100,"bu","09:25:19",120000
15600,300,1100,"bu","09:24:18",119900
15600,300,2400,"sd","09:21:54",118800
15700,400,300,"bu","09:21:53",116400
15700,400,100,"bu","09:21:37",116100
15600,300,100,"sd","09:21:19",116000
15600,300,100,"sd","09:20:47",115900
15600,300,500,"sd","09:20:34",115800
15600,300,7000,"sd","09:20:23",115300
15700,400,200,"bu","09:20:04",108300
15800,500,100,"bu","09:17:59",108100
15800,500,1000,"bu","09:17:26",108000
15800,500,1000,"sd","09:15:52",107000
15800,500,500,"sd","09:15:48",106000
15800,500,200,"sd","09:15:46",105500
15800,500,100,"sd","09:15:40",105300
15800,500,10000,"sd","09:15:25",105200
15900,600,10000,"unknown","09:10:46",95200
15900,600,1000,"bu","09:10:32",85200
15900,600,7100,"bu","09:09:41",84200
15900,600,1000,"bu","09:09:16",77100
15900,600,200,"sd","09:09:08",76100
15900,600,5000,"sd","09:09:03",75900
15900,600,2000,"sd","09:08:54",70900
16000,700,2000,"bu","09:07:47",68900
15900,600,5100,"sd","09:07:17",66900
15900,600,100,"sd","09:07:16",61800
15900,600,7600,"bu","09:07:08",61700
15900,600,2000,"bu","09:06:08",54100
15900,600,1000,"bu","09:06:07",52100
15900,600,4500,"bu","09:05:48",51100
15900,600,500,"bu","09:05:47",46600
15900,600,9500,"bu","09:05:37",46100
15900,600,1500,"sd","09:05:33",36600
15900,600,100,"sd","09:05:26",35100
15900,600,8900,"sd","09:05:19",35000
15800,500,100,"sd","09:05:13",26100
15900,600,300,"bu","09:05:08",26000
15900,600,400,"bu","09:04:48",25700
15900,600,200,"bu","09:04:37",25300
15900,600,1900,"sd","09:04:29",25100
15900,600,8100,"bu","09:04:21",23200
15800,500,2000,"sd","09:04:14",15100
15800,500,1100,"bu","09:03:49",13100
15800,500,900,"bu","09:03:47",12000
15800,500,6000,"bu","09:03:09",11100
15600,300,500,"sd","09:02:47",5100
15600,300,100,"bu","09:01:59",4600
15500,200,2000,"unknown","09:00:45",4500
15400,100,1400,"sd","09:00:11",2500
15600,300,1000,"bu","09:00:08",1100
15800,500,100,"bu","09:00:06",100
