"price","change","match_qtty","side","time","total_vol"
17250,50,246200,"unknown","14:45:26",2301900
17150,-50,300,"unknown","14:33:40",2055700
17150,-50,100,"unknown","14:33:20",2055400
17150,-50,2800,"unknown","14:32:59",2055300
17150,-50,800,"unknown","14:32:34",2052500
17150,-50,300,"unknown","14:32:13",2051700
17150,-50,1000,"unknown","14:31:50",2051400
17150,-50,4700,"unknown","14:31:38",2050400
17150,-50,400,"unknown","14:31:09",2045700
17150,-50,5000,"unknown","14:31:04",2045300
17150,-50,200,"unknown","14:30:58",2040300
17200,0,400,"unknown","14:30:52",2040100
17150,-50,400,"sd","14:30:44",2039700
17150,-50,500,"sd","14:30:24",2039300
17200,0,6000,"unknown","14:30:22",2038800
17150,-50,500,"sd","14:30:14",2032800
17150,-50,2500,"sd","14:29:50",2032300
17150,-50,2200,"sd","14:29:50",2029800
17150,-50,1000,"sd","14:29:33",2027600
17150,-50,1100,"sd","14:29:26",2026600
17200,0,200,"bu","14:29:13",2025500
17150,-50,100,"sd","14:29:07",2025300
17150,-50,3000,"sd","14:29:07",2025200
17150,-50,700,"sd","14:28:48",2022200
17150,-50,1000,"sd","14:28:35",2021500
17150,-50,8500,"sd","14:28:33",2020500
17150,-50,500,"sd","14:28:30",2012000
17150,-50,100,"sd","14:28:26",2011500
17150,-50,200,"sd","14:28:04",2011400
17200,0,17900,"bu","14:27:50",2011200
17150,-50,1000,"sd","14:27:48",1993300
17200,0,100,"bu","14:27:45",1992300
17150,-50,7600,"sd","14:27:45",1992200
17150,-50,2000,"sd","14:27:27",1984600
17150,-50,200,"sd","14:27:24",1982600
17150,-50,1000,"sd","14:27:15",1982400
17150,-50,1000,"sd","14:27:03",1981400
17150,-50,100,"sd","14:26:43",1980400
17150,-50,1000,"sd","14:26:43",1980300
17150,-50,1000,"sd","14:26:41",1979300
17150,-50,100,"sd","14:26:13",1978300
17150,-50,2000,"sd","14:25:58",1978200
17150,-50,2000,"sd","14:25:41",1976200
17150,-50,200,"sd","14:25:34",1974200
17200,0,2600,"bu","14:25:05",1974000
17200,0,500,"bu","14:24:59",1971400
17150,-50,100,"sd","14:24:57",1970900
17200,0,3800,"bu","14:24:24",1970800
17200,0,1000,"bu","14:24:19",1967000
17150,-50,100,"sd","14:24:16",1966000
17150,-50,100,"sd","14:24:16",1965900
17200,0,100,"bu","14:24:08",1965800
17200,0,200,"bu","14:24:08",1965700
17200,0,7200,"bu","14:23:44",1965500
17200,0,2000,"bu","14:23:44",1958300
17150,-50,500,"sd","14:23:43",1956300
17150,-50,100,"sd","14:23:38",1955800
17150,-50,400,"sd","14:23:02",1955700
17200,0,100,"bu","14:22:59",1955300
17150,-50,200,"sd","14:22:55",1955200
17200,0,3000,"bu","14:22:36",1955000
17150,-50,100,"sd","14:22:16",1952000
17150,-50,100,"sd","14:22:05",1951900
17150,-50,200,"sd","14:21:36",1951800
17200,0,2000,"bu","14:21:21",1951600
17200,0,7200,"bu","14:21:00",1949600
17200,0,100,"bu","14:20:55",1942400
17200,0,500,"bu","14:20:52",1942300
17150,-50,100,"sd","14:20:48",1941800
17200,0,100,"bu","14:20:42",1941700
17200,0,6900,"bu","14:20:41",1941600
17200,0,3800,"bu","14:20:35",1934700
17200,0,2000,"bu","14:20:29",1930900
17200,0,700,"bu","14:20:28",1928900
17200,0,1300,"bu","14:20:26",1928200
17200,0,200,"bu","14:20:26",1926900
17200,0,500,"bu","14:20:26",1926700
17200,0,5200,"bu","14:20:26",1926200
17200,0,4800,"bu","14:20:22",1921000
17200,0,500,"bu","14:20:22",1916200
17200,0,400,"bu","14:20:22",1915700
17200,0,300,"bu","14:20:22",1915300
17200,0,200,"bu","14:20:22",1915000
17200,0,100,"bu","14:20:22",1914800
17200,0,100,"bu","14:20:22",1914700
17200,0,300,"bu","14:20:22",1914600
17200,0,400,"bu","14:20:22",1914300
17200,0,700,"bu","14:20:22",1913900
17200,0,1300,"bu","14:20:10",1913200
17200,0,100,"bu","14:20:10",1911900
17200,0,6900,"bu","14:20:10",1911800
17150,-50,200,"sd","14:20:10",1904900
17200,0,600,"bu","14:19:54",1904700
17200,0,200,"bu","14:19:54",1904100
17200,0,100,"bu","14:19:54",1903900
17200,0,3300,"bu","14:19:54",1903800
17200,0,100,"bu","14:19:54",1900500
17200,0,100,"bu","14:19:54",1900400
17200,0,100,"bu","14:19:54",1900300
17200,0,2000,"bu","14:19:54",1900200
17200,0,100,"bu","14:19:54",1898200
17200,0,100,"bu","14:19:54",1898100
17200,0,500,"bu","14:19:54",1898000
17200,0,500,"bu","14:19:54",1897500
17200,0,500,"bu","14:19:54",1897000
17200,0,4800,"bu","14:19:50",1896500
17150,-50,100,"sd","14:19:44",1891700
17200,0,3500,"bu","14:19:41",1891600
17200,0,3400,"bu","14:19:41",1888100
17200,0,200,"bu","14:19:40",1884700
17200,0,300,"bu","14:19:37",1884500
17200,0,6900,"bu","14:19:37",1884200
17200,0,3100,"bu","14:19:29",1877300
17200,0,2000,"bu","14:19:29",1874200
17200,0,3200,"bu","14:19:29",1872200
17150,-50,500,"sd","14:19:23",1869000
17150,-50,200,"sd","14:19:22",1868500
17150,-50,1000,"sd","14:19:00",1868300
17150,-50,100,"sd","14:18:46",1867300
17150,-50,100,"sd","14:18:12",1867200
17150,-50,2000,"sd","14:17:46",1867100
17150,-50,100,"sd","14:17:34",1865100
17150,-50,1500,"sd","14:17:07",1865000
17150,-50,5700,"sd","14:17:07",1863500
17150,-50,200,"sd","14:17:03",1857800
17150,-50,300,"sd","14:17:00",1857600
17150,-50,100,"sd","14:17:00",1857300
17150,-50,5000,"sd","14:17:00",1857200
17150,-50,2600,"sd","14:17:00",1852200
17200,0,6800,"bu","14:16:58",1849600
17200,0,7700,"bu","14:16:58",1842800
17150,-50,2400,"sd","14:16:53",1835100
17150,-50,100,"sd","14:16:53",1832700
17150,-50,500,"sd","14:16:53",1832600
17150,-50,100,"sd","14:16:53",1832100
17200,0,3000,"bu","14:16:53",1832000
17150,-50,500,"sd","14:16:53",1829000
17150,-50,500,"sd","14:16:50",1828500
17150,-50,1000,"sd","14:16:50",1828000
17150,-50,300,"sd","14:16:50",1827000
17150,-50,1000,"sd","14:16:50",1826700
17150,-50,400,"sd","14:16:50",1825700
17150,-50,300,"sd","14:16:50",1825300
17150,-50,100,"sd","14:16:50",1825000
17200,0,2500,"bu","14:16:44",1824900
17150,-50,100,"sd","14:16:25",1822400
17200,0,500,"bu","14:16:07",1822300
17150,-50,400,"sd","14:15:52",1821800
17150,-50,600,"sd","14:15:52",1821400
17150,-50,200,"sd","14:15:48",1820800
17150,-50,1000,"sd","14:15:41",1820600
17150,-50,2000,"sd","14:15:38",1819600
17150,-50,3000,"sd","14:15:38",1817600
17150,-50,10000,"sd","14:15:38",1814600
17150,-50,300,"sd","14:15:38",1804600
17150,-50,4700,"sd","14:15:37",1804300
17150,-50,1000,"sd","14:15:28",1799600
17150,-50,3000,"sd","14:15:06",1798600
17150,-50,100,"sd","14:15:06",1795600
17200,0,100,"bu","14:14:40",1795500
17150,-50,200,"sd","14:14:34",1795400
17150,-50,100,"sd","14:13:48",1795200
17150,-50,100,"sd","14:13:31",1795100
17150,-50,400,"sd","14:13:31",1795000
17150,-50,200,"sd","14:13:31",1794600
17150,-50,100,"sd","14:13:31",1794400
17150,-50,500,"sd","14:13:31",1794300
17150,-50,900,"sd","14:13:31",1793800
17150,-50,11500,"sd","14:13:31",1792900
17150,-50,500,"sd","14:13:31",1781400
17150,-50,300,"sd","14:13:30",1780900
17150,-50,5500,"sd","14:13:30",1780600
17150,-50,200,"sd","14:13:05",1775100
17200,0,100,"bu","14:12:35",1774900
17150,-50,100,"sd","14:12:26",1774800
17200,0,100,"bu","14:12:19",1774700
17200,0,100,"bu","14:12:08",1774600
17150,-50,100,"sd","14:11:50",1774500
17150,-50,200,"sd","14:11:15",1774400
17150,-50,1000,"sd","14:11:15",1774200
17150,-50,2000,"sd","14:10:49",1773200
17150,-50,200,"sd","14:10:29",1771200
17200,0,100,"bu","14:10:18",1771000
17150,-50,1000,"sd","14:10:16",1770900
17150,-50,200,"sd","14:09:45",1769900
17150,-50,1600,"sd","14:09:26",1769700
17150,-50,100,"sd","14:09:04",1768100
17150,-50,1000,"sd","14:08:50",1768000
17150,-50,200,"sd","14:08:36",1767000
17150,-50,200,"sd","14:08:18",1766800
17150,-50,9400,"sd","14:08:10",1766600
17150,-50,6000,"sd","14:08:10",1757200
17150,-50,5000,"sd","14:08:10",1751200
17150,-50,9600,"sd","14:08:10",1746200
17200,0,100,"bu","14:07:55",1736600
17200,0,300,"bu","14:07:39",1736500
17200,0,200,"bu","14:07:39",1736200
17150,-50,100,"sd","14:07:24",1736000
17150,-50,200,"sd","14:06:49",1735900
17150,-50,1000,"sd","14:06:39",1735700
17150,-50,1000,"sd","14:06:23",1734700
17150,-50,100,"sd","14:06:14",1733700
17200,0,500,"bu","14:05:44",1733600
17150,-50,200,"sd","14:05:35",1733100
17200,0,100,"bu","14:05:20",1732900
17200,0,400,"bu","14:05:19",1732800
17200,0,6700,"bu","14:05:16",1732400
17200,0,7800,"bu","14:04:59",1725700
17150,-50,100,"sd","14:04:56",1717900
17200,0,8300,"bu","14:04:41",1717800
17150,-50,200,"sd","14:04:12",1709500
17200,0,1000,"bu","14:04:05",1709300
17200,0,100,"bu","14:03:57",1708300
17150,-50,2500,"sd","14:03:54",1708200
17200,0,7200,"bu","14:03:50",1705700
17200,0,1400,"bu","14:03:46",1698500
17200,0,1200,"bu","14:03:43",1697100
17150,-50,100,"sd","14:03:26",1695900
17200,0,100,"bu","14:02:50",1695800
17150,-50,200,"sd","14:02:49",1695700
17150,-50,100,"sd","14:02:05",1695500
17200,0,400,"bu","14:01:54",1695400
17200,0,2000,"bu","14:01:54",1695000
17200,0,300,"bu","14:01:54",1693000
17200,0,100,"bu","14:01:54",1692700
17200,0,2000,"bu","14:01:54",1692600
17200,0,2000,"bu","14:01:54",1690600
17200,0,400,"bu","14:01:54",1688600
17200,0,1400,"bu","14:01:48",1688200
17200,0,200,"bu","14:01:43",1686800
17200,0,1000,"bu","14:01:43",1686600
17200,0,300,"bu","14:01:35",1685600
17200,0,1700,"bu","14:01:31",1685300
17150,-50,200,"sd","14:01:28",1683600
17200,0,1000,"bu","14:01:09",1683400
17150,-50,100,"sd","14:00:54",1682400
17150,-50,1000,"sd","14:00:32",1682300
17150,-50,200,"sd","14:00:14",1681300
17200,0,100,"bu","14:00:10",1681100
17200,0,100,"bu","14:00:04",1681000
17200,0,7300,"bu","13:59:59",1680900
17200,0,1500,"bu","13:59:55",1673600
17200,0,1200,"bu","13:59:49",1672100
17150,-50,100,"sd","13:59:39",1670900
17200,0,200,"bu","13:59:33",1670800
17200,0,1000,"bu","13:59:29",1670600
17150,-50,200,"sd","13:58:55",1669600
17150,-50,100,"sd","13:58:12",1669400
17150,-50,200,"sd","13:57:34",1669300
17150,-50,100,"sd","13:56:54",1669100
17150,-50,1000,"sd","13:56:25",1669000
17150,-50,200,"sd","13:56:12",1668000
17150,-50,1000,"sd","13:55:40",1667800
17150,-50,100,"sd","13:55:35",1666800
17150,-50,1000,"sd","13:55:05",1666700
17150,-50,100,"sd","13:55:01",1665700
17150,-50,200,"sd","13:54:22",1665600
17150,-50,1000,"sd","13:54:10",1665400
17150,-50,100,"sd","13:53:45",1664400
17150,-50,200,"sd","13:53:09",1664300
17150,-50,2000,"sd","13:52:43",1664100
17150,-50,200,"sd","13:52:23",1662100
17150,-50,2000,"sd","13:51:41",1661900
17150,-50,100,"sd","13:51:38",1659900
17150,-50,200,"sd","13:51:13",1659800
17150,-50,200,"sd","13:50:51",1659600
17150,-50,11000,"sd","13:50:38",1659400
17150,-50,100,"sd","13:50:10",1648400
17200,0,200,"bu","13:49:44",1648300
17200,0,100,"bu","13:49:44",1648100
17200,0,500,"bu","13:49:33",1648000
17150,-50,200,"sd","13:49:30",1647500
17200,0,7300,"bu","13:49:26",1647300
17150,-50,7000,"sd","13:49:24",1640000
17200,0,100,"bu","13:49:21",1633000
17200,0,1500,"bu","13:49:17",1632900
17200,0,1200,"bu","13:49:13",1631400
17200,0,100,"bu","13:48:44",1630200
17150,-50,200,"sd","13:48:42",1630100
17200,0,100,"bu","13:48:40",1629900
17200,0,3500,"bu","13:48:33",1629800
17200,0,2000,"bu","13:48:33",1626300
17200,0,1800,"bu","13:48:33",1624300
17200,0,200,"bu","13:48:29",1622500
17200,0,1300,"bu","13:48:29",1622300
17200,0,1200,"bu","13:48:24",1621000
17200,0,3600,"bu","13:48:08",1619800
17150,-50,100,"sd","13:48:08",1616200
17200,0,3600,"bu","13:48:08",1616100
17200,0,300,"bu","13:47:31",1612500
17200,0,300,"bu","13:47:31",1612200
17200,0,3000,"bu","13:47:31",1611900
17200,0,1000,"bu","13:47:31",1608900
17200,0,400,"bu","13:47:31",1607900
17200,0,3000,"bu","13:47:24",1607500
17150,-50,200,"sd","13:47:21",1604500
17150,-50,500,"sd","13:46:58",1604300
17200,0,3600,"bu","13:46:56",1603800
17200,0,700,"bu","13:46:51",1600200
17200,0,300,"bu","13:46:49",1599500
17200,0,300,"bu","13:46:49",1599200
17150,-50,100,"sd","13:46:39",1598900
17200,0,1700,"bu","13:46:37",1598800
17200,0,300,"bu","13:46:37",1597100
17200,0,900,"bu","13:46:37",1596800
17200,0,600,"bu","13:46:33",1595900
17200,0,500,"bu","13:46:30",1595300
17200,0,500,"bu","13:46:17",1594800
17200,0,1000,"bu","13:46:17",1594300
17150,-50,200,"sd","13:45:57",1593300
17150,-50,19000,"sd","13:45:46",1593100
17150,-50,3700,"sd","13:45:30",1574100
17150,-50,100,"sd","13:45:20",1570400
17150,-50,200,"sd","13:44:44",1570300
17200,0,1400,"bu","13:44:27",1570100
17200,0,2000,"bu","13:44:16",1568700
17200,0,600,"bu","13:44:16",1566700
17200,0,1900,"bu","13:44:16",1566100
17200,0,800,"bu","13:44:16",1564200
17200,0,2000,"bu","13:44:16",1563400
17200,0,700,"bu","13:44:12",1561400
17200,0,100,"bu","13:44:12",1560700
17200,0,700,"bu","13:44:12",1560600
17200,0,300,"bu","13:44:11",1559900
17200,0,500,"bu","13:44:11",1559600
17200,0,2000,"bu","13:44:11",1559100
17200,0,200,"bu","13:44:11",1557100
17200,0,1200,"bu","13:44:08",1556900
17150,-50,100,"sd","13:44:05",1555700
17150,-50,1000,"sd","13:43:49",1555600
17200,0,100,"bu","13:43:25",1554600
17150,-50,100,"sd","13:43:24",1554500
17200,0,500,"bu","13:43:22",1554400
17200,0,1000,"bu","13:43:22",1553900
17200,0,5000,"bu","13:43:22",1552900
17200,0,300,"bu","13:43:22",1547900
17200,0,200,"bu","13:43:22",1547600
17150,-50,200,"sd","13:42:50",1547400
17200,0,1800,"bu","13:42:40",1547200
17200,0,200,"bu","13:42:40",1545400
17150,-50,100,"sd","13:42:11",1545200
17150,-50,300,"sd","13:41:30",1545100
17200,0,100,"bu","13:41:00",1544800
17200,0,7300,"bu","13:40:55",1544700
17200,0,6100,"bu","13:40:50",1537400
17200,0,1500,"bu","13:40:50",1531300
17200,0,1200,"bu","13:40:44",1529800
17150,-50,100,"sd","13:40:27",1528600
17150,-50,200,"sd","13:39:46",1528500
17200,0,1100,"bu","13:39:40",1528300
17200,0,3600,"bu","13:39:10",1527200
17150,-50,100,"sd","13:39:06",1523600
17200,0,500,"bu","13:38:54",1523500
17200,0,100,"bu","13:38:50",1523000
17200,0,7300,"bu","13:38:44",1522900
17150,-50,100,"sd","13:38:42",1515600
17200,0,1500,"bu","13:38:40",1515500
17200,0,3600,"bu","13:38:38",1514000
17200,0,100,"bu","13:38:36",1510400
17200,0,1300,"bu","13:38:36",1510300
17200,0,4600,"bu","13:38:34",1509000
17200,0,900,"bu","13:38:28",1504400
17200,0,2100,"sd","13:38:26",1503500
17200,0,2900,"sd","13:38:26",1501400
17200,0,200,"sd","13:38:25",1498500
17200,0,1000,"sd","13:38:23",1498300
17200,0,500,"sd","13:38:17",1497300
17200,0,1000,"sd","13:38:17",1496800
17200,0,100,"sd","13:38:16",1495800
17200,0,1000,"sd","13:38:14",1495700
17200,0,200,"sd","13:38:09",1494700
17200,0,200,"sd","13:38:08",1494500
17200,0,100,"sd","13:38:07",1494300
17200,0,400,"sd","13:38:07",1494200
17200,0,1000,"sd","13:38:07",1493800
17200,0,200,"sd","13:38:00",1492800
17200,0,1000,"sd","13:38:00",1492600
17200,0,100,"sd","13:37:50",1491600
17200,0,100,"sd","13:37:39",1491500
17200,0,1900,"sd","13:37:39",1491400
17200,0,3000,"sd","13:37:37",1489500
17200,0,100,"sd","13:37:29",1486500
17200,0,900,"sd","13:37:29",1486400
17200,0,500,"sd","13:37:29",1485500
17200,0,500,"sd","13:37:26",1485000
17200,0,5000,"sd","13:37:23",1484500
17200,0,400,"sd","13:37:13",1479500
17200,0,600,"sd","13:37:13",1479100
17200,0,900,"sd","13:37:11",1478500
17200,0,1100,"sd","13:37:11",1477600
17200,0,200,"sd","13:37:05",1476500
17200,0,100,"sd","13:37:02",1476300
17200,0,100,"sd","13:37:02",1476200
17200,0,100,"sd","13:36:52",1476100
17200,0,4900,"sd","13:36:52",1476000
17200,0,200,"sd","13:36:19",1471100
17250,50,3600,"bu","13:35:48",1470900
17250,50,3600,"bu","13:35:48",1467300
17250,50,3600,"bu","13:35:34",1463700
17200,0,200,"sd","13:35:25",1460100
17250,50,3600,"bu","13:35:18",1459900
17200,0,1500,"sd","13:35:16",1456300
17200,0,100,"sd","13:35:16",1454800
17250,50,1300,"bu","13:35:11",1454700
17250,50,2300,"bu","13:35:11",1453400
17200,0,700,"sd","13:34:50",1451100
17200,0,100,"sd","13:34:41",1450400
17200,0,5000,"sd","13:34:37",1450300
17200,0,1000,"sd","13:34:09",1445300
17200,0,200,"sd","13:34:03",1444300
17200,0,1000,"bu","13:33:43",1444100
17200,0,800,"bu","13:33:43",1443100
17200,0,2000,"bu","13:33:43",1442300
17200,0,2000,"bu","13:33:43",1440300
17200,0,200,"bu","13:33:43",1438300
17200,0,100,"bu","13:33:43",1438100
17150,-50,100,"sd","13:33:22",1438000
17200,0,500,"bu","13:33:01",1437900
17150,-50,200,"sd","13:32:35",1437400
17200,0,2000,"bu","13:32:27",1437200
17200,0,7300,"bu","13:32:25",1435200
17200,0,1500,"bu","13:32:21",1427900
17200,0,1200,"bu","13:32:17",1426400
17150,-50,200,"sd","13:31:59",1425200
17200,0,2000,"sd","13:31:22",1425000
17200,0,14500,"sd","13:31:22",1423000
17200,0,3000,"sd","13:31:22",1408500
17200,0,300,"sd","13:31:22",1405500
17200,0,2500,"sd","13:31:22",1405200
17200,0,100,"sd","13:31:22",1402700
17200,0,2500,"sd","13:31:15",1402600
17200,0,100,"sd","13:31:13",1400100
17200,0,9800,"sd","13:30:48",1400000
17200,0,100,"sd","13:30:31",1390200
17200,0,100,"sd","13:30:31",1390100
17200,0,500,"bu","13:30:26",1390000
17200,0,700,"bu","13:30:26",1389500
17200,0,2000,"bu","13:30:26",1388800
17200,0,1000,"bu","13:30:26",1386800
17200,0,3000,"bu","13:30:26",1385800
17200,0,100,"bu","13:30:26",1382800
17200,0,500,"bu","13:30:04",1382700
17150,-50,100,"sd","13:30:02",1382200
17200,0,100,"bu","13:30:00",1382100
17200,0,500,"bu","13:30:00",1382000
17150,-50,200,"sd","13:29:55",1381500
17200,0,7300,"bu","13:29:54",1381300
17200,0,1500,"bu","13:29:49",1374000
17200,0,1300,"bu","13:29:44",1372500
17200,0,500,"bu","13:29:38",1371200
17200,0,200,"bu","13:29:36",1370700
17200,0,7300,"bu","13:29:23",1370500
17200,0,1500,"bu","13:29:15",1363200
17200,0,1300,"bu","13:29:11",1361700
17150,-50,100,"sd","13:29:09",1360400
17200,0,100,"bu","13:29:04",1360300
17200,0,100,"sd","13:28:55",1360200
17200,0,100,"sd","13:28:55",1360100
17200,0,5000,"sd","13:28:55",1360000
17200,0,3000,"sd","13:28:55",1355000
17200,0,2500,"sd","13:28:55",1352000
17200,0,10000,"sd","13:28:55",1349500
17200,0,1000,"sd","13:28:55",1339500
17200,0,4000,"sd","13:28:55",1338500
17200,0,500,"sd","13:28:55",1334500
17200,0,14600,"sd","13:28:55",1334000
17200,0,7100,"sd","13:28:55",1319400
17200,0,600,"sd","13:28:47",1312300
17200,0,200,"sd","13:28:34",1311700
17200,0,4000,"sd","13:28:30",1311500
17200,0,1000,"sd","13:28:11",1307500
17200,0,200,"sd","13:27:49",1306500
17200,0,100,"sd","13:27:32",1306300
17200,0,500,"bu","13:26:42",1306200
17200,0,200,"bu","13:26:42",1305700
17200,0,1100,"bu","13:26:42",1305500
17200,0,500,"bu","13:26:39",1304400
17200,0,100,"bu","13:26:39",1303900
17200,0,400,"bu","13:26:39",1303800
17200,0,2000,"bu","13:26:39",1303400
17200,0,100,"bu","13:26:39",1301400
17200,0,300,"bu","13:26:39",1301300
17200,0,2000,"bu","13:26:39",1301000
17200,0,100,"bu","13:26:39",1299000
17200,0,2900,"bu","13:26:39",1298900
17200,0,6100,"bu","13:26:39",1296000
17200,0,100,"bu","13:26:36",1289900
17200,0,3000,"bu","13:26:35",1289800
17200,0,4000,"bu","13:26:34",1286800
17200,0,2500,"bu","13:26:31",1282800
17150,-50,300,"sd","13:26:15",1280300
17200,0,5000,"bu","13:26:12",1280000
17200,0,50000,"bu","13:26:12",1275000
17200,0,500,"bu","13:26:12",1225000
17200,0,1000,"bu","13:26:12",1224500
17200,0,3800,"bu","13:26:12",1223500
17200,0,2000,"bu","13:26:12",1219700
17200,0,500,"bu","13:26:12",1217700
17200,0,2000,"bu","13:26:12",1217200
17200,0,300,"bu","13:26:12",1215200
17200,0,2000,"bu","13:26:12",1214900
17200,0,1000,"bu","13:26:12",1212900
17200,0,1000,"bu","13:26:12",1211900
17200,0,700,"bu","13:26:12",1210900
17200,0,14300,"bu","13:26:12",1210200
17200,0,500,"bu","13:26:12",1195900
17200,0,2000,"bu","13:26:12",1195400
17150,-50,300,"sd","13:26:03",1193400
17150,-50,100,"sd","13:25:45",1193100
17150,-50,100,"sd","13:25:42",1193000
17150,-50,4000,"sd","13:25:26",1192900
17200,0,100,"bu","13:25:03",1188900
17150,-50,200,"sd","13:25:01",1188800
17200,0,200,"bu","13:24:50",1188600
17200,0,800,"bu","13:24:50",1188400
17200,0,1200,"bu","13:24:44",1187600
17200,0,300,"bu","13:24:44",1186400
17200,0,100,"bu","13:24:44",1186100
17200,0,500,"bu","13:24:44",1186000
17200,0,4000,"bu","13:24:44",1185500
17200,0,2000,"bu","13:24:34",1181500
17200,0,500,"bu","13:24:34",1179500
17200,0,200,"bu","13:24:34",1179000
17200,0,500,"bu","13:24:34",1178800
17200,0,2900,"bu","13:24:34",1178300
17150,-50,1000,"sd","13:24:29",1175400
17150,-50,100,"sd","13:24:24",1174400
17150,-50,1000,"sd","13:24:13",1174300
17150,-50,100,"sd","13:23:51",1173300
17150,-50,200,"sd","13:23:15",1173200
17150,-50,100,"sd","13:23:11",1173000
17150,-50,1000,"sd","13:23:08",1172900
17150,-50,200,"sd","13:22:44",1171900
17150,-50,1500,"sd","13:22:41",1171700
17150,-50,1000,"sd","13:22:13",1170200
17150,-50,1000,"sd","13:22:10",1169200
17200,0,400,"bu","13:22:03",1168200
17150,-50,1000,"sd","13:21:56",1167800
17150,-50,100,"sd","13:21:51",1166800
17150,-50,2000,"sd","13:21:38",1166700
17150,-50,100,"sd","13:21:33",1164700
17150,-50,1000,"sd","13:21:22",1164600
17200,0,3000,"bu","13:21:21",1163600
17200,0,1000,"bu","13:21:21",1160600
17200,0,1000,"bu","13:21:21",1159600
17150,-50,200,"sd","13:21:12",1158600
17150,-50,6000,"sd","13:21:04",1158400
17150,-50,4400,"sd","13:21:04",1152400
17150,-50,600,"sd","13:21:04",1148000
17150,-50,1000,"sd","13:21:02",1147400
17150,-50,100,"sd","13:20:31",1146400
17150,-50,100,"sd","13:19:59",1146300
17200,0,1000,"bu","13:19:26",1146200
17200,0,2000,"bu","13:19:26",1145200
17200,0,1000,"bu","13:19:26",1143200
17200,0,2000,"bu","13:19:26",1142200
17200,0,1000,"bu","13:19:26",1140200
17150,-50,200,"sd","13:19:16",1139200
17150,-50,1000,"sd","13:19:07",1139000
17150,-50,500,"sd","13:19:02",1138000
17150,-50,100,"sd","13:18:53",1137500
17150,-50,400,"sd","13:18:53",1137400
17200,0,1000,"bu","13:18:53",1137000
17150,-50,1000,"sd","13:18:40",1136000
17150,-50,200,"sd","13:18:28",1135000
17200,0,600,"bu","13:18:09",1134800
17200,0,400,"bu","13:17:51",1134200
17200,0,400,"bu","13:17:51",1133800
17200,0,100,"bu","13:17:51",1133400
17200,0,1900,"bu","13:17:50",1133300
17200,0,1000,"bu","13:17:50",1131400
17200,0,100,"bu","13:17:50",1130400
17200,0,100,"bu","13:17:43",1130300
17200,0,200,"bu","13:17:38",1130200
17200,0,400,"bu","13:17:38",1130000
17150,-50,200,"sd","13:17:38",1129600
17150,-50,100,"sd","13:16:50",1129400
17150,-50,100,"sd","13:16:13",1129300
17150,-50,100,"sd","13:16:13",1129200
17150,-50,100,"sd","13:15:36",1129100
17200,0,1600,"bu","13:14:52",1129000
17200,0,1000,"bu","13:14:52",1127400
17200,0,300,"bu","13:14:52",1126400
17200,0,100,"bu","13:14:52",1126100
17200,0,200,"bu","13:14:52",1126000
17200,0,400,"bu","13:14:52",1125800
17200,0,600,"bu","13:14:52",1125400
17200,0,1900,"bu","13:14:52",1124800
17150,-50,1000,"sd","13:14:51",1122900
17150,-50,200,"sd","13:14:48",1121900
17200,0,100,"bu","13:14:44",1121700
17200,0,300,"bu","13:14:15",1121600
17150,-50,200,"sd","13:14:02",1121300
17200,0,5700,"bu","13:13:57",1121100
17200,0,200,"bu","13:13:57",1115400
17200,0,200,"bu","13:13:57",1115200
17200,0,100,"bu","13:13:42",1115000
17200,0,700,"bu","13:13:34",1114900
17200,0,200,"bu","13:13:34",1114200
17200,0,200,"bu","13:13:34",1114000
17200,0,100,"bu","13:13:34",1113800
17200,0,1000,"bu","13:13:34",1113700
17200,0,3000,"bu","13:13:34",1112700
17200,0,100,"bu","13:13:34",1109700
17200,0,400,"bu","13:13:34",1109600
17200,0,300,"bu","13:13:34",1109200
17200,0,100,"bu","13:13:34",1108900
17150,-50,100,"sd","13:13:27",1108800
17150,-50,4600,"sd","13:12:51",1108700
17150,-50,1000,"sd","13:12:51",1104100
17150,-50,200,"sd","13:12:47",1103100
17150,-50,100,"sd","13:12:45",1102900
17150,-50,200,"sd","13:12:13",1102800
17150,-50,100,"sd","13:11:39",1102600
17150,-50,200,"sd","13:11:10",1102500
17150,-50,100,"sd","13:11:07",1102300
17150,-50,100,"sd","13:10:27",1102200
17150,-50,100,"sd","13:10:00",1102100
17150,-50,200,"sd","13:09:55",1102000
17200,0,400,"bu","13:09:26",1101800
17200,0,1600,"bu","13:09:26",1101400
17150,-50,200,"sd","13:09:08",1099800
17150,-50,100,"sd","13:08:48",1099600
17150,-50,200,"sd","13:08:38",1099500
17150,-50,100,"sd","13:08:31",1099300
17150,-50,100,"sd","13:08:21",1099200
17150,-50,200,"sd","13:08:17",1099100
17150,-50,200,"sd","13:07:49",1098900
17150,-50,100,"sd","13:07:41",1098700
17150,-50,100,"sd","13:07:07",1098600
17150,-50,200,"sd","13:06:30",1098500
17200,0,400,"bu","13:06:04",1098300
17200,0,200,"bu","13:06:04",1097900
17200,0,100,"bu","13:06:04",1097700
17200,0,300,"bu","13:06:04",1097600
17200,0,100,"bu","13:06:04",1097300
17200,0,300,"bu","13:06:04",1097200
17200,0,2200,"bu","13:06:04",1096900
17200,0,2000,"bu","13:06:04",1094700
17200,0,1000,"bu","13:06:04",1092700
17200,0,7500,"bu","13:06:04",1091700
17200,0,400,"bu","13:06:04",1084200
17200,0,2500,"bu","13:05:59",1083800
17200,0,500,"bu","13:05:59",1081300
17200,0,1500,"bu","13:05:53",1080800
17200,0,1000,"bu","13:05:53",1079300
17150,-50,100,"sd","13:05:49",1078300
17200,0,6500,"bu","13:05:40",1078200
17150,-50,200,"sd","13:05:06",1071700
17200,0,1000,"bu","13:04:59",1071500
17150,-50,2500,"sd","13:04:56",1070500
17200,0,2000,"bu","13:04:50",1068000
17200,0,7300,"bu","13:04:44",1066000
17200,0,1500,"bu","13:04:39",1058700
17200,0,1300,"bu","13:04:35",1057200
17200,0,600,"bu","13:04:25",1055900
17150,-50,200,"sd","13:04:18",1055300
17200,0,7600,"bu","13:03:55",1055100
17150,-50,100,"sd","13:03:38",1047500
17200,0,6700,"bu","13:03:35",1047400
17200,0,4500,"bu","13:03:17",1040700
17200,0,1000,"bu","13:03:17",1036200
17200,0,100,"bu","13:03:17",1035200
17200,0,500,"bu","13:03:17",1035100
17200,0,500,"bu","13:03:17",1034600
17200,0,100,"bu","13:03:17",1034100
17200,0,100,"bu","13:03:17",1034000
17200,0,500,"bu","13:03:17",1033900
17200,0,100,"bu","13:03:17",1033400
17200,0,400,"bu","13:03:17",1033300
17200,0,100,"bu","13:03:17",1032900
17200,0,400,"bu","13:03:17",1032800
17150,-50,100,"sd","13:02:59",1032400
17200,0,6700,"bu","13:02:45",1032300
17150,-50,200,"sd","13:02:23",1025600
17200,0,900,"bu","13:02:08",1025400
17200,0,2500,"bu","13:02:08",1024500
17200,0,4900,"bu","13:02:08",1022000
17150,-50,300,"sd","13:01:30",1017100
17150,-50,700,"sd","13:00:59",1016800
17150,-50,100,"sd","13:00:45",1016100
17150,-50,200,"sd","13:00:36",1016000
17200,0,2000,"bu","13:00:21",1015800
17200,0,100,"bu","13:00:12",1013800
17200,0,100,"bu","13:00:10",1013700
17150,-50,3800,"sd","13:00:03",1013600
17150,-50,1000,"sd","13:00:01",1009800
17150,-50,100,"sd","13:00:01",1008800
17150,-50,1900,"sd","13:00:00",1008700
17150,-50,200,"sd","11:29:42",1006800
17150,-50,200,"sd","11:29:13",1006600
17150,-50,1800,"sd","11:29:13",1006400
17150,-50,100,"sd","11:29:06",1004600
17200,0,100,"bu","11:29:00",1004500
17200,0,800,"bu","11:28:37",1004400
17200,0,1000,"bu","11:28:37",1003600
17200,0,500,"bu","11:28:37",1002600
17150,-50,200,"sd","11:28:28",1002100
17200,0,500,"bu","11:28:19",1001900
17200,0,1500,"bu","11:28:19",1001400
17200,0,500,"bu","11:28:19",999900
17200,0,100,"bu","11:28:19",999400
17200,0,1600,"bu","11:28:19",999300
17200,0,100,"bu","11:28:13",997700
17150,-50,2000,"sd","11:28:06",997600
17150,-50,400,"sd","11:28:05",995600
17150,-50,2600,"sd","11:28:05",995200
17200,0,100,"bu","11:28:03",992600
17150,-50,100,"sd","11:27:53",992500
17150,-50,1000,"sd","11:27:19",992400
17150,-50,200,"sd","11:27:17",991400
17150,-50,500,"sd","11:27:04",991200
17150,-50,100,"sd","11:26:32",990700
17200,0,100,"bu","11:26:20",990600
17150,-50,1000,"sd","11:26:08",990500
17150,-50,200,"sd","11:25:50",989500
17150,-50,100,"sd","11:25:09",989300
17200,0,100,"bu","11:24:55",989200
17200,0,16800,"bu","11:24:30",989100
17150,-50,200,"sd","11:24:26",972300
17150,-50,1000,"sd","11:24:25",972100
17150,-50,100,"sd","11:23:52",971100
17150,-50,100,"sd","11:23:16",971000
17200,0,1200,"bu","11:23:15",970900
17200,0,300,"bu","11:23:15",969700
17200,0,300,"bu","11:23:15",969400
17200,0,100,"bu","11:23:15",969100
17200,0,200,"bu","11:23:15",969000
17200,0,200,"bu","11:23:15",968800
17200,0,100,"bu","11:23:15",968600
17200,0,200,"bu","11:23:15",968500
17200,0,500,"bu","11:23:15",968300
17200,0,1000,"bu","11:23:15",967800
17200,0,500,"bu","11:23:15",966800
17200,0,300,"bu","11:23:15",966300
17200,0,100,"bu","11:23:15",966000
17200,0,2000,"bu","11:23:15",965900
17200,0,300,"bu","11:23:15",963900
17200,0,1500,"bu","11:23:08",963600
17150,-50,500,"sd","11:23:05",962100
17200,0,1300,"bu","11:23:01",961600
17200,0,900,"bu","11:22:55",960300
17200,0,2000,"bu","11:22:55",959400
17200,0,1100,"bu","11:22:55",957400
17150,-50,100,"sd","11:22:36",956300
17150,-50,100,"sd","11:22:36",956200
17150,-50,1000,"sd","11:22:02",956100
17150,-50,200,"sd","11:21:55",955100
17150,-50,100,"sd","11:21:12",954900
17150,-50,1000,"sd","11:20:59",954800
17150,-50,100,"sd","11:20:37",953800
17150,-50,2300,"sd","11:20:06",953700
17150,-50,200,"sd","11:20:01",951400
17150,-50,100,"sd","11:19:25",951200
17150,-50,500,"sd","11:19:18",951100
17150,-50,300,"sd","11:19:10",950600
17150,-50,500,"sd","11:18:56",950300
17150,-50,100,"sd","11:18:50",949800
17200,0,200,"bu","11:18:21",949700
17150,-50,200,"sd","11:18:16",949500
17200,0,200,"bu","11:17:42",949300
17150,-50,100,"sd","11:17:39",949100
17150,-50,100,"sd","11:17:00",949000
17150,-50,200,"sd","11:16:25",948900
17150,-50,2000,"sd","11:15:49",948700
17150,-50,100,"sd","11:15:44",946700
17200,0,1000,"bu","11:15:15",946600
17150,-50,200,"sd","11:15:07",945600
17150,-50,2000,"sd","11:15:06",945400
17150,-50,100,"sd","11:14:28",943400
17150,-50,200,"sd","11:13:48",943300
17150,-50,200,"sd","11:13:27",943100
17200,0,400,"bu","11:13:27",942900
17150,-50,100,"sd","11:13:14",942500
17150,-50,100,"sd","11:13:14",942400
17150,-50,100,"sd","11:13:10",942300
17150,-50,100,"sd","11:12:36",942200
17200,0,6300,"bu","11:12:27",942100
17200,0,100,"bu","11:12:27",935800
17200,0,7900,"bu","11:12:27",935700
17200,0,200,"bu","11:12:27",927800
17200,0,200,"bu","11:12:22",927600
17200,0,200,"bu","11:12:22",927400
17200,0,2600,"bu","11:12:22",927200
17200,0,2500,"bu","11:12:16",924600
17200,0,1900,"bu","11:12:05",922100
17200,0,200,"bu","11:12:05",920200
17200,0,2000,"bu","11:12:05",920000
17150,-50,200,"sd","11:12:02",918000
17150,-50,700,"sd","11:11:38",917800
17150,-50,100,"sd","11:11:38",917100
17150,-50,2600,"sd","11:11:38",917000
17150,-50,1600,"sd","11:11:38",914400
17150,-50,300,"sd","11:11:37",912800
17150,-50,200,"sd","11:11:37",912500
17150,-50,1500,"sd","11:11:37",912300
17150,-50,100,"sd","11:11:26",910800
17150,-50,200,"sd","11:10:46",910700
17200,0,1000,"bu","11:10:17",910500
17200,0,500,"bu","11:10:07",909500
17150,-50,100,"sd","11:10:06",909000
17200,0,500,"bu","11:10:03",908900
17200,0,500,"bu","11:10:00",908400
17150,-50,1000,"sd","11:09:56",907900
17200,0,500,"bu","11:09:55",906900
17150,-50,2500,"sd","11:09:36",906400
17150,-50,100,"sd","11:09:26",903900
17150,-50,1000,"sd","11:09:24",903800
17150,-50,200,"sd","11:09:23",902800
17150,-50,100,"sd","11:08:43",902600
17150,-50,2000,"sd","11:08:29",902500
17150,-50,200,"sd","11:07:58",900500
17150,-50,500,"sd","11:07:52",900300
17150,-50,500,"sd","11:07:25",899800
17150,-50,100,"sd","11:07:21",899300
17150,-50,900,"sd","11:07:13",899200
17150,-50,100,"sd","11:07:13",898300
17150,-50,1000,"sd","11:06:54",898200
17150,-50,200,"sd","11:06:48",897200
17150,-50,300,"sd","11:06:20",897000
17150,-50,100,"sd","11:06:09",896700
17150,-50,100,"sd","11:05:34",896600
17150,-50,700,"sd","11:05:33",896500
17150,-50,300,"sd","11:05:33",895800
17150,-50,200,"sd","11:04:56",895500
17150,-50,200,"sd","11:04:11",895300
17150,-50,1000,"sd","11:04:08",895100
17150,-50,100,"sd","11:03:23",894100
17150,-50,100,"sd","11:02:45",894000
17150,-50,1000,"sd","11:02:43",893900
17150,-50,200,"sd","11:02:10",892900
17200,0,200,"bu","11:01:57",892700
17200,0,500,"bu","11:01:51",892500
17200,0,4000,"bu","11:01:49",892000
17150,-50,300,"sd","11:01:34",888000
17150,-50,7400,"sd","11:01:31",887700
17150,-50,100,"sd","11:01:28",880300
17150,-50,200,"sd","11:00:49",880200
17150,-50,200,"sd","11:00:28",880000
17150,-50,100,"sd","11:00:09",879800
17150,-50,2000,"sd","11:00:05",879700
17150,-50,200,"sd","10:59:32",877700
17150,-50,1400,"sd","10:59:08",877500
17150,-50,500,"sd","10:59:08",876100
17150,-50,100,"sd","10:59:08",875600
17150,-50,100,"sd","10:58:56",875500
17150,-50,200,"sd","10:58:13",875400
17150,-50,100,"sd","10:57:29",875200
17150,-50,2000,"sd","10:57:28",875100
17150,-50,600,"sd","10:57:00",873100
17150,-50,2400,"sd","10:57:00",872500
17150,-50,200,"sd","10:56:52",870100
17150,-50,200,"sd","10:56:06",869900
17150,-50,100,"sd","10:55:49",869700
17150,-50,800,"sd","10:55:34",869600
17150,-50,100,"sd","10:55:34",868800
17150,-50,100,"sd","10:55:34",868700
17150,-50,100,"sd","10:55:27",868600
17150,-50,100,"sd","10:54:47",868500
17150,-50,1000,"sd","10:54:32",868400
17150,-50,100,"sd","10:54:15",867400
17150,-50,2000,"sd","10:53:57",867300
17150,-50,200,"sd","10:53:42",865300
17150,-50,500,"sd","10:53:07",865100
17150,-50,2000,"sd","10:53:06",864600
17150,-50,100,"sd","10:53:04",862600
17150,-50,1500,"sd","10:52:42",862500
17150,-50,3000,"sd","10:52:42",861000
17150,-50,300,"sd","10:52:42",858000
17150,-50,200,"sd","10:52:42",857700
17150,-50,100,"sd","10:52:42",857500
17150,-50,500,"sd","10:52:42",857400
17150,-50,200,"sd","10:52:42",856900
17150,-50,100,"sd","10:52:42",856700
17150,-50,2000,"sd","10:52:42",856600
17150,-50,2100,"sd","10:52:42",854600
17150,-50,600,"sd","10:52:27",852500
17150,-50,200,"sd","10:52:24",851900
17150,-50,100,"sd","10:51:44",851700
17150,-50,200,"sd","10:51:10",851600
17150,-50,100,"sd","10:50:33",851400
17150,-50,200,"sd","10:50:21",851300
17150,-50,100,"sd","10:49:58",851100
17150,-50,100,"sd","10:49:42",851000
17150,-50,3600,"sd","10:49:25",850900
17150,-50,11900,"sd","10:49:25",847300
17150,-50,1500,"sd","10:49:25",835400
17150,-50,1300,"sd","10:49:25",833900
17150,-50,100,"sd","10:49:25",832600
17150,-50,1600,"sd","10:49:25",832500
17150,-50,200,"sd","10:49:15",830900
17150,-50,100,"sd","10:49:05",830700
17150,-50,300,"sd","10:49:05",830600
17150,-50,1600,"sd","10:49:05",830300
17150,-50,100,"sd","10:48:34",828700
17150,-50,100,"sd","10:48:17",828600
17150,-50,200,"sd","10:48:01",828500
17150,-50,100,"sd","10:48:01",828300
17150,-50,200,"sd","10:48:01",828200
17150,-50,100,"sd","10:48:01",828000
17150,-50,200,"sd","10:47:54",827900
17150,-50,100,"sd","10:47:21",827700
17150,-50,100,"sd","10:46:46",827600
17150,-50,200,"sd","10:46:09",827500
17150,-50,300,"sd","10:46:03",827300
17150,-50,800,"sd","10:45:51",827000
17150,-50,100,"sd","10:45:51",826200
17150,-50,100,"sd","10:45:24",826100
17200,0,200,"bu","10:45:04",826000
17150,-50,200,"sd","10:44:52",825800
17150,-50,100,"sd","10:44:15",825600
17150,-50,2000,"sd","10:43:37",825500
17150,-50,200,"sd","10:43:36",823500
17150,-50,100,"sd","10:42:54",823300
17200,0,2100,"bu","10:42:45",823200
17200,0,200,"bu","10:42:45",821100
17200,0,500,"bu","10:42:45",820900
17200,0,200,"bu","10:42:45",820400
17200,0,300,"bu","10:42:25",820200
17200,0,100,"bu","10:42:25",819900
17200,0,3600,"bu","10:42:25",819800
17150,-50,200,"sd","10:42:11",816200
17150,-50,1000,"sd","10:42:06",816000
17150,-50,3800,"sd","10:41:47",815000
17150,-50,100,"sd","10:41:47",811200
17150,-50,100,"sd","10:41:47",811100
17150,-50,200,"sd","10:41:31",811000
17150,-50,200,"sd","10:41:30",810800
17150,-50,300,"sd","10:40:52",810600
17150,-50,100,"sd","10:40:45",810300
17150,-50,1600,"bu","10:40:31",810200
17150,-50,1500,"bu","10:40:25",808600
17150,-50,1300,"bu","10:40:19",807100
17150,-50,200,"bu","10:40:19",805800
17150,-50,500,"bu","10:40:19",805600
17150,-50,2000,"bu","10:40:19",805100
17150,-50,3600,"bu","10:40:19",803100
17150,-50,3600,"sd","10:40:19",799500
17150,-50,100,"sd","10:40:19",795900
17150,-50,3600,"sd","10:40:19",795800
17150,-50,100,"sd","10:40:19",792200
17150,-50,3600,"sd","10:40:19",792100
17150,-50,500,"sd","10:40:19",788500
17150,-50,1000,"sd","10:40:19",788000
17150,-50,6400,"sd","10:40:19",787000
17150,-50,100,"sd","10:40:10",780600
17150,-50,1300,"sd","10:39:44",780500
17150,-50,200,"sd","10:39:44",779200
17150,-50,800,"sd","10:39:44",779000
17150,-50,1500,"sd","10:39:44",778200
17150,-50,200,"sd","10:39:35",776700
17200,0,500,"bu","10:39:24",776500
17200,0,500,"bu","10:39:24",776000
17200,0,1500,"bu","10:39:24",775500
17200,0,1400,"bu","10:39:24",774000
17200,0,1100,"bu","10:39:24",772600
17150,-50,100,"sd","10:39:10",771500
17150,-50,200,"sd","10:39:10",771400
17150,-50,100,"sd","10:39:01",771200
17150,-50,100,"bu","10:38:26",771100
17150,-50,500,"bu","10:38:26",771000
17150,-50,100,"bu","10:38:26",770500
17150,-50,500,"bu","10:37:51",770400
17150,-50,2000,"bu","10:37:51",769900
17150,-50,1000,"bu","10:37:51",767900
17150,-50,3500,"bu","10:37:51",766900
17150,-50,200,"bu","10:37:51",763400
17150,-50,100,"bu","10:37:51",763200
17150,-50,1000,"bu","10:37:51",763100
17150,-50,400,"bu","10:37:51",762100
17150,-50,1500,"bu","10:37:51",761700
17150,-50,500,"bu","10:37:51",760200
17150,-50,2000,"bu","10:37:51",759700
17150,-50,1800,"bu","10:37:51",757700
17150,-50,200,"bu","10:37:47",755900
17150,-50,2800,"bu","10:37:47",755700
17100,-100,200,"sd","10:37:43",752900
17150,-50,2500,"bu","10:37:42",752700
17150,-50,1000,"bu","10:37:30",750200
17150,-50,40000,"bu","10:37:22",749200
17150,-50,200,"bu","10:37:12",709200
17100,-100,100,"sd","10:37:05",709000
17100,-100,200,"sd","10:36:46",708900
17150,-50,300,"bu","10:36:43",708700
17150,-50,500,"bu","10:36:32",708400
17150,-50,2700,"bu","10:36:27",707900
17150,-50,2000,"bu","10:36:27",705200
17150,-50,2000,"bu","10:36:27",703200
17150,-50,7800,"bu","10:36:27",701200
17100,-100,200,"sd","10:36:25",693400
17150,-50,3000,"bu","10:36:21",693200
17150,-50,2500,"bu","10:36:18",690200
17100,-100,100,"sd","10:35:46",687700
17150,-50,3300,"bu","10:35:39",687600
17150,-50,6800,"bu","10:35:21",684300
17100,-100,100,"sd","10:35:10",677500
17150,-50,6600,"bu","10:35:10",677400
17150,-50,100,"bu","10:35:10",670800
17100,-100,2000,"sd","10:35:01",670700
17100,-100,200,"sd","10:34:36",668700
17100,-100,900,"sd","10:34:10",668500
17100,-100,100,"sd","10:33:57",667600
17100,-100,200,"sd","10:33:22",667500
17100,-100,100,"sd","10:32:45",667300
17150,-50,900,"bu","10:32:36",667200
17150,-50,200,"bu","10:32:36",666300
17150,-50,200,"bu","10:32:36",666100
17150,-50,200,"bu","10:32:36",665900
17150,-50,2000,"bu","10:32:36",665700
17150,-50,100,"bu","10:32:36",663700
17150,-50,4400,"bu","10:32:36",663600
17150,-50,4700,"bu","10:32:32",659200
17150,-50,100,"bu","10:32:06",654500
17100,-100,200,"sd","10:32:03",654400
17100,-100,100,"sd","10:31:58",654200
17100,-100,100,"sd","10:31:22",654100
17100,-100,100,"sd","10:30:42",654000
17100,-100,300,"sd","10:30:26",653900
17100,-100,200,"sd","10:30:09",653600
17100,-100,2000,"sd","10:29:43",653400
17100,-100,100,"sd","10:29:43",651400
17100,-100,100,"sd","10:29:34",651300
17100,-100,2000,"sd","10:29:06",651200
17100,-100,200,"sd","10:28:59",649200
17100,-100,100,"sd","10:28:15",649000
17100,-100,400,"sd","10:28:14",648900
17100,-100,100,"sd","10:28:02",648500
17100,-100,2000,"sd","10:27:42",648400
17100,-100,200,"sd","10:27:38",646400
17100,-100,300,"sd","10:27:28",646200
17100,-100,500,"sd","10:27:10",645900
17100,-100,100,"sd","10:26:57",645400
17100,-100,100,"sd","10:26:20",645300
17100,-100,2000,"sd","10:26:19",645200
17150,-50,100,"bu","10:25:56",643200
17100,-100,200,"sd","10:25:45",643100
17100,-100,100,"sd","10:25:07",642900
17100,-100,2000,"sd","10:24:35",642800
17100,-100,100,"sd","10:24:29",640800
17100,-100,200,"sd","10:23:56",640700
17100,-100,8700,"sd","10:23:48",640500
17100,-100,100,"sd","10:23:26",631800
17100,-100,100,"sd","10:23:20",631700
17100,-100,200,"sd","10:23:09",631600
17100,-100,200,"sd","10:22:44",631400
17100,-100,100,"sd","10:22:03",631200
17100,-100,100,"sd","10:21:30",631100
17150,-50,1000,"bu","10:21:15",631000
17100,-100,200,"sd","10:20:52",630000
17100,-100,100,"sd","10:20:13",629800
17100,-100,1000,"sd","10:19:50",629700
17100,-100,12000,"sd","10:19:43",628700
17100,-100,100,"sd","10:19:37",616700
17150,-50,300,"bu","10:19:36",616600
17150,-50,200,"bu","10:19:22",616300
17150,-50,11500,"bu","10:19:15",616100
17150,-50,300,"bu","10:19:15",604600
17150,-50,2000,"bu","10:19:15",604300
17150,-50,500,"bu","10:19:14",602300
17150,-50,200,"bu","10:19:14",601800
17150,-50,2800,"bu","10:19:08",601600
17150,-50,200,"bu","10:19:08",598800
17100,-100,200,"sd","10:19:04",598600
17150,-50,1800,"bu","10:19:01",598400
17150,-50,100,"bu","10:19:01",596600
17150,-50,600,"bu","10:19:01",596500
17150,-50,100,"bu","10:18:49",595900
17100,-100,10000,"sd","10:18:42",595800
17100,-100,100,"sd","10:18:21",585800
17100,-100,2000,"sd","10:18:15",585700
17100,-100,200,"sd","10:17:46",583700
17100,-100,300,"sd","10:17:44",583500
17100,-100,100,"sd","10:17:10",583200
17150,-50,100,"bu","10:16:33",583100
17100,-100,200,"sd","10:16:30",583000
17150,-50,100,"bu","10:16:05",582800
17100,-100,100,"sd","10:15:54",582700
17100,-100,100,"sd","10:15:16",582600
17100,-100,800,"sd","10:14:58",582500
17100,-100,200,"sd","10:14:36",581700
17100,-100,300,"sd","10:14:30",581500
17100,-100,100,"sd","10:13:58",581200
17100,-100,400,"sd","10:13:47",581100
17100,-100,200,"sd","10:13:22",580700
17100,-100,1500,"sd","10:12:55",580500
17150,-50,200,"bu","10:12:42",579000
17150,-50,100,"bu","10:12:42",578800
17100,-100,100,"sd","10:12:40",578700
17150,-50,100,"bu","10:12:40",578600
17150,-50,500,"bu","10:12:26",578500
17150,-50,500,"bu","10:12:25",578000
17150,-50,100,"bu","10:12:21",577500
17150,-50,4900,"bu","10:12:14",577400
17150,-50,900,"bu","10:12:14",572500
17150,-50,500,"bu","10:12:14",571600
17150,-50,1000,"bu","10:12:14",571100
17150,-50,1500,"bu","10:12:10",570100
17150,-50,1300,"bu","10:12:05",568600
17100,-100,200,"sd","10:12:04",567300
17150,-50,500,"bu","10:11:51",567100
17150,-50,500,"bu","10:11:28",566600
17100,-100,100,"sd","10:11:27",566100
17100,-100,100,"sd","10:10:47",566000
17100,-100,1000,"sd","10:10:38",565900
17100,-100,300,"sd","10:10:10",564900
17100,-100,200,"sd","10:10:09",564600
17100,-100,300,"sd","10:10:00",564400
17100,-100,100,"sd","10:09:34",564100
17100,-100,3000,"sd","10:09:17",564000
17150,-50,100,"bu","10:09:15",561000
17100,-100,200,"sd","10:08:58",560900
17100,-100,100,"sd","10:08:53",560700
17100,-100,100,"sd","10:08:16",560600
17150,-50,100,"bu","10:08:09",560500
17100,-100,1500,"sd","10:08:04",560400
17100,-100,1300,"sd","10:08:04",558900
17100,-100,300,"sd","10:08:04",557600
17100,-100,500,"sd","10:08:04",557300
17100,-100,300,"sd","10:08:04",556800
17100,-100,100,"sd","10:08:04",556500
17100,-100,100,"sd","10:08:04",556400
17100,-100,600,"sd","10:08:04",556300
17100,-100,100,"sd","10:08:04",555700
17100,-100,500,"sd","10:08:04",555600
17100,-100,7300,"sd","10:08:04",555100
17100,-100,500,"sd","10:08:04",547800
17100,-100,1000,"sd","10:08:04",547300
17100,-100,100,"sd","10:08:04",546300
17100,-100,5000,"sd","10:08:04",546200
17100,-100,100,"sd","10:08:04",541200
17100,-100,8700,"sd","10:08:04",541100
17100,-100,300,"sd","10:07:45",532400
17150,-50,1100,"sd","10:07:40",532100
17150,-50,200,"sd","10:07:39",531000
17150,-50,6000,"sd","10:07:26",530800
17150,-50,500,"sd","10:07:26",524800
17150,-50,1500,"sd","10:07:26",524300
17150,-50,1300,"sd","10:07:26",522800
17150,-50,100,"sd","10:07:26",521500
17150,-50,2000,"sd","10:07:26",521400
17150,-50,300,"sd","10:07:26",519400
17150,-50,3000,"sd","10:07:26",519100
17150,-50,200,"sd","10:07:26",516100
17150,-50,300,"sd","10:07:26",515900
17150,-50,400,"sd","10:07:26",515600
17150,-50,200,"sd","10:07:26",515200
17150,-50,500,"sd","10:07:26",515000
17150,-50,1000,"sd","10:07:26",514500
17150,-50,1700,"sd","10:07:26",513500
17150,-50,300,"sd","10:07:26",511800
17150,-50,100,"sd","10:07:26",511500
17150,-50,400,"sd","10:07:26",511400
17150,-50,200,"sd","10:07:26",511000
17150,-50,100,"sd","10:07:26",510800
17150,-50,1000,"sd","10:07:26",510700
17150,-50,300,"sd","10:07:26",509700
17150,-50,100,"sd","10:07:26",509400
17150,-50,9000,"sd","10:07:26",509300
17150,-50,3600,"sd","10:07:26",500300
17150,-50,5200,"sd","10:07:26",496700
17150,-50,400,"sd","10:07:26",491500
17150,-50,300,"sd","10:07:26",491100
17150,-50,100,"sd","10:07:06",490800
17150,-50,100,"sd","10:06:58",490700
17150,-50,300,"sd","10:06:43",490600
17150,-50,100,"sd","10:06:25",490300
17150,-50,1100,"sd","10:06:01",490200
17150,-50,100,"sd","10:06:01",489100
17150,-50,300,"sd","10:06:01",489000
17150,-50,200,"sd","10:05:48",488700
17150,-50,200,"sd","10:05:25",488500
17150,-50,3800,"sd","10:05:25",488300
17150,-50,200,"sd","10:05:18",484500
17150,-50,300,"sd","10:05:12",484300
17150,-50,100,"sd","10:05:12",484000
17150,-50,100,"sd","10:04:38",483900
17150,-50,2800,"sd","10:04:33",483800
17150,-50,1500,"sd","10:04:33",481000
17150,-50,1200,"sd","10:04:33",479500
17150,-50,1900,"sd","10:04:33",478300
17150,-50,2000,"sd","10:04:33",476400
17150,-50,100,"sd","10:04:33",474400
17150,-50,500,"sd","10:04:33",474300
17200,0,4400,"bu","10:04:03",473800
17150,-50,200,"sd","10:04:01",469400
17200,0,700,"bu","10:03:53",469200
17200,0,3000,"bu","10:03:46",468500
17200,0,100,"bu","10:03:40",465500
17150,-50,100,"sd","10:03:22",465400
17200,0,300,"bu","10:03:04",465300
17200,0,300,"bu","10:03:04",465000
17200,0,200,"bu","10:03:04",464700
17200,0,700,"bu","10:03:04",464500
17150,-50,1000,"sd","10:03:01",463800
17200,0,1300,"bu","10:02:59",462800
17150,-50,200,"sd","10:02:41",461500
17200,0,200,"bu","10:02:27",461300
17200,0,800,"bu","10:02:22",461100
17200,0,10000,"bu","10:02:22",460300
17200,0,3700,"bu","10:02:22",450300
17200,0,1300,"bu","10:02:18",446600
17200,0,200,"bu","10:02:18",445300
17200,0,300,"bu","10:02:13",445100
17200,0,1000,"bu","10:02:13",444800
17200,0,4000,"bu","10:02:03",443800
17150,-50,100,"sd","10:02:02",439800
17200,0,500,"bu","10:01:37",439700
17150,-50,200,"sd","10:01:27",439200
17150,-50,600,"sd","10:01:26",439000
17150,-50,100,"sd","10:01:26",438400
17150,-50,1000,"sd","10:01:26",438300
17150,-50,300,"sd","10:01:26",437300
17200,0,300,"bu","10:01:19",437000
17200,0,200,"bu","10:00:51",436700
17150,-50,100,"sd","10:00:47",436500
17150,-50,600,"sd","10:00:39",436400
17150,-50,100,"sd","10:00:39",435800
17150,-50,100,"sd","10:00:39",435700
17150,-50,100,"sd","10:00:39",435600
17150,-50,300,"sd","10:00:39",435500
17150,-50,4800,"sd","10:00:39",435200
17150,-50,100,"sd","10:00:14",430400
17150,-50,100,"sd","10:00:12",430300
17150,-50,900,"sd","10:00:12",430200
17150,-50,100,"sd","09:59:57",429300
17150,-50,200,"sd","09:59:35",429200
17150,-50,1000,"sd","09:59:24",429000
17150,-50,1000,"sd","09:59:15",428000
17150,-50,100,"sd","09:59:02",427000
17150,-50,100,"sd","09:58:25",426900
17150,-50,1000,"sd","09:57:56",426800
17150,-50,100,"sd","09:57:51",425800
17150,-50,800,"sd","09:57:49",425700
17150,-50,200,"sd","09:57:49",424900
17150,-50,500,"sd","09:57:41",424700
17150,-50,500,"sd","09:57:41",424200
17150,-50,100,"sd","09:57:36",423700
17150,-50,900,"sd","09:57:36",423600
17150,-50,1000,"sd","09:57:27",422700
17150,-50,200,"sd","09:57:16",421700
17150,-50,100,"sd","09:56:42",421500
17150,-50,100,"sd","09:56:07",421400
17150,-50,200,"sd","09:55:31",421300
17150,-50,100,"sd","09:54:59",421100
17200,0,500,"bu","09:54:24",421000
17150,-50,100,"sd","09:54:23",420500
17200,0,300,"bu","09:54:13",420400
17200,0,1500,"bu","09:53:52",420100
17200,0,700,"bu","09:53:48",418600
17200,0,600,"bu","09:53:48",417900
17150,-50,100,"sd","09:53:46",417300
17200,0,100,"bu","09:53:42",417200
17200,0,5000,"bu","09:53:38",417100
17200,0,300,"bu","09:53:30",412100
17200,0,14000,"bu","09:53:30",411800
17200,0,200,"bu","09:53:30",397800
17200,0,100,"bu","09:53:26",397600
17200,0,100,"bu","09:53:24",397500
17200,0,100,"bu","09:53:17",397400
17200,0,1400,"bu","09:53:17",397300
17200,0,600,"bu","09:53:12",395900
17200,0,700,"bu","09:53:12",395300
17200,0,200,"bu","09:52:43",394600
17200,0,100,"bu","09:51:55",394400
17200,0,500,"bu","09:51:46",394300
17200,0,400,"bu","09:50:59",393800
17150,-50,200,"sd","09:50:56",393400
17200,0,500,"bu","09:50:53",393200
17200,0,100,"bu","09:50:48",392700
17200,0,2300,"sd","09:50:31",392600
17200,0,100,"sd","09:50:31",390300
17200,0,100,"sd","09:50:31",390200
17200,0,400,"sd","09:50:21",390100
17200,0,4400,"sd","09:50:21",389700
17200,0,900,"sd","09:50:21",385300
17200,0,700,"sd","09:50:21",384400
17200,0,100,"sd","09:50:21",383700
17200,0,100,"sd","09:50:21",383600
17200,0,100,"sd","09:50:21",383500
17200,0,100,"sd","09:50:21",383400
17200,0,5000,"sd","09:50:21",383300
17200,0,2900,"sd","09:50:21",378300
17200,0,3600,"sd","09:50:21",375400
17200,0,700,"sd","09:50:21",371800
17200,0,4200,"sd","09:50:21",371100
17200,0,600,"sd","09:50:21",366900
17200,0,500,"sd","09:50:21",366300
17200,0,500,"sd","09:50:21",365800
17200,0,600,"sd","09:50:21",365300
17200,0,500,"sd","09:50:21",364700
17200,0,100,"sd","09:50:21",364200
17200,0,200,"sd","09:50:04",364100
17200,0,200,"sd","09:50:04",363900
17200,0,100,"sd","09:49:40",363700
17200,0,300,"sd","09:49:40",363600
17200,0,600,"sd","09:49:40",363300
17200,0,800,"sd","09:49:40",362700
17200,0,200,"sd","09:49:40",361900
17200,0,100,"sd","09:49:40",361700
17200,0,600,"sd","09:49:23",361600
17200,0,500,"sd","09:48:49",361000
17200,0,300,"sd","09:48:45",360500
17250,50,4000,"bu","09:47:26",360200
17200,0,1500,"sd","09:47:15",356200
17200,0,600,"sd","09:47:01",354700
17200,0,1000,"sd","09:46:32",354100
17200,0,1600,"sd","09:46:14",353100
17200,0,500,"sd","09:46:14",351500
17250,50,200,"bu","09:45:58",351000
17200,0,500,"sd","09:45:48",350800
17200,0,500,"sd","09:45:48",350300
17200,0,100,"sd","09:45:05",349800
17200,0,100,"sd","09:45:05",349700
17200,0,500,"sd","09:45:05",349600
17200,0,500,"sd","09:45:05",349100
17200,0,100,"sd","09:45:05",348600
17200,0,100,"sd","09:45:05",348500
17200,0,100,"sd","09:45:05",348400
17200,0,700,"sd","09:45:01",348300
17200,0,1500,"sd","09:44:50",347600
17250,50,6400,"bu","09:44:16",346100
17250,50,600,"bu","09:44:16",339700
17200,0,2000,"sd","09:44:04",339100
17250,50,200,"bu","09:43:44",337100
17200,0,700,"sd","09:43:36",336900
17250,50,200,"bu","09:43:32",336200
17250,50,300,"bu","09:43:32",336000
17200,0,300,"sd","09:43:28",335700
17200,0,9200,"sd","09:43:21",335400
17200,0,500,"sd","09:43:21",326200
17200,0,2300,"sd","09:43:21",325700
17250,50,100,"bu","09:43:00",323400
17200,0,700,"sd","09:42:59",323300
17200,0,1300,"sd","09:42:59",322600
17200,0,500,"sd","09:42:52",321300
17200,0,700,"sd","09:42:36",320800
17200,0,300,"sd","09:42:36",320100
17200,0,2700,"sd","09:42:35",319800
17200,0,1000,"sd","09:42:35",317100
17200,0,300,"sd","09:42:35",316100
17200,0,100,"sd","09:42:35",315800
17200,0,900,"sd","09:42:35",315700
17200,0,1000,"sd","09:42:10",314800
17200,0,200,"sd","09:41:42",313800
17200,0,200,"sd","09:41:40",313600
17200,0,200,"sd","09:41:38",313400
17200,0,200,"sd","09:41:35",313200
17200,0,200,"sd","09:41:33",313000
17200,0,100,"sd","09:40:35",312800
17200,0,200,"sd","09:40:35",312700
17200,0,100,"sd","09:40:30",312500
17200,0,100,"sd","09:40:30",312400
17200,0,100,"sd","09:40:30",312300
17200,0,1700,"sd","09:40:30",312200
17200,0,5000,"sd","09:40:26",310500
17200,0,1700,"sd","09:40:25",305500
17200,0,500,"sd","09:39:54",303800
17200,0,2000,"sd","09:39:24",303300
17250,50,600,"bu","09:39:08",301300
17250,50,300,"bu","09:39:08",300700
17250,50,200,"bu","09:39:08",300400
17250,50,1500,"bu","09:37:43",300200
17250,50,1300,"bu","09:37:37",298700
17200,0,100,"sd","09:37:22",297400
17200,0,4500,"sd","09:37:17",297300
17200,0,7000,"sd","09:37:17",292800
17200,0,3700,"sd","09:37:17",285800
17200,0,200,"sd","09:37:17",282100
17200,0,1000,"sd","09:37:17",281900
17200,0,2000,"sd","09:37:17",280900
17200,0,10800,"sd","09:37:17",278900
17200,0,100,"sd","09:37:17",268100
17200,0,100,"sd","09:37:17",268000
17200,0,100,"sd","09:37:17",267900
17200,0,20500,"sd","09:37:17",267800
17200,0,2600,"sd","09:36:57",247300
17200,0,500,"sd","09:36:54",244700
17250,50,1000,"bu","09:36:39",244200
17200,0,10000,"sd","09:36:38",243200
17200,0,200,"sd","09:36:18",233200
17250,50,1000,"bu","09:36:02",233000
17250,50,5000,"bu","09:36:02",232000
17250,50,1000,"bu","09:36:02",227000
17250,50,2000,"bu","09:36:02",226000
17250,50,400,"bu","09:36:02",224000
17250,50,300,"bu","09:36:02",223600
17250,50,3100,"bu","09:36:02",223300
17250,50,200,"bu","09:36:02",220200
17250,50,100,"bu","09:36:02",220000
17250,50,100,"bu","09:36:02",219900
17250,50,500,"bu","09:36:02",219800
17250,50,600,"bu","09:36:02",219300
17250,50,200,"bu","09:36:02",218700
17250,50,700,"bu","09:35:54",218500
17250,50,800,"bu","09:35:54",217800
17250,50,1300,"bu","09:35:40",217000
17200,0,4000,"sd","09:35:15",215700
17200,0,1000,"sd","09:35:03",211700
17200,0,10000,"sd","09:34:59",210700
17200,0,500,"sd","09:34:55",200700
17200,0,2000,"sd","09:34:50",200200
17200,0,1500,"sd","09:33:45",198200
17200,0,10000,"sd","09:33:27",196700
17200,0,500,"sd","09:32:50",186700
17200,0,1000,"sd","09:32:34",186200
17250,50,2900,"bu","09:32:22",185200
17250,50,1100,"bu","09:32:22",182300
17200,0,1000,"sd","09:32:22",181200
17200,0,1600,"sd","09:32:20",180200
17200,0,15000,"sd","09:32:15",178600
17200,0,600,"sd","09:32:03",163600
17200,0,400,"sd","09:31:53",163000
17200,0,1000,"sd","09:31:45",162600
17200,0,1000,"sd","09:31:40",161600
17200,0,200,"sd","09:31:28",160600
17250,50,100,"bu","09:30:07",160400
17250,50,100,"bu","09:29:19",160300
17250,50,4000,"bu","09:29:09",160200
17250,50,200,"bu","09:27:59",156200
17200,0,1500,"sd","09:27:32",156000
17200,0,500,"sd","09:27:29",154500
17200,0,400,"sd","09:27:14",154000
17200,0,2500,"sd","09:26:54",153600
17200,0,200,"sd","09:26:54",151100
17200,0,1500,"sd","09:26:54",150900
17200,0,1800,"sd","09:26:54",149400
17200,0,500,"sd","09:26:06",147600
17200,0,600,"sd","09:25:55",147100
17200,0,2300,"sd","09:25:52",146500
17200,0,100,"sd","09:25:47",144200
17200,0,4700,"sd","09:25:43",144100
17200,0,200,"sd","09:25:43",139400
17200,0,100,"sd","09:25:43",139200
17200,0,200,"sd","09:25:30",139100
17200,0,1200,"sd","09:25:09",138900
17250,50,200,"bu","09:25:00",137700
17250,50,100,"bu","09:24:56",137500
17200,0,100,"sd","09:24:54",137400
17200,0,200,"sd","09:24:54",137300
17200,0,300,"sd","09:24:36",137100
17200,0,100,"sd","09:24:30",136800
17200,0,300,"sd","09:24:15",136700
17200,0,5000,"sd","09:24:13",136400
17200,0,10000,"sd","09:24:06",131400
17200,0,5000,"sd","09:24:06",121400
17200,0,200,"sd","09:24:06",116400
17200,0,100,"sd","09:24:06",116200
17200,0,500,"sd","09:24:06",116100
17200,0,500,"sd","09:24:06",115600
17200,0,300,"sd","09:24:06",115100
17200,0,100,"sd","09:24:06",114800
17200,0,100,"sd","09:24:06",114700
17200,0,100,"sd","09:24:06",114600
17200,0,1500,"sd","09:24:06",114500
17200,0,1200,"sd","09:24:06",113000
17200,0,100,"sd","09:24:06",111800
17200,0,100,"sd","09:23:59",111700
17200,0,300,"sd","09:23:59",111600
17200,0,100,"sd","09:23:59",111300
17200,0,100,"sd","09:23:42",111200
17200,0,100,"sd","09:23:31",111100
17200,0,100,"sd","09:23:21",111000
17250,50,4200,"bu","09:22:51",110900
17250,50,200,"bu","09:22:51",106700
17200,0,100,"sd","09:22:47",106500
17250,50,200,"unknown","09:22:21",106400
17250,50,300,"bu","09:22:16",106200
17250,50,5000,"bu","09:22:16",105900
17250,50,2000,"bu","09:22:16",100900
17250,50,300,"bu","09:22:15",98900
17250,50,700,"bu","09:22:12",98600
17250,50,100,"bu","09:22:12",97900
17250,50,700,"bu","09:22:12",97800
17250,50,1300,"bu","09:22:08",97100
17200,0,100,"sd","09:21:35",95800
17200,0,100,"sd","09:21:35",95700
17200,0,2000,"sd","09:21:23",95600
17250,50,100,"bu","09:20:48",93600
17300,100,4000,"bu","09:19:52",93500
17250,50,1700,"sd","09:19:52",89500
17250,50,100,"sd","09:19:51",87800
17250,50,5500,"sd","09:19:48",87700
17250,50,1500,"sd","09:19:48",82200
17250,50,100,"sd","09:19:42",80700
17250,50,300,"sd","09:19:41",80600
17250,50,300,"sd","09:19:34",80300
17250,50,1400,"sd","09:19:18",80000
17250,50,100,"sd","09:19:09",78600
17250,50,500,"sd","09:19:04",78500
17250,50,1000,"sd","09:19:04",78000
17250,50,300,"sd","09:19:04",77000
17250,50,200,"sd","09:19:04",76700
17250,50,1000,"sd","09:18:39",76500
17250,50,200,"sd","09:18:22",75500
17250,50,1000,"sd","09:18:14",75300
17250,50,100,"sd","09:18:05",74300
17250,50,200,"sd","09:18:00",74200
17250,50,900,"sd","09:17:48",74000
17250,50,100,"sd","09:17:48",73100
17250,50,200,"sd","09:17:34",73000
17300,100,600,"bu","09:17:29",72800
17250,50,400,"bu","09:17:24",72200
17250,50,600,"bu","09:17:16",71800
17300,100,700,"bu","09:17:00",71200
17300,100,700,"bu","09:17:00",70500
17300,100,1000,"bu","09:17:00",69800
17300,100,100,"bu","09:17:00",68800
17300,100,1000,"bu","09:17:00",68700
17250,50,200,"bu","09:17:00",67700
17300,100,5800,"bu","09:17:00",67500
17300,100,500,"bu","09:17:00",61700
17250,50,400,"sd","09:16:58",61200
17250,50,100,"sd","09:16:58",60800
17250,50,300,"sd","09:16:58",60700
17300,100,200,"bu","09:16:34",60400
17300,100,200,"bu","09:16:34",60200
17300,100,100,"bu","09:16:34",60000
17300,100,100,"bu","09:16:06",59900
17300,100,300,"bu","09:16:05",59800
17300,100,100,"bu","09:15:26",59500
17300,100,59400,"bu","09:15:00",59400
