"price","change","match_qtty","side","time","total_vol"
2900,-100,100,"bu","14:59:50",2264600
2900,-100,39000,"bu","14:59:37",2264500
2900,-100,1000,"bu","14:59:00",2225500
2900,-100,3000,"bu","14:58:42",2224500
2900,-100,800,"bu","14:58:13",2221500
2900,-100,800,"bu","14:56:56",2220700
2900,-100,11900,"bu","14:56:53",2219900
2900,-100,400,"bu","14:56:07",2208000
2900,-100,6000,"bu","14:55:35",2207600
2900,-100,1500,"bu","14:53:31",2201600
2800,-200,4200,"sd","14:53:11",2200100
2900,-100,500,"bu","14:51:25",2195900
2900,-100,9800,"bu","14:51:17",2195400
2900,-100,200,"bu","14:50:16",2185600
2900,-100,1300,"bu","14:48:43",2185400
2900,-100,15000,"bu","14:48:12",2184100
2900,-100,200,"bu","14:45:47",2169100
2900,-100,100,"bu","14:43:26",2168900
2900,-100,200,"bu","14:42:13",2168800
2900,-100,200,"bu","14:40:30",2168600
2800,-200,600,"sd","14:40:29",2168400
2900,-100,300,"bu","14:38:03",2167800
2900,-100,100,"bu","14:37:35",2167500
2900,-100,100,"bu","14:37:28",2167400
2800,-200,900,"sd","14:35:45",2167300
2900,-100,4400,"bu","14:35:21",2166400
2900,-100,3000,"bu","14:31:17",2162000
2800,-200,3000,"sd","14:29:56",2159000
2900,-100,1000,"bu","14:29:52",2156000
2900,-100,2000,"bu","14:29:14",2155000
2900,-100,20000,"bu","14:27:40",2153000
2800,-200,100,"sd","14:26:58",2133000
2900,-100,8000,"bu","14:25:42",2132900
2900,-100,1000,"bu","14:25:13",2124900
2900,-100,400,"bu","14:24:31",2123900
2900,-100,100,"bu","14:23:40",2123500
2900,-100,500,"bu","14:23:11",2123400
2900,-100,3000,"bu","14:22:45",2122900
2900,-100,5000,"bu","14:21:55",2119900
2900,-100,100,"bu","14:21:48",2114900
2900,-100,100,"bu","14:21:46",2114800
2900,-100,2000,"bu","14:21:17",2114700
2800,-200,500,"sd","14:18:55",2112700
2800,-200,2100,"sd","14:18:50",2112200
2900,-100,2700,"bu","14:18:48",2110100
2800,-200,200,"sd","14:18:42",2107400
2800,-200,20000,"sd","14:17:31",2107200
2800,-200,32000,"sd","14:16:57",2087200
2900,-100,500,"bu","14:15:42",2055200
2900,-100,400,"bu","14:13:38",2054700
2900,-100,2500,"bu","14:13:37",2054300
2800,-200,15400,"sd","14:12:38",2051800
2800,-200,18000,"sd","14:12:26",2036400
2800,-200,500,"sd","14:11:21",2018400
2800,-200,2000,"sd","14:11:07",2017900
2900,-100,8500,"bu","14:10:04",2015900
2800,-200,5000,"sd","14:09:47",2007400
2900,-100,100,"bu","14:09:18",2002400
2900,-100,2000,"bu","14:08:30",2002300
2900,-100,100,"bu","14:07:46",2000300
2900,-100,500,"bu","14:07:36",2000200
2900,-100,2000,"bu","14:03:56",1999700
2800,-200,2000,"sd","14:02:53",1997700
2900,-100,2000,"bu","14:01:03",1995700
2900,-100,2000,"bu","13:58:31",1993700
2900,-100,100,"bu","13:52:17",1991700
2900,-100,2000,"bu","13:52:10",1991600
2800,-200,400,"sd","13:51:11",1989600
2900,-100,2000,"bu","13:48:53",1989200
2900,-100,100,"bu","13:47:43",1987200
2800,-200,3000,"sd","13:47:16",1987100
2800,-200,3000,"sd","13:47:05",1984100
2800,-200,5000,"sd","13:44:17",1981100
2800,-200,6900,"sd","13:44:03",1976100
2800,-200,19100,"sd","13:43:52",1969200
2800,-200,5000,"sd","13:43:43",1950100
2900,-100,100,"bu","13:42:17",1945100
2800,-200,8800,"sd","13:42:05",1945000
2800,-200,500,"bu","13:42:04",1936200
2800,-200,300,"bu","13:42:02",1935700
2800,-200,1900,"bu","13:41:57",1935400
2800,-200,500,"bu","13:41:56",1933500
2800,-200,5000,"bu","13:41:52",1933000
2800,-200,500,"bu","13:41:43",1928000
2800,-200,1000,"bu","13:41:31",1927500
2800,-200,3000,"bu","13:41:29",1926500
2800,-200,5800,"bu","13:41:23",1923500
2800,-200,3000,"bu","13:41:20",1917700
2800,-200,6000,"bu","13:41:14",1914700
2800,-200,800,"bu","13:41:09",1908700
2800,-200,200,"bu","13:41:07",1907900
2800,-200,10000,"bu","13:40:42",1907700
2800,-200,500,"bu","13:39:29",1897700
2800,-200,500,"bu","13:37:54",1897200
2800,-200,100,"bu","13:37:10",1896700
2800,-200,400,"bu","13:36:56",1896600
2800,-200,500,"bu","13:36:03",1896200
2800,-200,1000,"bu","13:35:55",1895700
2800,-200,500,"bu","13:35:16",1894700
2800,-200,100,"bu","13:35:01",1894200
2800,-200,100,"bu","13:34:56",1894100
2800,-200,400,"bu","13:34:54",1894000
2700,-300,2000,"sd","13:34:53",1893600
2800,-200,1000,"bu","13:34:46",1891600
2800,-200,2300,"bu","13:34:35",1890600
2800,-200,500,"bu","13:34:28",1888300
2800,-200,3000,"bu","13:34:20",1887800
2800,-200,200,"bu","13:34:18",1884800
2800,-200,1000,"bu","13:34:17",1884600
2800,-200,100,"bu","13:34:10",1883600
2800,-200,500,"bu","13:33:52",1883500
2800,-200,100,"bu","13:33:45",1883000
2800,-200,600,"bu","13:33:10",1882900
2800,-200,200,"bu","13:32:46",1882300
2800,-200,500,"bu","13:32:44",1882100
2800,-200,1000,"bu","13:32:28",1881600
2800,-200,700,"bu","13:32:26",1880600
2800,-200,100,"bu","13:32:22",1879900
2800,-200,8300,"bu","13:32:01",1879800
2800,-200,25000,"sd","13:31:24",1871500
2800,-200,20000,"sd","13:30:42",1846500
2800,-200,5400,"sd","13:30:39",1826500
2900,-100,100,"bu","13:30:05",1821100
2900,-100,1000,"bu","13:27:42",1821000
2900,-100,1900,"bu","13:26:15",1820000
2800,-200,18100,"sd","13:26:06",1818100
2800,-200,1000,"bu","13:26:04",1800000
2800,-200,2000,"bu","13:26:03",1799000
2800,-200,22000,"bu","13:25:52",1797000
2800,-200,100000,"bu","13:25:50",1775000
2800,-200,1000,"bu","13:25:40",1675000
2800,-200,1000,"bu","13:25:31",1674000
2800,-200,100,"bu","13:25:18",1673000
2800,-200,40000,"bu","13:25:06",1672900
2800,-200,1000,"bu","13:24:33",1632900
2800,-200,2400,"bu","13:23:33",1631900
2800,-200,300,"bu","13:22:10",1629500
2800,-200,200,"bu","13:22:02",1629200
2800,-200,3000,"bu","13:21:41",1629000
2800,-200,5000,"bu","13:20:39",1626000
2800,-200,1000,"bu","13:20:34",1621000
2800,-200,1000,"bu","13:19:55",1620000
2800,-200,100,"bu","13:18:54",1619000
2800,-200,300,"bu","13:18:45",1618900
2800,-200,500,"bu","13:17:32",1618600
2800,-200,1000,"bu","13:16:48",1618100
2800,-200,12000,"bu","13:16:46",1617100
2800,-200,10000,"bu","13:16:33",1605100
2800,-200,100,"bu","13:16:29",1595100
2800,-200,1000,"bu","13:16:19",1595000
2800,-200,500,"bu","13:16:01",1594000
2800,-200,2000,"bu","13:15:40",1593500
2800,-200,900,"bu","13:15:09",1591500
2800,-200,700,"bu","13:15:02",1590600
2800,-200,5000,"bu","13:14:51",1589900
2800,-200,500,"bu","13:14:50",1584900
2800,-200,2500,"bu","13:14:44",1584400
2800,-200,1000,"bu","13:14:41",1581900
2800,-200,200,"bu","13:14:23",1580900
2800,-200,2500,"bu","13:14:18",1580700
2800,-200,1000,"bu","13:14:00",1578200
2800,-200,500,"bu","13:13:38",1577200
2700,-300,100,"sd","13:10:57",1576700
2800,-200,100,"bu","13:10:34",1576600
2800,-200,500,"bu","13:10:31",1576500
2800,-200,2700,"bu","13:10:16",1576000
2800,-200,1500,"bu","13:10:10",1573300
2800,-200,5000,"bu","13:09:53",1571800
2800,-200,100,"bu","13:09:49",1566800
2800,-200,100,"bu","13:09:44",1566700
2800,-200,100,"bu","13:09:40",1566600
2800,-200,100,"bu","13:09:36",1566500
2800,-200,100,"bu","13:09:31",1566400
2800,-200,2000,"bu","13:09:23",1566300
2800,-200,2100,"bu","13:09:21",1564300
2800,-200,1400,"bu","13:09:10",1562200
2800,-200,1000,"sd","13:08:37",1560800
2800,-200,1100,"bu","13:08:23",1559800
2800,-200,5000,"bu","13:08:10",1558700
2800,-200,300,"bu","13:08:06",1553700
2800,-200,10000,"bu","13:07:58",1553400
2800,-200,18600,"bu","13:07:56",1543400
2800,-200,500,"bu","13:07:50",1524800
2800,-200,22000,"bu","13:07:49",1524300
2800,-200,10000,"bu","13:07:48",1502300
2800,-200,15000,"bu","13:07:40",1492300
2800,-200,4800,"bu","13:07:24",1477300
2700,-300,100,"sd","13:07:20",1472500
2800,-200,600,"bu","13:07:18",1472400
2800,-200,1000,"bu","13:07:17",1471800
2800,-200,6800,"bu","13:07:04",1470800
2800,-200,1800,"bu","13:07:03",1464000
2800,-200,300,"bu","13:06:50",1462200
2800,-200,39800,"bu","13:06:49",1461900
2800,-200,2000,"bu","13:06:38",1422100
2800,-200,1000,"bu","13:06:35",1420100
2800,-200,200,"bu","13:06:32",1419100
2800,-200,2500,"bu","13:06:31",1418900
2800,-200,5000,"bu","13:06:29",1416400
2700,-300,100,"sd","13:06:25",1411400
2800,-200,2000,"bu","13:06:22",1411300
2800,-200,500,"bu","13:06:04",1409300
2800,-200,4000,"bu","13:06:03",1408800
2800,-200,10000,"bu","13:06:02",1404800
2800,-200,5000,"bu","13:06:01",1394800
2800,-200,1000,"bu","13:05:58",1389800
2800,-200,7000,"bu","13:05:57",1388800
2800,-200,5000,"bu","13:05:49",1381800
2800,-200,1200,"bu","13:05:42",1376800
2800,-200,29900,"bu","13:05:41",1375600
2800,-200,10000,"bu","13:05:37",1345700
2800,-200,29000,"bu","13:05:36",1335700
2800,-200,5000,"bu","13:05:33",1306700
2800,-200,3000,"bu","13:05:30",1301700
2800,-200,100,"bu","13:05:25",1298700
2800,-200,1000,"bu","13:05:23",1298600
2800,-200,3000,"bu","13:05:10",1297600
2800,-200,3000,"bu","13:04:49",1294600
2700,-300,100,"sd","13:04:37",1291600
2800,-200,1000,"bu","13:04:10",1291500
2800,-200,18200,"sd","13:04:05",1290500
2800,-200,10000,"sd","13:04:00",1272300
2800,-200,30000,"sd","13:03:59",1262300
2800,-200,421700,"sd","13:03:48",1232300
2900,-100,38000,"bu","13:03:20",810600
2800,-200,1900,"sd","13:02:55",772600
2800,-200,3100,"sd","13:02:40",770700
2800,-200,3000,"sd","13:01:45",767600
2800,-200,4000,"sd","13:01:39",764600
2800,-200,500,"sd","13:01:33",760600
2800,-200,100,"sd","13:01:13",760100
2800,-200,15000,"sd","13:00:25",760000
2900,-100,100,"bu","13:00:17",745000
2900,-100,1700,"bu","13:00:15",744900
2800,-200,1400,"sd","13:00:12",743200
2900,-100,500,"bu","13:00:10",741800
2800,-200,6500,"sd","13:00:05",741300
2900,-100,19600,"bu","13:00:03",734800
2900,-100,120000,"bu","13:00:02",715200
2900,-100,6000,"bu","13:00:01",595200
2900,-100,123000,"sd","11:29:22",589200
3000,0,500,"bu","11:23:13",466200
3000,0,8400,"bu","11:17:19",465700
3000,0,100,"bu","11:16:54",457300
3000,0,18000,"bu","11:13:39",457200
3000,0,2000,"bu","11:12:47",439200
3000,0,33300,"bu","11:09:00",437200
3000,0,44000,"bu","11:06:50",403900
3000,0,400,"bu","11:06:32",359900
3000,0,4200,"bu","11:05:17",359500
3000,0,100,"bu","11:04:53",355300
3000,0,1000,"bu","10:59:11",355200
3000,0,100,"bu","10:57:45",354200
3000,0,800,"bu","10:57:34",354100
3000,0,400,"bu","10:55:25",353300
3000,0,1000,"bu","10:53:31",352900
2900,-100,3000,"sd","10:51:38",351900
3000,0,2000,"bu","10:50:54",348900
2900,-100,2000,"sd","10:49:59",346900
2900,-100,3000,"sd","10:49:03",344900
2900,-100,500,"sd","10:47:26",341900
3000,0,2300,"bu","10:47:00",341400
3000,0,100,"bu","10:45:38",339100
3000,0,100,"bu","10:43:38",339000
3000,0,100,"bu","10:42:27",338900
3000,0,2000,"bu","10:25:21",338800
3000,0,100,"bu","10:24:21",336800
3000,0,500,"bu","10:23:10",336700
3000,0,500,"bu","10:22:56",336200
3000,0,2000,"bu","10:17:30",335700
3000,0,1500,"bu","10:17:05",333700
3000,0,2000,"bu","10:16:38",332200
3000,0,2000,"bu","10:16:15",330200
3000,0,100,"bu","10:14:57",328200
3000,0,4200,"bu","10:11:39",328100
3000,0,100,"bu","10:10:45",323900
2900,-100,1300,"sd","10:07:32",323800
2900,-100,1000,"sd","10:07:22",322500
3000,0,25000,"bu","10:07:00",321500
3000,0,300,"bu","10:06:50",296500
3000,0,500,"bu","10:03:11",296200
3000,0,3000,"bu","10:02:12",295700
3000,0,100,"bu","10:00:29",292700
2900,-100,300,"sd","09:59:53",292600
3000,0,5000,"bu","09:59:46",292300
3000,0,100,"bu","09:59:21",287300
3000,0,2000,"bu","09:58:50",287200
3000,0,600,"bu","09:58:32",285200
3000,0,100,"bu","09:58:26",284600
3000,0,1000,"bu","09:58:04",284500
3000,0,1000,"bu","09:57:47",283500
3000,0,2000,"bu","09:57:39",282500
3000,0,2000,"bu","09:57:33",280500
3000,0,1100,"bu","09:57:20",278500
3000,0,900,"bu","09:57:15",277400
3000,0,1000,"bu","09:57:10",276500
3000,0,1000,"bu","09:57:03",275500
3000,0,1000,"bu","09:56:55",274500
3000,0,1000,"bu","09:56:45",273500
3000,0,5000,"bu","09:56:33",272500
3000,0,5000,"bu","09:55:48",267500
3000,0,5000,"bu","09:54:58",262500
2900,-100,20000,"sd","09:52:01",257500
2900,-100,100,"sd","09:50:46",237500
3000,0,3000,"bu","09:50:15",237400
3000,0,3000,"bu","09:49:36",234400
3000,0,3300,"bu","09:49:18",231400
3000,0,1500,"bu","09:48:28",228100
3000,0,5000,"bu","09:48:02",226600
3000,0,1900,"bu","09:45:17",221600
3000,0,5200,"bu","09:44:46",219700
3000,0,300,"bu","09:44:01",214500
3000,0,10000,"bu","09:43:41",214200
3000,0,300,"bu","09:40:54",204200
3000,0,5000,"bu","09:37:32",203900
3000,0,5000,"bu","09:37:26",198900
3000,0,70400,"bu","09:36:56",193900
3000,0,13000,"sd","09:36:53",123500
3000,0,600,"sd","09:36:37",110500
3000,0,200,"sd","09:36:25",109900
3000,0,2000,"sd","09:36:21",109700
3000,0,5000,"sd","09:36:07",107700
3000,0,2000,"sd","09:35:50",102700
3000,0,200,"sd","09:35:34",100700
3000,0,1500,"sd","09:34:31",100500
3000,0,13800,"sd","09:34:06",99000
3000,0,100,"sd","09:33:44",85200
3100,100,3000,"bu","09:23:31",85100
3100,100,3800,"bu","09:23:09",82100
3100,100,1000,"bu","09:21:39",78300
3000,0,1000,"sd","09:17:21",77300
3000,0,2000,"sd","09:11:31",76300
3000,0,5000,"sd","09:09:17",74300
3100,100,5000,"bu","09:07:10",69300
3100,100,3300,"bu","09:07:04",64300
3100,100,500,"bu","09:06:09",61000
3100,100,3000,"bu","09:04:07",60500
3100,100,600,"bu","09:03:24",57500
3100,100,400,"bu","09:03:07",56900
3200,200,31000,"bu","09:00:30",56500
3100,100,800,"unknown","09:00:24",25500
3100,100,1600,"unknown","09:00:23",24700
3100,100,900,"unknown","09:00:21",23100
3100,100,200,"unknown","09:00:20",22200
3100,100,10000,"bu","09:00:19",22000
3100,100,11000,"sd","09:00:10",12000
3100,100,500,"sd","09:00:04",1000
3100,100,500,"sd","09:00:03",500
