"price","change","match_qtty","side","time","total_vol"
19400,300,100,"sd","14:46:39",1674200
19400,300,95100,"bu","14:45:01",1674100
19400,300,400,"sd","14:29:59",1579000
19500,400,2000,"bu","14:29:57",1578600
19400,300,1600,"sd","14:29:54",1576600
19400,300,500,"sd","14:29:50",1575000
19400,300,500,"sd","14:29:47",1574500
19400,300,2000,"sd","14:29:44",1574000
19400,300,500,"sd","14:29:27",1572000
19500,400,2300,"bu","14:28:47",1571500
19500,400,700,"bu","14:28:44",1569200
19400,300,600,"sd","14:28:40",1568500
19400,300,200,"sd","14:28:34",1567900
19400,300,1800,"sd","14:28:21",1567700
19400,300,4000,"sd","14:27:37",1565900
19400,300,500,"sd","14:27:22",1561900
19400,300,4600,"sd","14:27:08",1561400
19400,300,100,"sd","14:27:06",1556800
19400,300,15300,"sd","14:27:04",1556700
19400,300,5000,"bu","14:27:00",1541400
19400,300,1000,"bu","14:25:16",1536400
19400,300,300,"bu","14:24:06",1535400
19400,300,9700,"sd","14:24:02",1535100
19400,300,10300,"sd","14:23:26",1525400
19400,300,1000,"sd","14:23:18",1515100
19400,300,200,"sd","14:23:12",1514100
19400,300,1500,"sd","14:23:10",1513900
19400,300,300,"sd","14:22:54",1512400
19400,300,300,"sd","14:22:50",1512100
19400,300,100,"sd","14:22:44",1511800
19500,400,900,"bu","14:22:00",1511700
19400,300,100,"sd","14:21:28",1510800
19400,300,600,"sd","14:21:24",1510700
19400,300,20000,"bu","14:21:11",1510100
19400,300,2000,"bu","14:21:01",1490100
19400,300,2000,"bu","14:20:58",1488100
19400,300,10000,"bu","14:20:54",1486100
19300,200,5200,"sd","14:20:47",1476100
19400,300,43600,"bu","14:20:45",1470900
19400,300,300,"bu","14:20:34",1427300
19300,200,1000,"sd","14:20:00",1427000
19400,300,300,"bu","14:19:46",1426000
19400,300,3000,"bu","14:19:19",1425700
19300,200,100,"sd","14:19:06",1422700
19400,300,1000,"bu","14:19:04",1422600
19400,300,100,"bu","14:18:09",1421600
19300,200,200,"sd","14:17:28",1421500
19300,200,2700,"sd","14:16:55",1421300
19300,200,1000,"sd","14:16:48",1418600
19300,200,200,"sd","14:15:56",1417600
19300,200,1000,"sd","14:14:57",1417400
19300,200,2000,"sd","14:14:35",1416400
19300,200,5000,"sd","14:13:52",1414400
19300,200,100,"sd","14:13:14",1409400
19300,200,1200,"sd","14:13:05",1409300
19300,200,600,"sd","14:12:30",1408100
19400,300,800,"bu","14:12:11",1407500
19400,300,1000,"bu","14:11:31",1406700
19400,300,200,"bu","14:11:13",1405700
19400,300,4000,"bu","14:09:44",1405500
19400,300,600,"bu","14:09:36",1401500
19400,300,1100,"bu","14:09:25",1400900
19400,300,1000,"bu","14:08:51",1399800
19400,300,1500,"bu","14:08:09",1398800
19400,300,400,"bu","14:07:59",1397300
19400,300,100,"bu","14:07:17",1396900
19400,300,2600,"bu","14:06:45",1396800
19300,200,300,"sd","14:06:29",1394200
19300,200,2700,"sd","14:06:23",1393900
19300,200,700,"sd","14:06:17",1391200
19300,200,2000,"sd","14:05:55",1390500
19300,200,100,"sd","14:05:53",1388500
19300,200,4000,"sd","14:05:11",1388400
19300,200,2000,"sd","14:04:36",1384400
19300,200,500,"sd","14:03:45",1382400
19300,200,200,"sd","14:03:37",1381900
19300,200,3000,"sd","14:03:03",1381700
19300,200,100,"sd","14:01:25",1378700
19300,200,300,"sd","14:00:29",1378600
19300,200,300,"sd","14:00:27",1378300
19300,200,3600,"sd","13:59:45",1378000
19300,200,2000,"sd","13:59:36",1374400
19300,200,1000,"sd","13:59:20",1372400
19300,200,3000,"sd","13:59:17",1371400
19300,200,500,"sd","13:58:59",1368400
19300,200,200,"sd","13:57:29",1367900
19300,200,300,"sd","13:56:32",1367700
19400,300,1400,"bu","13:54:36",1367400
19400,300,100,"bu","13:53:40",1366000
19300,200,500,"sd","13:50:27",1365900
19300,200,200,"sd","13:50:18",1365400
19300,200,2000,"sd","13:50:17",1365200
19300,200,100,"sd","13:49:57",1363200
19300,200,5000,"sd","13:49:44",1363100
19300,200,3500,"sd","13:49:06",1358100
19300,200,20500,"bu","13:48:20",1354600
19300,200,500,"bu","13:47:52",1334100
19200,100,300,"sd","13:45:47",1333600
19200,100,100,"sd","13:45:27",1333300
19200,100,1000,"sd","13:44:13",1333200
19300,200,100,"bu","13:43:22",1332200
19300,200,2000,"bu","13:42:30",1332100
19300,200,100,"bu","13:41:21",1330100
19300,200,20000,"bu","13:41:05",1330000
19200,100,500,"sd","13:41:01",1310000
19200,100,200,"sd","13:40:34",1309500
19200,100,1000,"sd","13:40:31",1309300
19200,100,100,"sd","13:40:05",1308300
19200,100,100,"sd","13:39:18",1308200
19200,100,500,"sd","13:39:16",1308100
19200,100,500,"sd","13:38:39",1307600
19200,100,1000,"sd","13:38:32",1307100
19200,100,5000,"sd","13:38:31",1306100
19200,100,1400,"sd","13:38:23",1301100
19200,100,100,"sd","13:38:13",1299700
19200,100,200,"sd","13:37:40",1299600
19200,100,8400,"sd","13:37:35",1299400
19200,100,500,"sd","13:37:28",1291000
19200,100,1000,"sd","13:36:16",1290500
19200,100,1000,"sd","13:36:15",1289500
19200,100,5000,"sd","13:36:11",1288500
19300,200,1000,"bu","13:36:01",1283500
19200,100,2000,"sd","13:35:06",1282500
19200,100,1000,"sd","13:35:02",1280500
19300,200,100,"bu","13:32:30",1279500
19300,200,500,"bu","13:31:14",1279400
19300,200,10000,"bu","13:31:13",1278900
19300,200,400,"bu","13:30:46",1268900
19300,200,1000,"bu","13:29:01",1268500
19300,200,100,"bu","13:28:46",1267500
19300,200,1200,"bu","13:28:31",1267400
19300,200,800,"sd","13:28:10",1266200
19300,200,200,"sd","13:28:00",1265400
19300,200,1000,"sd","13:27:41",1265200
19300,200,1000,"sd","13:27:13",1264200
19300,200,2700,"sd","13:26:37",1263200
19300,200,1000,"bu","13:26:05",1260500
19300,200,200,"bu","13:26:03",1259500
19300,200,100,"bu","13:25:30",1259300
19300,200,1000,"bu","13:25:28",1259200
19300,200,1000,"bu","13:24:46",1258200
19300,200,7500,"sd","13:23:54",1257200
19300,200,1000,"sd","13:23:47",1249700
19300,200,200,"sd","13:23:32",1248700
19300,200,400,"sd","13:23:27",1248500
19300,200,1000,"sd","13:23:14",1248100
19300,200,1000,"sd","13:22:38",1247100
19300,200,30300,"bu","13:21:53",1246100
19300,200,200,"bu","13:21:38",1215800
19300,200,500,"bu","13:21:25",1215600
19300,200,500,"bu","13:21:12",1215100
19300,200,200,"bu","13:20:45",1214600
19300,200,2500,"bu","13:20:18",1214400
19200,100,10000,"sd","13:19:59",1211900
19200,100,13000,"sd","13:18:42",1201900
19200,100,200,"sd","13:17:59",1188900
19300,200,500,"bu","13:17:21",1188700
19300,200,1000,"bu","13:13:16",1188200
19300,200,300,"sd","13:09:17",1187200
19300,200,100,"sd","13:09:07",1186900
19300,200,100,"bu","13:09:01",1186800
19300,200,400,"sd","13:08:49",1186700
19300,200,3000,"sd","13:08:09",1186300
19300,200,1500,"sd","13:08:02",1183300
19300,200,500,"sd","13:06:46",1181800
19300,200,200,"sd","13:06:25",1181300
19300,200,800,"sd","13:06:18",1181100
19300,200,200,"sd","13:06:11",1180300
19300,200,1000,"sd","13:05:56",1180100
19300,200,2600,"bu","13:05:40",1179100
19300,200,100,"bu","13:05:16",1176500
19300,200,2000,"bu","13:04:54",1176400
19300,200,200,"bu","13:04:12",1174400
19300,200,300,"sd","13:03:42",1174200
19300,200,3000,"sd","13:03:30",1173900
19300,200,1000,"sd","13:03:20",1170900
19300,200,5000,"sd","13:02:58",1169900
19300,200,1000,"sd","13:02:38",1164900
19300,200,1600,"sd","13:02:10",1163900
19300,200,3000,"sd","13:02:09",1162300
19300,200,700,"sd","13:01:37",1159300
19300,200,1600,"sd","13:01:24",1158600
19300,200,5000,"sd","13:00:58",1157000
19300,200,100,"sd","13:00:09",1152000
19300,200,100,"sd","13:00:08",1151900
19300,200,400,"sd","13:00:07",1151800
19300,200,400,"sd","13:00:06",1151400
19300,200,1200,"sd","13:00:05",1151000
19300,200,100,"sd","13:00:04",1149800
19300,200,38800,"sd","13:00:03",1149700
19300,200,300,"sd","11:29:14",1110900
19300,200,200,"sd","11:28:15",1110600
19400,300,900,"bu","11:27:14",1110400
19400,300,300,"bu","11:24:31",1109500
19400,300,1000,"bu","11:24:11",1109200
19300,200,500,"sd","11:23:58",1108200
19300,200,700,"sd","11:23:47",1107700
19300,200,5000,"sd","11:23:21",1107000
19400,300,5000,"bu","11:22:31",1102000
19300,200,300,"sd","11:22:19",1097000
19400,300,6100,"bu","11:21:33",1096700
19400,300,200,"bu","11:20:37",1090600
19400,300,100,"bu","11:19:15",1090400
19400,300,1000,"bu","11:19:06",1090300
19400,300,100,"bu","11:17:17",1089300
19400,300,500,"bu","11:16:25",1089200
19400,300,100,"bu","11:15:27",1088700
19400,300,9900,"bu","11:15:22",1088600
19400,300,10000,"bu","11:14:51",1078700
19400,300,2000,"bu","11:14:08",1068700
19400,300,100,"bu","11:13:51",1066700
19400,300,300,"unknown","11:13:01",1066600
19400,300,100,"sd","11:12:35",1066300
19400,300,19700,"sd","11:12:31",1066200
19400,300,100,"bu","11:11:48",1046500
19400,300,1000,"bu","11:10:55",1046400
19400,300,200,"bu","11:10:50",1045400
19400,300,2600,"bu","11:09:58",1045200
19400,300,100,"bu","11:08:30",1042600
19400,300,1000,"bu","11:08:23",1042500
19400,300,100,"bu","11:08:09",1041500
19400,300,2000,"bu","11:07:37",1041400
19400,300,8300,"bu","11:07:04",1039400
19400,300,2000,"sd","11:07:02",1031100
19400,300,4000,"sd","11:06:49",1029100
19400,300,500,"sd","11:06:46",1025100
19400,300,200,"sd","11:06:40",1024600
19400,300,2000,"sd","11:06:35",1024400
19400,300,200,"sd","11:06:28",1022400
19400,300,2800,"sd","11:06:05",1022200
19400,300,5400,"bu","11:05:47",1019400
19400,300,2200,"sd","11:05:20",1014000
19400,300,2000,"bu","11:04:43",1011800
19400,300,300,"bu","11:04:42",1009800
19400,300,2900,"bu","11:04:31",1009500
19400,300,1000,"sd","11:04:26",1006600
19400,300,300,"sd","11:04:23",1005600
19400,300,100,"sd","11:04:16",1005300
19400,300,4400,"bu","11:04:05",1005200
19400,300,3000,"bu","11:04:02",1000800
19400,300,200,"bu","11:03:41",997800
19400,300,800,"bu","11:03:38",997600
19400,300,500,"bu","11:03:37",996800
19400,300,1000,"bu","11:03:33",996300
19400,300,3000,"bu","11:03:32",995300
19400,300,2000,"bu","11:03:29",992300
19400,300,1500,"bu","11:02:55",990300
19400,300,41900,"bu","11:02:38",988800
19400,300,100,"sd","11:02:35",946900
19500,400,3000,"bu","11:02:12",946800
19400,300,2900,"sd","11:01:55",943800
19500,400,5000,"bu","11:01:28",940900
19500,400,13000,"bu","11:00:44",935900
19500,400,300,"sd","11:00:43",922900
19500,400,4300,"sd","11:00:41",922600
19500,400,100,"sd","11:00:40",918300
19500,400,2000,"sd","11:00:27",918200
19500,400,1000,"sd","11:00:19",916200
19500,400,100,"sd","11:00:09",915200
19500,400,600,"sd","11:00:08",915100
19600,500,400,"bu","11:00:06",914500
19500,400,500,"sd","11:00:03",914100
19500,400,3800,"sd","10:59:56",913600
19500,400,3100,"bu","10:59:54",909800
19500,400,300,"bu","10:59:53",906700
19500,400,15000,"bu","10:59:50",906400
19500,400,300,"bu","10:59:49",891400
19500,400,1000,"bu","10:59:48",891100
19500,400,500,"bu","10:59:45",890100
19500,400,6000,"bu","10:59:41",889600
19500,400,5000,"bu","10:59:38",883600
19500,400,6700,"bu","10:59:34",878600
19500,400,500,"bu","10:59:31",871900
19400,300,31900,"sd","10:59:30",871400
19500,400,10000,"bu","10:59:29",839500
19500,400,50000,"bu","10:59:27",829500
19500,400,3600,"bu","10:59:23",779500
19400,300,1000,"sd","10:59:21",775900
19400,300,29600,"sd","10:59:14",774900
19400,300,12000,"bu","10:59:13",745300
19400,300,100000,"bu","10:59:05",733300
19300,200,100,"sd","10:58:57",633300
19300,200,2800,"sd","10:58:35",633200
19300,200,5900,"sd","10:58:16",630400
19300,200,4000,"bu","10:58:15",624500
19300,200,5000,"bu","10:58:12",620500
19300,200,400,"bu","10:58:10",615500
19300,200,1000,"bu","10:58:05",615100
19300,200,1500,"bu","10:58:03",614100
19300,200,1000,"bu","10:58:02",612600
19300,200,4000,"bu","10:58:01",611600
19300,200,3000,"bu","10:57:58",607600
19300,200,1000,"bu","10:57:55",604600
19300,200,20000,"bu","10:57:52",603600
19300,200,1100,"bu","10:57:45",583600
19300,200,500,"bu","10:57:43",582500
19300,200,900,"bu","10:57:28",582000
19200,100,500,"sd","10:56:56",581100
19200,100,100,"bu","10:56:40",580600
19200,100,100,"bu","10:56:32",580500
19200,100,100,"bu","10:56:30",580400
19200,100,900,"bu","10:56:24",580300
19200,100,500,"bu","10:56:22",579400
19200,100,800,"bu","10:56:18",578900
19200,100,1000,"sd","10:56:07",578100
19200,100,5000,"sd","10:56:06",577100
19200,100,300,"sd","10:55:49",572100
19200,100,800,"sd","10:55:44",571800
19200,100,200,"sd","10:55:37",571000
19200,100,2000,"sd","10:55:14",570800
19200,100,4100,"sd","10:55:11",568800
19200,100,4000,"bu","10:55:04",564700
19200,100,3000,"bu","10:55:01",560700
19200,100,300,"bu","10:55:00",557700
19200,100,8500,"bu","10:54:51",557400
19200,100,10000,"bu","10:54:44",548900
19200,100,500,"bu","10:54:41",538900
19200,100,20000,"bu","10:54:39",538400
19200,100,400,"bu","10:54:37",518400
19200,100,600,"bu","10:54:33",518000
19200,100,100,"bu","10:54:30",517400
19200,100,2000,"bu","10:54:25",517300
19200,100,4000,"bu","10:54:23",515300
19200,100,18500,"bu","10:54:20",511300
19200,100,1000,"bu","10:54:18",492800
19200,100,4500,"bu","10:54:14",491800
19200,100,1100,"bu","10:54:11",487300
19200,100,2000,"bu","10:54:06",486200
19200,100,4000,"bu","10:54:05",484200
19200,100,20000,"bu","10:53:56",480200
19200,100,5000,"bu","10:53:46",460200
19200,100,2000,"bu","10:53:45",455200
19200,100,5100,"bu","10:53:38",453200
19200,100,700,"bu","10:49:09",448100
19200,100,10300,"bu","10:48:37",447400
19100,0,100,"sd","10:47:04",437100
19100,0,800,"sd","10:46:43",437000
19100,0,200,"sd","10:46:26",436200
19100,0,7900,"bu","10:45:51",436000
19100,0,3000,"bu","10:45:42",428100
19100,0,200,"bu","10:45:30",425100
19100,0,10000,"bu","10:45:22",424900
19100,0,1000,"bu","10:45:01",414900
19100,0,100,"bu","10:44:30",413900
19100,0,1000,"bu","10:44:28",413800
19100,0,500,"bu","10:43:28",412800
19000,-100,1500,"sd","10:43:25",412300
19100,0,5000,"bu","10:42:04",410800
19100,0,1000,"bu","10:41:47",405800
19100,0,500,"bu","10:41:04",404800
19100,0,200,"bu","10:40:34",404300
19000,-100,100,"sd","10:39:46",404100
19100,0,500,"bu","10:38:56",404000
19000,-100,7000,"sd","10:38:37",403500
19100,0,100,"bu","10:38:31",396500
19100,0,100,"bu","10:38:04",396400
19100,0,5200,"bu","10:37:58",396300
19100,0,100,"sd","10:37:29",391100
19100,0,10000,"sd","10:36:30",391000
19100,0,200,"sd","10:36:00",381000
19100,0,300,"sd","10:35:10",380800
19100,0,500,"sd","10:34:11",380500
19100,0,100,"sd","10:34:09",380000
19100,0,200,"sd","10:33:15",379900
19100,0,3500,"bu","10:32:13",379700
19100,0,500,"bu","10:31:10",376200
19100,0,6300,"bu","10:30:23",375700
19100,0,1500,"sd","10:30:15",369400
19100,0,100,"sd","10:30:01",367900
19100,0,400,"sd","10:29:24",367800
19100,0,10200,"sd","10:29:11",367400
19100,0,1000,"sd","10:28:52",357200
19100,0,600,"bu","10:27:37",356200
19100,0,200,"bu","10:27:21",355600
19100,0,3700,"bu","10:27:08",355400
19100,0,1000,"sd","10:25:55",351700
19100,0,800,"sd","10:25:50",350700
19100,0,300,"sd","10:24:22",349900
19100,0,100,"sd","10:23:30",349600
19100,0,3900,"bu","10:23:09",349500
19100,0,2000,"bu","10:22:35",345600
19100,0,500,"bu","10:21:56",343600
19100,0,500,"bu","10:21:03",343100
19100,0,4200,"bu","10:19:32",342600
19100,0,200,"sd","10:18:19",338400
19100,0,800,"sd","10:17:50",338200
19100,0,1000,"bu","10:17:24",337400
19100,0,8200,"bu","10:16:42",336400
19100,0,900,"sd","10:15:09",328200
19100,0,500,"sd","10:14:27",327300
19100,0,1200,"sd","10:14:16",326800
19100,0,200,"sd","10:13:07",325600
19100,0,1000,"sd","10:12:44",325400
19100,0,200,"sd","10:12:19",324400
19100,0,200,"sd","10:12:05",324200
19100,0,300,"sd","10:11:55",324000
19100,0,5000,"sd","10:11:54",323700
19100,0,5000,"sd","10:11:45",318700
19100,0,1500,"sd","10:11:35",313700
19100,0,6000,"sd","10:10:34",312200
19100,0,100,"sd","10:09:59",306200
19100,0,4200,"bu","10:08:09",306100
19100,0,100,"bu","10:08:01",301900
19100,0,500,"bu","10:07:38",301800
19100,0,5000,"bu","10:07:28",301300
19100,0,600,"bu","10:06:48",296300
19100,0,500,"bu","10:06:40",295700
19100,0,2000,"bu","10:05:38",295200
19100,0,100,"bu","10:05:29",293200
19100,0,100,"bu","10:05:08",293100
19000,-100,4400,"sd","10:04:21",293000
19100,0,200,"bu","10:04:15",288600
19100,0,2300,"bu","10:04:00",288400
19100,0,3900,"bu","10:03:00",286100
19100,0,200,"sd","10:02:37",282200
19100,0,400,"sd","10:02:22",282000
19100,0,100,"sd","10:02:03",281600
19100,0,1400,"bu","10:01:40",281500
19000,-100,2000,"sd","10:01:34",280100
19100,0,500,"bu","10:01:33",278100
19100,0,3000,"bu","10:01:29",277600
19100,0,100,"bu","10:01:26",274600
19000,-100,2000,"sd","09:59:54",274500
19100,0,3000,"bu","09:59:08",272500
19100,0,1000,"bu","09:59:05",269500
19100,0,1000,"bu","09:59:01",268500
19100,0,200,"bu","09:58:50",267500
19100,0,1000,"bu","09:58:46",267300
19100,0,9600,"bu","09:58:34",266300
19100,0,32500,"sd","09:58:27",256700
19100,0,500,"sd","09:57:40",224200
19200,100,100,"bu","09:57:24",223700
19100,0,5000,"sd","09:57:16",223600
19100,0,5000,"sd","09:57:12",218600
19100,0,2000,"sd","09:54:39",213600
19100,0,200,"sd","09:54:37",211600
19100,0,2000,"sd","09:54:08",211400
19100,0,3000,"sd","09:52:34",209400
19200,100,1000,"bu","09:51:54",206400
19200,100,100,"bu","09:51:22",205400
19200,100,2000,"bu","09:51:02",205300
19100,0,1000,"sd","09:48:22",203300
19100,0,600,"sd","09:48:08",202300
19100,0,1000,"sd","09:47:55",201700
19100,0,300,"sd","09:47:14",200700
19100,0,2000,"sd","09:46:33",200400
19100,0,5000,"sd","09:45:51",198400
19100,0,20000,"sd","09:42:51",193400
19200,100,10000,"bu","09:40:15",173400
19200,100,1000,"bu","09:37:29",163400
19200,100,800,"bu","09:37:02",162400
19200,100,2000,"bu","09:36:16",161600
19200,100,2000,"bu","09:35:56",159600
19200,100,1000,"bu","09:35:51",157600
19200,100,2000,"bu","09:35:38",156600
19200,100,1000,"bu","09:35:21",154600
19200,100,200,"bu","09:34:47",153600
19200,100,400,"bu","09:33:39",153400
19200,100,500,"bu","09:33:16",153000
19200,100,100,"bu","09:32:45",152500
19200,100,100,"bu","09:32:40",152400
19200,100,10000,"bu","09:30:13",152300
19200,100,10000,"bu","09:29:35",142300
19200,100,100,"bu","09:29:02",132300
19200,100,1800,"bu","09:28:23",132200
19100,0,600,"sd","09:28:18",130400
19100,0,1000,"sd","09:28:14",129800
19200,100,2000,"bu","09:28:10",128800
19100,0,500,"sd","09:27:52",126800
19200,100,300,"bu","09:27:04",126300
19200,100,400,"bu","09:25:01",126000
19200,100,600,"bu","09:24:35",125600
19200,100,500,"sd","09:23:32",125000
19200,100,5600,"sd","09:23:03",124500
19200,100,1000,"sd","09:22:49",118900
19200,100,800,"sd","09:22:28",117900
19200,100,20000,"sd","09:22:06",117100
19200,100,2000,"sd","09:21:55",97100
19300,200,1300,"bu","09:21:44",95100
19300,200,500,"bu","09:21:21",93800
19300,200,500,"bu","09:21:01",93300
19300,200,700,"bu","09:20:58",92800
19300,200,500,"bu","09:20:39",92100
19300,200,1100,"bu","09:20:22",91600
19300,200,3800,"sd","09:20:21",90500
19300,200,3300,"bu","09:20:16",86700
19300,200,400,"bu","09:20:13",83400
19300,200,3300,"bu","09:20:06",83000
19300,200,200,"bu","09:20:05",79700
19300,200,500,"bu","09:19:44",79500
19200,100,2000,"sd","09:19:43",79000
19300,200,2000,"bu","09:19:23",77000
19300,200,300,"bu","09:19:08",75000
19300,200,2000,"bu","09:19:06",74700
19300,200,10200,"bu","09:18:40",72700
19300,200,200,"sd","09:18:34",62500
19300,200,2000,"sd","09:18:21",62300
19300,200,14300,"sd","09:18:04",60300
19300,200,600,"bu","09:17:49",46000
19300,200,3600,"bu","09:17:41",45400
19300,200,15000,"bu","09:17:39",41800
19300,200,100,"bu","09:17:38",26800
19300,200,500,"bu","09:17:25",26700
19300,200,300,"bu","09:16:34",26200
19200,100,17800,"sd","09:16:18",25900
19200,100,1000,"sd","09:13:28",8100
19200,100,100,"sd","09:11:23",7100
19200,100,200,"sd","09:10:08",7000
19300,200,300,"bu","09:09:31",6800
19300,200,1300,"bu","09:08:51",6500
19300,200,200,"bu","09:08:31",5200
19300,200,500,"bu","09:06:56",5000
19300,200,500,"bu","09:06:23",4500
19300,200,200,"bu","09:05:36",4000
19300,200,200,"bu","09:05:20",3800
19300,200,100,"bu","09:04:37",3600
19300,200,500,"bu","09:02:18",3500
19300,200,300,"bu","09:02:10",3000
19300,200,700,"sd","09:01:29",2700
19300,200,300,"sd","09:01:22",2000
19300,200,1000,"bu","09:01:18",1700
19200,100,300,"sd","09:00:55",700
19200,100,100,"sd","09:00:13",400
19300,200,100,"bu","09:00:09",300
19200,100,200,"bu","09:00:06",200
