"price","change","match_qtty","side","time","total_vol"
64300,400,600,"unknown","14:45:03",204200
64000,100,1000,"sd","14:29:44",203600
64300,400,100,"sd","14:29:42",202600
64500,600,200,"bu","14:28:48",202500
64500,600,200,"bu","14:27:16",202300
64500,600,1100,"sd","14:26:53",202100
64500,600,100,"sd","14:26:50",201000
64500,600,200,"bu","14:26:33",200900
64500,600,3600,"bu","14:26:17",200700
64500,600,800,"bu","14:25:46",197100
64400,500,900,"bu","14:23:33",196300
64400,500,400,"bu","14:23:21",195400
64400,500,500,"bu","14:22:44",195000
64300,400,100,"sd","14:17:24",194500
64300,400,100,"sd","14:17:10",194400
64300,400,100,"sd","14:15:54",194300
64300,400,400,"sd","14:15:35",194200
64300,400,200,"bu","14:14:39",193800
64200,300,100,"bu","14:14:22",193600
64200,300,300,"bu","14:11:26",193500
64100,200,200,"unknown","14:00:04",193200
64100,200,100,"bu","13:58:49",193000
64000,100,200,"sd","13:57:10",192900
64000,100,500,"sd","13:53:57",192700
64000,100,800,"sd","13:47:16",192200
64000,100,100,"bu","13:46:04",191400
63900,0,500,"unknown","13:45:50",191300
64000,100,100,"bu","13:45:40",190800
64000,100,600,"sd","13:38:31",190700
63900,0,500,"unknown","13:36:37",190100
63900,0,300,"bu","13:36:26",189600
63900,0,1200,"bu","13:35:53",189300
63500,-400,400,"sd","13:35:35",188100
63500,-400,600,"bu","13:34:42",187700
63500,-400,500,"bu","13:34:26",187100
63500,-400,100,"bu","13:34:14",186600
63400,-500,1000,"unknown","13:34:09",186500
63500,-400,4000,"sd","13:33:33",185500
63900,0,3000,"bu","13:32:46",181500
64000,100,700,"sd","13:32:30",178500
64100,200,1600,"unknown","13:31:43",177800
64100,200,1400,"sd","13:29:54",176200
64300,400,600,"unknown","13:29:07",174800
64300,400,1000,"sd","13:26:32",174200
64300,400,100,"unknown","13:22:55",173200
64200,300,500,"sd","13:21:16",173100
64200,300,1000,"sd","13:19:23",172600
64200,300,100,"sd","13:16:37",171600
64200,300,100,"sd","13:15:03",171500
64200,300,100,"bu","13:14:51",171400
64200,300,2700,"bu","13:14:41",171300
64200,300,400,"sd","13:12:20",168600
64200,300,4300,"bu","13:07:47",168200
64000,100,200,"sd","13:05:50",163900
64000,100,100,"sd","13:05:27",163700
64100,200,900,"sd","13:05:21",163600
64100,200,900,"sd","13:05:03",162700
64000,100,900,"bu","13:04:54",161800
64000,100,1000,"sd","13:03:47",160900
64200,300,500,"bu","13:02:42",159900
64200,300,300,"sd","13:02:13",159400
64200,300,300,"sd","13:02:04",159100
64300,400,9600,"bu","13:01:14",158800
64400,500,400,"bu","13:00:10",149200
64400,500,2200,"bu","13:00:08",148800
64300,400,100,"sd","13:00:03",146600
64500,600,200,"bu","11:24:24",146500
64500,600,300,"bu","11:24:23",146300
64500,600,500,"bu","11:22:43",146000
64500,600,400,"bu","11:19:01",145500
64300,400,1000,"sd","11:18:35",145100
64600,700,500,"bu","11:16:58",144100
64600,700,2100,"bu","11:15:30",143600
64200,300,200,"sd","11:13:47",141500
64500,600,1100,"bu","11:10:35",141300
64500,600,1000,"sd","11:10:20",140200
64500,600,2000,"sd","11:09:49",139200
64500,600,1000,"sd","11:09:39",137200
64500,600,1000,"sd","11:08:33",136200
64500,600,1500,"sd","11:08:31",135200
64500,600,100,"sd","11:08:25",133700
64500,600,500,"sd","11:07:44",133600
64500,600,800,"sd","11:07:36",133100
64500,600,400,"sd","11:06:53",132300
64500,600,500,"sd","11:06:25",131900
64600,700,500,"bu","11:06:03",131400
64600,700,500,"bu","11:04:25",130900
64600,700,500,"bu","11:02:40",130400
64500,600,100,"sd","11:00:48",129900
64500,600,400,"unknown","11:00:22",129800
64500,600,300,"sd","11:00:08",129400
64600,700,100,"bu","10:59:38",129100
64500,600,9000,"sd","10:59:37",129000
64600,700,100,"bu","10:59:30",120000
64600,700,200,"bu","10:59:25",119900
64600,700,100,"bu","10:57:24",119700
64600,700,100,"bu","10:57:13",119600
64600,700,500,"bu","10:56:58",119500
64500,600,300,"bu","10:56:18",119000
64500,600,500,"sd","10:55:53",118700
64500,600,500,"bu","10:55:52",118200
64500,600,200,"bu","10:55:20",117700
64500,600,5500,"sd","10:54:59",117500
64600,700,100,"bu","10:54:21",112000
64600,700,100,"bu","10:54:19",111900
64500,600,4500,"bu","10:54:06",111800
64500,600,2800,"bu","10:53:16",107300
64200,300,800,"sd","10:51:53",104500
64200,300,800,"bu","10:51:10",103700
64000,100,700,"unknown","10:50:37",102900
64000,100,100,"bu","10:49:39",102200
64000,100,200,"bu","10:48:56",102100
64000,100,100,"bu","10:48:51",101900
64000,100,1200,"bu","10:48:05",101800
64000,100,2000,"bu","10:45:33",100600
64000,100,3000,"bu","10:44:38",98600
63900,0,4000,"sd","10:42:08",95600
63900,0,1000,"sd","10:41:41",91600
63900,0,5000,"sd","10:41:37",90600
63800,-100,200,"unknown","10:31:23",85600
63700,-200,700,"bu","10:30:46",85400
63700,-200,100,"bu","10:29:11",84700
63500,-400,3000,"sd","10:26:49",84600
63700,-200,400,"sd","10:26:29",81600
63800,-100,13700,"sd","10:25:05",81200
63900,0,100,"sd","10:23:53",67500
64000,100,1500,"bu","10:22:18",67400
63900,0,4700,"bu","10:21:51",65900
63900,0,200,"bu","10:21:25",61200
63900,0,100,"bu","10:20:14",61000
63800,-100,200,"sd","10:18:17",60900
63800,-100,1400,"bu","10:17:49",60700
63600,-300,100,"sd","10:15:25",59300
63500,-400,700,"sd","10:05:36",59200
63500,-400,3300,"sd","10:04:42",58500
63500,-400,300,"unknown","10:03:12",55200
63800,-100,100,"unknown","10:03:04",54900
63900,0,700,"bu","10:00:10",54800
63900,0,200,"sd","09:59:26",54100
63900,0,400,"sd","09:59:05",53900
63800,-100,100,"sd","09:58:41",53500
63300,-600,100,"sd","09:57:38",53400
63500,-400,100,"unknown","09:56:36",53300
63500,-400,100,"bu","09:56:03",53200
63200,-700,300,"sd","09:55:22",53100
63200,-700,3300,"sd","09:54:28",52800
63700,-200,1000,"unknown","09:54:12",49500
63800,-100,1100,"sd","09:54:01",48500
64000,100,200,"bu","09:48:23",47400
64000,100,200,"bu","09:46:21",47200
63800,-100,300,"sd","09:43:29",47000
64000,100,200,"sd","09:38:07",46700
64000,100,300,"sd","09:37:44",46500
64000,100,17400,"bu","09:37:43",46200
64100,200,300,"sd","09:37:42",28800
64100,200,1300,"bu","09:36:38",28500
64000,100,1000,"sd","09:36:10",27200
64000,100,200,"sd","09:35:05",26200
64100,200,3700,"sd","09:34:22",26000
64100,200,1000,"sd","09:33:43",22300
64100,200,100,"sd","09:33:10",21300
64100,200,700,"sd","09:31:25",21200
64200,300,500,"sd","09:30:42",20500
64100,200,100,"sd","09:27:39",20000
64100,200,200,"sd","09:27:27",19900
64100,200,200,"sd","09:26:53",19700
64100,200,4000,"bu","09:25:36",19500
64000,100,300,"sd","09:25:33",15500
64100,200,100,"bu","09:23:42",15200
64100,200,1100,"bu","09:22:30",15100
64100,200,100,"sd","09:20:37",14000
64100,200,300,"sd","09:20:28",13900
64500,600,500,"bu","09:19:10",13600
64500,600,4300,"sd","09:19:06",13100
64500,600,100,"sd","09:18:58",8800
64500,600,200,"sd","09:18:48",8700
64600,700,100,"bu","09:18:25",8500
64500,600,300,"sd","09:18:01",8400
64600,700,500,"sd","09:17:20",8100
64600,700,100,"sd","09:17:07",7600
64600,700,400,"bu","09:16:41",7500
64600,700,800,"bu","09:16:16",7100
64500,600,5100,"sd","09:15:56",6300
64100,200,200,"sd","09:10:13",1200
64100,200,500,"sd","09:08:42",1000
64100,200,100,"sd","09:07:17",500
63900,0,100,"bu","09:00:12",400
64000,100,200,"sd","09:00:10",300
64100,200,100,"sd","09:00:09",100
