"price","change","match_qtty","side","time","total_vol"
21100,-1050,939200,"unknown","14:44:59",4569700
21900,-250,100,"sd","14:29:57",3630500
21900,-250,1500,"bu","14:29:47",3630400
21900,-250,5700,"bu","14:29:47",3628900
21850,-300,4900,"sd","14:29:44",3623200
21850,-300,5000,"sd","14:29:44",3618300
21850,-300,100,"sd","14:29:44",3613300
21850,-300,4900,"sd","14:29:42",3613200
21850,-300,5100,"sd","14:29:42",3608300
21900,-250,600,"bu","14:29:41",3603200
21850,-300,500,"sd","14:29:38",3602600
21900,-250,1000,"sd","14:29:35",3602100
21900,-250,200,"sd","14:29:35",3601100
21900,-250,200,"sd","14:29:35",3600900
21900,-250,100,"sd","14:29:35",3600700
21900,-250,500,"sd","14:29:35",3600600
21900,-250,1700,"sd","14:29:35",3600100
21900,-250,4000,"sd","14:29:34",3598400
21900,-250,1000,"sd","14:29:33",3594400
21900,-250,300,"sd","14:29:30",3593400
21900,-250,500,"sd","14:29:30",3593100
21900,-250,2000,"sd","14:29:30",3592600
21900,-250,1000,"sd","14:29:30",3590600
21900,-250,200,"sd","14:29:30",3589600
21900,-250,2000,"sd","14:29:22",3589400
21900,-250,1000,"sd","14:29:20",3587400
21950,-200,1000,"bu","14:29:16",3586400
21900,-250,5000,"sd","14:29:14",3585400
21950,-200,500,"bu","14:29:13",3580400
21900,-250,200,"sd","14:29:06",3579900
21900,-250,6800,"sd","14:29:06",3579700
21900,-250,3000,"sd","14:29:06",3572900
21950,-200,200,"bu","14:29:01",3569900
21950,-200,100,"bu","14:29:00",3569700
21950,-200,4000,"bu","14:28:54",3569600
21950,-200,100,"sd","14:28:53",3565600
21950,-200,100,"sd","14:28:53",3565500
21950,-200,500,"sd","14:28:53",3565400
21950,-200,200,"sd","14:28:53",3564900
21950,-200,600,"sd","14:28:53",3564700
21950,-200,9400,"sd","14:28:47",3564100
21950,-200,600,"sd","14:28:47",3554700
22000,-150,8400,"sd","14:28:44",3554100
22000,-150,1600,"bu","14:28:40",3545700
22000,-150,700,"bu","14:28:39",3544100
22000,-150,100,"sd","14:28:35",3543400
22000,-150,100,"sd","14:28:35",3543300
22000,-150,3500,"sd","14:28:35",3543200
22000,-150,3200,"sd","14:28:35",3539700
22050,-100,800,"sd","14:28:35",3536500
22100,-50,100,"bu","14:28:15",3535700
22000,-150,1000,"sd","14:28:07",3535600
22100,-50,200,"bu","14:28:02",3534600
22000,-150,800,"bu","14:28:01",3534400
21950,-200,5400,"sd","14:27:57",3533600
22000,-150,200,"bu","14:27:49",3528200
22000,-150,200,"unknown","14:27:46",3528000
22000,-150,100,"unknown","14:27:46",3527800
21950,-200,4700,"sd","14:27:46",3527700
22000,-150,300,"sd","14:27:39",3523000
22000,-150,1300,"sd","14:27:39",3522700
22000,-150,100,"sd","14:27:39",3521400
22000,-150,2300,"sd","14:27:39",3521300
22000,-150,6000,"sd","14:27:39",3519000
22000,-150,4000,"sd","14:27:36",3513000
22000,-150,1000,"sd","14:27:36",3509000
22000,-150,3400,"sd","14:27:34",3508000
22000,-150,100,"sd","14:27:34",3504600
22000,-150,5000,"sd","14:27:34",3504500
22000,-150,500,"sd","14:27:34",3499500
22000,-150,200,"sd","14:27:34",3499000
22000,-150,500,"sd","14:27:34",3498800
22000,-150,1000,"sd","14:27:34",3498300
22000,-150,100,"sd","14:27:34",3497300
22000,-150,200,"sd","14:27:34",3497200
22000,-150,3000,"sd","14:27:34",3497000
22000,-150,5000,"sd","14:27:34",3494000
22000,-150,100,"sd","14:27:34",3489000
22000,-150,200,"sd","14:27:34",3488900
22000,-150,700,"sd","14:27:34",3488700
22000,-150,100,"sd","14:27:34",3488000
22050,-100,100,"sd","14:27:34",3487900
22100,-50,400,"bu","14:27:27",3487800
22050,-100,600,"bu","14:27:27",3487400
22000,-150,200,"sd","14:27:27",3486800
22000,-150,1800,"sd","14:27:27",3486600
22000,-150,5000,"sd","14:27:19",3484800
22000,-150,900,"sd","14:27:17",3479800
22000,-150,5900,"sd","14:27:13",3478900
22000,-150,500,"sd","14:27:13",3473000
22000,-150,100,"sd","14:27:13",3472500
22000,-150,300,"sd","14:27:13",3472400
22000,-150,100,"sd","14:27:13",3472100
22000,-150,100,"sd","14:27:13",3472000
22000,-150,100,"sd","14:27:13",3471900
22000,-150,400,"sd","14:27:13",3471800
22000,-150,200,"sd","14:27:13",3471400
22000,-150,10000,"sd","14:27:13",3471200
22000,-150,2000,"sd","14:27:13",3461200
22000,-150,100,"sd","14:27:13",3459200
22000,-150,200,"sd","14:27:13",3459100
22000,-150,1000,"sd","14:27:06",3458900
22050,-100,500,"bu","14:27:02",3457900
22000,-150,800,"sd","14:27:00",3457400
22000,-150,500,"sd","14:27:00",3456600
22000,-150,100,"sd","14:27:00",3456100
22000,-150,3000,"sd","14:27:00",3456000
22000,-150,1000,"sd","14:27:00",3453000
22000,-150,300,"sd","14:27:00",3452000
22000,-150,300,"sd","14:27:00",3451700
22000,-150,200,"sd","14:27:00",3451400
22000,-150,2000,"sd","14:27:00",3451200
22000,-150,100,"sd","14:27:00",3449200
22000,-150,1300,"sd","14:27:00",3449100
22000,-150,400,"sd","14:27:00",3447800
22000,-150,500,"sd","14:26:55",3447400
22050,-100,3000,"sd","14:26:52",3446900
22050,-100,2000,"sd","14:26:52",3443900
22050,-100,200,"sd","14:26:52",3441900
22050,-100,1000,"sd","14:26:52",3441700
22050,-100,200,"sd","14:26:52",3440700
22050,-100,2000,"sd","14:26:52",3440500
22050,-100,500,"sd","14:26:52",3438500
22100,-50,2300,"sd","14:26:34",3438000
22100,-50,1100,"bu","14:26:32",3435700
22100,-50,3000,"bu","14:26:32",3434600
22100,-50,1000,"bu","14:26:32",3431600
22100,-50,100,"bu","14:26:32",3430600
22100,-50,2500,"bu","14:26:32",3430500
22100,-50,1000,"bu","14:26:27",3428000
22050,-100,2600,"sd","14:26:21",3427000
22050,-100,900,"sd","14:26:21",3424400
22100,-50,200,"sd","14:26:04",3423500
22100,-50,400,"sd","14:26:04",3423300
22100,-50,600,"sd","14:25:59",3422900
22100,-50,400,"sd","14:25:59",3422300
22100,-50,2000,"sd","14:25:59",3421900
22100,-50,500,"sd","14:25:53",3419900
22150,0,300,"sd","14:25:53",3419400
22150,0,200,"sd","14:25:53",3419100
22150,0,3000,"sd","14:25:42",3418900
22150,0,2600,"sd","14:25:40",3415900
22150,0,1400,"sd","14:25:40",3413300
22150,0,100,"sd","14:25:33",3411900
22150,0,1300,"sd","14:25:29",3411800
22150,0,200,"sd","14:25:29",3410500
22200,50,100,"sd","14:25:24",3410300
22200,50,100,"sd","14:25:24",3410200
22200,50,1000,"sd","14:25:24",3410100
22200,50,100,"sd","14:25:24",3409100
22200,50,400,"sd","14:25:24",3409000
22200,50,1000,"sd","14:25:24",3408600
22200,50,700,"sd","14:25:24",3407600
22200,50,1000,"sd","14:25:24",3406900
22200,50,100,"sd","14:25:24",3405900
22200,50,4000,"sd","14:25:24",3405800
22200,50,1300,"sd","14:25:24",3401800
22200,50,1700,"sd","14:25:22",3400500
22200,50,700,"sd","14:25:15",3398800
22200,50,1000,"sd","14:25:10",3398100
22200,50,500,"sd","14:25:09",3397100
22200,50,900,"sd","14:24:55",3396600
22200,50,200,"sd","14:24:55",3395700
22200,50,1000,"sd","14:24:55",3395500
22200,50,500,"sd","14:24:55",3394500
22200,50,100,"sd","14:24:55",3394000
22200,50,500,"sd","14:24:55",3393900
22200,50,1700,"sd","14:24:55",3393400
22200,50,300,"sd","14:24:53",3391700
22200,50,1300,"sd","14:24:53",3391400
22250,100,100,"sd","14:24:53",3390100
22250,100,300,"sd","14:24:53",3390000
22250,100,1000,"sd","14:24:53",3389700
22250,100,700,"sd","14:24:44",3388700
22250,100,300,"sd","14:24:44",3388000
22300,150,5000,"bu","14:24:40",3387700
22300,150,100,"sd","14:24:34",3382700
22300,150,1000,"sd","14:24:34",3382600
22300,150,500,"sd","14:24:34",3381600
22300,150,500,"sd","14:24:34",3381100
22300,150,100,"sd","14:24:34",3380600
22300,150,300,"sd","14:24:34",3380500
22300,150,100,"sd","14:24:34",3380200
22300,150,100,"sd","14:24:34",3380100
22300,150,8800,"sd","14:24:34",3380000
22300,150,2900,"sd","14:24:31",3371200
22350,200,1000,"bu","14:24:27",3368300
22300,150,7000,"sd","14:24:23",3367300
22350,200,100,"sd","14:24:23",3360300
22300,150,1000,"sd","14:24:14",3360200
22300,150,600,"sd","14:24:08",3359200
22400,250,10200,"bu","14:24:06",3358600
22350,200,500,"bu","14:24:06",3348400
22350,200,100,"bu","14:24:06",3347900
22350,200,3400,"bu","14:24:06",3347800
22350,200,700,"bu","14:24:06",3344400
22350,200,5000,"bu","14:24:06",3343700
22350,200,14800,"bu","14:24:06",3338700
22300,150,2400,"sd","14:23:59",3323900
22300,150,1000,"sd","14:23:59",3321500
22300,150,500,"sd","14:23:30",3320500
22300,150,100,"sd","14:23:22",3320000
22300,150,100,"sd","14:23:12",3319900
22350,200,200,"bu","14:23:07",3319800
22300,150,10000,"sd","14:23:03",3319600
22350,200,100,"bu","14:22:22",3309600
22300,150,100,"sd","14:22:07",3309500
22300,150,3000,"sd","14:22:05",3309400
22300,150,300,"sd","14:21:34",3306400
22350,200,200,"sd","14:21:16",3306100
22350,200,2700,"sd","14:21:16",3305900
22350,200,5000,"sd","14:21:16",3303200
22350,200,1000,"sd","14:21:16",3298200
22350,200,1000,"sd","14:21:16",3297200
22400,250,1000,"bu","14:20:58",3296200
22350,200,2000,"sd","14:20:54",3295200
22350,200,300,"sd","14:20:49",3293200
22400,250,10000,"sd","14:20:33",3292900
22400,250,800,"sd","14:20:33",3282900
22400,250,500,"sd","14:20:28",3282100
22400,250,100,"sd","14:20:21",3281600
22400,250,100,"sd","14:20:18",3281500
22400,250,400,"sd","14:20:14",3281400
22400,250,400,"bu","14:20:13",3281000
22400,250,5000,"bu","14:20:13",3280600
22400,250,500,"bu","14:20:13",3275600
22400,250,5000,"sd","14:19:48",3275100
22450,300,1000,"bu","14:19:47",3270100
22400,250,300,"sd","14:19:41",3269100
22400,250,500,"sd","14:19:41",3268800
22400,250,100,"sd","14:19:41",3268300
22400,250,100,"sd","14:19:41",3268200
22400,250,500,"sd","14:19:41",3268100
22400,250,500,"sd","14:19:14",3267600
22400,250,500,"sd","14:19:14",3267100
22450,300,100,"bu","14:19:13",3266600
22400,250,500,"sd","14:19:11",3266500
22400,250,100,"sd","14:19:00",3266000
22400,250,1000,"sd","14:19:00",3265900
22400,250,100,"sd","14:19:00",3264900
22400,250,300,"sd","14:19:00",3264800
22400,250,500,"sd","14:19:00",3264500
22400,250,100,"sd","14:18:57",3264000
22400,250,200,"sd","14:18:51",3263900
22400,250,500,"sd","14:18:44",3263700
22400,250,2000,"sd","14:18:30",3263200
22400,250,200,"sd","14:18:28",3261200
22450,300,1000,"bu","14:18:15",3261000
22400,250,500,"sd","14:18:07",3260000
22400,250,500,"sd","14:17:50",3259500
22400,250,1000,"bu","14:17:41",3259000
22400,250,600,"bu","14:17:41",3258000
22350,200,3000,"sd","14:17:41",3257400
22400,250,200,"bu","14:17:20",3254400
22400,250,200,"bu","14:16:56",3254200
22400,250,300,"bu","14:16:56",3254000
22400,250,1000,"bu","14:16:56",3253700
22400,250,200,"bu","14:16:56",3252700
22400,250,1500,"bu","14:16:48",3252500
22350,200,300,"bu","14:16:35",3251000
22350,200,200,"bu","14:16:35",3250700
22350,200,300,"bu","14:16:35",3250500
22350,200,300,"bu","14:16:27",3250200
22300,150,100,"sd","14:16:18",3249900
22300,150,2000,"sd","14:16:06",3249800
22300,150,100,"sd","14:16:04",3247800
22300,150,300,"bu","14:15:28",3247700
22300,150,100,"bu","14:15:12",3247400
22300,150,300,"bu","14:15:08",3247300
22300,150,300,"bu","14:14:57",3247000
22300,150,200,"bu","14:14:57",3246700
22300,150,5000,"bu","14:14:57",3246500
22300,150,600,"bu","14:14:57",3241500
22300,150,500,"bu","14:14:57",3240900
22300,150,300,"bu","14:14:57",3240400
22300,150,3000,"bu","14:14:57",3240100
22300,150,100,"bu","14:14:57",3237100
22250,100,600,"bu","14:14:24",3237000
22250,100,200,"sd","14:14:22",3236400
22250,100,100,"sd","14:14:22",3236200
22250,100,100,"sd","14:14:22",3236100
22250,100,100,"sd","14:13:59",3236000
22250,100,400,"bu","14:13:55",3235900
22200,50,500,"sd","14:13:35",3235500
22250,100,100,"bu","14:13:33",3235000
22200,50,1000,"sd","14:13:06",3234900
22200,50,100,"sd","14:12:22",3233900
22200,50,100,"sd","14:12:22",3233800
22200,50,200,"sd","14:12:22",3233700
22200,50,100,"sd","14:11:51",3233500
22200,50,100,"sd","14:11:51",3233400
22200,50,300,"sd","14:11:51",3233300
22200,50,100,"sd","14:11:41",3233000
22300,150,200,"bu","14:10:24",3232900
22300,150,100,"bu","14:10:24",3232700
22300,150,200,"bu","14:10:20",3232600
22200,50,2400,"sd","14:10:19",3232400
22250,100,100,"sd","14:10:19",3230000
22250,100,500,"sd","14:10:19",3229900
22300,150,500,"bu","14:10:03",3229400
22300,150,500,"bu","14:10:03",3228900
22300,150,500,"bu","14:09:24",3228400
22300,150,800,"sd","14:09:19",3227900
22350,200,400,"bu","14:09:10",3227100
22350,200,100,"bu","14:09:10",3226700
22300,150,500,"sd","14:08:47",3226600
22300,150,100,"sd","14:08:47",3226100
22350,200,200,"sd","14:08:27",3226000
22350,200,200,"sd","14:08:27",3225800
22400,250,500,"bu","14:07:32",3225600
22400,250,700,"bu","14:07:27",3225100
22400,250,100,"bu","14:07:20",3224400
22400,250,1000,"bu","14:07:17",3224300
22400,250,1000,"sd","14:07:16",3223300
22400,250,500,"bu","14:07:13",3222300
22500,350,1500,"bu","14:07:07",3221800
22500,350,500,"bu","14:07:07",3220300
22500,350,500,"bu","14:07:07",3219800
22450,300,500,"bu","14:07:07",3219300
22400,250,1000,"sd","14:07:02",3218800
22400,250,1000,"sd","14:06:55",3217800
22400,250,300,"sd","14:06:35",3216800
22400,250,100,"sd","14:06:35",3216500
22400,250,100,"sd","14:06:35",3216400
22400,250,400,"sd","14:06:26",3216300
22450,300,100,"sd","14:06:26",3215900
22400,250,100,"sd","14:06:15",3215800
22450,300,2000,"sd","14:06:01",3215700
22450,300,4900,"sd","14:05:58",3213700
22450,300,100,"sd","14:05:58",3208800
22450,300,300,"sd","14:05:54",3208700
22550,400,100,"bu","14:05:38",3208400
22500,350,100,"sd","14:05:34",3208300
22500,350,800,"sd","14:05:33",3208200
22500,350,3000,"sd","14:05:25",3207400
22500,350,400,"sd","14:05:25",3204400
22600,450,200,"bu","14:05:21",3204000
22500,350,300,"sd","14:05:19",3203800
22500,350,1000,"sd","14:05:18",3203500
22600,450,1000,"bu","14:05:07",3202500
22550,400,1500,"bu","14:05:07",3201500
22500,350,14600,"sd","14:05:04",3200000
22500,350,100,"sd","14:05:04",3185400
22500,350,25400,"sd","14:05:04",3185300
22600,450,1000,"bu","14:05:02",3159900
22550,400,500,"bu","14:04:59",3158900
22550,400,1500,"bu","14:04:59",3158400
22550,400,1000,"sd","14:04:58",3156900
22550,400,300,"sd","14:04:58",3155900
22550,400,800,"sd","14:04:58",3155600
22550,400,900,"sd","14:04:58",3154800
22550,400,500,"sd","14:04:58",3153900
22550,400,1000,"sd","14:04:57",3153400
22550,400,500,"sd","14:04:55",3152400
22600,450,7700,"bu","14:04:53",3151900
22600,450,2300,"bu","14:04:53",3144200
22600,450,100,"bu","14:04:53",3141900
22550,400,100,"sd","14:04:53",3141800
22600,450,500,"bu","14:04:41",3141700
22600,450,2100,"sd","14:04:39",3141200
22650,500,200,"bu","14:04:39",3139100
22600,450,300,"bu","14:04:38",3138900
22600,450,400,"sd","14:04:37",3138600
22650,500,500,"bu","14:04:35",3138200
22650,500,300,"bu","14:04:31",3137700
22650,500,1000,"bu","14:04:22",3137400
22600,450,500,"sd","14:04:19",3136400
22600,450,100,"sd","14:04:16",3135900
22600,450,100,"sd","14:04:09",3135800
22600,450,400,"bu","14:04:08",3135700
22600,450,100,"bu","14:04:08",3135300
22600,450,2000,"bu","14:04:08",3135200
22600,450,300,"bu","14:04:08",3133200
22600,450,1000,"bu","14:04:08",3132900
22600,450,2000,"bu","14:04:08",3131900
22600,450,1500,"bu","14:04:08",3129900
22600,450,400,"bu","14:04:08",3128400
22600,450,300,"bu","14:04:08",3128000
22600,450,1000,"bu","14:04:08",3127700
22600,450,1000,"bu","14:04:08",3126700
22600,450,1000,"bu","14:04:08",3125700
22600,450,1000,"bu","14:04:08",3124700
22600,450,1000,"bu","14:04:08",3123700
22600,450,900,"bu","14:04:08",3122700
22600,450,5000,"bu","14:04:08",3121800
22600,450,200,"bu","14:04:08",3116800
22600,450,200,"bu","14:04:01",3116600
22600,450,200,"bu","14:03:36",3116400
22600,450,500,"bu","14:03:20",3116200
22550,400,500,"sd","14:03:15",3115700
22600,450,100,"bu","14:03:15",3115200
22600,450,300,"bu","14:03:12",3115100
22600,450,200,"bu","14:03:12",3114800
22600,450,500,"bu","14:03:09",3114600
22600,450,100,"bu","14:03:08",3114100
22550,400,1000,"bu","14:02:52",3114000
22550,400,1000,"bu","14:02:52",3113000
22550,400,3800,"bu","14:02:52",3112000
22550,400,1600,"bu","14:02:52",3108200
22550,400,400,"bu","14:02:44",3106600
22550,400,500,"bu","14:02:44",3106100
22550,400,100,"bu","14:02:44",3106200
22500,350,200,"sd","14:02:39",3105600
22500,350,200,"bu","14:02:15",3105400
22500,350,100,"bu","14:02:15",3105200
22500,350,3000,"bu","14:02:15",3105100
22500,350,500,"bu","14:02:15",3102100
22500,350,5000,"bu","14:02:15",3101600
22500,350,1000,"bu","14:02:15",3096600
22500,350,6800,"bu","14:02:15",3095600
22500,350,200,"bu","14:02:15",3088800
22500,350,1000,"bu","14:02:15",3088600
22500,350,2000,"bu","14:02:15",3087600
22500,350,1000,"bu","14:02:15",3085600
22500,350,2000,"bu","14:02:15",3084600
22500,350,1000,"bu","14:02:15",3082600
22500,350,1000,"bu","14:02:15",3081600
22500,350,1000,"bu","14:02:15",3080600
22500,350,1000,"bu","14:02:15",3079600
22500,350,200,"bu","14:02:15",3078600
22500,350,400,"bu","14:02:15",3078400
22500,350,100,"bu","14:02:15",3078000
22500,350,10000,"bu","14:02:15",3077900
22500,350,1000,"bu","14:02:15",3067900
22500,350,2500,"bu","14:02:15",3066900
22500,350,100,"bu","14:02:15",3064400
22500,350,100,"bu","14:02:15",3064300
22500,350,100,"bu","14:02:15",3064200
22500,350,1000,"bu","14:02:15",3064100
22500,350,500,"bu","14:02:15",3063100
22500,350,200,"bu","14:02:15",3062600
22500,350,2000,"bu","14:02:15",3062400
22500,350,300,"bu","14:02:15",3060400
22500,350,200,"bu","14:02:15",3060100
22500,350,1000,"bu","14:02:15",3059900
22500,350,7900,"bu","14:02:15",3058900
22450,300,1000,"sd","14:02:09",3051000
22450,300,300,"sd","14:02:09",3050000
22450,300,700,"sd","14:02:09",3049700
22500,350,300,"bu","14:02:05",3049000
22500,350,1800,"bu","14:02:02",3048700
22500,350,2000,"bu","14:02:02",3046900
22500,350,100,"bu","14:02:02",3044900
22500,350,200,"bu","14:02:02",3044800
22500,350,900,"bu","14:02:02",3044600
22500,350,100,"bu","14:01:58",3043700
22500,350,200,"bu","14:01:58",3043600
22500,350,500,"bu","14:01:58",3043400
22500,350,100,"bu","14:01:58",3042900
22500,350,600,"bu","14:01:58",3042800
22500,350,100,"bu","14:01:55",3042200
22500,350,3200,"bu","14:01:51",3042100
22500,350,100,"bu","14:01:41",3038900
22500,350,500,"bu","14:01:32",3038800
22500,350,500,"bu","14:01:29",3038300
22450,300,100,"sd","14:00:57",3037800
22450,300,200,"sd","14:00:57",3037700
22450,300,100,"bu","14:00:56",3037500
22450,300,300,"bu","14:00:55",3037400
22450,300,4400,"bu","14:00:47",3037100
22450,300,600,"bu","14:00:47",3032700
22400,250,1100,"bu","14:00:08",3032100
22400,250,900,"bu","14:00:01",3031000
22400,250,200,"bu","14:00:01",3030100
22400,250,100,"bu","14:00:01",3029900
22400,250,100,"bu","14:00:01",3029800
22400,250,100,"bu","14:00:01",3029700
22400,250,300,"bu","14:00:01",3029600
22400,250,2000,"bu","14:00:01",3029300
22400,250,100,"bu","14:00:01",3027300
22400,250,200,"bu","14:00:01",3027200
22400,250,100,"bu","13:59:59",3027000
22350,200,1300,"sd","13:59:59",3026900
22350,200,700,"sd","13:59:59",3025600
22400,250,400,"bu","13:59:56",3024900
22350,200,400,"sd","13:59:36",3024500
22400,250,100,"bu","13:59:35",3024100
22400,250,100,"bu","13:59:35",3024000
22400,250,100,"bu","13:59:35",3023900
22400,250,200,"bu","13:59:35",3023800
22400,250,500,"bu","13:59:35",3023600
22400,250,1000,"bu","13:59:21",3023100
22400,250,2200,"bu","13:59:21",3022100
22400,250,100,"bu","13:59:21",3019900
22400,250,700,"bu","13:59:21",3019800
22400,250,200,"bu","13:58:59",3019100
22350,200,200,"bu","13:58:55",3018900
22350,200,300,"bu","13:58:55",3018700
22350,200,200,"bu","13:58:55",3018400
22350,200,100,"bu","13:58:55",3018200
22350,200,2000,"bu","13:58:55",3018100
22350,200,6100,"bu","13:58:55",3016100
22350,200,4300,"bu","13:58:41",3010000
22350,200,2000,"bu","13:58:36",3005700
22350,200,500,"bu","13:58:24",3003700
22350,200,1000,"bu","13:58:23",3003200
22350,200,2000,"bu","13:58:20",3002200
22350,200,100,"bu","13:58:14",3000200
22350,200,500,"bu","13:58:10",3000100
22350,200,1000,"bu","13:57:57",2999600
22350,200,500,"bu","13:57:54",2998600
22350,200,2000,"bu","13:57:51",2998100
22300,150,1500,"bu","13:57:33",2996100
22300,150,200,"bu","13:57:33",2994600
22300,150,300,"bu","13:57:33",2994400
22300,150,400,"bu","13:57:33",2994100
22300,150,100,"bu","13:57:27",2993700
22300,150,100,"bu","13:57:27",2993600
22300,150,300,"bu","13:57:27",2993500
22300,150,700,"bu","13:57:25",2993200
22300,150,400,"bu","13:57:25",2992500
22300,150,100,"bu","13:57:23",2992100
22300,150,100,"bu","13:57:23",2992000
22300,150,500,"bu","13:57:23",2991900
22300,150,900,"bu","13:57:21",2991400
22300,150,5000,"bu","13:57:19",2990500
22300,150,1000,"bu","13:57:19",2985500
22300,150,2600,"bu","13:57:16",2984500
22300,150,200,"bu","13:57:16",2981900
22300,150,100,"bu","13:57:16",2981700
22300,150,200,"bu","13:57:16",2981600
22300,150,1500,"bu","13:57:16",2981400
22300,150,5000,"bu","13:57:16",2979900
22300,150,300,"bu","13:57:16",2974900
22300,150,100,"bu","13:57:16",2974600
22300,150,800,"bu","13:56:52",2974500
22300,150,200,"bu","13:56:52",2973700
22300,150,800,"bu","13:56:48",2973500
22300,150,200,"bu","13:56:48",2972700
22300,150,1000,"bu","13:56:48",2972500
22250,100,100,"sd","13:56:45",2971500
22250,100,1500,"sd","13:56:39",2971400
22250,100,300,"bu","13:56:31",2969900
22250,100,200,"bu","13:56:31",2969600
22250,100,1200,"bu","13:56:31",2969400
22250,100,2000,"bu","13:56:31",2968200
22250,100,19000,"bu","13:56:31",2966200
22250,100,5000,"bu","13:56:18",2947200
22250,100,500,"bu","13:56:04",2942200
22250,100,500,"bu","13:55:46",2941700
22250,100,200,"bu","13:55:46",2941200
22200,50,3000,"bu","13:55:32",2941000
22200,50,2500,"bu","13:55:32",2938000
22200,50,5000,"bu","13:55:32",2935500
22200,50,600,"bu","13:55:32",2930500
22200,50,100,"bu","13:55:32",2929900
22200,50,100,"bu","13:55:32",2929800
22200,50,5600,"bu","13:55:32",2929700
22200,50,3000,"bu","13:55:32",2924100
22200,50,4000,"bu","13:55:31",2921100
22200,50,500,"bu","13:55:21",2917100
22200,50,5000,"bu","13:55:12",2916600
22200,50,1900,"bu","13:55:02",2911600
22200,50,500,"bu","13:55:02",2909700
22200,50,100,"bu","13:55:02",2909200
22200,50,500,"bu","13:55:02",2909100
22150,0,100,"bu","13:54:21",2908600
22150,0,700,"bu","13:54:21",2908500
22100,-50,2100,"sd","13:54:19",2907800
22100,-50,200,"sd","13:54:19",2905700
22100,-50,400,"sd","13:54:19",2905500
22100,-50,3500,"sd","13:54:19",2905100
22150,0,500,"bu","13:54:15",2901600
22150,0,100,"bu","13:54:15",2901100
22150,0,400,"bu","13:54:15",2901000
22150,0,100,"bu","13:54:03",2900600
22150,0,1900,"bu","13:54:03",2900500
22150,0,1200,"bu","13:53:59",2898600
22150,0,100,"bu","13:53:59",2897400
22150,0,18700,"bu","13:53:59",2897300
22150,0,300,"bu","13:53:57",2878600
22100,-50,400,"sd","13:53:07",2878300
22100,-50,1100,"sd","13:52:30",2877900
22150,0,1000,"bu","13:51:19",2876800
22100,-50,900,"bu","13:51:14",2875800
22100,-50,2000,"bu","13:51:14",2874900
22100,-50,1600,"bu","13:51:14",2872900
22100,-50,500,"bu","13:51:14",2871300
22050,-100,500,"sd","13:51:10",2870800
22100,-50,500,"bu","13:50:52",2870300
22100,-50,1000,"bu","13:50:38",2869800
22100,-50,200,"bu","13:50:37",2868800
22100,-50,100,"bu","13:50:01",2868600
22100,-50,2100,"bu","13:49:59",2868500
22100,-50,400,"bu","13:49:47",2866400
22100,-50,300,"bu","13:49:32",2866000
22100,-50,200,"bu","13:49:10",2865700
22100,-50,4300,"bu","13:47:51",2865500
22100,-50,700,"bu","13:47:51",2861200
22100,-50,500,"sd","13:47:27",2860500
22100,-50,700,"sd","13:47:27",2860000
22100,-50,5000,"sd","13:47:27",2859300
22100,-50,2000,"sd","13:47:27",2854300
22100,-50,2000,"sd","13:47:27",2852300
22100,-50,3800,"sd","13:47:27",2850300
22100,-50,500,"sd","13:47:27",2846500
22100,-50,3000,"sd","13:47:27",2846000
22100,-50,1800,"sd","13:47:27",2843000
22100,-50,1000,"sd","13:47:02",2841200
22100,-50,300,"sd","13:46:58",2840200
22100,-50,100,"sd","13:46:52",2839900
22100,-50,200,"sd","13:46:50",2839800
22100,-50,200,"sd","13:46:46",2839600
22100,-50,300,"sd","13:46:44",2839400
22100,-50,100,"sd","13:46:33",2839100
22100,-50,1000,"sd","13:46:25",2839000
22150,0,100,"bu","13:45:20",2838000
22150,0,2500,"bu","13:45:14",2837900
22150,0,100,"bu","13:45:14",2835400
22150,0,100,"unknown","13:45:14",2835300
22150,0,100,"sd","13:45:14",2835200
22150,0,100,"sd","13:45:14",2835100
22150,0,100,"sd","13:45:14",2835000
22150,0,3000,"sd","13:45:14",2834900
22200,50,500,"bu","13:44:21",2831900
22200,50,200,"sd","13:43:30",2831400
22200,50,100,"sd","13:43:30",2831200
22200,50,1600,"sd","13:43:30",2831100
22200,50,400,"sd","13:43:28",2829500
22200,50,600,"sd","13:43:28",2829100
22200,50,400,"sd","13:43:18",2828500
22200,50,600,"sd","13:43:18",2828100
22200,50,2200,"sd","13:43:12",2827500
22250,100,100,"bu","13:42:26",2825300
22200,50,100,"sd","13:42:20",2825200
22200,50,900,"sd","13:42:20",2825100
22250,100,100,"bu","13:42:19",2824200
22200,50,100,"sd","13:42:18",2824100
22250,100,1000,"bu","13:42:03",2824000
22250,100,600,"bu","13:41:55",2823000
22250,100,200,"sd","13:41:54",2822400
22250,100,200,"sd","13:41:54",2822200
22250,100,800,"sd","13:41:54",2822000
22200,50,4000,"sd","13:41:27",2821200
22200,50,100,"sd","13:41:27",2817200
22250,100,900,"sd","13:41:27",2817100
22250,100,100,"bu","13:41:25",2816200
22250,100,400,"bu","13:41:25",2816100
22250,100,100,"bu","13:41:25",2815700
22250,100,100,"bu","13:41:25",2815600
22250,100,1000,"bu","13:41:25",2815500
22250,100,1400,"bu","13:41:25",2814500
22250,100,600,"bu","13:41:15",2813100
22250,100,100,"bu","13:41:15",2812500
22250,100,1300,"bu","13:41:15",2812400
22250,100,2600,"bu","13:41:15",2811100
22250,100,200,"bu","13:41:05",2808500
22250,100,1000,"bu","13:41:05",2808300
22250,100,2000,"bu","13:40:55",2807300
22250,100,1000,"bu","13:40:51",2805300
22250,100,3200,"bu","13:40:47",2804300
22250,100,100,"bu","13:40:47",2801100
22250,100,1000,"bu","13:40:47",2801000
22250,100,500,"bu","13:40:47",2800000
22250,100,100,"bu","13:40:17",2799500
22200,50,2900,"sd","13:40:11",2799400
22200,50,200,"sd","13:40:11",2796500
22200,50,900,"sd","13:40:11",2796300
22200,50,100,"sd","13:40:02",2795400
22200,50,300,"bu","13:39:25",2795300
22200,50,1000,"bu","13:39:00",2795000
22200,50,300,"bu","13:38:53",2794000
22200,50,200,"bu","13:38:44",2793700
22200,50,100,"bu","13:38:25",2793500
22200,50,300,"bu","13:38:23",2793400
22200,50,4100,"bu","13:38:19",2793100
22200,50,400,"bu","13:38:19",2789000
22200,50,100,"bu","13:38:19",2788600
22200,50,100,"bu","13:37:48",2788500
22200,50,20300,"sd","13:37:34",2788400
22200,50,1000,"sd","13:37:34",2768100
22150,0,400,"sd","13:36:35",2767100
22200,50,100,"bu","13:36:34",2766700
22200,50,1200,"bu","13:36:34",2766600
22200,50,10000,"bu","13:36:34",2765400
22200,50,200,"bu","13:36:34",2755400
22200,50,3000,"bu","13:36:34",2755200
22200,50,6000,"bu","13:36:34",2752200
22200,50,500,"bu","13:36:34",2746200
22200,50,100,"bu","13:36:34",2745700
22200,50,1000,"bu","13:36:34",2745600
22200,50,500,"bu","13:36:34",2744600
22150,0,4000,"sd","13:36:14",2744100
22150,0,100,"sd","13:36:14",2740100
22150,0,1000,"sd","13:36:14",2740000
22150,0,500,"sd","13:36:13",2739000
22150,0,4000,"sd","13:36:13",2738500
22150,0,2000,"sd","13:35:50",2734500
22150,0,1000,"sd","13:35:03",2732500
22150,0,2200,"sd","13:34:56",2731500
22150,0,500,"sd","13:34:48",2729300
22150,0,300,"bu","13:34:33",2728800
22150,0,200,"bu","13:34:26",2728500
22150,0,1000,"bu","13:34:26",2728300
22150,0,18800,"bu","13:34:26",2727300
22150,0,700,"bu","13:34:02",2708500
22150,0,5000,"bu","13:33:55",2707800
22100,-50,100,"bu","13:33:46",2702800
22100,-50,4900,"bu","13:33:46",2702700
22100,-50,400,"bu","13:33:35",2697800
22100,-50,100,"bu","13:33:32",2697400
22100,-50,4600,"bu","13:33:15",2697300
22100,-50,400,"bu","13:33:15",2692700
22100,-50,100,"sd","13:33:02",2692300
22100,-50,300,"sd","13:32:55",2692200
22100,-50,300,"sd","13:32:55",2691900
22100,-50,200,"sd","13:32:55",2691600
22100,-50,100,"sd","13:32:55",2691400
22100,-50,500,"sd","13:32:55",2691300
22100,-50,500,"sd","13:32:38",2690800
22100,-50,1000,"sd","13:32:38",2690300
22100,-50,100,"sd","13:32:26",2689300
22100,-50,100,"sd","13:32:24",2689200
22100,-50,100,"sd","13:31:38",2689100
22100,-50,100,"sd","13:31:14",2689000
22100,-50,500,"sd","13:30:39",2688900
22100,-50,2000,"sd","13:30:25",2688400
22100,-50,1100,"sd","13:30:15",2686400
22100,-50,100,"sd","13:30:15",2685300
22100,-50,300,"sd","13:30:12",2685200
22100,-50,500,"sd","13:29:49",2684900
22100,-50,200,"sd","13:29:49",2684400
22100,-50,500,"sd","13:29:49",2684200
22100,-50,800,"sd","13:29:49",2683700
22100,-50,1200,"sd","13:29:45",2682900
22100,-50,13800,"sd","13:29:45",2681700
22100,-50,5000,"sd","13:29:34",2667900
22100,-50,500,"sd","13:29:21",2662900
22150,0,500,"sd","13:29:00",2662400
22150,0,100,"sd","13:28:55",2661900
22150,0,800,"sd","13:28:54",2661800
22150,0,900,"sd","13:28:49",2661000
22150,0,200,"sd","13:28:48",2660100
22150,0,2000,"sd","13:28:48",2659900
22150,0,500,"bu","13:28:45",2657900
22100,-50,200,"sd","13:28:43",2657400
22150,0,800,"sd","13:28:42",2657200
22150,0,500,"bu","13:28:40",2656400
22150,0,200,"bu","13:28:40",2655900
22100,-50,500,"sd","13:28:36",2655700
22150,0,800,"sd","13:28:31",2655200
22150,0,200,"sd","13:28:25",2654400
22150,0,200,"sd","13:28:25",2654200
22150,0,4500,"sd","13:28:25",2654000
22150,0,500,"sd","13:28:20",2649500
22150,0,500,"sd","13:28:20",2649000
22150,0,1000,"sd","13:28:20",2648500
22150,0,8000,"sd","13:28:20",2647500
22150,0,100,"sd","13:28:03",2639500
22150,0,2000,"sd","13:28:00",2639400
22150,0,100,"sd","13:27:53",2637400
22150,0,1000,"sd","13:27:25",2637300
22150,0,600,"sd","13:27:20",2636300
22200,50,200,"bu","13:27:01",2635700
22200,50,300,"bu","13:26:54",2635500
22200,50,500,"sd","13:26:51",2635200
22200,50,500,"sd","13:26:51",2634700
22250,100,100,"bu","13:26:40",2634200
22250,100,2100,"bu","13:26:40",2634100
22250,100,900,"bu","13:26:27",2632000
22250,100,800,"bu","13:26:27",2631100
22200,50,8300,"bu","13:26:27",2630300
22200,50,17000,"sd","13:26:15",2622000
22200,50,300,"sd","13:26:15",2605000
22200,50,200,"sd","13:26:15",2604700
22200,50,500,"sd","13:26:15",2604500
22200,50,1000,"sd","13:26:15",2604000
22200,50,7000,"sd","13:26:15",2603000
22200,50,3800,"sd","13:26:15",2596000
22200,50,1000,"sd","13:26:15",2592200
22200,50,9700,"sd","13:26:15",2591200
22200,50,200,"sd","13:26:15",2581500
22200,50,1000,"sd","13:26:15",2581300
22250,100,200,"bu","13:26:08",2580300
22250,100,200,"bu","13:25:40",2580100
22250,100,300,"bu","13:25:39",2579900
22250,100,200,"bu","13:25:26",2579600
22250,100,700,"bu","13:25:14",2579400
22250,100,100,"bu","13:25:14",2578700
22250,100,200,"bu","13:25:14",2578600
22250,100,1800,"bu","13:25:14",2578400
22250,100,100,"bu","13:25:14",2576600
22250,100,6100,"bu","13:25:14",2576500
22250,100,1000,"bu","13:25:01",2570400
22250,100,400,"bu","13:24:59",2569400
22250,100,1100,"bu","13:24:59",2569000
22250,100,500,"bu","13:24:54",2567900
22250,100,1800,"bu","13:24:53",2567400
22250,100,1000,"bu","13:24:07",2565600
22250,100,200,"bu","13:23:48",2564600
22200,50,100,"sd","13:23:38",2564400
22250,100,300,"bu","13:23:37",2564300
22250,100,100,"bu","13:23:23",2564000
22250,100,5000,"bu","13:23:23",2563900
22200,50,1000,"bu","13:23:10",2558900
22200,50,500,"bu","13:23:10",2557900
22200,50,1000,"bu","13:23:10",2557400
22200,50,1000,"bu","13:23:07",2556400
22200,50,500,"bu","13:23:04",2555400
22200,50,500,"bu","13:23:04",2554900
22200,50,100,"bu","13:22:44",2554400
22200,50,200,"bu","13:22:44",2554300
22200,50,100,"bu","13:22:44",2554100
22200,50,500,"bu","13:22:44",2554000
22200,50,100,"bu","13:22:44",2553500
22200,50,200,"bu","13:22:44",2553400
22200,50,2000,"bu","13:22:44",2553200
22200,50,500,"bu","13:22:44",2551200
22200,50,1300,"bu","13:22:44",2550700
22200,50,1000,"bu","13:22:41",2549400
22200,50,800,"bu","13:22:35",2548400
22200,50,1900,"bu","13:22:25",2547600
22200,50,900,"bu","13:22:25",2545700
22200,50,200,"bu","13:22:25",2544800
22200,50,100,"bu","13:21:55",2544600
22200,50,700,"bu","13:21:34",2544500
22200,50,300,"bu","13:21:34",2543800
22150,0,500,"bu","13:21:28",2543500
22150,0,300,"bu","13:21:28",2543000
22150,0,1000,"bu","13:21:28",2542700
22150,0,100,"bu","13:21:28",2541700
22150,0,100,"bu","13:21:28",2541600
22150,0,5000,"bu","13:21:28",2541500
22150,0,500,"bu","13:21:28",2536500
22150,0,200,"bu","13:21:28",2536000
22150,0,500,"bu","13:21:28",2535800
22150,0,100,"bu","13:21:28",2535300
22150,0,9900,"bu","13:21:28",2535200
22150,0,100,"bu","13:21:12",2525300
22150,0,100,"bu","13:21:12",2525200
22150,0,100,"bu","13:21:12",2525100
22150,0,200,"bu","13:21:12",2525000
22150,0,200,"bu","13:21:12",2524800
22150,0,300,"bu","13:21:12",2524600
22100,-50,100,"bu","13:21:07",2524300
22100,-50,100,"bu","13:21:07",2524200
22100,-50,3000,"bu","13:21:06",2524100
22100,-50,900,"bu","13:21:04",2521100
22100,-50,1000,"bu","13:20:58",2520200
22100,-50,300,"bu","13:20:58",2519200
22100,-50,700,"bu","13:20:58",2518900
22100,-50,800,"bu","13:20:48",2518200
22100,-50,200,"bu","13:20:48",2517400
22100,-50,1000,"bu","13:20:36",2517200
22050,-100,500,"bu","13:19:51",2516200
22050,-100,200,"bu","13:19:51",2515700
22050,-100,17900,"bu","13:19:51",2515500
22050,-100,100,"bu","13:19:14",2497600
22050,-100,1000,"bu","13:19:04",2497500
22000,-150,1000,"sd","13:18:30",2496500
22000,-150,4000,"sd","13:18:19",2495500
22000,-150,600,"sd","13:18:13",2491500
22000,-150,1900,"sd","13:18:07",2490900
22000,-150,4000,"sd","13:18:04",2489000
22000,-150,2000,"sd","13:17:27",2485000
22050,-100,500,"bu","13:17:19",2483000
22000,-150,600,"sd","13:17:10",2482500
22000,-150,400,"sd","13:17:10",2481900
22050,-100,1000,"bu","13:17:07",2481500
22000,-150,100,"sd","13:17:00",2480500
22050,-100,1000,"bu","13:17:00",2480400
22000,-150,200,"sd","13:16:12",2479400
22000,-150,2000,"sd","13:16:02",2479200
22000,-150,1000,"sd","13:15:55",2477200
22000,-150,1000,"sd","13:15:54",2476200
22000,-150,200,"sd","13:15:33",2475200
22000,-150,10000,"sd","13:15:22",2475000
22000,-150,100,"sd","13:15:22",2465000
22000,-150,2900,"sd","13:15:22",2464900
22000,-150,1000,"sd","13:15:00",2462000
22050,-100,500,"bu","13:14:56",2461000
22050,-100,500,"sd","13:14:43",2460500
22050,-100,10000,"sd","13:14:43",2460000
22050,-100,5000,"sd","13:14:43",2450000
22050,-100,12500,"sd","13:14:43",2445000
22100,-50,1000,"sd","13:13:43",2432500
22100,-50,3300,"sd","13:13:43",2431500
22100,-50,2100,"sd","13:13:43",2428200
22100,-50,1000,"sd","13:13:42",2426100
22100,-50,2000,"sd","13:13:35",2425100
22100,-50,10000,"sd","13:13:19",2423100
22100,-50,1000,"sd","13:13:17",2413100
22150,0,200,"bu","13:13:01",2412100
22150,0,300,"bu","13:13:01",2411900
22150,0,4200,"bu","13:12:51",2411600
22100,-50,3900,"sd","13:12:43",2407400
22100,-50,100,"sd","13:12:43",2403500
22100,-50,3500,"sd","13:12:34",2403400
22100,-50,1500,"sd","13:12:33",2399900
22100,-50,4900,"sd","13:11:54",2398400
22100,-50,4600,"sd","13:11:54",2393500
22100,-50,2500,"sd","13:11:54",2388900
22150,0,200,"bu","13:11:31",2386400
22100,-50,1000,"sd","13:11:25",2386200
22100,-50,1600,"sd","13:11:11",2385200
22100,-50,4900,"sd","13:11:00",2383600
22100,-50,100,"sd","13:11:00",2378700
22100,-50,5000,"sd","13:11:00",2378600
22100,-50,5000,"sd","13:10:52",2373600
22100,-50,2000,"sd","13:10:20",2368600
22100,-50,3000,"sd","13:10:20",2366600
22150,0,200,"bu","13:10:11",2363600
22100,-50,500,"sd","13:10:06",2363400
22100,-50,4200,"sd","13:10:06",2362900
22100,-50,10000,"sd","13:09:26",2358700
22150,0,100,"bu","13:09:11",2348700
22150,0,1000,"bu","13:08:59",2348600
22100,-50,200,"bu","13:08:58",2347600
22100,-50,5000,"bu","13:08:58",2347400
22100,-50,600,"bu","13:08:58",2342400
22000,-150,1100,"sd","13:08:52",2341800
22000,-150,900,"sd","13:08:52",2340700
22000,-150,500,"sd","13:08:07",2339800
22000,-150,1000,"bu","13:07:58",2339300
22000,-150,200,"bu","13:07:58",2338300
22000,-150,500,"bu","13:07:58",2338100
22000,-150,1100,"bu","13:07:58",2337600
22000,-150,500,"bu","13:07:58",2336500
22000,-150,300,"bu","13:07:58",2336000
21950,-200,19300,"bu","13:07:39",2335700
21900,-250,2600,"sd","13:07:36",2316400
21950,-200,200,"bu","13:07:31",2313800
21950,-200,20000,"bu","13:07:25",2313600
21900,-250,1900,"sd","13:07:24",2293600
21900,-250,500,"sd","13:07:24",2291700
21950,-200,500,"bu","13:07:23",2291200
21900,-250,500,"bu","13:07:22",2290700
21900,-250,500,"bu","13:07:22",2290200
21900,-250,500,"bu","13:07:18",2289700
21900,-250,100,"bu","13:07:16",2289200
21900,-250,900,"bu","13:07:10",2289100
21900,-250,100,"bu","13:07:10",2288200
21900,-250,600,"bu","13:07:07",2288100
21900,-250,3000,"bu","13:07:07",2287500
21900,-250,200,"bu","13:07:04",2284500
21900,-250,500,"bu","13:06:57",2284300
21850,-300,200,"sd","13:06:29",2283800
21900,-250,300,"bu","13:06:28",2283600
21900,-250,1000,"bu","13:06:27",2283300
21850,-300,500,"bu","13:05:58",2282300
21850,-300,2000,"bu","13:05:58",2281800
21850,-300,1700,"bu","13:05:58",2279800
21800,-350,100,"sd","13:05:58",2278100
21850,-300,100,"bu","13:05:57",2278000
21850,-300,17300,"bu","13:05:57",2277900
21850,-300,15000,"bu","13:05:49",2260600
21850,-300,500,"bu","13:05:48",2245600
21800,-350,1000,"sd","13:05:47",2245100
21800,-350,200,"sd","13:05:46",2244100
21800,-350,300,"sd","13:05:46",2243900
21850,-300,500,"bu","13:05:45",2243600
21850,-300,300,"bu","13:05:45",2243100
21850,-300,1000,"bu","13:05:45",2242800
21850,-300,10000,"bu","13:05:32",2241800
21850,-300,500,"bu","13:05:31",2231800
21850,-300,500,"bu","13:05:16",2231300
21800,-350,500,"sd","13:04:56",2230800
21800,-350,200,"bu","13:04:47",2230300
21800,-350,3900,"sd","13:04:38",2230100
21800,-350,1900,"bu","13:04:32",2226200
21800,-350,100,"sd","13:04:30",2224300
21800,-350,500,"bu","13:04:21",2224200
21800,-350,1100,"bu","13:04:21",2223700
21800,-350,400,"bu","13:04:17",2222600
21800,-350,500,"bu","13:04:17",2222200
21800,-350,500,"bu","13:04:17",2221700
21800,-350,500,"bu","13:04:17",2221200
21800,-350,500,"bu","13:04:17",2220700
21800,-350,100,"bu","13:04:17",2220200
21800,-350,2700,"bu","13:04:17",2220100
21800,-350,300,"bu","13:04:02",2217400
21750,-400,1000,"sd","13:04:00",2217100
21800,-350,1000,"bu","13:03:57",2216100
21800,-350,400,"bu","13:03:50",2215100
21750,-400,600,"sd","13:03:49",2214700
21750,-400,2300,"sd","13:03:31",2214100
21750,-400,100,"sd","13:03:31",2211800
21750,-400,500,"sd","13:03:31",2211700
21750,-400,5100,"sd","13:03:31",2211200
21750,-400,400,"sd","13:03:11",2206100
21750,-400,2300,"sd","13:03:02",2205700
21750,-400,500,"sd","13:02:56",2203400
21750,-400,1700,"sd","13:02:55",2202900
21750,-400,300,"sd","13:02:55",2201200
21750,-400,200,"bu","13:02:11",2200900
21750,-400,300,"bu","13:02:06",2200700
21750,-400,500,"bu","13:01:56",2200400
21750,-400,1500,"bu","13:01:56",2199900
21750,-400,600,"bu","13:01:43",2198400
21750,-400,400,"bu","13:01:43",2197800
21750,-400,100,"bu","13:01:39",2197400
21700,-450,100,"sd","13:01:39",2197300
21700,-450,100,"sd","13:01:31",2197200
21700,-450,500,"sd","13:01:13",2197100
21700,-450,1800,"sd","13:01:03",2196600
21750,-400,500,"bu","13:00:50",2194800
21700,-450,500,"sd","13:00:30",2194300
21750,-400,100,"bu","13:00:22",2193800
21800,-350,600,"bu","13:00:10",2193700
21750,-400,400,"bu","13:00:10",2193100
21750,-400,100,"sd","13:00:08",2192700
21750,-400,500,"sd","13:00:08",2192600
21750,-400,9500,"sd","13:00:07",2192100
21750,-400,2000,"sd","13:00:07",2182600
21750,-400,2000,"sd","13:00:07",2180600
21750,-400,200,"sd","13:00:07",2178600
21750,-400,500,"sd","13:00:07",2178400
21750,-400,200,"sd","13:00:07",2177900
21750,-400,300,"sd","13:00:07",2177700
21750,-400,100,"sd","13:00:07",2177400
21750,-400,100,"sd","13:00:07",2177300
21750,-400,200,"sd","13:00:07",2177200
21750,-400,300,"sd","13:00:07",2177000
21750,-400,100,"sd","13:00:07",2176700
21750,-400,2000,"sd","13:00:07",2176600
21750,-400,800,"sd","13:00:07",2174600
21750,-400,300,"sd","13:00:07",2173800
21750,-400,200,"sd","13:00:07",2173500
21750,-400,1200,"sd","13:00:07",2173300
21750,-400,20000,"sd","13:00:06",2172100
21750,-400,100,"sd","13:00:05",2152100
21800,-350,2600,"bu","13:00:05",2152000
21750,-400,7000,"sd","13:00:05",2149400
21800,-350,500,"bu","13:00:05",2142400
21800,-350,6900,"bu","13:00:05",2141900
21750,-400,10000,"sd","13:00:02",2135000
21750,-400,500,"sd","13:00:02",2125000
21750,-400,400,"sd","13:00:01",2124500
21750,-400,1000,"sd","13:00:01",2124100
21800,-350,200,"bu","13:00:00",2123100
21750,-400,1000,"sd","11:29:29",2122900
21750,-400,1000,"sd","11:29:10",2121900
21750,-400,100,"sd","11:29:06",2120900
21750,-400,5000,"sd","11:28:53",2120800
21750,-400,2700,"sd","11:28:43",2115800
21750,-400,5000,"sd","11:28:43",2113100
21750,-400,2300,"sd","11:28:43",2108100
21750,-400,2000,"sd","11:28:31",2105800
21800,-350,7900,"bu","11:27:58",2103800
21800,-350,2100,"bu","11:27:58",2095900
21750,-400,2500,"sd","11:27:52",2093800
21800,-350,200,"sd","11:27:43",2091300
21800,-350,100,"sd","11:27:43",2091100
21800,-350,100,"sd","11:27:43",2091000
21800,-350,100,"sd","11:27:43",2090900
21800,-350,3400,"sd","11:27:43",2090800
21800,-350,500,"sd","11:27:25",2087400
21800,-350,1000,"sd","11:27:07",2086900
21800,-350,500,"sd","11:27:00",2085900
21800,-350,100,"sd","11:26:49",2085400
21800,-350,3400,"sd","11:26:21",2085300
21800,-350,1000,"sd","11:26:14",2081900
21800,-350,100,"sd","11:26:09",2080900
21800,-350,28500,"bu","11:25:21",2080800
21800,-350,300,"bu","11:25:21",2052300
21800,-350,1200,"bu","11:25:21",2052000
21750,-400,200,"sd","11:25:20",2050800
21800,-350,2400,"bu","11:25:12",2050600
21800,-350,200,"bu","11:25:12",2048200
21800,-350,2400,"bu","11:25:12",2048000
21800,-350,1000,"bu","11:25:04",2045600
21800,-350,2000,"bu","11:24:18",2044600
21800,-350,2900,"bu","11:23:28",2042600
21750,-400,3000,"sd","11:21:49",2039700
21750,-400,8000,"sd","11:21:49",2036700
21750,-400,2000,"sd","11:21:29",2028700
21800,-350,700,"bu","11:21:12",2026700
21800,-350,1000,"bu","11:21:11",2026000
21800,-350,5000,"sd","11:21:08",2025000
21800,-350,200,"sd","11:21:08",2020000
21800,-350,3000,"sd","11:21:08",2019800
21800,-350,1800,"sd","11:21:08",2016800
21800,-350,100,"sd","11:20:51",2015000
21800,-350,2000,"sd","11:20:29",2014900
21800,-350,1000,"sd","11:20:29",2012900
21800,-350,500,"sd","11:20:29",2011900
21800,-350,500,"sd","11:20:29",2011400
21800,-350,3000,"sd","11:20:29",2010900
21800,-350,100,"sd","11:20:29",2007900
21800,-350,100,"sd","11:20:29",2007800
21800,-350,2000,"sd","11:20:29",2007700
21800,-350,500,"sd","11:20:29",2005700
21800,-350,200,"sd","11:20:29",2005200
21800,-350,100,"sd","11:20:29",2005000
21800,-350,4000,"sd","11:20:29",2004900
21800,-350,1000,"sd","11:20:29",2000900
21800,-350,100,"sd","11:20:29",1999900
21800,-350,200,"sd","11:20:29",1999800
21800,-350,2200,"sd","11:20:29",1999600
21800,-350,1000,"sd","11:20:29",1997400
21800,-350,600,"sd","11:20:29",1996400
21800,-350,900,"sd","11:20:29",1995800
21800,-350,1100,"sd","11:20:06",1994900
21800,-350,100,"sd","11:20:06",1993800
21800,-350,100,"sd","11:20:06",1993700
21800,-350,200,"sd","11:20:06",1993600
21800,-350,2000,"sd","11:20:06",1993400
21800,-350,1500,"sd","11:20:06",1991400
21800,-350,5000,"sd","11:19:31",1989900
21800,-350,2000,"sd","11:19:27",1984900
21800,-350,500,"sd","11:19:09",1982900
21800,-350,5000,"sd","11:18:48",1982400
21800,-350,300,"sd","11:18:48",1977400
21800,-350,300,"sd","11:18:27",1977100
21800,-350,3000,"sd","11:18:24",1976800
21850,-300,5000,"bu","11:17:49",1973800
21850,-300,300,"bu","11:17:30",1968800
21850,-300,1000,"bu","11:17:19",1968500
21850,-300,500,"bu","11:17:19",1967500
21850,-300,20000,"bu","11:17:19",1967000
21850,-300,100,"bu","11:17:19",1947000
21850,-300,10000,"bu","11:17:19",1946900
21850,-300,2100,"bu","11:17:19",1936900
21900,-250,1000,"bu","11:17:16",1934800
21900,-250,1000,"sd","11:16:20",1933800
21900,-250,100,"sd","11:16:20",1932800
21900,-250,200,"sd","11:16:20",1932700
21900,-250,200,"sd","11:16:20",1932500
21900,-250,100,"sd","11:16:19",1932300
21900,-250,1000,"sd","11:16:19",1932200
21900,-250,100,"sd","11:16:19",1931200
21900,-250,4800,"sd","11:16:19",1931100
21900,-250,300,"sd","11:16:19",1926300
21900,-250,1000,"sd","11:16:19",1926000
21900,-250,200,"sd","11:16:19",1925000
21900,-250,30000,"sd","11:16:19",1924800
21900,-250,500,"sd","11:16:19",1894800
21900,-250,100,"sd","11:16:19",1894300
21900,-250,100,"sd","11:16:19",1894200
21900,-250,20000,"sd","11:16:19",1894100
21900,-250,1000,"sd","11:16:19",1874100
21900,-250,100,"sd","11:16:19",1873100
21900,-250,800,"sd","11:16:19",1873000
21900,-250,300,"sd","11:16:19",1872200
21900,-250,1000,"sd","11:16:19",1871900
21900,-250,6900,"sd","11:16:19",1870900
21950,-200,100,"sd","11:16:19",1864000
21950,-200,3600,"sd","11:16:19",1863900
21950,-200,10000,"sd","11:16:11",1860300
22000,-150,200,"bu","11:15:45",1850300
21950,-200,3800,"sd","11:15:44",1850100
21950,-200,5000,"sd","11:15:39",1846300
21950,-200,27600,"sd","11:15:37",1841300
21950,-200,100,"sd","11:15:37",1813700
21950,-200,2300,"sd","11:15:37",1813600
21950,-200,4500,"sd","11:15:34",1811300
21950,-200,1000,"sd","11:15:34",1806800
21950,-200,100,"sd","11:15:34",1805800
21950,-200,1200,"sd","11:15:34",1805700
21950,-200,800,"sd","11:15:29",1804500
21950,-200,200,"sd","11:15:29",1803700
21950,-200,400,"sd","11:15:17",1803500
21950,-200,200,"sd","11:15:17",1803100
21950,-200,400,"sd","11:15:17",1802900
21950,-200,100,"sd","11:15:05",1802500
21950,-200,900,"sd","11:15:05",1802400
21950,-200,200,"sd","11:15:05",1801500
21950,-200,200,"sd","11:14:56",1801300
21950,-200,300,"sd","11:14:56",1801100
21950,-200,2000,"sd","11:14:56",1800800
21950,-200,500,"sd","11:14:56",1798800
21950,-200,1000,"sd","11:14:56",1798300
21950,-200,200,"sd","11:14:56",1797300
21950,-200,800,"sd","11:14:56",1797100
22000,-150,100,"sd","11:14:50",1796300
22000,-150,700,"sd","11:14:50",1796200
22000,-150,1300,"sd","11:14:49",1795500
22000,-150,1200,"sd","11:14:49",1794200
22000,-150,100,"sd","11:14:48",1793000
22000,-150,500,"sd","11:14:48",1792900
22000,-150,50000,"sd","11:14:48",1792400
22000,-150,25000,"sd","11:14:48",1742400
22000,-150,100,"sd","11:14:48",1717400
22000,-150,1000,"sd","11:14:48",1717300
22000,-150,100,"sd","11:14:48",1716300
22000,-150,700,"sd","11:14:48",1716200
22000,-150,200,"sd","11:14:42",1715500
22050,-100,1000,"sd","11:14:06",1715300
22050,-100,1000,"sd","11:14:06",1714300
22100,-50,100,"bu","11:13:34",1713300
22100,-50,300,"bu","11:11:31",1713200
22100,-50,200,"bu","11:11:31",1712900
22100,-50,100,"bu","11:10:39",1712700
22100,-50,100,"bu","11:08:55",1712600
22100,-50,2600,"bu","11:08:44",1712500
22100,-50,100,"bu","11:08:44",1709900
22100,-50,900,"bu","11:08:44",1709800
22050,-100,400,"bu","11:08:44",1708900
22050,-100,100,"sd","11:08:17",1708500
22000,-150,100,"sd","11:07:34",1708400
22000,-150,100,"sd","11:07:34",1708300
22000,-150,200,"sd","11:07:34",1708200
22000,-150,700,"bu","11:02:57",1708000
22000,-150,300,"bu","11:02:57",1707300
22000,-150,300,"bu","11:02:57",1707000
22000,-150,1200,"bu","11:02:57",1706700
22000,-150,5800,"bu","11:02:57",1705500
22000,-150,1000,"bu","11:02:57",1699700
22000,-150,1400,"bu","11:02:57",1698700
21950,-200,1000,"sd","11:02:17",1697300
21950,-200,1000,"sd","11:01:42",1696300
21950,-200,2200,"sd","11:01:27",1695300
21950,-200,500,"sd","11:01:27",1693100
21950,-200,100,"sd","11:01:27",1692600
21950,-200,100,"sd","10:59:53",1692500
22000,-150,700,"bu","10:59:37",1692400
22000,-150,300,"bu","10:59:37",1691700
22000,-150,500,"bu","10:59:12",1691400
22000,-150,100,"bu","10:59:07",1690900
22000,-150,1100,"bu","10:57:21",1690800
22000,-150,900,"bu","10:57:21",1689700
22000,-150,100,"bu","10:57:07",1688800
22000,-150,100,"bu","10:57:07",1688700
21950,-200,800,"sd","10:55:53",1688600
21950,-200,200,"sd","10:55:53",1687800
21950,-200,1000,"sd","10:54:52",1687600
21950,-200,100,"sd","10:54:52",1686600
21950,-200,3900,"sd","10:54:52",1686500
22000,-150,400,"bu","10:54:44",1682600
22000,-150,500,"bu","10:54:44",1682200
22000,-150,2100,"bu","10:54:44",1681700
22000,-150,100,"bu","10:54:12",1679600
22000,-150,900,"bu","10:54:12",1679500
22000,-150,100,"bu","10:54:08",1678600
22000,-150,500,"bu","10:53:23",1678500
22000,-150,2000,"bu","10:53:23",1678000
22000,-150,1000,"sd","10:53:18",1676000
22000,-150,500,"sd","10:53:18",1675000
22000,-150,3500,"sd","10:53:18",1674500
22000,-150,1500,"sd","10:53:09",1671000
22000,-150,500,"sd","10:53:09",1669500
22000,-150,200,"sd","10:53:02",1669000
22000,-150,300,"sd","10:52:35",1668800
22000,-150,300,"sd","10:52:35",1668500
22000,-150,100,"sd","10:52:35",1668200
22000,-150,7800,"sd","10:52:35",1668100
22000,-150,4500,"sd","10:52:35",1660300
22000,-150,700,"sd","10:52:35",1655800
22000,-150,200,"sd","10:52:35",1655100
22000,-150,1000,"sd","10:52:35",1654900
22000,-150,200,"sd","10:52:35",1653900
22000,-150,200,"sd","10:52:35",1653700
22000,-150,100,"sd","10:52:35",1653500
22000,-150,1000,"sd","10:52:35",1653400
22000,-150,1000,"sd","10:52:35",1652400
22000,-150,200,"sd","10:52:35",1651400
22000,-150,100,"sd","10:52:35",1651200
22000,-150,100,"sd","10:52:35",1651100
22000,-150,1000,"sd","10:52:35",1651000
22000,-150,200,"sd","10:52:35",1650000
22050,-100,300,"sd","10:51:50",1649800
22050,-100,500,"sd","10:51:50",1649500
22050,-100,1100,"sd","10:51:50",1649000
22050,-100,1000,"sd","10:51:50",1647900
22050,-100,100,"sd","10:51:50",1646900
22050,-100,300,"sd","10:51:50",1646800
22050,-100,200,"sd","10:51:50",1646500
22050,-100,500,"sd","10:51:50",1646300
22050,-100,1000,"sd","10:51:50",1645800
22100,-50,100,"sd","10:51:29",1644800
22100,-50,3100,"sd","10:51:29",1644700
22100,-50,3700,"sd","10:51:14",1641600
22100,-50,1000,"sd","10:51:14",1637900
22100,-50,300,"sd","10:51:14",1636900
22100,-50,700,"sd","10:51:03",1636600
22100,-50,500,"sd","10:51:03",1635900
22100,-50,100,"sd","10:51:03",1635400
22100,-50,300,"sd","10:51:03",1635300
22100,-50,3400,"sd","10:51:03",1635000
22100,-50,600,"sd","10:50:50",1631600
22100,-50,400,"sd","10:50:50",1631000
22100,-50,1000,"sd","10:50:50",1630600
22100,-50,500,"sd","10:49:50",1629600
22100,-50,500,"sd","10:49:35",1629100
22100,-50,200,"sd","10:49:35",1628600
22100,-50,100,"sd","10:49:35",1628400
22150,0,200,"bu","10:49:30",1628300
22150,0,300,"bu","10:49:21",1628100
22150,0,2000,"bu","10:49:10",1627800
22150,0,1500,"bu","10:49:07",1625800
22150,0,500,"bu","10:49:07",1624300
22150,0,100,"sd","10:48:54",1623800
22150,0,500,"sd","10:48:39",1623700
22150,0,200,"sd","10:48:39",1623200
22150,0,1000,"sd","10:48:39",1623000
22150,0,300,"sd","10:48:39",1622000
22150,0,1600,"sd","10:48:39",1621700
22150,0,3700,"sd","10:48:39",1620100
22150,0,100,"sd","10:48:39",1616400
22150,0,100,"sd","10:48:39",1616300
22150,0,200,"sd","10:48:39",1616200
22150,0,100,"sd","10:48:39",1616000
22150,0,1000,"sd","10:48:39",1615900
22150,0,6200,"sd","10:48:39",1614900
22150,0,500,"sd","10:48:24",1608700
22150,0,300,"sd","10:48:24",1608200
22150,0,4000,"sd","10:48:23",1607900
22150,0,200,"sd","10:48:15",1603900
22200,50,100,"bu","10:47:46",1603700
22200,50,4600,"bu","10:46:47",1603600
22200,50,500,"bu","10:46:47",1599000
22200,50,1000,"bu","10:46:47",1598500
22200,50,3900,"bu","10:46:47",1597500
22150,0,500,"sd","10:46:45",1593600
22150,0,100,"sd","10:46:42",1593100
22150,0,400,"sd","10:46:32",1593000
22150,0,5000,"sd","10:46:12",1592600
22150,0,200,"sd","10:45:58",1587600
22150,0,100,"sd","10:45:42",1587400
22200,50,100,"bu","10:45:37",1587300
22200,50,100,"bu","10:45:37",1587200
22200,50,1400,"bu","10:44:35",1587100
22200,50,200,"bu","10:44:35",1585700
22200,50,200,"bu","10:44:35",1585500
22200,50,500,"bu","10:44:35",1585300
22200,50,500,"bu","10:44:34",1584800
22200,50,500,"bu","10:44:34",1584300
22200,50,9500,"bu","10:44:19",1583800
22200,50,100,"bu","10:44:19",1574300
22200,50,100,"bu","10:44:19",1574200
22150,0,5000,"sd","10:44:04",1574100
22150,0,2000,"sd","10:44:02",1569100
22150,0,1500,"sd","10:43:42",1567100
22150,0,500,"sd","10:43:42",1565600
22200,50,200,"bu","10:43:18",1565100
22200,50,500,"bu","10:43:18",1564900
22200,50,400,"bu","10:42:55",1564400
22200,50,900,"bu","10:42:55",1564000
22200,50,700,"bu","10:42:55",1563100
22200,50,400,"bu","10:42:30",1562400
22150,0,500,"sd","10:42:00",1562000
22150,0,100,"sd","10:42:00",1561500
22150,0,300,"sd","10:42:00",1561400
22150,0,100,"sd","10:42:00",1561100
22150,0,600,"sd","10:42:00",1561000
22150,0,1200,"sd","10:42:00",1560400
22150,0,200,"sd","10:42:00",1559200
22150,0,2000,"sd","10:41:41",1559000
22150,0,2000,"sd","10:41:32",1557000
22150,0,100,"sd","10:41:30",1555000
22150,0,700,"sd","10:40:46",1554900
22150,0,500,"sd","10:40:46",1554200
22150,0,800,"sd","10:40:46",1553700
22150,0,1400,"sd","10:40:46",1552900
22150,0,200,"sd","10:40:46",1551500
22150,0,500,"sd","10:40:32",1551300
22200,50,300,"bu","10:40:29",1550800
22150,0,300,"sd","10:40:24",1550500
22150,0,500,"sd","10:40:24",1550200
22150,0,200,"sd","10:40:24",1549700
22200,50,2000,"bu","10:40:20",1549500
22200,50,200,"bu","10:39:37",1547500
22200,50,100,"bu","10:39:13",1547300
22200,50,100,"bu","10:39:08",1547200
22200,50,200,"bu","10:38:35",1547100
22150,0,1000,"sd","10:38:20",1546900
22200,50,300,"bu","10:36:54",1545900
22200,50,100,"bu","10:36:54",1545600
22200,50,1900,"bu","10:36:03",1545500
22200,50,1500,"bu","10:36:03",1543600
22200,50,100,"bu","10:35:37",1542100
22200,50,100,"bu","10:35:25",1542000
22200,50,300,"bu","10:35:09",1541900
22200,50,200,"bu","10:35:09",1541600
22200,50,200,"bu","10:35:09",1541400
22150,0,1100,"bu","10:35:09",1541200
22150,0,300,"bu","10:35:06",1540100
22150,0,100,"bu","10:34:28",1539800
22100,-50,500,"sd","10:34:00",1539700
22100,-50,1000,"bu","10:33:59",1539200
22100,-50,100,"bu","10:33:59",1538200
22100,-50,900,"bu","10:33:47",1538100
22100,-50,2100,"bu","10:33:47",1537200
22050,-100,300,"sd","10:33:33",1535100
22100,-50,300,"bu","10:33:18",1534800
22100,-50,100,"bu","10:33:16",1534500
22100,-50,2700,"bu","10:33:16",1534400
22050,-100,700,"sd","10:31:49",1531700
22100,-50,2000,"bu","10:31:47",1531000
22100,-50,1000,"bu","10:31:35",1529000
22100,-50,400,"bu","10:31:29",1528000
22100,-50,100,"bu","10:31:23",1527600
22050,-100,100,"sd","10:31:16",1527500
22050,-100,4000,"bu","10:30:58",1527400
22050,-100,900,"bu","10:30:58",1523400
22050,-100,100,"bu","10:30:46",1522500
21950,-200,100,"sd","10:30:39",1522400
22000,-150,1000,"sd","10:30:26",1522300
22000,-150,100,"sd","10:30:26",1521300
22100,-50,300,"bu","10:30:26",1521200
22000,-150,300,"sd","10:30:26",1520900
21950,-200,6000,"sd","10:30:26",1520600
22000,-150,2000,"sd","10:30:26",1514600
22000,-150,500,"sd","10:30:26",1512600
22000,-150,1200,"sd","10:30:26",1512100
22000,-150,1000,"sd","10:30:26",1510900
22000,-150,100,"sd","10:30:26",1509900
22000,-150,100,"sd","10:30:26",1509800
22000,-150,1000,"sd","10:30:26",1509700
22000,-150,200,"sd","10:30:26",1508700
22000,-150,100,"sd","10:30:26",1508500
22000,-150,4900,"sd","10:30:26",1508400
22000,-150,1000,"sd","10:30:26",1503500
22000,-150,100,"sd","10:30:26",1502500
22000,-150,5100,"sd","10:30:26",1502400
22000,-150,200,"sd","10:30:26",1497300
22000,-150,400,"sd","10:30:26",1497100
22000,-150,200,"sd","10:30:26",1496700
22050,-100,500,"sd","10:30:26",1496500
22000,-150,100,"sd","10:30:26",1496000
22050,-100,1000,"sd","10:30:26",1495900
22000,-150,100,"sd","10:30:26",1494900
22050,-100,200,"sd","10:30:26",1494800
22100,-50,200,"sd","10:30:17",1494600
22100,-50,500,"sd","10:30:17",1494400
22100,-50,100,"sd","10:30:17",1493900
22100,-50,200,"sd","10:30:17",1493800
22100,-50,600,"sd","10:30:17",1493600
22100,-50,100,"sd","10:29:41",1493000
22150,0,100,"bu","10:29:39",1492900
22100,-50,300,"sd","10:28:59",1492800
22150,0,100,"bu","10:28:43",1492500
22100,-50,700,"bu","10:28:34",1492400
22100,-50,100,"bu","10:28:34",1491700
22100,-50,100,"bu","10:28:34",1491600
22100,-50,200,"bu","10:28:34",1491500
22100,-50,2400,"bu","10:28:34",1491300
22100,-50,100,"bu","10:28:06",1488900
22100,-50,7500,"sd","10:27:35",1488800
22100,-50,300,"sd","10:27:31",1481300
22100,-50,200,"sd","10:27:26",1481000
22100,-50,300,"sd","10:27:26",1480800
22100,-50,2500,"sd","10:27:26",1480500
22150,0,100,"bu","10:27:21",1478000
22100,-50,1000,"sd","10:27:12",1477900
22100,-50,1500,"sd","10:26:49",1476900
22100,-50,1000,"sd","10:26:49",1475400
22100,-50,100,"sd","10:26:49",1474400
22150,0,500,"sd","10:26:49",1474300
22150,0,9500,"sd","10:26:44",1473800
22150,0,500,"sd","10:26:44",1464300
22200,50,200,"sd","10:26:39",1463800
22200,50,100,"sd","10:26:39",1463600
22200,50,100,"sd","10:26:37",1463500
22250,100,100,"sd","10:26:24",1463400
22300,150,100,"bu","10:25:58",1463300
22300,150,500,"bu","10:25:58",1463200
22250,100,200,"bu","10:25:39",1462700
22250,100,300,"sd","10:25:38",1462500
22300,150,1000,"bu","10:25:25",1462200
22300,150,600,"sd","10:25:19",1461200
22300,150,100,"bu","10:25:17",1460600
22300,150,400,"sd","10:25:05",1460500
22300,150,600,"bu","10:24:55",1460100
22300,150,200,"bu","10:24:46",1459500
22300,150,5000,"sd","10:24:44",1459300
22300,150,1000,"sd","10:24:44",1454300
22300,150,500,"sd","10:24:44",1453300
22300,150,2200,"sd","10:24:44",1452800
22300,150,700,"sd","10:24:42",1450600
22300,150,3400,"sd","10:24:42",1449900
22400,250,200,"bu","10:24:32",1446500
22350,200,100,"bu","10:24:32",1446300
22300,150,1600,"sd","10:24:26",1446200
22300,150,2100,"sd","10:24:26",1444600
22350,200,1000,"sd","10:24:26",1442500
22350,200,300,"sd","10:24:26",1441500
22400,250,200,"bu","10:24:25",1441200
22400,250,1000,"sd","10:24:22",1441000
22400,250,2000,"sd","10:24:22",1440000
22400,250,500,"sd","10:24:22",1438000
22400,250,3600,"sd","10:24:22",1437500
22400,250,2000,"sd","10:24:21",1433900
22400,250,200,"sd","10:24:20",1431900
22400,250,100,"sd","10:24:15",1431700
22400,250,2000,"sd","10:24:13",1431600
22400,250,3000,"sd","10:24:05",1429600
22400,250,2500,"sd","10:24:01",1426600
22400,250,400,"sd","10:23:54",1424100
22400,250,100,"sd","10:23:54",1423700
22450,300,1000,"bu","10:23:51",1423600
22450,300,8900,"sd","10:23:50",1422600
22450,300,4700,"sd","10:23:49",1413700
22450,300,4000,"sd","10:23:47",1409000
22450,300,100,"sd","10:23:46",1405000
22450,300,1000,"sd","10:23:46",1404900
22450,300,500,"bu","10:23:45",1403900
22450,300,800,"bu","10:23:45",1403400
22450,300,1000,"bu","10:23:39",1402600
22450,300,1200,"bu","10:23:33",1401600
22450,300,400,"sd","10:23:22",1400400
22450,300,1600,"sd","10:23:22",1400000
22500,350,1700,"bu","10:23:21",1398400
22500,350,100,"bu","10:23:04",1396700
22450,300,300,"bu","10:22:57",1396600
22450,300,200,"bu","10:22:44",1396300
22400,250,1000,"bu","10:22:33",1396100
22400,250,500,"bu","10:22:33",1395100
22400,250,100,"bu","10:22:33",1394600
22400,250,500,"bu","10:22:33",1394500
22400,250,500,"bu","10:22:33",1394000
22400,250,300,"bu","10:22:33",1393500
22400,250,100,"bu","10:22:30",1393200
22400,250,500,"bu","10:22:20",1393100
22300,150,1000,"sd","10:22:20",1392600
22300,150,900,"sd","10:22:14",1391600
22300,150,2700,"sd","10:22:08",1390700
22300,150,2900,"sd","10:22:08",1388000
22400,250,100,"bu","10:22:05",1385100
22400,250,500,"bu","10:22:05",1385000
22400,250,700,"bu","10:22:05",1384500
22400,250,500,"bu","10:22:05",1383800
22350,200,200,"bu","10:22:05",1383300
22300,150,100,"sd","10:21:36",1383100
22300,150,500,"sd","10:21:36",1383000
22300,150,900,"sd","10:21:36",1382500
22300,150,600,"sd","10:21:09",1381600
22400,250,1600,"sd","10:20:44",1381000
22400,250,300,"sd","10:20:44",1379400
22400,250,100,"sd","10:20:44",1379100
22400,250,2000,"sd","10:20:44",1379000
22400,250,500,"sd","10:20:44",1377000
22500,350,500,"bu","10:20:32",1376500
22500,350,200,"bu","10:20:23",1376000
22500,350,3000,"bu","10:20:03",1375800
22400,250,500,"bu","10:19:54",1372800
22400,250,2000,"bu","10:19:27",1372300
22400,250,1000,"bu","10:19:27",1370300
22400,250,800,"bu","10:19:27",1369300
22350,200,1000,"bu","10:19:27",1368500
22300,150,3000,"bu","10:19:27",1367500
22300,150,2000,"bu","10:19:27",1364500
22300,150,1000,"bu","10:19:27",1362500
22300,150,100,"bu","10:19:27",1361500
22300,150,200,"bu","10:19:27",1361400
22300,150,1000,"bu","10:19:27",1361200
22300,150,700,"bu","10:19:27",1360200
22400,250,6000,"bu","10:19:27",1359500
22200,50,1600,"bu","10:19:27",1353500
22400,250,1000,"bu","10:19:27",1351900
22400,250,5000,"bu","10:19:27",1350400
22200,50,500,"bu","10:19:27",1350900
22200,50,800,"bu","10:19:27",1345400
22200,50,500,"bu","10:19:27",1344600
22200,50,200,"bu","10:19:27",1344100
22200,50,1000,"bu","10:19:27",1343900
22200,50,100,"bu","10:19:27",1342900
22200,50,1200,"bu","10:19:27",1342800
22200,50,2000,"bu","10:19:27",1341600
22200,50,100,"bu","10:19:27",1339600
22200,50,1000,"bu","10:19:27",1339500
22200,50,300,"bu","10:19:27",1338500
22200,50,100,"bu","10:19:27",1338200
22200,50,300,"bu","10:19:27",1338100
22200,50,500,"bu","10:19:27",1337800
22200,50,200,"bu","10:19:27",1337300
22200,50,500,"bu","10:19:27",1337100
22200,50,4300,"bu","10:19:27",1336600
22200,50,500,"bu","10:19:27",1332300
22200,50,300,"bu","10:19:24",1331800
22200,50,7100,"bu","10:19:21",1331500
22200,50,100,"bu","10:19:13",1324400
22200,50,1200,"bu","10:19:10",1324300
22150,0,100,"bu","10:19:10",1323100
22150,0,700,"bu","10:19:10",1323000
22150,0,100,"bu","10:19:08",1322300
22150,0,200,"bu","10:19:07",1322200
22150,0,100,"bu","10:19:07",1322000
22150,0,500,"bu","10:19:07",1321900
22150,0,2000,"bu","10:19:07",1321400
22150,0,1200,"bu","10:19:07",1319400
22150,0,2000,"bu","10:19:02",1318200
22150,0,1000,"bu","10:18:59",1316200
22150,0,500,"bu","10:18:53",1315200
22150,0,300,"bu","10:18:31",1314700
22150,0,9900,"bu","10:18:22",1314400
22150,0,5000,"bu","10:18:22",1304500
22100,-50,500,"bu","10:17:55",1299500
22100,-50,2000,"bu","10:17:52",1299000
22100,-50,400,"bu","10:17:49",1297000
22100,-50,300,"bu","10:17:44",1296600
22100,-50,100,"bu","10:17:39",1296300
22100,-50,1000,"bu","10:17:38",1296200
22050,-100,100,"sd","10:17:30",1295200
22050,-100,100,"sd","10:17:30",1295100
22050,-100,100,"sd","10:17:30",1295000
22100,-50,1000,"sd","10:17:01",1294900
22100,-50,100,"sd","10:17:01",1293900
22100,-50,100,"sd","10:17:01",1293800
22100,-50,400,"bu","10:16:31",1293700
22100,-50,500,"bu","10:16:31",1293300
22050,-100,500,"bu","10:16:12",1292800
22000,-150,600,"sd","10:15:50",1292300
22000,-150,600,"bu","10:15:45",1291700
22000,-150,100,"bu","10:15:45",1291100
22000,-150,1600,"bu","10:15:45",1291000
22000,-150,2000,"bu","10:15:45",1289400
22000,-150,1000,"bu","10:15:45",1287400
22000,-150,1000,"bu","10:15:45",1286400
22000,-150,500,"bu","10:15:45",1285400
22000,-150,3000,"bu","10:15:45",1284900
22000,-150,1000,"bu","10:15:45",1281900
22000,-150,1000,"bu","10:15:45",1280900
22000,-150,500,"bu","10:15:45",1279900
22000,-150,200,"bu","10:15:45",1279400
22000,-150,100,"bu","10:15:45",1279200
22000,-150,200,"bu","10:15:45",1279100
22000,-150,1500,"bu","10:15:45",1278900
22000,-150,1900,"bu","10:15:45",1277400
22000,-150,100,"bu","10:15:45",1275500
22000,-150,500,"bu","10:15:45",1275400
22000,-150,10000,"bu","10:15:45",1274900
22000,-150,1500,"bu","10:15:45",1264900
22000,-150,1000,"bu","10:15:45",1263400
22000,-150,200,"bu","10:15:45",1262400
22000,-150,100,"bu","10:15:45",1262200
22000,-150,500,"bu","10:15:45",1262100
22000,-150,5000,"bu","10:15:45",1261600
22000,-150,1700,"bu","10:15:45",1256600
22000,-150,200,"bu","10:15:45",1254900
22000,-150,5400,"bu","10:15:45",1254700
21950,-200,1400,"sd","10:15:29",1249300
21950,-200,600,"sd","10:15:29",1247900
22000,-150,3000,"bu","10:15:13",1247300
22000,-150,100,"bu","10:15:10",1244300
22000,-150,3800,"bu","10:15:08",1244200
22000,-150,200,"bu","10:14:06",1240400
21950,-200,1000,"sd","10:13:59",1240200
21950,-200,300,"bu","10:13:57",1239200
21950,-200,1000,"bu","10:13:57",1238900
21950,-200,100,"bu","10:13:57",1237900
21900,-250,200,"sd","10:13:51",1237800
21950,-200,900,"bu","10:13:45",1237600
21950,-200,3300,"bu","10:13:45",1236700
21950,-200,800,"bu","10:13:45",1233400
21900,-250,800,"sd","10:13:17",1232600
21900,-250,2000,"sd","10:13:12",1231800
21900,-250,100,"sd","10:13:04",1229800
21950,-200,300,"bu","10:12:18",1229700
21950,-200,500,"bu","10:12:03",1229400
21950,-200,300,"bu","10:11:57",1228900
21950,-200,2000,"bu","10:11:08",1228600
21950,-200,200,"bu","10:10:56",1226600
21950,-200,900,"sd","10:10:34",1226400
21950,-200,5000,"sd","10:10:34",1225500
22000,-150,100,"bu","10:09:48",1220500
22000,-150,100,"bu","10:09:22",1220400
21950,-200,400,"bu","10:09:22",1220300
21950,-200,100,"bu","10:09:15",1219900
21950,-200,9500,"sd","10:09:14",1219800
22000,-150,1000,"bu","10:09:00",1210300
21950,-200,200,"sd","10:08:12",1209300
21950,-200,900,"sd","10:08:12",1209100
21950,-200,500,"bu","10:07:13",1208200
21950,-200,1000,"bu","10:07:13",1207700
21950,-200,20000,"bu","10:07:13",1206700
21950,-200,10000,"bu","10:07:13",1186700
21950,-200,1000,"bu","10:07:13",1176700
21900,-250,2600,"bu","10:07:13",1175700
21900,-250,1000,"bu","10:07:13",1173100
21900,-250,800,"bu","10:07:13",1172100
21900,-250,2500,"bu","10:07:13",1171300
21900,-250,400,"bu","10:07:08",1168800
21900,-250,1000,"bu","10:06:39",1168400
21900,-250,1000,"bu","10:06:16",1167400
21900,-250,100,"bu","10:06:13",1166400
21900,-250,500,"sd","10:06:11",1166300
21900,-250,1000,"sd","10:06:11",1165800
21900,-250,200,"sd","10:06:11",1164800
21900,-250,3300,"sd","10:06:11",1164600
21900,-250,300,"sd","10:05:45",1161300
21900,-250,100,"sd","10:05:31",1161000
21900,-250,300,"sd","10:05:30",1160900
21900,-250,5000,"sd","10:04:48",1160600
21900,-250,1000,"bu","10:03:48",1155600
21950,-200,300,"bu","10:03:33",1154600
21900,-250,1500,"bu","10:03:05",1154300
21900,-250,6200,"bu","10:03:05",1152800
21900,-250,1700,"bu","10:02:34",1146600
21900,-250,12100,"bu","10:02:22",1144900
21900,-250,500,"bu","10:02:22",1132800
21900,-250,800,"bu","10:02:22",1132300
21900,-250,200,"bu","10:02:22",1131500
21900,-250,200,"bu","10:02:22",1131300
21900,-250,500,"bu","10:02:22",1131100
21900,-250,400,"bu","10:02:22",1130600
21900,-250,4800,"bu","10:02:22",1130200
21900,-250,6600,"bu","10:02:22",1125400
21900,-250,400,"bu","10:02:22",1118800
21900,-250,700,"bu","10:02:22",1118400
21900,-250,2800,"bu","10:02:22",1117700
21900,-250,1000,"bu","10:02:20",1114900
21900,-250,100,"bu","10:02:20",1113900
21900,-250,400,"bu","10:01:46",1113800
21900,-250,100,"bu","10:01:39",1113400
21850,-300,1000,"sd","10:00:30",1113300
21850,-300,300,"sd","10:00:11",1112300
21850,-300,100,"sd","10:00:03",1112000
21850,-300,3100,"sd","09:59:52",1111900
21850,-300,300,"bu","09:59:37",1108800
21850,-300,4000,"bu","09:59:37",1108500
21850,-300,5000,"bu","09:59:37",1104500
21850,-300,1000,"bu","09:59:37",1099500
21850,-300,3100,"bu","09:59:37",1098500
21850,-300,100,"bu","09:59:35",1095400
21850,-300,1000,"bu","09:59:34",1095300
21850,-300,100,"bu","09:59:07",1094300
21850,-300,1000,"bu","09:58:55",1094200
21850,-300,400,"bu","09:58:48",1093200
21800,-350,200,"bu","09:58:26",1092800
21800,-350,200,"bu","09:58:26",1092600
21800,-350,200,"bu","09:58:26",1092400
21800,-350,1800,"bu","09:58:26",1092200
21800,-350,200,"bu","09:58:23",1090400
21800,-350,100,"bu","09:58:23",1090200
21800,-350,6000,"bu","09:58:23",1090100
21800,-350,13700,"bu","09:58:23",1084100
21700,-450,2000,"sd","09:58:13",1070400
21800,-350,300,"bu","09:58:12",1068400
21800,-350,3000,"bu","09:58:12",1068100
21800,-350,200,"bu","09:58:12",1065100
21800,-350,2000,"bu","09:58:12",1064900
21800,-350,100,"bu","09:58:12",1062900
21800,-350,3000,"bu","09:58:12",1062800
21800,-350,1400,"bu","09:58:12",1059800
21750,-400,600,"bu","09:57:52",1058400
21750,-400,900,"bu","09:57:50",1057800
21750,-400,100,"bu","09:57:50",1056900
21700,-450,500,"bu","09:57:13",1056800
21700,-450,500,"bu","09:57:09",1056300
21650,-500,6700,"sd","09:57:01",1055800
21650,-500,1000,"sd","09:57:01",1049100
21700,-450,200,"unknown","09:57:01",1048100
21700,-450,200,"unknown","09:57:01",1047900
21700,-450,5000,"unknown","09:57:01",1047700
21700,-450,200,"sd","09:56:55",1042700
21700,-450,300,"sd","09:56:44",1042500
21700,-450,400,"sd","09:56:44",1042200
21700,-450,2300,"sd","09:56:44",1041800
21750,-400,300,"bu","09:56:36",1039500
21750,-400,1000,"bu","09:56:36",1039200
21750,-400,500,"bu","09:56:36",1038200
21750,-400,1500,"bu","09:56:36",1037700
21700,-450,200,"sd","09:56:34",1036200
21700,-450,500,"sd","09:56:25",1036000
21700,-450,2500,"sd","09:56:25",1035500
21700,-450,3500,"sd","09:56:25",1033000
21750,-400,200,"bu","09:56:22",1029500
21700,-450,4000,"sd","09:56:15",1029300
21700,-450,400,"bu","09:56:02",1025300
21700,-450,2000,"bu","09:56:02",1024900
21700,-450,100,"bu","09:56:02",1022900
21700,-450,800,"bu","09:55:57",1022800
21700,-450,100,"bu","09:55:51",1022000
21700,-450,18400,"bu","09:55:46",1021900
21700,-450,100,"bu","09:55:42",1003500
21700,-450,400,"bu","09:55:41",1003400
21700,-450,100,"bu","09:55:40",1003000
21700,-450,500,"sd","09:55:30",1002900
21700,-450,10000,"sd","09:55:30",1002400
21700,-450,300,"sd","09:55:30",992400
21700,-450,200,"sd","09:55:30",992100
21700,-450,5000,"sd","09:55:30",991900
21700,-450,2000,"sd","09:55:24",986900
21700,-450,2800,"bu","09:55:10",984900
21700,-450,1000,"bu","09:54:58",982100
21700,-450,5000,"bu","09:54:47",981100
21700,-450,1000,"sd","09:54:25",976100
21700,-450,200,"sd","09:54:25",975100
21700,-450,100,"sd","09:54:25",974900
21700,-450,500,"sd","09:54:25",974800
21700,-450,100,"sd","09:54:25",974300
21700,-450,1300,"sd","09:54:25",974200
21700,-450,100,"sd","09:54:25",972900
21700,-450,1900,"sd","09:54:25",972800
21700,-450,200,"sd","09:54:24",970900
21700,-450,7900,"sd","09:54:05",970700
21700,-450,100,"sd","09:54:05",962800
21700,-450,100,"sd","09:54:05",962700
21700,-450,100,"sd","09:54:05",962600
21700,-450,6800,"sd","09:54:05",962500
21700,-450,1000,"sd","09:54:04",955700
21750,-400,1300,"bu","09:54:03",954700
21750,-400,3000,"bu","09:54:03",953400
21750,-400,700,"bu","09:54:03",950400
21750,-400,1000,"bu","09:53:55",949700
21750,-400,100,"bu","09:53:52",948700
21750,-400,400,"bu","09:53:40",948600
21750,-400,400,"bu","09:53:35",948200
21700,-450,2200,"sd","09:53:34",947800
21700,-450,500,"sd","09:53:34",945600
21700,-450,1000,"sd","09:53:34",945100
21700,-450,100,"sd","09:53:34",944100
21700,-450,1000,"sd","09:53:34",944000
21700,-450,2000,"sd","09:53:34",943000
21700,-450,100,"sd","09:53:34",941000
21700,-450,100,"sd","09:53:33",940900
21700,-450,3000,"sd","09:53:33",940800
21750,-400,500,"sd","09:53:28",937800
21750,-400,500,"sd","09:53:28",937300
21750,-400,100,"sd","09:53:28",936800
21750,-400,5200,"sd","09:53:28",936700
21750,-400,1000,"sd","09:53:28",931500
21750,-400,100,"sd","09:53:28",930500
21750,-400,6600,"sd","09:53:27",930400
21750,-400,2000,"sd","09:53:15",923800
21750,-400,700,"sd","09:53:10",921800
21750,-400,600,"sd","09:53:08",921100
21750,-400,500,"sd","09:53:08",920500
21750,-400,900,"sd","09:53:08",920000
21750,-400,500,"sd","09:53:02",919100
21800,-350,200,"bu","09:53:00",918600
21800,-350,100,"bu","09:52:56",918400
21750,-400,5000,"sd","09:52:56",918300
21800,-350,100,"bu","09:52:44",913300
21800,-350,400,"bu","09:52:44",913200
21800,-350,1400,"bu","09:52:10",912800
21750,-400,1700,"sd","09:52:09",911400
21750,-400,500,"sd","09:52:08",909700
21750,-400,1000,"sd","09:52:08",909200
21800,-350,100,"bu","09:52:02",908200
21750,-400,400,"sd","09:51:48",908100
21750,-400,200,"sd","09:51:48",907700
21750,-400,400,"sd","09:51:48",907500
21750,-400,500,"sd","09:51:48",907100
21800,-350,100,"bu","09:51:22",906600
21800,-350,200,"bu","09:51:22",906500
21800,-350,4800,"sd","09:51:21",906300
21800,-350,5000,"sd","09:51:17",901500
21800,-350,200,"sd","09:51:16",896500
21800,-350,100,"sd","09:51:16",896300
21800,-350,900,"sd","09:51:05",896200
21800,-350,400,"sd","09:51:05",895300
21800,-350,2000,"sd","09:50:52",894900
21800,-350,1000,"sd","09:50:45",892900
21800,-350,1600,"sd","09:50:41",891900
21800,-350,200,"sd","09:50:41",890300
21800,-350,100,"sd","09:50:41",890100
21800,-350,200,"sd","09:50:41",890000
21800,-350,100,"sd","09:50:41",889800
21800,-350,1800,"sd","09:50:41",889700
21800,-350,8200,"sd","09:50:23",887900
21800,-350,500,"sd","09:50:23",879700
21800,-350,300,"sd","09:50:23",879200
21800,-350,100,"sd","09:50:16",878900
21800,-350,100,"sd","09:50:02",878800
21800,-350,300,"sd","09:49:59",878700
21800,-350,600,"sd","09:49:52",878400
21800,-350,300,"sd","09:49:52",877800
21800,-350,500,"sd","09:49:52",877500
21800,-350,100,"sd","09:49:52",877000
21800,-350,500,"sd","09:49:52",876900
21800,-350,1000,"sd","09:49:23",876400
21850,-300,500,"bu","09:49:18",875400
21850,-300,1000,"bu","09:49:16",874900
21850,-300,2300,"sd","09:48:45",873900
21850,-300,500,"sd","09:48:45",871600
21850,-300,6100,"sd","09:48:45",871100
21850,-300,1000,"sd","09:48:34",865000
21850,-300,2900,"sd","09:48:09",864000
21850,-300,200,"sd","09:48:09",861100
21850,-300,900,"sd","09:48:09",860900
21850,-300,100,"sd","09:47:53",860000
21900,-250,1000,"bu","09:47:36",859900
21900,-250,100,"bu","09:47:24",858900
21900,-250,100,"bu","09:47:18",858800
21900,-250,100,"sd","09:47:07",858700
21900,-250,1000,"sd","09:47:07",858600
21900,-250,1000,"sd","09:47:07",857600
21900,-250,100,"sd","09:47:07",856600
21900,-250,100,"sd","09:47:07",856500
21900,-250,1000,"sd","09:47:07",856400
21900,-250,1100,"sd","09:47:07",855400
21900,-250,500,"sd","09:47:02",854300
21900,-250,3000,"sd","09:47:00",853800
21900,-250,500,"sd","09:46:47",850800
21900,-250,1000,"sd","09:46:46",850300
21900,-250,500,"sd","09:46:40",849300
21900,-250,6400,"sd","09:46:34",848800
21900,-250,500,"sd","09:46:34",842400
21900,-250,10000,"sd","09:46:34",841900
21900,-250,100,"sd","09:46:34",831900
21900,-250,200,"sd","09:46:34",831800
21900,-250,100,"sd","09:46:34",831600
21900,-250,2700,"sd","09:46:34",831500
21900,-250,3000,"sd","09:46:29",828800
21900,-250,200,"sd","09:46:27",825800
21900,-250,100,"sd","09:46:08",825600
21950,-200,1000,"bu","09:46:06",825500
21950,-200,1000,"bu","09:46:05",824500
21950,-200,1000,"sd","09:46:04",823500
21950,-200,1000,"sd","09:46:04",822500
21950,-200,500,"sd","09:46:04",821500
21950,-200,300,"sd","09:46:04",821000
21950,-200,9600,"sd","09:46:04",820700
22000,-150,200,"bu","09:45:54",811100
22000,-150,1000,"bu","09:45:54",810900
22000,-150,100,"bu","09:45:47",809900
22000,-150,1000,"bu","09:45:47",809800
22000,-150,300,"bu","09:45:47",808800
22000,-150,200,"bu","09:45:39",808500
22000,-150,100,"bu","09:45:39",808300
22000,-150,700,"bu","09:45:39",808200
21950,-200,400,"sd","09:45:39",807500
21950,-200,100,"sd","09:45:39",807100
21950,-200,200,"sd","09:45:39",807000
22000,-150,300,"sd","09:45:30",806800
22000,-150,500,"sd","09:45:29",806500
22000,-150,500,"sd","09:45:29",806000
22000,-150,1000,"sd","09:45:13",805500
22000,-150,200,"sd","09:45:05",804500
22000,-150,1000,"bu","09:44:59",804300
22000,-150,1000,"bu","09:44:59",803300
22000,-150,5200,"bu","09:44:59",802300
22000,-150,300,"bu","09:44:59",797100
22000,-150,1000,"bu","09:44:59",796800
22000,-150,3400,"bu","09:44:59",795800
22000,-150,800,"bu","09:44:48",792400
22000,-150,4000,"bu","09:44:30",791600
21950,-200,1000,"sd","09:44:19",787600
22000,-150,100,"bu","09:44:12",786600
22000,-150,100,"bu","09:44:10",786500
22000,-150,1000,"bu","09:44:09",786400
22000,-150,1000,"bu","09:44:06",785400
22000,-150,100,"bu","09:44:04",784400
22000,-150,300,"bu","09:43:48",784300
22000,-150,100,"bu","09:43:43",784000
22000,-150,200,"bu","09:43:40",783900
22000,-150,500,"bu","09:43:40",783700
22000,-150,2000,"bu","09:43:40",783200
22000,-150,2000,"bu","09:43:40",781200
22000,-150,200,"bu","09:43:40",779200
22000,-150,100,"bu","09:43:40",779000
22000,-150,400,"bu","09:43:38",778900
22000,-150,300,"bu","09:43:38",778500
22000,-150,200,"bu","09:43:38",778200
22000,-150,4800,"bu","09:43:30",778000
22000,-150,100,"bu","09:43:30",773200
22000,-150,1000,"bu","09:43:30",773100
22000,-150,10000,"bu","09:43:30",772100
22000,-150,100,"bu","09:43:30",762100
22000,-150,1000,"bu","09:43:30",762000
22000,-150,10000,"bu","09:43:30",761000
22000,-150,400,"bu","09:43:30",751000
22000,-150,500,"bu","09:43:30",750600
22000,-150,100,"bu","09:43:30",750100
22000,-150,3000,"bu","09:43:30",750000
22000,-150,400,"bu","09:43:30",747000
22000,-150,18600,"bu","09:43:30",746600
21950,-200,100,"sd","09:43:14",728000
22000,-150,200,"bu","09:43:03",727900
22000,-150,400,"bu","09:42:57",727700
22000,-150,100,"bu","09:42:11",727300
22000,-150,200,"bu","09:42:09",727200
22000,-150,100,"bu","09:42:07",727000
22000,-150,200,"bu","09:42:06",726900
22000,-150,200,"bu","09:42:03",726700
22000,-150,100,"bu","09:41:47",726500
22000,-150,400,"bu","09:41:36",726400
22000,-150,100,"bu","09:41:26",726000
22000,-150,500,"bu","09:41:20",725900
22000,-150,100,"bu","09:41:11",725400
21950,-200,200,"sd","09:40:32",725300
21950,-200,300,"sd","09:39:08",725100
21950,-200,400,"bu","09:38:54",724800
21950,-200,5000,"bu","09:38:54",724400
21950,-200,400,"bu","09:38:54",719400
21950,-200,1000,"bu","09:38:54",719000
21950,-200,2900,"bu","09:38:54",718000
21900,-250,500,"sd","09:38:46",715100
21900,-250,500,"sd","09:38:42",714600
21900,-250,3000,"bu","09:38:27",714100
21850,-300,2000,"sd","09:38:15",711100
21850,-300,300,"sd","09:38:15",709100
21900,-250,1000,"bu","09:38:05",708800
21900,-250,500,"bu","09:38:04",707800
21900,-250,300,"bu","09:38:04",707300
21900,-250,700,"sd","09:38:03",707000
21900,-250,500,"sd","09:38:03",706300
21900,-250,1600,"sd","09:38:03",705800
21900,-250,400,"sd","09:38:03",704200
21900,-250,1700,"sd","09:38:03",703800
21900,-250,100,"sd","09:38:03",702100
21900,-250,1000,"sd","09:38:03",702000
21900,-250,2000,"sd","09:38:03",701000
21900,-250,2000,"sd","09:38:03",699000
21900,-250,1300,"sd","09:38:03",697000
21900,-250,1000,"sd","09:38:03",695700
21900,-250,100,"sd","09:37:24",694700
21900,-250,100,"sd","09:37:24",694600
21950,-200,1000,"bu","09:37:19",694500
21900,-250,300,"sd","09:37:18",693500
21950,-200,100,"bu","09:37:18",693200
21900,-250,600,"sd","09:37:03",693100
21900,-250,400,"sd","09:37:03",692500
21900,-250,100,"sd","09:36:47",692100
21900,-250,500,"sd","09:36:32",692000
21900,-250,500,"sd","09:36:32",691500
21900,-250,200,"bu","09:35:52",691000
21900,-250,1600,"bu","09:35:47",690800
21900,-250,100,"bu","09:35:40",689200
21900,-250,100,"bu","09:35:25",689100
21900,-250,1000,"bu","09:35:20",689000
21900,-250,500,"bu","09:35:11",688000
21900,-250,500,"bu","09:35:11",687500
21850,-300,500,"sd","09:35:06",687000
21850,-300,100,"sd","09:34:46",686500
21850,-300,400,"sd","09:34:24",686400
21850,-300,700,"sd","09:33:22",686000
21850,-300,100,"sd","09:33:22",685300
21900,-250,1000,"bu","09:33:19",685200
21850,-300,500,"bu","09:32:49",684200
21850,-300,500,"bu","09:32:35",683700
21800,-350,500,"sd","09:32:14",683200
21800,-350,1200,"sd","09:32:02",682700
21800,-350,200,"sd","09:32:02",681500
21850,-300,2000,"sd","09:32:02",677700
21800,-350,3600,"sd","09:32:02",681300
21800,-350,400,"sd","09:31:54",675700
21800,-350,500,"sd","09:31:13",675300
21800,-350,500,"sd","09:31:10",674800
21800,-350,6700,"bu","09:30:52",674300
21800,-350,1000,"bu","09:30:52",667600
21800,-350,1000,"bu","09:30:52",666600
21800,-350,1000,"bu","09:30:52",665600
21800,-350,300,"bu","09:30:52",664600
21750,-400,500,"bu","09:30:49",664300
21700,-450,2000,"sd","09:30:44",663800
21750,-400,500,"bu","09:30:40",661800
21700,-450,1000,"sd","09:30:39",661300
21700,-450,1000,"sd","09:30:29",660300
21700,-450,1000,"sd","09:30:24",659300
21700,-450,2000,"bu","09:30:23",658300
21700,-450,1000,"bu","09:30:23",656300
21700,-450,600,"bu","09:30:23",655300
21700,-450,400,"bu","09:30:19",654700
21700,-450,600,"bu","09:30:19",654300
21700,-450,100,"bu","09:30:14",653700
21700,-450,100,"bu","09:29:53",653600
21700,-450,300,"bu","09:29:50",653500
21700,-450,500,"bu","09:29:34",653200
21550,-600,1200,"bu","09:29:34",652700
21550,-600,500,"bu","09:29:31",651500
21550,-600,1000,"bu","09:29:30",651000
21550,-600,2000,"bu","09:29:27",650000
21550,-600,500,"bu","09:29:25",648000
21550,-600,500,"bu","09:29:22",647500
21550,-600,1000,"bu","09:29:20",647000
21550,-600,100,"bu","09:29:13",646000
21550,-600,1500,"bu","09:29:13",645900
21550,-600,9900,"sd","09:29:12",644400
21550,-600,3000,"sd","09:29:12",634500
21550,-600,2000,"sd","09:29:12",631500
21550,-600,1000,"sd","09:29:12",629500
21550,-600,200,"sd","09:29:12",628500
21550,-600,5000,"sd","09:29:12",628300
21550,-600,100,"sd","09:29:12",623300
21550,-600,3000,"sd","09:29:12",623200
21600,-550,200,"sd","09:29:12",620200
21550,-600,500,"sd","09:29:12",620000
21600,-550,100,"sd","09:29:12",619500
21600,-550,500,"sd","09:29:12",619400
21600,-550,300,"sd","09:29:12",618900
21550,-600,5000,"sd","09:29:12",618600
21600,-550,100,"sd","09:29:12",613600
21600,-550,20100,"sd","09:29:12",613500
21600,-550,5000,"sd","09:29:12",593400
21550,-600,1000,"sd","09:29:12",588400
21600,-550,100,"sd","09:29:12",587400
21550,-600,4000,"sd","09:29:12",587300
21600,-550,4100,"sd","09:29:12",583300
21550,-600,100,"sd","09:29:12",579200
21650,-500,1000,"sd","09:29:12",579100
21550,-600,200,"sd","09:29:12",578100
21650,-500,100,"sd","09:29:12",577900
21550,-600,100,"sd","09:29:12",577800
21550,-600,5000,"sd","09:29:12",577700
21700,-450,100,"bu","09:29:11",572700
21700,-450,100,"bu","09:29:11",572600
21700,-450,600,"bu","09:29:11",572500
21700,-450,300,"bu","09:29:03",571900
21700,-450,2000,"bu","09:28:58",571600
21700,-450,100,"bu","09:28:48",569600
21700,-450,1700,"bu","09:28:48",569500
21650,-500,200,"bu","09:28:48",567800
21600,-550,900,"sd","09:28:32",567600
21600,-550,400,"sd","09:28:32",566700
21600,-550,700,"sd","09:28:32",566300
21600,-550,10000,"bu","09:28:26",565600
21600,-550,700,"bu","09:28:26",555600
21600,-550,3500,"bu","09:28:26",554900
21600,-550,2000,"bu","09:28:26",551400
21600,-550,200,"bu","09:28:26",549400
21600,-550,7900,"bu","09:28:26",549200
21600,-550,2100,"bu","09:28:17",541300
21600,-550,1000,"bu","09:28:17",539200
21600,-550,300,"bu","09:28:17",538200
21600,-550,600,"bu","09:28:17",537900
21550,-600,1500,"sd","09:28:12",537300
21550,-600,2500,"sd","09:28:08",535800
21550,-600,2600,"sd","09:28:01",533300
21550,-600,1000,"sd","09:27:55",530700
21550,-600,2000,"sd","09:27:52",529700
21600,-550,200,"bu","09:27:50",527700
21550,-600,200,"sd","09:27:50",527500
21600,-550,200,"bu","09:27:40",527300
21600,-550,300,"bu","09:27:40",527100
21600,-550,1000,"bu","09:27:38",526800
21600,-550,500,"bu","09:27:34",525800
21550,-600,300,"sd","09:27:26",525300
21550,-600,200,"sd","09:27:21",525000
21550,-600,200,"sd","09:27:19",524800
21500,-650,700,"sd","09:27:07",524600
21500,-650,100,"sd","09:27:07",523900
21500,-650,2000,"sd","09:27:07",523800
21500,-650,2000,"sd","09:27:07",521800
21550,-600,100,"sd","09:27:07",519800
21550,-600,100,"sd","09:27:07",519700
21550,-600,400,"bu","09:27:00",519600
21550,-600,100,"bu","09:26:57",519200
21550,-600,1900,"bu","09:26:57",519100
21500,-650,3000,"sd","09:26:54",517200
21550,-600,100,"bu","09:26:51",514200
21550,-600,200,"bu","09:26:35",514100
21550,-600,700,"sd","09:26:20",513900
21550,-600,100,"sd","09:26:20",513200
21550,-600,2000,"sd","09:26:20",513100
21550,-600,400,"sd","09:26:20",511100
21600,-550,500,"bu","09:26:15",510700
21600,-550,500,"bu","09:26:15",510200
21600,-550,100,"bu","09:26:01",509700
21600,-550,400,"bu","09:25:52",509600
21550,-600,2600,"sd","09:25:46",509200
21550,-600,1000,"sd","09:25:46",506600
21550,-600,100,"sd","09:25:46",505600
21550,-600,200,"sd","09:25:46",505500
21550,-600,100,"sd","09:25:46",505300
21550,-600,1000,"sd","09:25:46",505200
21550,-600,5000,"sd","09:25:46",504200
21600,-550,500,"bu","09:25:37",499200
21600,-550,100,"sd","09:25:33",498700
21600,-550,1000,"sd","09:25:33",498600
21600,-550,1000,"sd","09:25:33",497600
21600,-550,1500,"sd","09:25:33",496600
21600,-550,900,"sd","09:25:33",495100
21700,-450,400,"bu","09:25:26",494200
21600,-550,1000,"sd","09:25:04",493800
21600,-550,300,"sd","09:25:04",492800
21600,-550,1200,"sd","09:25:04",492500
21600,-550,1100,"sd","09:25:04",491300
21600,-550,200,"sd","09:25:04",490200
21600,-550,300,"sd","09:24:58",490000
21600,-550,1500,"sd","09:24:58",489700
21600,-550,6500,"sd","09:24:58",488200
21700,-450,100,"bu","09:24:57",481700
21700,-450,500,"bu","09:24:57",481600
21700,-450,400,"bu","09:24:44",481100
21700,-450,200,"bu","09:24:30",480700
21700,-450,100,"bu","09:24:30",480500
21700,-450,300,"bu","09:24:25",480400
21700,-450,100,"bu","09:24:21",480100
21700,-450,1900,"sd","09:24:15",480000
21700,-450,100,"bu","09:24:15",478100
21700,-450,900,"bu","09:24:14",478000
21700,-450,300,"sd","09:24:13",477100
21700,-450,200,"sd","09:24:13",476800
21700,-450,800,"sd","09:24:12",476600
21700,-450,300,"sd","09:24:12",475800
21700,-450,400,"sd","09:24:12",475500
21700,-450,1000,"sd","09:24:10",475100
21700,-450,500,"sd","09:23:56",474100
21700,-450,100,"sd","09:23:37",473600
21800,-350,200,"bu","09:23:35",473500
21800,-350,3000,"bu","09:23:29",473300
21600,-550,3500,"sd","09:23:22",470300
21600,-550,500,"sd","09:23:22",466800
21600,-550,200,"sd","09:23:22",466300
21600,-550,1000,"sd","09:23:22",466100
21600,-550,100,"sd","09:23:22",465100
21600,-550,1000,"sd","09:23:22",465000
21600,-550,1500,"sd","09:23:22",464000
21600,-550,1000,"sd","09:23:22",462500
21600,-550,3000,"sd","09:23:22",461500
21600,-550,600,"sd","09:23:22",458500
21600,-550,200,"sd","09:23:22",457900
21600,-550,100,"sd","09:23:22",457700
21600,-550,200,"sd","09:23:22",457600
21600,-550,1000,"sd","09:23:22",457400
21600,-550,200,"sd","09:23:22",456400
21600,-550,400,"sd","09:23:22",456200
21600,-550,1000,"sd","09:23:22",455800
21600,-550,100,"sd","09:23:22",454800
21600,-550,20000,"sd","09:23:22",454700
21700,-450,100,"sd","09:23:22",434700
21700,-450,9100,"sd","09:23:22",434600
21700,-450,3000,"sd","09:23:22",425500
21650,-500,5000,"sd","09:23:22",422500
21800,-350,2200,"sd","09:23:22",417500
21650,-500,200,"sd","09:23:22",415300
21800,-350,1100,"sd","09:23:22",415100
21650,-500,500,"sd","09:23:22",414000
21650,-500,100,"sd","09:23:22",413500
21650,-500,200,"sd","09:23:22",413400
21700,-450,200,"sd","09:23:22",413200
21700,-450,1000,"sd","09:23:22",413000
21800,-350,900,"sd","09:23:20",412000
21800,-350,800,"sd","09:23:20",411100
22000,-150,700,"sd","09:23:11",410300
21800,-350,200,"sd","09:23:08",409600
21800,-350,300,"sd","09:23:08",409400
21800,-350,100,"sd","09:23:05",409100
21800,-350,200,"sd","09:23:05",409000
22100,-50,500,"bu","09:23:01",408800
21800,-350,500,"sd","09:22:37",408300
21800,-350,100,"sd","09:22:37",407800
21800,-350,900,"sd","09:22:37",407700
22100,-50,100,"bu","09:22:35",406800
22100,-50,600,"bu","09:22:17",406700
22100,-50,100,"bu","09:22:17",406100
22100,-50,3200,"bu","09:22:17",406000
22050,-100,800,"unknown","09:22:17",402800
22050,-100,1000,"unknown","09:22:17",402000
22050,-100,200,"unknown","09:22:17",401000
22050,-100,900,"unknown","09:22:17",400800
22000,-150,200,"unknown","09:22:17",399900
22000,-150,900,"bu","09:22:16",399700
22000,-150,500,"bu","09:22:16",398800
22000,-150,6700,"bu","09:22:15",398300
22000,-150,400,"bu","09:22:15",391600
22000,-150,500,"sd","09:22:02",391200
22000,-150,100,"sd","09:22:02",390700
22000,-150,1000,"sd","09:22:01",390600
22000,-150,1300,"sd","09:22:01",389600
22000,-150,500,"sd","09:21:55",388300
22000,-150,1000,"sd","09:21:55",387800
22050,-100,100,"bu","09:21:53",386800
22050,-100,400,"bu","09:21:53",386700
22000,-150,2200,"sd","09:21:51",386300
22000,-150,500,"sd","09:21:51",384100
22000,-150,300,"sd","09:21:51",383600
22000,-150,100,"sd","09:21:51",383300
22000,-150,100,"sd","09:21:51",383200
22000,-150,1000,"sd","09:21:51",383100
22000,-150,1000,"sd","09:21:51",382100
22000,-150,200,"sd","09:21:51",381100
22000,-150,4600,"sd","09:21:51",380900
22050,-100,100,"bu","09:21:35",376300
22100,-50,200,"bu","09:21:17",376200
22100,-50,1500,"sd","09:21:16",376000
22100,-50,100,"sd","09:21:16",374500
22150,0,100,"bu","09:21:13",374400
22150,0,500,"bu","09:21:13",374300
22150,0,400,"bu","09:21:13",373800
22100,-50,300,"sd","09:21:08",373400
22150,0,2000,"bu","09:21:08",373100
22150,0,200,"bu","09:21:02",371100
22150,0,400,"bu","09:21:01",370900
22000,-150,400,"sd","09:21:00",370500
22000,-150,100,"sd","09:21:00",370100
22000,-150,100,"sd","09:21:00",370000
22000,-150,1000,"sd","09:21:00",369900
22100,-50,400,"sd","09:21:00",368900
22100,-50,100,"sd","09:21:00",368500
22100,-50,1000,"sd","09:21:00",368400
22100,-50,200,"sd","09:21:00",367400
22100,-50,100,"sd","09:21:00",367200
22100,-50,100,"sd","09:21:00",367100
22100,-50,100,"sd","09:21:00",367000
22100,-50,500,"sd","09:21:00",366900
22150,0,300,"bu","09:20:56",366400
22150,0,100,"bu","09:20:49",366100
22150,0,200,"bu","09:20:48",366000
22150,0,100,"sd","09:20:46",365800
22150,0,2000,"sd","09:20:46",365700
22150,0,1000,"sd","09:20:46",363700
22150,0,1400,"sd","09:20:46",362700
22150,0,500,"sd","09:20:45",361300
22150,0,500,"sd","09:20:45",360800
22150,0,100,"sd","09:20:45",360300
22150,0,100,"sd","09:20:45",360200
22150,0,100,"sd","09:20:45",360100
22150,0,1000,"sd","09:20:45",360000
22150,0,700,"sd","09:20:45",359000
22150,0,300,"sd","09:20:34",358300
22150,0,200,"sd","09:20:34",358000
22200,50,300,"bu","09:20:31",357800
22200,50,2000,"bu","09:20:31",357500
22150,0,200,"sd","09:20:30",355500
22150,0,400,"sd","09:20:30",355300
22200,50,300,"bu","09:20:18",354900
22150,0,100,"sd","09:20:15",354600
22150,0,700,"sd","09:20:15",354500
22150,0,200,"sd","09:20:15",353800
22200,50,300,"bu","09:20:13",353600
22200,50,100,"bu","09:20:13",353300
22150,0,1400,"sd","09:20:09",353200
22150,0,1000,"sd","09:20:09",351800
22150,0,2000,"sd","09:20:09",350800
22150,0,300,"sd","09:20:09",348800
22150,0,300,"sd","09:20:09",348500
22200,50,2000,"bu","09:20:06",348200
22200,50,1500,"bu","09:20:05",346200
22200,50,3000,"bu","09:20:05",344700
22200,50,3000,"bu","09:20:05",341700
22200,50,200,"bu","09:20:05",338700
22200,50,2300,"bu","09:20:05",338500
22200,50,700,"bu","09:19:38",336200
22200,50,1300,"bu","09:19:38",335500
22150,0,1000,"sd","09:19:37",334200
22200,50,1000,"bu","09:19:36",333200
22200,50,100,"bu","09:19:33",332200
22200,50,2600,"bu","09:19:30",332100
22200,50,100,"bu","09:19:30",329500
22200,50,400,"bu","09:19:30",329400
22200,50,8900,"bu","09:19:30",329000
22200,50,1000,"bu","09:19:25",320100
22200,50,200,"bu","09:19:25",319100
22200,50,1000,"bu","09:19:25",318900
22200,50,200,"bu","09:19:19",317900
22200,50,200,"bu","09:19:18",317700
22200,50,5500,"bu","09:19:15",317500
22150,0,700,"sd","09:19:09",312000
22150,0,300,"sd","09:19:09",311300
22200,50,100,"bu","09:18:59",311000
22150,0,500,"sd","09:18:58",310900
22150,0,1000,"sd","09:18:58",310400
22150,0,300,"sd","09:18:58",309400
22150,0,2000,"sd","09:18:58",309100
22150,0,1000,"sd","09:18:58",307100
22150,0,200,"sd","09:18:58",306100
22150,0,800,"sd","09:18:48",305900
22150,0,200,"sd","09:18:48",305100
22150,0,1000,"sd","09:18:48",304900
22150,0,1200,"sd","09:18:48",303900
22200,50,2900,"bu","09:18:38",302700
22200,50,100,"bu","09:18:38",299800
22150,0,200,"bu","09:18:22",299700
22150,0,1100,"bu","09:18:22",299500
22100,-50,300,"sd","09:18:22",298400
22100,-50,2000,"sd","09:18:18",298100
22150,0,900,"bu","09:18:07",296100
22150,0,600,"bu","09:18:07",295200
22150,0,3000,"bu","09:18:07",294600
22150,0,800,"bu","09:18:07",291600
22150,0,1700,"bu","09:18:07",290800
22100,-50,5000,"sd","09:18:02",289100
22100,-50,12200,"bu","09:17:48",284100
22000,-150,1000,"sd","09:17:48",271900
22000,-150,100,"sd","09:17:48",270900
22000,-150,400,"sd","09:17:47",270800
22100,-50,7800,"bu","09:17:43",270400
22100,-50,2000,"bu","09:17:43",262600
22100,-50,200,"bu","09:17:43",260600
22100,-50,100,"bu","09:17:42",260400
22100,-50,500,"bu","09:17:39",260300
22100,-50,300,"bu","09:17:39",259800
22100,-50,1200,"bu","09:17:39",259500
22000,-150,200,"sd","09:17:36",258300
22000,-150,400,"sd","09:17:36",258100
22000,-150,300,"sd","09:17:36",257700
22000,-150,100,"sd","09:17:36",257400
22100,-50,500,"bu","09:17:34",257300
22100,-50,100,"bu","09:17:23",256800
22100,-50,100,"bu","09:17:12",256700
22150,0,200,"bu","09:16:47",256600
21800,-350,100,"sd","09:16:43",256400
22100,-50,500,"sd","09:16:43",256300
22100,-50,3400,"sd","09:16:43",255800
22100,-50,1600,"sd","09:16:42",252400
22150,0,1100,"bu","09:16:37",250800
22150,0,500,"bu","09:16:37",249700
22150,0,6400,"bu","09:16:37",249200
22150,0,500,"bu","09:16:37",242800
22150,0,1500,"bu","09:16:37",242300
21650,-500,5000,"sd","09:16:22",233400
21600,-550,7400,"sd","09:16:22",240800
21700,-450,1000,"sd","09:16:22",228400
21700,-450,3000,"sd","09:16:22",227400
21700,-450,8300,"sd","09:16:22",224400
21800,-350,3000,"sd","09:16:22",216100
21800,-350,100,"sd","09:16:22",213100
21900,-250,1200,"sd","09:16:22",213000
22100,-50,1000,"sd","09:16:22",211800
22150,0,4000,"bu","09:16:11",210800
22150,0,1000,"bu","09:16:11",206800
22150,0,5500,"bu","09:16:11",205800
22000,-150,39500,"bu","09:16:11",200300
22000,-150,1500,"sd","09:16:07",160800
22100,-50,9000,"sd","09:16:07",159300
22100,-50,1000,"sd","09:16:07",150300
22100,-50,1000,"sd","09:16:07",149300
22100,-50,2800,"sd","09:16:07",148300
21800,-350,2900,"sd","09:15:52",145500
21800,-350,100,"sd","09:15:52",142600
21800,-350,10000,"sd","09:15:52",142500
21800,-350,5000,"sd","09:15:52",132500
22000,-150,1500,"sd","09:15:52",127500
22000,-150,1000,"sd","09:15:52",126000
22100,-50,5500,"sd","09:15:52",125000
22100,-50,4500,"bu","09:15:51",119500
22000,-150,5000,"sd","09:15:50",115000
22100,-50,1200,"bu","09:15:47",110000
22100,-50,5000,"bu","09:15:47",108800
22100,-50,3800,"bu","09:15:47",103800
22000,-150,1000,"bu","09:15:45",100000
22000,-150,200,"bu","09:15:45",99000
22000,-150,600,"bu","09:15:45",98800
22000,-150,500,"bu","09:15:45",98200
22000,-150,600,"bu","09:15:45",97700
22000,-150,800,"bu","09:15:45",97100
22000,-150,700,"bu","09:15:45",96300
22100,-50,600,"bu","09:15:45",95600
22000,-150,100,"bu","09:15:41",95000
22000,-150,100,"bu","09:15:41",94900
22000,-150,100,"bu","09:15:26",94800
21600,-550,94700,"unknown","09:14:59",94700
