"price","change","match_qtty","side","time","total_vol"
24500,650,3022800,"bu","14:44:59",25379200
24000,150,1700,"sd","14:29:59",22356400
24050,200,10000,"bu","14:29:59",22354700
24050,200,1000,"bu","14:29:58",22344700
24050,200,1000,"bu","14:29:58",22343700
24000,150,1000,"sd","14:29:57",22342700
24000,150,6800,"sd","14:29:57",22341700
24000,150,200,"sd","14:29:57",22334900
24000,150,500,"sd","14:29:57",22334700
24000,150,5000,"sd","14:29:56",22334200
24000,150,1000,"sd","14:29:56",22329200
24000,150,1000,"sd","14:29:56",22328200
24000,150,3600,"sd","14:29:56",22327200
24000,150,100,"sd","14:29:56",22323600
24000,150,500,"sd","14:29:56",22323500
24000,150,500,"sd","14:29:56",22323000
24000,150,100,"sd","14:29:56",22322500
24000,150,200,"sd","14:29:56",22322400
24000,150,600,"sd","14:29:56",22322200
24000,150,1000,"sd","14:29:56",22321600
24000,150,300,"sd","14:29:56",22320600
24000,150,3000,"sd","14:29:56",22320300
24000,150,100,"sd","14:29:56",22317300
24000,150,1000,"sd","14:29:56",22317200
24050,200,8300,"bu","14:29:55",22316200
24050,200,2800,"bu","14:29:55",22307900
24050,200,2000,"bu","14:29:55",22305100
24050,200,186900,"bu","14:29:55",22303100
24000,150,2000,"sd","14:29:55",22116200
24000,150,1000,"sd","14:29:55",22114200
24000,150,900,"sd","14:29:55",22113200
24000,150,30000,"sd","14:29:55",22112300
24000,150,200,"sd","14:29:55",22082300
24050,200,1800,"bu","14:29:55",22082100
24000,150,900,"sd","14:29:55",22080300
24000,150,10000,"sd","14:29:55",22079400
24000,150,5000,"sd","14:29:55",22069400
24000,150,200,"sd","14:29:54",22064400
24000,150,1000,"sd","14:29:54",22064200
24000,150,700,"sd","14:29:54",22063200
24000,150,100,"sd","14:29:54",22062500
24000,150,100,"sd","14:29:54",22062400
24000,150,1000,"sd","14:29:54",22062300
24000,150,1900,"sd","14:29:54",22061300
24000,150,500,"sd","14:29:53",22059400
24000,150,1000,"sd","14:29:53",22058900
24000,150,600,"sd","14:29:53",22057900
24000,150,400,"sd","14:29:53",22057300
24000,150,100,"sd","14:29:52",22056900
24000,150,800,"sd","14:29:52",22056800
24000,150,100,"sd","14:29:52",22056000
24000,150,400,"sd","14:29:52",22055900
24000,150,300,"sd","14:29:52",22055500
24000,150,300,"sd","14:29:52",22055200
24050,200,300,"bu","14:29:51",22054900
24000,150,4000,"sd","14:29:51",22054600
24000,150,1500,"sd","14:29:50",22050600
24050,200,1000,"bu","14:29:50",22049100
24000,150,1000,"sd","14:29:49",22048100
24050,200,1000,"bu","14:29:49",22047100
24050,200,100,"bu","14:29:48",22046100
24050,200,100,"bu","14:29:48",22046000
24000,150,1000,"sd","14:29:48",22045900
24000,150,500,"sd","14:29:48",22044900
24050,200,4500,"bu","14:29:47",22044400
24000,150,500,"sd","14:29:46",22039900
24050,200,2000,"bu","14:29:46",22039400
24050,200,100,"bu","14:29:45",22037400
24000,150,600,"sd","14:29:43",22037300
24000,150,600,"sd","14:29:43",22036700
24000,150,500,"sd","14:29:43",22036100
24000,150,100,"sd","14:29:43",22035600
24000,150,500,"sd","14:29:43",22035500
24000,150,1000,"sd","14:29:43",22035000
24000,150,200,"sd","14:29:43",22034000
24000,150,300,"sd","14:29:43",22033800
24000,150,200,"sd","14:29:43",22033500
24000,150,100,"sd","14:29:43",22033300
24000,150,100,"sd","14:29:43",22033200
24000,150,100,"sd","14:29:43",22033100
24000,150,100,"sd","14:29:43",22033000
24000,150,1000,"sd","14:29:43",22032900
24000,150,700,"sd","14:29:43",22031900
24000,150,2000,"sd","14:29:43",22031200
24000,150,1000,"sd","14:29:43",22029200
24000,150,900,"sd","14:29:43",22028200
24050,200,200,"bu","14:29:43",22027300
24050,200,2000,"bu","14:29:42",22027100
24050,200,5000,"bu","14:29:42",22025100
24050,200,1900,"bu","14:29:40",22020100
24000,150,500,"sd","14:29:39",22018200
24000,150,8600,"sd","14:29:36",22017700
24000,150,1000,"sd","14:29:36",22009100
24000,150,400,"sd","14:29:36",22008100
24050,200,5000,"bu","14:29:35",22007700
24050,200,10000,"bu","14:29:34",22002700
24050,200,500,"bu","14:29:33",21992700
24050,200,100,"sd","14:29:32",21992200
24050,200,5000,"sd","14:29:32",21992100
24050,200,1000,"sd","14:29:32",21987100
24050,200,500,"sd","14:29:32",21986100
24050,200,1000,"sd","14:29:32",21985600
24050,200,400,"sd","14:29:32",21984600
24050,200,2600,"sd","14:29:31",21984200
24050,200,100,"sd","14:29:31",21981600
24050,200,1000,"sd","14:29:31",21981500
24050,200,2300,"sd","14:29:31",21980500
24100,250,1800,"bu","14:29:30",21978200
24100,250,1000,"bu","14:29:30",21976400
24100,250,3000,"bu","14:29:30",21975400
24100,250,500,"bu","14:29:28",21972400
24100,250,500,"bu","14:29:28",21971900
24100,250,500,"bu","14:29:27",21971400
24050,200,10000,"sd","14:29:25",21970900
24050,200,2100,"sd","14:29:23",21960900
24050,200,4100,"sd","14:29:23",21958800
24050,200,600,"sd","14:29:23",21954700
24050,200,500,"sd","14:29:23",21954100
24050,200,500,"sd","14:29:23",21953600
24050,200,500,"sd","14:29:23",21953100
24050,200,8700,"sd","14:29:23",21952600
24050,200,1000,"sd","14:29:23",21943900
24050,200,600,"sd","14:29:22",21942900
24100,250,4400,"unknown","14:29:22",21942300
24100,250,1000,"sd","14:29:22",21937900
24100,250,10000,"sd","14:29:22",21936900
24100,250,500,"sd","14:29:22",21926900
24100,250,10000,"sd","14:29:21",21926400
24100,250,5000,"sd","14:29:21",21916400
24100,250,1000,"sd","14:29:20",21911400
24100,250,5000,"bu","14:29:20",21910400
24100,250,5700,"bu","14:29:20",21905400
24100,250,1100,"bu","14:29:20",21899700
24100,250,500,"bu","14:29:20",21898600
24100,250,5800,"bu","14:29:20",21898100
24050,200,30000,"sd","14:29:18",21892300
24050,200,300,"sd","14:29:14",21862300
24050,200,300,"sd","14:29:13",21862000
24100,250,1000,"bu","14:29:12",21861700
24050,200,9100,"sd","14:29:11",21860700
24050,200,3000,"sd","14:29:10",21851600
24050,200,2000,"sd","14:29:10",21848600
24050,200,10000,"sd","14:29:10",21846600
24050,200,8900,"sd","14:29:10",21836600
24050,200,200,"sd","14:29:10",21827700
24050,200,500,"sd","14:29:10",21827500
24050,200,100,"sd","14:29:10",21827000
24050,200,100,"sd","14:29:10",21826900
24050,200,800,"sd","14:29:10",21826800
24050,200,1000,"sd","14:29:10",21826000
24050,200,1000,"sd","14:29:10",21825000
24050,200,500,"sd","14:29:10",21824000
24050,200,7600,"sd","14:29:10",21823500
24100,250,3200,"bu","14:29:09",21815900
24100,250,200,"bu","14:29:09",21812700
24100,250,2000,"bu","14:29:09",21812500
24100,250,5000,"bu","14:29:09",21810500
24100,250,2000,"bu","14:29:09",21805500
24100,250,3200,"bu","14:29:09",21803500
24100,250,1000,"bu","14:29:09",21800300
24100,250,4000,"bu","14:29:09",21799300
24100,250,3800,"bu","14:29:09",21795300
24100,250,5000,"bu","14:29:09",21791500
24100,250,10000,"bu","14:29:09",21786500
24100,250,2000,"bu","14:29:09",21776500
24100,250,8600,"bu","14:29:09",21774500
24050,200,3000,"sd","14:29:08",21765900
24050,200,2000,"sd","14:29:08",21762900
24050,200,2300,"sd","14:29:08",21760900
24050,200,500,"sd","14:29:08",21758600
24050,200,1500,"sd","14:29:06",21758100
24050,200,1000,"sd","14:29:06",21756600
24050,200,2300,"sd","14:29:06",21755600
24050,200,3000,"sd","14:29:02",21753300
24050,200,6000,"sd","14:29:00",21750300
24050,200,1500,"sd","14:29:00",21744300
24050,200,5500,"sd","14:28:59",21742800
24050,200,1000,"sd","14:28:57",21737300
24050,200,500,"sd","14:28:54",21736300
24100,250,100,"bu","14:28:54",21735800
24100,250,200,"bu","14:28:52",21735700
24050,200,12300,"sd","14:28:50",21735500
24050,200,500,"sd","14:28:50",21723200
24050,200,500,"sd","14:28:50",21722700
24050,200,300,"sd","14:28:50",21722200
24050,200,2000,"sd","14:28:50",21721900
24050,200,500,"sd","14:28:50",21719900
24050,200,3900,"sd","14:28:50",21719400
24050,200,5000,"sd","14:28:48",21715500
24050,200,16100,"sd","14:28:47",21710500
24050,200,500,"sd","14:28:47",21694400
24050,200,1500,"sd","14:28:47",21693900
24050,200,1000,"sd","14:28:47",21692400
24050,200,900,"sd","14:28:47",21691400
24100,250,1000,"bu","14:28:44",21690500
24100,250,100,"bu","14:28:43",21689500
24150,300,200,"bu","14:28:41",21689400
24150,300,900,"bu","14:28:39",21689200
24150,300,100,"bu","14:28:39",21688300
24050,200,100,"sd","14:28:38",21688200
24050,200,100,"sd","14:28:38",21688100
24050,200,100,"sd","14:28:38",21688000
24100,250,400,"sd","14:28:38",21687900
24100,250,2900,"sd","14:28:38",21687500
24150,300,500,"bu","14:28:36",21684600
24100,250,200,"sd","14:28:34",21684100
24100,250,1500,"sd","14:28:33",21683900
24100,250,4900,"sd","14:28:33",21682400
24100,250,2000,"bu","14:28:32",21677500
24100,250,3100,"bu","14:28:32",21675500
24050,200,100,"sd","14:28:31",21672400
24050,200,400,"sd","14:28:31",21672300
24050,200,600,"sd","14:28:31",21671900
24050,200,2900,"sd","14:28:31",21671300
24050,200,100,"sd","14:28:31",21668400
24100,250,200,"sd","14:28:30",21668300
24050,200,2000,"sd","14:28:26",21668100
24050,200,1600,"sd","14:28:26",21666100
24100,250,200,"sd","14:28:26",21664500
24100,250,800,"sd","14:28:26",21664300
24150,300,400,"sd","14:28:26",21663500
24150,300,200,"sd","14:28:26",21663100
24300,450,1200,"bu","14:28:24",21662900
24250,400,100,"bu","14:28:24",21661700
24250,400,5000,"bu","14:28:24",21661600
24250,400,5000,"bu","14:28:24",21656600
24250,400,500,"bu","14:28:24",21651600
24250,400,500,"bu","14:28:24",21651100
24250,400,100,"bu","14:28:24",21650600
24250,400,400,"bu","14:28:24",21650500
24250,400,200,"bu","14:28:24",21650100
24250,400,500,"bu","14:28:24",21649900
24200,350,1000,"bu","14:28:24",21649400
24200,350,100,"bu","14:28:24",21648400
24200,350,1000,"bu","14:28:24",21648300
24200,350,5000,"bu","14:28:24",21647300
24200,350,500,"bu","14:28:24",21642300
24200,350,200,"bu","14:28:24",21641800
24200,350,5000,"bu","14:28:24",21641600
24200,350,300,"bu","14:28:24",21636600
24200,350,100,"bu","14:28:24",21636300
24200,350,200,"bu","14:28:24",21636200
24150,300,200,"sd","14:28:23",21636000
24150,300,1000,"bu","14:28:23",21635800
24150,300,2000,"bu","14:28:23",21634800
24150,300,1000,"bu","14:28:23",21632800
24150,300,1000,"bu","14:28:23",21631800
24150,300,200,"bu","14:28:23",21630800
24150,300,4000,"bu","14:28:23",21630600
24100,250,100,"sd","14:28:22",21626600
24100,250,100,"sd","14:28:22",21626500
24100,250,100,"sd","14:28:22",21626400
24100,250,100,"sd","14:28:20",21626300
24100,250,100,"sd","14:28:17",21626200
24100,250,100,"sd","14:28:17",21626100
24100,250,400,"sd","14:28:16",21626000
24100,250,200,"sd","14:28:16",21625600
24100,250,1500,"sd","14:28:15",21625400
24100,250,300,"sd","14:28:15",21623900
24100,250,700,"sd","14:28:15",21623600
24100,250,1000,"sd","14:28:14",21622900
24100,250,700,"sd","14:28:12",21621900
24100,250,1000,"sd","14:28:09",21621200
24100,250,1000,"sd","14:28:09",21620200
24100,250,1000,"sd","14:28:08",21619200
24100,250,400,"bu","14:28:07",21618200
24050,200,1900,"sd","14:28:07",21617800
24050,200,1000,"sd","14:28:07",21615900
24050,200,500,"sd","14:28:07",21614900
24050,200,1600,"sd","14:28:07",21614400
24100,250,100,"bu","14:28:06",21612800
24100,250,1000,"bu","14:28:02",21612700
24050,200,100,"sd","14:27:59",21611700
24050,200,100,"sd","14:27:59",21611600
24150,300,1500,"sd","14:27:56",21611500
24150,300,400,"bu","14:27:55",21610000
24150,300,100,"bu","14:27:55",21609600
24150,300,4200,"bu","14:27:55",21609500
24150,300,100,"bu","14:27:55",21605300
24150,300,100,"bu","14:27:55",21605200
24150,300,2000,"bu","14:27:55",21605100
24150,300,1000,"bu","14:27:55",21603100
24150,300,100,"bu","14:27:55",21602100
24150,300,500,"bu","14:27:55",21602000
24050,200,100,"sd","14:27:55",21601500
24050,200,900,"sd","14:27:55",21601400
24050,200,2100,"sd","14:27:54",21600500
24050,200,3000,"sd","14:27:54",21598400
24050,200,5000,"sd","14:27:54",21595400
24050,200,200,"sd","14:27:54",21590400
24100,250,2000,"sd","14:27:54",21590200
24100,250,37700,"sd","14:27:54",21588200
24100,250,400,"sd","14:27:52",21550500
24100,250,7000,"sd","14:27:51",21550100
24150,300,3500,"bu","14:27:51",21543100
24150,300,1500,"bu","14:27:51",21539600
24100,250,1000,"sd","14:27:51",21538100
24100,250,2000,"sd","14:27:49",21537100
24100,250,500,"sd","14:27:46",21535100
24100,250,2000,"sd","14:27:45",21534600
24100,250,200,"sd","14:27:45",21532600
24100,250,5000,"sd","14:27:44",21532400
24100,250,200,"sd","14:27:43",21527400
24100,250,5000,"sd","14:27:42",21527200
24100,250,5000,"bu","14:27:41",21522200
24100,250,1000,"bu","14:27:41",21517200
24100,250,1200,"bu","14:27:41",21516200
24100,250,7200,"bu","14:27:41",21515000
24100,250,3000,"bu","14:27:41",21507800
24100,250,15000,"bu","14:27:41",21504800
24100,250,1000,"bu","14:27:41",21489800
24100,250,1000,"bu","14:27:41",21488800
24100,250,1000,"bu","14:27:41",21487800
24100,250,500,"bu","14:27:41",21486800
24100,250,3000,"bu","14:27:41",21486300
24100,250,100,"bu","14:27:41",21483300
24050,200,4800,"sd","14:27:41",21483200
24050,200,500,"sd","14:27:41",21478400
24050,200,6000,"sd","14:27:41",21477900
24050,200,2000,"sd","14:27:41",21471900
24050,200,1000,"sd","14:27:41",21469900
24050,200,700,"sd","14:27:41",21468900
24100,250,1000,"bu","14:27:40",21468200
24050,200,100,"sd","14:27:40",21467200
24050,200,100,"sd","14:27:40",21467100
24050,200,100,"sd","14:27:39",21467000
24050,200,1000,"sd","14:27:39",21466900
24050,200,2900,"sd","14:27:39",21465900
24050,200,200,"sd","14:27:39",21463000
24050,200,5000,"sd","14:27:36",21462800
24050,200,3000,"sd","14:27:35",21457800
24050,200,300,"sd","14:27:34",21454800
24050,200,25000,"sd","14:27:31",21454500
24100,250,2000,"bu","14:27:31",21429500
24050,200,3000,"sd","14:27:30",21427500
24050,200,200,"sd","14:27:28",21424500
24050,200,8000,"sd","14:27:28",21424300
24050,200,700,"sd","14:27:26",21416300
24100,250,100,"bu","14:27:25",21415600
24100,250,100,"bu","14:27:23",21415500
24050,200,1300,"sd","14:27:20",21415400
24100,250,100,"bu","14:27:19",21414100
24050,200,100,"sd","14:27:18",21414000
24100,250,4600,"bu","14:27:14",21413900
24100,250,4000,"bu","14:27:14",21409300
24100,250,200,"bu","14:27:14",21405300
24050,200,300,"sd","14:27:07",21405100
24050,200,3000,"sd","14:27:07",21404800
24050,200,1000,"sd","14:27:07",21401800
24050,200,200,"sd","14:27:07",21400800
24050,200,300,"sd","14:27:07",21400600
24050,200,100,"sd","14:27:07",21400300
24050,200,1000,"sd","14:27:07",21400200
24050,200,9000,"sd","14:27:07",21399200
24050,200,800,"sd","14:27:07",21390200
24050,200,200,"sd","14:27:07",21389400
24050,200,2500,"sd","14:27:07",21389200
24100,250,1000,"sd","14:27:07",21386700
24100,250,100,"sd","14:27:07",21385700
24100,250,1000,"sd","14:27:07",21385600
24100,250,3500,"sd","14:27:07",21384600
24100,250,100,"sd","14:27:07",21381100
24100,250,2900,"sd","14:27:07",21381000
24100,250,1000,"sd","14:27:07",21378100
24150,300,100,"bu","14:27:07",21377100
24150,300,100,"bu","14:27:05",21377000
24100,250,100,"sd","14:27:05",21376900
24100,250,1000,"sd","14:27:04",21376800
24100,250,700,"sd","14:27:04",21375800
24100,250,300,"sd","14:27:03",21375100
24100,250,700,"sd","14:27:03",21374800
24150,300,1000,"bu","14:27:01",21374100
24100,250,1500,"sd","14:26:58",21373100
24100,250,2000,"sd","14:26:57",21371600
24100,250,3000,"sd","14:26:57",21369600
24100,250,500,"sd","14:26:57",21366600
24100,250,300,"sd","14:26:57",21366100
24100,250,2400,"sd","14:26:57",21365800
24100,250,200,"sd","14:26:57",21363400
24100,250,1300,"sd","14:26:57",21363200
24100,250,1500,"sd","14:26:57",21361900
24100,250,300,"sd","14:26:57",21360400
24100,250,100,"sd","14:26:57",21360100
24100,250,700,"sd","14:26:55",21360000
24100,250,200,"sd","14:26:55",21359300
24100,250,500,"sd","14:26:55",21359100
24100,250,1000,"sd","14:26:55",21358600
24100,250,1000,"sd","14:26:55",21357600
24100,250,100,"sd","14:26:55",21356600
24150,300,1000,"sd","14:26:53",21356500
24150,300,3900,"sd","14:26:53",21355500
24150,300,500,"sd","14:26:51",21351600
24150,300,600,"sd","14:26:50",21351100
24150,300,2000,"sd","14:26:50",21350500
24150,300,400,"sd","14:26:50",21348500
24150,300,200,"sd","14:26:44",21348100
24150,300,500,"sd","14:26:44",21347900
24150,300,100,"sd","14:26:43",21347400
24150,300,800,"bu","14:26:43",21347300
24150,300,100,"bu","14:26:43",21346500
24100,250,100,"sd","14:26:41",21346400
24100,250,100,"sd","14:26:41",21346300
24100,250,600,"sd","14:26:41",21346200
24150,300,100,"bu","14:26:41",21345600
24100,250,400,"sd","14:26:41",21345500
24100,250,100,"sd","14:26:41",21345100
24100,250,1900,"sd","14:26:40",21345000
24100,250,4800,"sd","14:26:40",21343100
24100,250,800,"sd","14:26:34",21338300
24150,300,200,"sd","14:26:34",21337500
24150,300,1000,"bu","14:26:34",21337300
24150,300,800,"bu","14:26:34",21336300
24150,300,5000,"unknown","14:26:29",21335500
24100,250,4400,"sd","14:26:29",21330500
24150,300,7600,"sd","14:26:29",21326100
24150,300,200,"sd","14:26:27",21318500
24150,300,2200,"bu","14:26:25",21318300
24150,300,100,"sd","14:26:23",21316100
24150,300,100,"sd","14:26:23",21316000
24150,300,100,"sd","14:26:23",21315900
24150,300,7500,"sd","14:26:23",21315800
24150,300,600,"sd","14:26:22",21308300
24200,350,1000,"bu","14:26:18",21307700
24150,300,1900,"sd","14:26:18",21306700
24150,300,100,"sd","14:26:18",21304800
24150,300,200,"sd","14:26:18",21304700
24150,300,800,"sd","14:26:18",21304500
24200,350,2000,"bu","14:26:16",21303700
24150,300,9000,"sd","14:26:16",21301700
24150,300,20000,"sd","14:26:16",21292700
24150,300,200,"sd","14:26:11",21272700
24200,350,1000,"bu","14:26:10",21272500
24200,350,2000,"sd","14:26:09",21271500
24200,350,3000,"sd","14:26:09",21269500
24200,350,100,"sd","14:26:09",21266500
24200,350,200,"sd","14:26:09",21266400
24200,350,800,"sd","14:26:09",21266200
24200,350,200,"sd","14:26:09",21265400
24200,350,300,"sd","14:26:09",21265200
24200,350,700,"sd","14:26:09",21264900
24200,350,300,"sd","14:26:09",21264200
24200,350,200,"sd","14:26:09",21263900
24200,350,200,"sd","14:26:09",21263700
24200,350,600,"sd","14:26:09",21263500
24200,350,600,"sd","14:26:09",21262900
24200,350,400,"sd","14:26:08",21262300
24200,350,1900,"sd","14:26:08",21261900
24200,350,200,"sd","14:26:08",21260000
24200,350,500,"sd","14:26:08",21259800
24200,350,2500,"sd","14:26:07",21259300
24200,350,200,"sd","14:26:06",21256800
24200,350,5000,"sd","14:26:05",21256600
24200,350,200,"sd","14:26:01",21251600
24200,350,500,"sd","14:26:00",21251400
24200,350,1100,"sd","14:25:58",21250900
24200,350,200,"sd","14:25:58",21249800
24200,350,700,"sd","14:25:58",21249600
24200,350,300,"sd","14:25:57",21248900
24200,350,1000,"sd","14:25:57",21248600
24200,350,500,"sd","14:25:57",21247600
24200,350,500,"sd","14:25:57",21247100
24200,350,200,"sd","14:25:57",21246600
24200,350,1000,"sd","14:25:57",21246400
24200,350,200,"sd","14:25:57",21245400
24200,350,100,"sd","14:25:57",21245200
24200,350,1200,"sd","14:25:57",21245100
24200,350,1800,"sd","14:25:57",21243900
24200,350,2200,"sd","14:25:57",21242100
24250,400,100,"bu","14:25:52",21239900
24200,350,200,"sd","14:25:51",21239800
24250,400,500,"sd","14:25:48",21239600
24250,400,500,"sd","14:25:48",21239100
24200,350,2600,"sd","14:25:47",21238600
24200,350,500,"sd","14:25:47",21236000
24200,350,1000,"sd","14:25:47",21235500
24250,400,900,"sd","14:25:47",21234500
24250,400,100,"sd","14:25:46",21233600
24250,400,500,"sd","14:25:46",21233500
24250,400,6000,"sd","14:25:46",21233000
24250,400,1000,"sd","14:25:46",21227000
24250,400,2400,"sd","14:25:46",21226000
24250,400,100,"sd","14:25:46",21223600
24250,400,100,"sd","14:25:46",21223500
24250,400,100,"sd","14:25:46",21223400
24250,400,200,"sd","14:25:46",21223300
24250,400,200,"sd","14:25:46",21223100
24250,400,500,"sd","14:25:46",21222900
24250,400,1500,"sd","14:25:44",21222400
24250,400,200,"sd","14:25:44",21220900
24250,400,2500,"sd","14:25:44",21220700
24250,400,500,"sd","14:25:44",21218200
24300,450,1000,"bu","14:25:44",21217700
24250,400,14000,"sd","14:25:44",21216700
24250,400,100,"sd","14:25:42",21202700
24250,400,200,"sd","14:25:42",21202600
24250,400,500,"sd","14:25:42",21202400
24250,400,100,"sd","14:25:42",21201900
24250,400,1000,"sd","14:25:42",21201800
24250,400,4000,"sd","14:25:38",21200800
24250,400,2000,"sd","14:25:37",21196800
24250,400,5000,"sd","14:25:35",21194800
24250,400,5000,"sd","14:25:31",21189800
24250,400,1000,"sd","14:25:31",21184800
24250,400,2600,"sd","14:25:28",21183800
24250,400,11500,"sd","14:25:24",21181200
24250,400,1000,"sd","14:25:24",21169700
24250,400,5000,"sd","14:25:24",21168700
24250,400,2500,"sd","14:25:24",21163700
24300,450,5000,"bu","14:25:24",21161200
24300,450,100,"bu","14:25:24",21156200
24300,450,300,"sd","14:25:22",21156100
24300,450,1700,"sd","14:25:22",21155800
24300,450,1000,"sd","14:25:22",21154100
24300,450,1200,"sd","14:25:22",21153100
24300,450,100,"sd","14:25:22",21151900
24300,450,3000,"sd","14:25:22",21151800
24300,450,1800,"sd","14:25:22",21148800
24300,450,100,"sd","14:25:22",21147000
24300,450,100,"sd","14:25:22",21146900
24300,450,900,"sd","14:25:22",21146800
24300,450,800,"sd","14:25:22",21145900
24300,450,1600,"sd","14:25:18",21145100
24300,450,1700,"sd","14:25:17",21143500
24300,450,1000,"sd","14:25:17",21141800
24300,450,500,"sd","14:25:17",21140800
24300,450,100,"sd","14:25:17",21140300
24300,450,100,"sd","14:25:17",21140200
24300,450,500,"sd","14:25:17",21140100
24300,450,1000,"sd","14:25:17",21139600
24300,450,5000,"sd","14:25:17",21138600
24300,450,100,"sd","14:25:17",21133600
24300,450,500,"sd","14:25:09",21133500
24300,450,100,"sd","14:25:09",21133000
24300,450,400,"sd","14:25:04",21132900
24300,450,200,"sd","14:25:04",21132500
24300,450,300,"sd","14:25:04",21132300
24300,450,300,"sd","14:25:04",21132000
24300,450,1000,"sd","14:25:04",21131700
24300,450,7800,"sd","14:25:04",21130700
24300,450,500,"sd","14:25:04",21122900
24400,550,300,"sd","14:25:02",21122400
24400,550,500,"bu","14:25:01",21122100
24400,550,500,"bu","14:25:01",21121600
24400,550,5000,"bu","14:25:01",21121100
24400,550,3000,"bu","14:25:01",21116100
24400,550,5000,"bu","14:25:01",21113100
24400,550,2700,"bu","14:25:01",21108100
24400,550,2500,"bu","14:25:01",21105400
24400,550,100,"bu","14:25:01",21102900
24400,550,100,"bu","14:25:01",21102800
24400,550,1800,"bu","14:25:01",21102700
24400,550,3000,"bu","14:25:01",21100900
24400,550,500,"bu","14:25:01",21097900
24300,450,500,"sd","14:25:00",21097400
24300,450,1000,"sd","14:24:59",21096900
24300,450,500,"sd","14:24:58",21095900
24400,550,100,"bu","14:24:57",21095400
24300,450,100,"sd","14:24:54",21095300
24300,450,600,"sd","14:24:51",21095200
24300,450,1000,"sd","14:24:51",21094600
24300,450,1000,"sd","14:24:51",21093600
24300,450,1000,"sd","14:24:51",21092600
24300,450,200,"sd","14:24:50",21091600
24300,450,500,"sd","14:24:50",21091400
24300,450,200,"sd","14:24:50",21090900
24300,450,1100,"sd","14:24:50",21090700
24350,500,500,"sd","14:24:50",21089600
24350,500,500,"sd","14:24:50",21089100
24350,500,600,"sd","14:24:50",21088600
24350,500,500,"sd","14:24:50",21088000
24350,500,2000,"sd","14:24:50",21087500
24350,500,100,"sd","14:24:50",21085500
24350,500,300,"sd","14:24:50",21085400
24350,500,5000,"sd","14:24:50",21085100
24350,500,5000,"sd","14:24:50",21080100
24350,500,5000,"sd","14:24:50",21075100
24350,500,500,"sd","14:24:50",21070100
24350,500,500,"sd","14:24:50",21069600
24350,500,1500,"sd","14:24:50",21069100
24350,500,400,"sd","14:24:50",21067600
24350,500,2000,"sd","14:24:50",21067200
24400,550,4200,"bu","14:24:49",21065200
24400,550,2000,"sd","14:24:47",21061000
24400,550,400,"sd","14:24:47",21059000
24400,550,2400,"sd","14:24:47",21058600
24400,550,200,"sd","14:24:47",21056200
24400,550,1000,"sd","14:24:47",21056000
24400,550,900,"sd","14:24:47",21055000
24400,550,100,"sd","14:24:47",21054100
24400,550,7200,"sd","14:24:47",21054000
24400,550,1000,"sd","14:24:47",21046800
24400,550,1000,"sd","14:24:47",21045800
24400,550,100,"sd","14:24:47",21044800
24400,550,3000,"sd","14:24:47",21044700
24400,550,1000,"sd","14:24:47",21041700
24400,550,900,"sd","14:24:47",21040700
24400,550,2000,"sd","14:24:47",21039800
24400,550,1500,"sd","14:24:47",21037800
24400,550,500,"sd","14:24:47",21036300
24400,550,500,"sd","14:24:47",21035800
24400,550,3000,"sd","14:24:47",21035300
24400,550,2000,"sd","14:24:47",21032300
24400,550,1300,"sd","14:24:47",21030300
24400,550,5000,"sd","14:24:46",21029000
24400,550,2100,"sd","14:24:45",21024000
24400,550,3100,"sd","14:24:45",21021900
24400,550,500,"sd","14:24:41",21018800
24400,550,300,"sd","14:24:40",21018300
24400,550,3000,"sd","14:24:40",21018000
24400,550,5000,"sd","14:24:40",21015000
24400,550,1000,"sd","14:24:40",21010000
24400,550,300,"sd","14:24:39",21009000
24400,550,1200,"sd","14:24:38",21008700
24400,550,500,"sd","14:24:33",21007500
24400,550,100,"sd","14:24:31",21007000
24400,550,2500,"sd","14:24:31",21006900
24450,600,1000,"bu","14:24:27",21004400
24400,550,200,"sd","14:24:26",21003400
24400,550,3900,"sd","14:24:26",21003200
24400,550,6100,"sd","14:24:26",20999300
24450,600,400,"sd","14:24:25",20993200
24450,600,18000,"sd","14:24:25",20992800
24500,650,1400,"bu","14:24:23",20974800
24450,600,5000,"sd","14:24:22",20973400
24450,600,1000,"sd","14:24:19",20968400
24500,650,1200,"bu","14:24:10",20967400
24500,650,200,"bu","14:24:10",20966200
24500,650,500,"bu","14:24:10",20966000
24500,650,1100,"bu","14:24:10",20965500
24450,600,1000,"sd","14:24:09",20964400
24450,600,2000,"sd","14:24:09",20963400
24450,600,500,"sd","14:24:09",20961400
24450,600,100,"sd","14:24:09",20960900
24450,600,2000,"sd","14:24:09",20960800
24450,600,200,"sd","14:24:09",20958800
24450,600,100,"sd","14:24:09",20958600
24450,600,2000,"sd","14:24:09",20958500
24500,650,900,"sd","14:24:02",20956500
24500,650,100,"sd","14:24:00",20955600
24500,650,400,"sd","14:24:00",20955500
24500,650,500,"sd","14:24:00",20955100
24500,650,1400,"sd","14:24:00",20954600
24500,650,200,"sd","14:24:00",20953200
24500,650,1000,"sd","14:24:00",20953000
24500,650,100,"sd","14:24:00",20952000
24500,650,500,"sd","14:24:00",20951900
24500,650,1000,"sd","14:24:00",20951400
24500,650,4800,"sd","14:24:00",20950400
24500,650,200,"sd","14:23:58",20945600
24500,650,300,"sd","14:23:57",20945400
24500,650,400,"sd","14:23:57",20945100
24500,650,500,"sd","14:23:57",20944700
24500,650,5000,"sd","14:23:57",20944200
24500,650,200,"sd","14:23:57",20939200
24500,650,700,"sd","14:23:57",20939000
24500,650,1000,"sd","14:23:57",20938300
24500,650,500,"sd","14:23:57",20937300
24500,650,1400,"sd","14:23:57",20936800
24500,650,1500,"sd","14:23:55",20935400
24500,650,400,"sd","14:23:41",20933900
24550,700,1700,"bu","14:23:24",20933500
24550,700,300,"bu","14:23:24",20931800
24500,650,1000,"sd","14:23:21",20931500
24500,650,1700,"sd","14:23:15",20930500
24500,650,200,"sd","14:23:15",20928800
24550,700,500,"bu","14:23:05",20928600
24550,700,1200,"sd","14:23:03",20928100
24550,700,200,"bu","14:22:59",20926900
24550,700,100,"bu","14:22:59",20926700
24550,700,600,"sd","14:22:54",20926600
24550,700,400,"sd","14:22:50",20926000
24550,700,500,"sd","14:22:50",20925600
24550,700,100,"sd","14:22:46",20925100
24550,700,400,"sd","14:22:45",20925000
24550,700,1400,"sd","14:22:45",20924600
24550,700,1000,"sd","14:22:44",20923200
24550,700,200,"sd","14:22:42",20922200
24550,700,1000,"sd","14:22:42",20922000
24550,700,500,"sd","14:22:42",20921000
24550,700,300,"sd","14:22:42",20920500
24550,700,600,"sd","14:22:35",20920200
24550,700,500,"sd","14:22:32",20919600
24550,700,500,"sd","14:22:25",20919100
24550,700,1100,"sd","14:22:21",20918600
24550,700,200,"sd","14:22:21",20917500
24550,700,100,"sd","14:22:20",20917300
24550,700,700,"sd","14:22:17",20917200
24550,700,5000,"sd","14:22:17",20916500
24550,700,100,"sd","14:22:17",20911500
24550,700,100,"sd","14:22:17",20911400
24550,700,2000,"sd","14:22:17",20911300
24550,700,100,"sd","14:22:17",20909300
24550,700,1000,"sd","14:22:17",20909200
24550,700,1000,"sd","14:22:17",20908200
24550,700,200,"sd","14:22:14",20907200
24550,700,1000,"sd","14:22:10",20907000
24600,750,1700,"bu","14:22:05",20906000
24600,750,300,"bu","14:22:02",20904300
24600,750,5000,"bu","14:21:58",20904000
24550,700,300,"sd","14:21:58",20899000
24600,750,600,"bu","14:21:52",20898700
24600,750,4400,"bu","14:21:52",20898100
24600,750,700,"bu","14:21:46",20893700
24600,750,4100,"bu","14:21:46",20893000
24600,750,800,"bu","14:21:46",20888900
24550,700,500,"sd","14:21:46",20888100
24550,700,1000,"sd","14:21:44",20887600
24550,700,5500,"sd","14:21:38",20886600
24550,700,500,"sd","14:21:38",20881100
24500,650,2000,"sd","14:21:37",20880600
24550,700,200,"bu","14:21:36",20878600
24550,700,200,"bu","14:21:36",20878400
24550,700,200,"bu","14:21:36",20878200
24550,700,400,"bu","14:21:36",20878000
24500,650,300,"sd","14:21:28",20877600
24550,700,1100,"bu","14:21:22",20877300
24550,700,200,"bu","14:21:22",20876200
24550,700,100,"bu","14:21:22",20876000
24550,700,100,"bu","14:21:22",20875900
24550,700,2000,"bu","14:21:22",20875800
24550,700,500,"bu","14:21:22",20873800
24550,700,500,"bu","14:21:22",20873300
24550,700,500,"bu","14:21:22",20872800
24500,650,100,"sd","14:21:22",20872300
24500,650,400,"sd","14:21:07",20872200
24500,650,100,"bu","14:21:04",20871800
24500,650,100,"bu","14:21:04",20871700
24500,650,1000,"bu","14:21:04",20871600
24500,650,4000,"bu","14:21:04",20870600
24500,650,200,"bu","14:21:04",20866600
24500,650,2000,"bu","14:21:04",20866400
24500,650,100,"bu","14:21:04",20864400
24500,650,2000,"bu","14:21:04",20864300
24500,650,500,"bu","14:21:04",20862300
24500,650,100,"bu","14:21:04",20861800
24500,650,55000,"bu","14:21:04",20861700
24500,650,1000,"bu","14:21:04",20806700
24500,650,1000,"bu","14:21:04",20805700
24500,650,45000,"bu","14:21:04",20804700
24500,650,12400,"bu","14:21:04",20759700
24500,650,300,"bu","14:21:04",20747300
24500,650,300,"bu","14:21:04",20747000
24500,650,100,"bu","14:21:04",20746700
24500,650,1000,"bu","14:21:04",20746600
24450,600,2000,"bu","14:21:04",20745600
24500,650,3000,"bu","14:21:04",20743600
24450,600,200,"bu","14:21:04",20740600
24450,600,500,"bu","14:21:04",20740400
24450,600,63600,"bu","14:21:04",20739900
24400,550,1200,"sd","14:21:03",20676300
24400,550,3900,"sd","14:21:03",20675100
24400,550,200,"sd","14:21:03",20671200
24400,550,500,"sd","14:21:03",20671000
24400,550,300,"sd","14:21:03",20670500
24400,550,500,"sd","14:21:03",20670200
24400,550,100,"sd","14:21:03",20669700
24400,550,300,"sd","14:21:03",20669600
24400,550,1000,"sd","14:21:03",20669300
24400,550,2000,"sd","14:21:03",20668300
24400,550,2000,"sd","14:21:01",20666300
24450,600,400,"bu","14:21:01",20664300
24400,550,2000,"sd","14:20:58",20663900
24400,550,3600,"sd","14:20:57",20661900
24400,550,13000,"sd","14:20:57",20658300
24400,550,1000,"sd","14:20:54",20645300
24400,550,2200,"sd","14:20:52",20644300
24400,550,2000,"sd","14:20:52",20642100
24400,550,3000,"sd","14:20:52",20640100
24400,550,100,"sd","14:20:52",20637100
24400,550,500,"sd","14:20:52",20637000
24400,550,200,"sd","14:20:52",20636500
24400,550,100,"sd","14:20:52",20636300
24400,550,500,"sd","14:20:52",20636200
24400,550,1000,"sd","14:20:52",20635700
24400,550,200,"sd","14:20:52",20634700
24400,550,200,"sd","14:20:52",20634500
24400,550,100,"sd","14:20:52",20634300
24400,550,100,"sd","14:20:52",20634200
24400,550,1000,"sd","14:20:52",20634100
24400,550,500,"sd","14:20:52",20633100
24400,550,300,"sd","14:20:52",20632600
24400,550,300,"sd","14:20:52",20632300
24400,550,5000,"sd","14:20:52",20632000
24400,550,1000,"sd","14:20:52",20627000
24400,550,1700,"sd","14:20:52",20626000
24400,550,100,"sd","14:20:50",20624300
24400,550,100,"sd","14:20:50",20624200
24400,550,2000,"sd","14:20:44",20624100
24400,550,1000,"sd","14:20:44",20622100
24400,550,600,"sd","14:20:43",20621100
24400,550,3400,"sd","14:20:40",20620500
24400,550,100,"sd","14:20:40",20617100
24400,550,100,"sd","14:20:40",20617000
24400,550,500,"sd","14:20:40",20616900
24400,550,900,"sd","14:20:40",20616400
24400,550,100,"sd","14:20:37",20615500
24400,550,1000,"sd","14:20:37",20615400
24400,550,100,"sd","14:20:37",20614400
24400,550,500,"sd","14:20:37",20614300
24400,550,200,"sd","14:20:37",20613800
24400,550,1100,"sd","14:20:37",20613600
24400,550,400,"sd","14:20:34",20612500
24400,550,200,"sd","14:20:30",20612100
24400,550,100,"sd","14:20:29",20611900
24400,550,3000,"sd","14:20:25",20611800
24400,550,2000,"sd","14:20:22",20608800
24400,550,200,"sd","14:20:15",20606800
24400,550,300,"sd","14:20:15",20606600
24400,550,4200,"sd","14:20:11",20606300
24450,600,900,"bu","14:20:11",20602100
24400,550,300,"sd","14:20:06",20601200
24400,550,3000,"sd","14:20:06",20600900
24400,550,200,"sd","14:20:05",20597900
24450,600,5000,"bu","14:20:05",20597700
24450,600,1200,"bu","14:20:03",20592700
24450,600,800,"bu","14:19:57",20591500
24450,600,500,"bu","14:19:56",20590700
24450,600,100,"sd","14:19:52",20590200
24450,600,300,"sd","14:19:52",20590100
24450,600,5000,"sd","14:19:52",20589800
24450,600,100,"sd","14:19:52",20584800
24450,600,200,"sd","14:19:52",20584700
24450,600,200,"sd","14:19:52",20584500
24450,600,2000,"sd","14:19:52",20584300
24450,600,800,"sd","14:19:52",20582300
24450,600,2000,"sd","14:19:52",20581500
24450,600,5000,"sd","14:19:52",20579500
24450,600,100,"sd","14:19:52",20574500
24450,600,2100,"sd","14:19:52",20574400
24450,600,1600,"sd","14:19:52",20572300
24450,600,2000,"sd","14:19:52",20570700
24450,600,1500,"sd","14:19:52",20568700
24450,600,200,"sd","14:19:52",20567200
24450,600,200,"sd","14:19:52",20567000
24450,600,500,"sd","14:19:52",20566800
24450,600,100,"sd","14:19:52",20566300
24450,600,500,"sd","14:19:52",20566200
24450,600,100,"sd","14:19:52",20565700
24450,600,3000,"sd","14:19:52",20565600
24450,600,1000,"sd","14:19:52",20562600
24500,650,200,"bu","14:19:50",20561600
24450,600,1200,"sd","14:19:49",20561400
24450,600,8300,"sd","14:19:49",20560200
24500,650,100,"bu","14:19:32",20551900
24450,600,6000,"sd","14:19:32",20551800
24450,600,100,"sd","14:19:30",20545800
24500,650,1000,"bu","14:19:29",20545700
24450,600,100,"sd","14:19:25",20544700
24450,600,200,"sd","14:19:23",20544600
24450,600,400,"sd","14:19:23",20544400
24450,600,300,"sd","14:19:22",20544000
24500,650,700,"bu","14:19:22",20543700
24500,650,4000,"bu","14:19:22",20543000
24500,650,3600,"bu","14:19:22",20539000
24500,650,500,"bu","14:19:22",20535400
24500,650,1200,"bu","14:19:22",20534900
24450,600,10100,"sd","14:19:21",20533700
24450,600,1000,"sd","14:19:21",20523600
24450,600,2000,"sd","14:19:21",20522600
24450,600,500,"sd","14:19:21",20520600
24450,600,1000,"sd","14:19:21",20520100
24450,600,9700,"sd","14:19:21",20519100
24450,600,700,"sd","14:19:21",20509400
24450,600,1000,"sd","14:19:18",20508700
24450,600,300,"sd","14:19:13",20507700
24450,600,5000,"sd","14:19:09",20507400
24500,650,800,"bu","14:19:08",20502400
24500,650,2500,"bu","14:19:08",20501600
24500,650,500,"bu","14:19:08",20499100
24500,650,1200,"bu","14:19:08",20498600
24450,600,500,"sd","14:19:00",20497400
24500,650,100,"bu","14:18:59",20496900
24450,600,400,"sd","14:18:55",20496800
24450,600,300,"sd","14:18:52",20496400
24500,650,800,"bu","14:18:47",20496100
24500,650,2000,"bu","14:18:47",20495300
24500,650,3800,"bu","14:18:47",20493300
24500,650,800,"bu","14:18:47",20489500
24500,650,200,"bu","14:18:47",20488700
24500,650,100,"bu","14:18:47",20488500
24450,600,1000,"sd","14:18:44",20488400
24500,650,3000,"bu","14:18:43",20487400
24500,650,1100,"bu","14:18:41",20484400
24500,650,100,"bu","14:18:41",20483300
24500,650,800,"bu","14:18:41",20483200
24450,600,100,"sd","14:18:40",20482400
24500,650,500,"bu","14:18:39",20482300
24500,650,1000,"bu","14:18:39",20481800
24500,650,4800,"bu","14:18:36",20480800
24500,650,200,"bu","14:18:36",20476000
24450,600,700,"sd","14:18:36",20475800
24450,600,500,"sd","14:18:36",20475100
24450,600,800,"sd","14:18:36",20474600
24450,600,200,"sd","14:18:32",20473800
24450,600,200,"sd","14:18:32",20473600
24500,650,500,"bu","14:18:19",20473400
24450,600,1800,"sd","14:18:09",20472900
24450,600,400,"sd","14:18:09",20471100
24450,600,1000,"sd","14:18:09",20470700
24500,650,300,"bu","14:18:01",20469700
24500,650,5000,"bu","14:18:01",20469400
24500,650,30000,"bu","14:18:01",20464400
24500,650,2000,"bu","14:18:01",20434400
24500,650,3000,"bu","14:18:01",20432400
24500,650,500,"bu","14:18:01",20429400
24500,650,3000,"bu","14:18:01",20428900
24500,650,6200,"bu","14:18:01",20425900
24500,650,200,"bu","14:17:56",20419700
24500,650,1000,"bu","14:17:47",20419500
24500,650,1200,"sd","14:17:46",20418500
24500,650,2000,"sd","14:17:46",20417300
24500,650,500,"sd","14:17:46",20415300
24500,650,500,"sd","14:17:46",20414800
24500,650,3000,"sd","14:17:46",20414300
24500,650,500,"sd","14:17:46",20411300
24500,650,2000,"sd","14:17:46",20410800
24500,650,200,"sd","14:17:46",20408800
24500,650,1000,"sd","14:17:46",20408600
24500,650,100,"sd","14:17:46",20407600
24500,650,300,"sd","14:17:46",20407500
24500,650,100,"sd","14:17:46",20407200
24500,650,100,"sd","14:17:46",20407100
24500,650,1000,"sd","14:17:46",20407000
24500,650,700,"sd","14:17:46",20406000
24500,650,500,"sd","14:17:46",20405300
24500,650,1000,"sd","14:17:46",20404800
24500,650,200,"sd","14:17:46",20403800
24500,650,7700,"sd","14:17:46",20403600
24500,650,2300,"sd","14:17:44",20395900
24500,650,200,"sd","14:17:44",20393600
24500,650,5000,"sd","14:17:44",20393400
24500,650,1000,"sd","14:17:44",20388400
24500,650,100,"sd","14:17:44",20387400
24500,650,4000,"sd","14:17:44",20387300
24500,650,100,"sd","14:17:44",20383300
24500,650,2000,"sd","14:17:44",20383200
24500,650,1000,"sd","14:17:44",20381200
24500,650,500,"sd","14:17:44",20380200
24500,650,100,"sd","14:17:44",20379700
24500,650,100,"sd","14:17:44",20379600
24500,650,100,"sd","14:17:44",20379500
24500,650,400,"sd","14:17:44",20379400
24500,650,300,"sd","14:17:44",20379000
24500,650,3000,"sd","14:17:44",20378700
24500,650,100,"sd","14:17:44",20375700
24500,650,100,"sd","14:17:44",20375600
24500,650,100,"sd","14:17:44",20375500
24500,650,9500,"sd","14:17:44",20375400
24500,650,500,"sd","14:17:44",20365900
24500,650,1000,"sd","14:17:44",20365400
24500,650,100,"sd","14:17:44",20364400
24500,650,100,"sd","14:17:44",20364300
24500,650,300,"sd","14:17:44",20364200
24500,650,200,"sd","14:17:43",20363900
24500,650,100,"sd","14:17:43",20363700
24500,650,1600,"sd","14:17:43",20363600
24500,650,300,"sd","14:17:40",20362000
24500,650,3000,"sd","14:17:39",20361700
24500,650,100,"sd","14:17:39",20358700
24500,650,200,"sd","14:17:37",20358600
24500,650,200,"sd","14:17:37",20358400
24500,650,100,"sd","14:17:37",20358200
24500,650,200,"sd","14:17:37",20358100
24500,650,500,"sd","14:17:37",20357900
24500,650,100,"sd","14:17:37",20357400
24500,650,400,"sd","14:17:35",20357300
24500,650,100,"sd","14:17:32",20356900
24500,650,400,"sd","14:17:32",20356800
24500,650,500,"sd","14:17:29",20356400
24500,650,100,"sd","14:17:29",20355900
24500,650,1000,"sd","14:17:29",20355800
24500,650,200,"sd","14:17:29",20354800
24500,650,800,"sd","14:17:29",20354600
24500,650,1600,"sd","14:17:29",20353800
24500,650,200,"sd","14:17:29",20352200
24500,650,500,"sd","14:17:29",20352000
24500,650,2000,"sd","14:17:29",20351500
24500,650,100,"sd","14:17:29",20349500
24550,700,200,"bu","14:17:22",20349400
24550,700,500,"sd","14:17:12",20349200
24550,700,100,"sd","14:17:12",20348700
24600,750,400,"bu","14:17:12",20348600
24550,700,10000,"sd","14:17:09",20348200
24550,700,200,"sd","14:17:09",20338200
24550,700,100,"sd","14:17:09",20338000
24550,700,6500,"sd","14:17:09",20337900
24550,700,200,"sd","14:17:09",20331400
24550,700,5000,"sd","14:17:09",20331200
24550,700,1000,"sd","14:17:09",20326200
24550,700,10000,"sd","14:17:09",20325200
24550,700,500,"sd","14:17:09",20315200
24550,700,1100,"sd","14:17:09",20314700
24550,700,2400,"sd","14:17:08",20313600
24550,700,200,"sd","14:17:08",20311200
24550,700,500,"sd","14:17:08",20311000
24550,700,1900,"sd","14:17:08",20310500
24550,700,600,"sd","14:17:08",20308600
24550,700,7500,"sd","14:17:06",20308000
24550,700,2500,"sd","14:17:06",20300500
24550,700,100,"sd","14:16:57",20298000
24550,700,1400,"sd","14:16:51",20297900
24550,700,3600,"sd","14:16:51",20296500
24550,700,400,"sd","14:16:49",20292900
24550,700,1000,"sd","14:16:46",20292500
24550,700,700,"sd","14:16:46",20291500
24550,700,2000,"sd","14:16:46",20290800
24550,700,1000,"sd","14:16:46",20288800
24550,700,1000,"sd","14:16:46",20287800
24550,700,500,"sd","14:16:46",20286800
24550,700,500,"sd","14:16:46",20286300
24550,700,3300,"sd","14:16:46",20285800
24600,750,1000,"bu","14:16:43",20282500
24550,700,500,"sd","14:16:43",20281500
24550,700,300,"sd","14:16:42",20281000
24600,750,700,"bu","14:16:39",20280700
24600,750,4300,"bu","14:16:39",20280000
24600,750,500,"bu","14:16:37",20275700
24550,700,3400,"sd","14:16:36",20275200
24550,700,200,"sd","14:16:36",20271800
24550,700,1400,"sd","14:16:36",20271600
24550,700,100,"sd","14:16:36",20270200
24550,700,600,"sd","14:16:36",20270100
24550,700,500,"sd","14:16:36",20269500
24550,700,700,"sd","14:16:36",20269000
24550,700,1000,"sd","14:16:36",20268300
24550,700,10000,"sd","14:16:36",20267300
24550,700,1000,"sd","14:16:36",20257300
24550,700,10000,"sd","14:16:36",20256300
24550,700,1000,"sd","14:16:36",20246300
24550,700,5100,"sd","14:16:36",20245300
24600,750,900,"bu","14:16:35",20240200
24600,750,200,"bu","14:16:35",20239300
24600,750,100,"bu","14:16:31",20239100
24600,750,1000,"bu","14:16:31",20239000
24550,700,900,"sd","14:16:30",20238000
24550,700,200,"sd","14:16:30",20237100
24550,700,900,"sd","14:16:30",20236900
24600,750,100,"bu","14:16:27",20236000
24600,750,100,"bu","14:16:25",20235900
24600,750,500,"bu","14:16:22",20235800
24600,750,1000,"bu","14:16:22",20235300
24600,750,500,"sd","14:16:12",20234300
24600,750,800,"sd","14:16:12",20233800
24600,750,100,"sd","14:16:10",20233000
24600,750,2000,"sd","14:16:04",20232900
24600,750,1000,"sd","14:15:59",20230900
24600,750,300,"sd","14:15:57",20229900
24600,750,800,"sd","14:15:57",20229600
24600,750,200,"sd","14:15:57",20228800
24600,750,2000,"sd","14:15:57",20228600
24600,750,100,"sd","14:15:54",20226600
24600,750,400,"sd","14:15:54",20226500
24600,750,200,"sd","14:15:53",20226100
24600,750,1400,"sd","14:15:51",20225900
24600,750,3000,"sd","14:15:49",20224500
24600,750,400,"sd","14:15:49",20221500
24600,750,100,"sd","14:15:49",20221100
24600,750,500,"sd","14:15:49",20221000
24600,750,1000,"sd","14:15:49",20220500
24550,700,100,"sd","14:15:28",20219500
24550,700,100,"sd","14:15:28",20219400
24550,700,14800,"sd","14:15:28",20219300
24600,750,5000,"sd","14:15:28",20204500
24600,750,5000,"sd","14:15:28",20199500
24600,750,1000,"bu","14:15:27",20194500
24600,750,1000,"bu","14:15:27",20193500
24600,750,400,"bu","14:15:27",20192500
24600,750,100,"bu","14:15:26",20192100
24600,750,100,"bu","14:15:25",20192000
24600,750,200,"bu","14:15:24",20191900
24600,750,800,"bu","14:15:24",20191700
24600,750,2200,"bu","14:15:22",20190900
24600,750,300,"bu","14:15:22",20188700
24600,750,800,"bu","14:15:22",20188400
24600,750,100,"bu","14:15:11",20187600
24600,750,100,"bu","14:15:10",20187500
24600,750,900,"bu","14:15:10",20187400
24600,750,4900,"bu","14:15:09",20186500
24600,750,1000,"bu","14:15:09",20181600
24600,750,1100,"bu","14:15:09",20180600
24550,700,400,"sd","14:15:06",20179500
24600,750,1000,"bu","14:15:05",20179100
24600,750,200,"bu","14:14:57",20178100
24600,750,100,"bu","14:14:57",20177900
24600,750,500,"bu","14:14:57",20177800
24600,750,100,"bu","14:14:57",20177300
24600,750,100,"bu","14:14:57",20177200
24550,700,100,"sd","14:14:51",20177100
24600,750,1000,"bu","14:14:47",20177000
24600,750,100,"bu","14:14:46",20176000
24600,750,300,"bu","14:14:46",20175900
24600,750,200,"bu","14:14:46",20175600
24600,750,500,"bu","14:14:46",20175400
24600,750,300,"bu","14:14:46",20174900
24600,750,1500,"bu","14:14:46",20174600
24600,750,1000,"bu","14:14:46",20173100
24600,750,200,"bu","14:14:46",20172100
24600,750,800,"bu","14:14:46",20171900
24600,750,800,"bu","14:14:46",20171100
24600,750,500,"bu","14:14:42",20170300
24550,700,1000,"sd","14:14:37",20169800
24550,700,400,"sd","14:14:36",20168800
24550,700,2300,"sd","14:14:25",20168400
24550,700,7700,"sd","14:14:25",20166100
24550,700,2000,"sd","14:14:24",20158400
24600,750,700,"bu","14:14:21",20156400
24550,700,300,"sd","14:14:14",20155700
24550,700,100,"sd","14:14:14",20155400
24600,750,3000,"bu","14:14:12",20155300
24600,750,3100,"bu","14:14:12",20152300
24600,750,900,"bu","14:13:56",20149200
24600,750,100,"bu","14:13:54",20148300
24600,750,400,"bu","14:13:52",20148200
24600,750,500,"bu","14:13:49",20147800
24600,750,500,"bu","14:13:49",20147300
24600,750,300,"bu","14:13:44",20146800
24600,750,1200,"bu","14:13:42",20146500
24600,750,100,"bu","14:13:42",20145300
24600,750,100,"bu","14:13:42",20145200
24600,750,100,"bu","14:13:42",20145100
24600,750,100,"bu","14:13:42",20145000
24600,750,100,"bu","14:13:42",20144900
24600,750,100,"bu","14:13:42",20144800
24600,750,3000,"bu","14:13:42",20144700
24600,750,200,"bu","14:13:42",20141700
24600,750,100,"bu","14:13:42",20141500
24550,700,3000,"sd","14:13:41",20141400
24550,700,5000,"sd","14:13:38",20138400
24550,700,5000,"sd","14:13:35",20133400
24600,750,3000,"bu","14:13:34",20128400
24550,700,400,"sd","14:13:34",20125400
24550,700,6500,"sd","14:13:30",20125000
24550,700,500,"sd","14:13:30",20118500
24550,700,1700,"sd","14:13:30",20118000
24550,700,1700,"sd","14:13:30",20116300
24550,700,300,"sd","14:13:30",20114600
24550,700,400,"sd","14:13:30",20114300
24550,700,1500,"sd","14:13:30",20113900
24550,700,200,"sd","14:13:25",20112400
24550,700,300,"sd","14:13:23",20112200
24550,700,500,"sd","14:13:18",20111900
24550,700,500,"sd","14:13:16",20111400
24550,700,800,"sd","14:13:16",20110900
24550,700,1200,"sd","14:13:08",20110100
24550,700,3000,"sd","14:13:08",20108900
24550,700,500,"sd","14:13:08",20105900
24550,700,2300,"sd","14:13:08",20105400
24600,750,600,"bu","14:13:06",20103100
24550,700,200,"sd","14:13:06",20102500
24550,700,500,"sd","14:13:06",20102300
24550,700,100,"sd","14:13:04",20101800
24600,750,200,"bu","14:13:01",20101700
24600,750,500,"bu","14:12:58",20101500
24550,700,1800,"sd","14:12:57",20101000
24550,700,200,"sd","14:12:57",20099200
24550,700,500,"sd","14:12:57",20099000
24600,750,500,"bu","14:12:56",20098500
24550,700,1000,"sd","14:12:52",20098000
24550,700,100,"sd","14:12:49",20097000
24550,700,400,"bu","14:12:46",20096900
24550,700,600,"bu","14:12:46",20096500
24550,700,100,"bu","14:12:45",20095900
24550,700,1300,"bu","14:12:45",20095800
24550,700,700,"bu","14:12:43",20094500
24550,700,3000,"bu","14:12:43",20093800
24550,700,3000,"bu","14:12:40",20090800
24550,700,500,"bu","14:12:38",20087800
24550,700,700,"sd","14:12:38",20087300
24550,700,500,"sd","14:12:38",20086600
24550,700,300,"sd","14:12:38",20086100
24550,700,400,"sd","14:12:31",20085800
24550,700,300,"sd","14:12:30",20085400
24550,700,300,"sd","14:12:30",20085100
24550,700,500,"sd","14:12:30",20084800
24550,700,900,"sd","14:12:30",20084300
24550,700,200,"sd","14:12:29",20083400
24550,700,1100,"sd","14:12:18",20083200
24550,700,400,"sd","14:12:18",20082100
24550,700,1000,"sd","14:12:18",20081700
24550,700,100,"sd","14:12:18",20080700
24550,700,10000,"sd","14:12:18",20080600
24550,700,2500,"sd","14:12:18",20070600
24550,700,300,"sd","14:12:18",20068100
24550,700,400,"sd","14:12:18",20067800
24550,700,1000,"sd","14:12:18",20067400
24550,700,200,"sd","14:12:18",20066400
24550,700,3000,"sd","14:12:18",20066200
24550,700,500,"sd","14:12:16",20063200
24600,750,700,"bu","14:12:12",20062700
24550,700,400,"sd","14:12:11",20062000
24550,700,1100,"sd","14:12:07",20061600
24550,700,900,"sd","14:12:07",20060500
24550,700,1100,"sd","14:12:00",20059600
24550,700,2000,"sd","14:12:00",20058500
24550,700,100,"sd","14:12:00",20056500
24550,700,1500,"sd","14:12:00",20056400
24550,700,300,"sd","14:12:00",20054900
24600,750,500,"bu","14:11:57",20054600
24600,750,800,"bu","14:11:51",20054100
24600,750,2900,"bu","14:11:51",20053300
24600,750,100,"bu","14:11:51",20050400
24600,750,1200,"bu","14:11:51",20050300
24600,750,800,"bu","14:11:51",20049100
24600,750,300,"bu","14:11:49",20048300
24550,700,500,"sd","14:11:46",20048000
24550,700,1200,"sd","14:11:43",20047500
24550,700,400,"sd","14:11:43",20046300
24550,700,200,"sd","14:11:43",20045900
24550,700,500,"sd","14:11:43",20045700
24550,700,500,"sd","14:11:43",20045200
24550,700,300,"sd","14:11:43",20044700
24550,700,1000,"sd","14:11:43",20044400
24550,700,900,"sd","14:11:43",20043400
24600,750,800,"bu","14:11:43",20042500
24550,700,500,"sd","14:11:42",20041700
24550,700,400,"sd","14:11:40",20041200
24550,700,300,"sd","14:11:39",20040800
24550,700,1400,"sd","14:11:37",20040500
24550,700,1000,"sd","14:11:37",20039100
24550,700,400,"sd","14:11:37",20038100
24550,700,500,"sd","14:11:37",20037700
24550,700,5000,"sd","14:11:37",20037200
24550,700,100,"sd","14:11:37",20032200
24550,700,200,"sd","14:11:37",20032100
24550,700,400,"sd","14:11:37",20031900
24600,750,1900,"bu","14:11:31",20031500
24600,750,100,"bu","14:11:31",20029600
24600,750,100,"bu","14:11:31",20029500
24600,750,1000,"bu","14:11:31",20029400
24600,750,400,"bu","14:11:31",20028400
24600,750,1000,"bu","14:11:31",20028000
24600,750,800,"bu","14:11:30",20027000
24600,750,200,"bu","14:11:30",20026200
24550,700,500,"sd","14:11:30",20026000
24550,700,500,"sd","14:11:30",20025500
24550,700,500,"sd","14:11:25",20025000
24550,700,300,"sd","14:11:25",20024500
24550,700,4000,"sd","14:11:25",20024200
24550,700,500,"sd","14:11:25",20020200
24550,700,700,"sd","14:11:25",20019700
24550,700,4000,"sd","14:11:25",20019000
24550,700,1000,"sd","14:11:24",20015000
24600,750,100,"bu","14:11:23",20014000
24600,750,100,"bu","14:11:23",20013900
24550,700,100,"sd","14:11:11",20013800
24550,700,1000,"sd","14:11:10",20013700
24550,700,1000,"sd","14:11:07",20012700
24600,750,1100,"bu","14:11:04",20011700
24600,750,3000,"bu","14:11:04",20010600
24600,750,500,"bu","14:11:04",20007600
24600,750,400,"bu","14:11:04",20007100
24550,700,1500,"sd","14:10:51",20006700
24550,700,300,"sd","14:10:48",20005200
24600,750,200,"bu","14:10:45",20004900
24550,700,100,"sd","14:10:45",20004700
24550,700,300,"sd","14:10:42",20004600
24600,750,900,"bu","14:10:30",20004300
24600,750,500,"bu","14:10:30",20003400
24600,750,100,"bu","14:10:30",20002900
24600,750,500,"bu","14:10:30",20002800
24550,700,700,"sd","14:10:23",20002300
24550,700,300,"sd","14:10:23",20001600
24550,700,200,"sd","14:10:09",20001300
24550,700,800,"sd","14:10:09",20001100
24550,700,100,"sd","14:10:04",20000300
24550,700,400,"sd","14:10:04",20000200
24550,700,100,"sd","14:09:58",19999800
24550,700,100,"sd","14:09:57",19999700
24600,750,5000,"bu","14:09:57",19999600
24550,700,400,"sd","14:09:56",19994600
24550,700,2000,"sd","14:09:51",19994200
24550,700,1000,"sd","14:09:51",19992200
24550,700,1000,"sd","14:09:39",19991200
24550,700,2000,"sd","14:09:39",19990200
24550,700,100,"sd","14:09:35",19988200
24550,700,1000,"sd","14:09:35",19988100
24550,700,8900,"sd","14:09:35",19987100
24550,700,200,"bu","14:09:29",19978200
24550,700,900,"bu","14:09:29",19978000
24500,650,1000,"sd","14:09:28",19977100
24550,700,100,"bu","14:09:24",19976100
24550,700,100,"bu","14:09:24",19976000
24550,700,400,"bu","14:09:22",19975900
24550,700,5000,"bu","14:09:22",19975500
24550,700,500,"bu","14:09:22",19970500
24550,700,1100,"bu","14:09:22",19970000
24550,700,1200,"bu","14:09:22",19968900
24550,700,1800,"bu","14:09:22",19967700
24550,700,500,"bu","14:09:18",19965900
24550,700,1000,"bu","14:09:18",19965400
24550,700,1100,"bu","14:09:18",19964400
24550,700,500,"bu","14:09:16",19963300
24550,700,5100,"bu","14:09:12",19962800
24550,700,200,"bu","14:09:12",19957700
24550,700,2000,"bu","14:09:12",19957500
24550,700,2700,"bu","14:09:12",19955500
24550,700,2000,"bu","14:09:12",19952800
24500,650,200,"sd","14:09:11",19950800
24500,650,500,"sd","14:09:11",19950600
24550,700,5300,"bu","14:09:09",19950100
24550,700,500,"bu","14:09:09",19944800
24550,700,4200,"bu","14:09:09",19944300
24550,700,10000,"bu","14:09:07",19940100
24500,650,300,"sd","14:09:05",19930100
24500,650,200,"sd","14:08:56",19929800
24500,650,1000,"sd","14:08:56",19929600
24500,650,100,"sd","14:08:56",19928600
24500,650,1700,"sd","14:08:56",19928500
24550,700,2000,"bu","14:08:55",19926800
24550,700,1000,"bu","14:08:53",19924800
24550,700,500,"bu","14:08:49",19923800
24500,650,100,"sd","14:08:49",19923300
24500,650,1000,"sd","14:08:22",19923200
24550,700,200,"bu","14:08:18",19922200
24500,650,400,"sd","14:08:13",19922000
24500,650,500,"sd","14:08:11",19921600
24500,650,1200,"sd","14:08:11",19921100
24500,650,100,"sd","14:08:10",19919900
24500,650,100,"sd","14:07:56",19919800
24500,650,600,"sd","14:07:56",19919700
24500,650,400,"sd","14:07:54",19919100
24500,650,200,"sd","14:07:54",19918700
24500,650,500,"sd","14:07:54",19918500
24500,650,400,"sd","14:07:54",19918000
24500,650,500,"sd","14:07:54",19917600
24550,700,2100,"bu","14:07:54",19917100
24550,700,900,"bu","14:07:54",19915000
24550,700,1000,"bu","14:07:46",19914100
24600,750,700,"bu","14:07:45",19913100
24550,700,300,"bu","14:07:45",19912400
24550,700,100,"bu","14:07:45",19912100
24550,700,800,"bu","14:07:45",19912000
24600,750,1400,"bu","14:07:45",19911200
24550,700,100,"bu","14:07:45",19909800
24550,700,300,"bu","14:07:45",19909700
24550,700,100,"bu","14:07:45",19909400
24550,700,900,"bu","14:07:45",19909300
24550,700,100,"bu","14:07:45",19908400
24550,700,1000,"bu","14:07:45",19908300
24550,700,800,"bu","14:07:40",19907300
24550,700,100,"sd","14:07:33",19906500
24550,700,1000,"sd","14:07:30",19906400
24550,700,5000,"sd","14:07:29",19905400
24550,700,200,"sd","14:07:29",19900400
24550,700,1000,"sd","14:07:29",19900200
24550,700,1000,"sd","14:07:29",19899200
24550,700,1000,"sd","14:07:29",19898200
24550,700,1000,"sd","14:07:29",19897200
24550,700,800,"sd","14:07:29",19896200
24550,700,200,"sd","14:07:22",19895400
24550,700,100,"sd","14:07:22",19895200
24550,700,100,"sd","14:07:22",19895100
24600,750,100,"sd","14:07:19",19895000
24600,750,200,"sd","14:07:19",19894900
24600,750,100,"sd","14:07:19",19894700
24600,750,100,"sd","14:07:19",19894600
24600,750,1000,"sd","14:07:19",19894500
24600,750,700,"sd","14:07:19",19893500
24600,750,2500,"sd","14:07:19",19892800
24600,750,2000,"sd","14:07:19",19890300
24600,750,500,"sd","14:07:19",19888300
24600,750,200,"sd","14:07:19",19887800
24600,750,100,"sd","14:07:19",19887600
24600,750,300,"sd","14:07:19",19887500
24600,750,200,"sd","14:07:19",19887200
24600,750,1000,"sd","14:07:19",19887000
24600,750,3000,"sd","14:07:19",19886000
24600,750,100,"sd","14:07:19",19883000
24600,750,300,"sd","14:07:19",19882900
24600,750,700,"sd","14:07:17",19882600
24600,750,100,"sd","14:07:17",19881900
24600,750,4200,"sd","14:07:17",19881800
24600,750,10000,"sd","14:07:13",19877600
24600,750,5000,"sd","14:07:11",19867600
24600,750,1000,"sd","14:07:10",19862600
24600,750,5000,"sd","14:07:10",19861600
24600,750,7400,"sd","14:07:10",19856600
24600,750,1000,"sd","14:07:10",19849200
24650,800,100,"bu","14:07:09",19848200
24600,750,1000,"sd","14:07:09",19848100
24600,750,9300,"sd","14:07:07",19847100
24600,750,5000,"sd","14:07:04",19837800
24600,750,1000,"sd","14:07:03",19832800
24600,750,100,"sd","14:06:56",19831800
24650,800,100,"bu","14:06:45",19831700
24650,800,1000,"bu","14:06:44",19831600
24650,800,200,"sd","14:06:43",19830600
24650,800,1000,"sd","14:06:43",19830400
24650,800,1500,"sd","14:06:43",19829400
24650,800,300,"sd","14:06:43",19827900
24650,800,2000,"sd","14:06:43",19827600
24650,800,300,"sd","14:06:43",19825600
24650,800,200,"sd","14:06:43",19825300
24650,800,3000,"sd","14:06:43",19825100
24650,800,700,"sd","14:06:43",19822100
24650,800,5000,"sd","14:06:42",19821400
24650,800,1200,"sd","14:06:41",19816400
24650,800,300,"sd","14:06:37",19815200
24650,800,20000,"sd","14:06:37",19814900
24650,800,2000,"sd","14:06:35",19794900
24650,800,4000,"sd","14:06:35",19792900
24650,800,300,"sd","14:06:30",19788900
24700,850,1100,"bu","14:06:29",19788600
24700,850,500,"bu","14:06:29",19787500
24700,850,300,"bu","14:06:29",19787000
24700,850,1000,"bu","14:06:29",19786700
24700,850,2000,"bu","14:06:29",19785700
24700,850,4300,"bu","14:06:29",19783700
24700,850,100,"bu","14:06:29",19779400
24700,850,200,"bu","14:06:29",19779300
24700,850,5000,"bu","14:06:29",19779100
24700,850,3000,"bu","14:06:29",19774100
24700,850,1000,"bu","14:06:29",19771100
24700,850,500,"bu","14:06:29",19770100
24700,850,1000,"bu","14:06:29",19769600
24650,800,100,"sd","14:06:28",19768600
24650,800,100,"sd","14:06:27",19768500
24650,800,1000,"sd","14:06:26",19768400
24650,800,1000,"sd","14:06:22",19767400
24650,800,400,"sd","14:06:21",19766400
24650,800,9000,"sd","14:06:20",19766000
24650,800,500,"sd","14:06:19",19757000
24650,800,1400,"sd","14:06:12",19756500
24650,800,500,"sd","14:06:12",19755100
24650,800,500,"sd","14:06:12",19754600
24650,800,100,"sd","14:06:12",19754100
24650,800,500,"sd","14:06:12",19754000
24700,850,100,"bu","14:06:09",19753500
24700,850,500,"bu","14:06:07",19753400
24700,850,900,"bu","14:06:03",19752900
24700,850,100,"bu","14:06:03",19752000
24700,850,200,"bu","14:06:03",19751900
24700,850,2700,"sd","14:05:59",19751700
24700,850,2300,"sd","14:05:58",19749000
24700,850,100,"sd","14:05:58",19746700
24700,850,500,"sd","14:05:58",19746600
24700,850,2000,"sd","14:05:58",19746100
24700,850,300,"sd","14:05:58",19744100
24700,850,300,"sd","14:05:58",19743800
24700,850,500,"sd","14:05:58",19743500
24700,850,300,"sd","14:05:58",19743000
24700,850,800,"sd","14:05:58",19742700
24700,850,600,"sd","14:05:58",19741900
24700,850,300,"sd","14:05:58",19741300
24700,850,700,"sd","14:05:57",19741000
24700,850,1000,"sd","14:05:57",19740300
24700,850,2000,"sd","14:05:57",19739300
24700,850,400,"sd","14:05:57",19737300
24700,850,900,"sd","14:05:57",19736900
24700,850,300,"sd","14:05:57",19736000
24700,850,800,"sd","14:05:57",19735700
24700,850,200,"sd","14:05:57",19734900
24700,850,100,"sd","14:05:57",19734700
24700,850,400,"sd","14:05:57",19734600
24700,850,100,"sd","14:05:56",19734200
24700,850,3000,"sd","14:05:56",19734100
24700,850,800,"sd","14:05:56",19731100
24700,850,1100,"sd","14:05:56",19730300
24700,850,200,"sd","14:05:55",19729200
24700,850,2500,"sd","14:05:54",19729000
24700,850,100,"sd","14:05:54",19726500
24700,850,2000,"sd","14:05:52",19726400
24750,900,1000,"bu","14:05:51",19724400
24700,850,500,"sd","14:05:51",19723400
24700,850,6000,"sd","14:05:51",19722900
24700,850,100,"sd","14:05:49",19716900
24700,850,7500,"sd","14:05:47",19716800
24700,850,200,"sd","14:05:47",19709300
24700,850,500,"sd","14:05:47",19709100
24700,850,1000,"sd","14:05:47",19708600
24700,850,800,"sd","14:05:47",19707600
24700,850,100,"sd","14:05:44",19706800
24750,900,500,"bu","14:05:43",19706700
24700,850,100,"sd","14:05:42",19706200
24750,900,600,"sd","14:05:39",19706100
24750,900,3000,"sd","14:05:39",19705500
24750,900,1000,"sd","14:05:39",19702500
24750,900,100,"sd","14:05:39",19701500
24750,900,1000,"sd","14:05:39",19701400
24750,900,1000,"sd","14:05:39",19700400
24750,900,3700,"sd","14:05:39",19699400
24750,900,5000,"sd","14:05:39",19695700
24750,900,200,"sd","14:05:39",19690700
24750,900,600,"sd","14:05:39",19690500
24750,900,100,"sd","14:05:38",19689900
24750,900,500,"sd","14:05:38",19689800
24750,900,1000,"sd","14:05:38",19689300
24750,900,100,"sd","14:05:38",19688300
24750,900,2000,"sd","14:05:38",19688200
24750,900,100,"sd","14:05:38",19686200
24750,900,3000,"sd","14:05:38",19686100
24750,900,100,"sd","14:05:38",19683100
24750,900,100,"sd","14:05:38",19683000
24750,900,100,"sd","14:05:38",19682900
24750,900,5000,"sd","14:05:38",19682800
24750,900,1000,"sd","14:05:38",19677800
24750,900,900,"sd","14:05:38",19676800
24750,900,1100,"sd","14:05:37",19675900
24800,950,1000,"bu","14:05:37",19674800
24800,950,4100,"bu","14:05:34",19673800
24800,950,100,"bu","14:05:34",19669700
24800,950,2000,"bu","14:05:34",19669600
24800,950,200,"bu","14:05:34",19667600
24800,950,500,"bu","14:05:34",19667400
24800,950,1000,"bu","14:05:34",19666900
24800,950,100,"bu","14:05:34",19665900
24800,950,1000,"bu","14:05:34",19665800
24800,950,1400,"bu","14:05:34",19664800
24800,950,5000,"bu","14:05:34",19663400
24800,950,10000,"bu","14:05:34",19658400
24800,950,2500,"bu","14:05:34",19648400
24800,950,300,"bu","14:05:34",19645900
24800,950,1800,"bu","14:05:34",19645600
24800,950,200,"bu","14:05:33",19643800
24750,900,100,"sd","14:05:33",19643600
24800,950,100,"bu","14:05:32",19643500
24800,950,2300,"bu","14:05:32",19643400
24800,950,400,"bu","14:05:31",19641100
24750,900,100,"sd","14:05:30",19640700
24750,900,100,"sd","14:05:30",19640600
24750,900,1000,"sd","14:05:30",19640500
24750,900,500,"sd","14:05:30",19639500
24750,900,200,"sd","14:05:30",19639000
24750,900,100,"sd","14:05:30",19638800
24800,950,10000,"bu","14:05:25",19638700
24800,950,500,"bu","14:05:20",19628700
24800,950,10000,"bu","14:05:20",19628200
24800,950,200,"bu","14:05:20",19618200
24800,950,300,"bu","14:05:20",19618000
24800,950,100,"sd","14:05:20",19617700
24800,950,100,"sd","14:05:20",19617600
24800,950,100,"sd","14:05:20",19617500
24800,950,2000,"sd","14:05:20",19617400
24800,950,500,"sd","14:05:20",19615400
24800,950,100,"sd","14:05:20",19614900
24800,950,1000,"sd","14:05:20",19614800
24800,950,500,"sd","14:05:20",19613800
24800,950,200,"sd","14:05:20",19613300
24800,950,200,"sd","14:05:20",19613100
24800,950,800,"sd","14:05:20",19612900
24800,950,1000,"sd","14:05:20",19612100
24800,950,400,"sd","14:05:20",19611100
24800,950,800,"sd","14:05:20",19610700
24800,950,3000,"sd","14:05:20",19609900
24800,950,100,"sd","14:05:20",19606900
24800,950,100,"sd","14:05:20",19606800
24800,950,8900,"sd","14:05:20",19606700
24800,950,100,"sd","14:05:20",19597800
24800,950,200,"sd","14:05:20",19597700
24800,950,1000,"sd","14:05:20",19597500
24800,950,1000,"sd","14:05:20",19596500
24800,950,100,"sd","14:05:20",19595500
24800,950,3000,"sd","14:05:20",19595400
24800,950,1000,"sd","14:05:20",19592400
24800,950,1000,"sd","14:05:19",19591400
24800,950,100,"sd","14:05:19",19590400
24800,950,1000,"sd","14:05:17",19590300
24800,950,25000,"sd","14:05:17",19589300
24800,950,500,"sd","14:05:16",19564300
24800,950,1000,"sd","14:05:16",19563800
24800,950,3200,"sd","14:05:16",19562800
24800,950,5000,"sd","14:05:13",19559600
24800,950,2500,"sd","14:05:12",19554600
24800,950,10000,"sd","14:05:12",19552100
24800,950,1000,"sd","14:05:11",19542100
24800,950,100,"sd","14:05:10",19541100
24800,950,5000,"sd","14:05:06",19541000
24800,950,7700,"sd","14:05:04",19536000
24800,950,2300,"sd","14:05:04",19528300
24800,950,2000,"sd","14:05:04",19526000
24800,950,300,"sd","14:05:03",19524000
24800,950,400,"sd","14:05:00",19523700
24800,950,1000,"sd","14:05:00",19523300
24800,950,200,"sd","14:05:00",19522300
24800,950,600,"sd","14:05:00",19522100
24800,950,7700,"sd","14:05:00",19521500
24800,950,2800,"sd","14:05:00",19513800
24850,1000,1200,"bu","14:04:59",19511000
24850,1000,300,"bu","14:04:59",19509800
24850,1000,3500,"bu","14:04:59",19509500
24850,1000,2000,"bu","14:04:57",19506000
24800,950,2000,"sd","14:04:56",19504000
24850,1000,700,"bu","14:04:55",19502000
24800,950,10000,"sd","14:04:53",19501300
24800,950,100,"sd","14:04:52",19491300
24800,950,10000,"sd","14:04:51",19491200
24850,1000,3000,"bu","14:04:50",19481200
24850,1000,10000,"bu","14:04:48",19478200
24850,1000,800,"bu","14:04:48",19468200
24850,1000,800,"bu","14:04:47",19467400
24850,1000,4200,"bu","14:04:47",19466600
24850,1000,50000,"bu","14:04:47",19462400
24800,950,400,"sd","14:04:47",19412400
24800,950,4000,"sd","14:04:45",19412000
24850,1000,1400,"bu","14:04:45",19408000
24800,950,5000,"sd","14:04:44",19406600
24850,1000,2000,"bu","14:04:42",19401600
24850,1000,21600,"bu","14:04:41",19399600
24850,1000,1000,"bu","14:04:41",19378000
24850,1000,1000,"bu","14:04:41",19377000
24850,1000,2700,"bu","14:04:41",19376000
24850,1000,500,"bu","14:04:41",19373300
24850,1000,100,"bu","14:04:41",19372800
24850,1000,500,"bu","14:04:41",19372700
24850,1000,1000,"bu","14:04:41",19372200
24850,1000,200,"bu","14:04:41",19371200
24850,1000,200,"bu","14:04:41",19371000
24850,1000,1000,"bu","14:04:41",19370800
24850,1000,3500,"bu","14:04:41",19369800
24850,1000,1300,"bu","14:04:41",19366300
24850,1000,15400,"bu","14:04:41",19365000
24800,950,3000,"sd","14:04:41",19349600
24850,1000,100,"bu","14:04:40",19346600
24850,1000,1000,"bu","14:04:37",19346500
24850,1000,200,"bu","14:04:35",19345500
24850,1000,5000,"bu","14:04:33",19345300
24800,950,2000,"sd","14:04:31",19340300
24850,1000,1000,"bu","14:04:31",19338300
24850,1000,400,"bu","14:04:30",19337300
24850,1000,600,"bu","14:04:30",19336900
24850,1000,100,"bu","14:04:29",19336300
24850,1000,100,"bu","14:04:27",19336200
24800,950,3000,"sd","14:04:26",19336100
24800,950,1000,"sd","14:04:26",19333100
24850,1000,300,"bu","14:04:24",19332100
24850,1000,300,"bu","14:04:22",19331800
24850,1000,200,"bu","14:04:21",19331500
24850,1000,500,"bu","14:04:21",19331300
24850,1000,1000,"bu","14:04:20",19330800
24850,1000,1000,"bu","14:04:17",19329800
24850,1000,2800,"bu","14:04:17",19328800
24850,1000,7200,"bu","14:04:17",19326000
24850,1000,100,"bu","14:04:15",19318800
24850,1000,15000,"bu","14:04:15",19318700
24850,1000,900,"bu","14:04:15",19303700
24850,1000,5000,"bu","14:04:14",19302800
24850,1000,1000,"bu","14:04:13",19297800
24850,1000,3000,"bu","14:04:09",19296800
24850,1000,200,"bu","14:04:09",19293800
24800,950,1000,"sd","14:04:09",19293600
24800,950,700,"sd","14:04:09",19292600
24800,950,700,"sd","14:04:09",19291900
24800,950,100,"sd","14:04:09",19291200
24800,950,200,"sd","14:04:09",19291100
24800,950,200,"sd","14:04:09",19290900
24800,950,700,"sd","14:04:09",19290700
24850,1000,100,"bu","14:04:07",19290000
24850,1000,1000,"bu","14:04:07",19289900
24850,1000,2000,"bu","14:04:04",19288900
24850,1000,14500,"bu","14:04:01",19286900
24850,1000,500,"bu","14:04:01",19272400
24850,1000,1000,"bu","14:03:59",19271900
24850,1000,500,"bu","14:03:58",19270900
24850,1000,2500,"bu","14:03:58",19270400
24850,1000,500,"bu","14:03:57",19267900
24850,1000,4000,"bu","14:03:57",19267400
24850,1000,3500,"bu","14:03:57",19263400
24800,950,300,"sd","14:03:56",19259900
24850,1000,300,"bu","14:03:56",19259600
24850,1000,1000,"bu","14:03:53",19259300
24850,1000,100,"bu","14:03:52",19258300
24800,950,200,"sd","14:03:52",19258200
24800,950,500,"sd","14:03:52",19258000
24800,950,300,"sd","14:03:52",19257500
24850,1000,100,"bu","14:03:50",19257200
24850,1000,200,"bu","14:03:50",19257100
24850,1000,900,"bu","14:03:50",19256900
24850,1000,3600,"bu","14:03:50",19256000
24850,1000,500,"bu","14:03:47",19252400
24850,1000,1000,"bu","14:03:47",19251900
24850,1000,100,"bu","14:03:45",19250900
24850,1000,2300,"bu","14:03:41",19250800
24850,1000,1000,"bu","14:03:40",19248500
24850,1000,900,"bu","14:03:39",19247500
24850,1000,600,"bu","14:03:36",19246600
24850,1000,200,"bu","14:03:36",19246000
24850,1000,7200,"bu","14:03:36",19245800
24850,1000,1000,"bu","14:03:36",19238600
24800,950,100,"sd","14:03:35",19237600
24850,1000,200,"bu","14:03:34",19237500
24850,1000,500,"bu","14:03:30",19237300
24800,950,7000,"sd","14:03:30",19236800
24850,1000,1100,"bu","14:03:28",19229800
24850,1000,900,"bu","14:03:28",19228700
24850,1000,600,"bu","14:03:28",19227800
24850,1000,400,"bu","14:03:28",19227200
24850,1000,1000,"bu","14:03:23",19226800
24850,1000,600,"bu","14:03:21",19225800
24850,1000,1400,"bu","14:03:21",19225200
24800,950,300,"sd","14:03:19",19223800
24850,1000,100,"bu","14:03:12",19223500
24850,1000,500,"bu","14:03:12",19223400
24850,1000,100,"bu","14:03:12",19222900
24850,1000,400,"bu","14:03:12",19222800
24800,950,1000,"bu","14:03:06",19222400
24800,950,100,"bu","14:03:06",19221400
24800,950,500,"bu","14:03:06",19221300
24800,950,100,"bu","14:03:06",19220800
24800,950,100,"bu","14:03:06",19220700
24800,950,500,"bu","14:03:06",19220600
24800,950,100,"bu","14:03:05",19220100
24800,950,14900,"bu","14:03:05",19220000
24750,900,400,"sd","14:03:04",19205100
24800,950,100,"bu","14:03:02",19204700
24800,950,4700,"bu","14:03:02",19204600
24800,950,100,"bu","14:03:02",19199900
24800,950,2000,"bu","14:03:02",19199800
24800,950,100,"bu","14:03:02",19197800
24800,950,1000,"bu","14:03:02",19197700
24750,900,300,"sd","14:03:02",19196700
24800,950,1200,"bu","14:03:02",19196400
24800,950,1000,"bu","14:03:01",19195200
24800,950,100,"bu","14:03:00",19194200
24800,950,3000,"bu","14:02:59",19194100
24800,950,2000,"bu","14:02:59",19191100
24800,950,800,"bu","14:02:59",19189100
24800,950,1000,"bu","14:02:59",19188300
24800,950,300,"bu","14:02:59",19187300
24800,950,400,"bu","14:02:59",19187000
24800,950,3000,"bu","14:02:59",19186600
24800,950,1000,"bu","14:02:59",19183600
24800,950,100,"bu","14:02:59",19182600
24800,950,300,"bu","14:02:58",19182500
24800,950,3000,"bu","14:02:56",19182200
24800,950,2800,"bu","14:02:54",19179200
24800,950,500,"bu","14:02:54",19176400
24800,950,100,"bu","14:02:54",19175900
24800,950,100,"bu","14:02:54",19175800
24800,950,500,"bu","14:02:54",19175700
24800,950,100,"bu","14:02:54",19175200
24800,950,800,"bu","14:02:54",19175100
24800,950,100,"bu","14:02:54",19174300
24800,950,300,"bu","14:02:54",19174200
24800,950,600,"bu","14:02:51",19173900
24800,950,200,"bu","14:02:51",19173300
24800,950,1200,"bu","14:02:51",19173100
24800,950,100,"bu","14:02:51",19171900
24800,950,3700,"bu","14:02:51",19171800
24800,950,1300,"bu","14:02:51",19168100
24800,950,1500,"bu","14:02:48",19166800
24800,950,600,"bu","14:02:47",19165300
24800,950,2000,"bu","14:02:45",19164700
24800,950,2000,"bu","14:02:45",19162700
24800,950,600,"bu","14:02:45",19160700
24800,950,400,"bu","14:02:44",19160100
24750,900,200,"sd","14:02:42",19159700
24800,950,6000,"bu","14:02:34",19159500
24800,950,1000,"bu","14:02:32",19153500
24800,950,2000,"bu","14:02:32",19152500
24800,950,100,"bu","14:02:29",19150500
24800,950,100,"bu","14:02:29",19150400
24800,950,3000,"bu","14:02:26",19150300
24800,950,100,"bu","14:02:24",19147300
24800,950,1000,"bu","14:02:21",19147200
24800,950,1000,"bu","14:02:21",19146200
24800,950,500,"bu","14:02:20",19145200
24800,950,500,"bu","14:02:15",19144700
24800,950,100,"bu","14:02:13",19144200
24750,900,300,"sd","14:02:12",19144100
24800,950,1000,"bu","14:02:12",19143800
24800,950,3200,"bu","14:02:10",19142800
24800,950,2000,"bu","14:02:10",19139600
24800,950,2000,"bu","14:02:09",19137600
24800,950,5000,"bu","14:02:03",19135600
24800,950,1000,"bu","14:02:01",19130600
24750,900,1100,"sd","14:02:00",19129600
24750,900,700,"sd","14:02:00",19128500
24750,900,1200,"sd","14:02:00",19127800
24800,950,3000,"bu","14:01:58",19126600
24750,900,2000,"sd","14:01:57",19123600
24750,900,200,"sd","14:01:47",19121600
24800,950,9000,"bu","14:01:47",19121400
24800,950,200,"bu","14:01:47",19112400
24800,950,500,"bu","14:01:47",19112200
24800,950,300,"bu","14:01:47",19111700
24750,900,100,"sd","14:01:46",19111400
24750,900,1500,"sd","14:01:42",19111300
24750,900,100,"sd","14:01:42",19109800
24750,900,400,"sd","14:01:39",19109700
24750,900,100,"sd","14:01:38",19109300
24750,900,300,"sd","14:01:30",19109200
24750,900,100,"sd","14:01:29",19108900
24750,900,44500,"sd","14:01:28",19108800
24750,900,1000,"sd","14:01:28",19064300
24750,900,1000,"sd","14:01:28",19063300
24750,900,100,"sd","14:01:28",19062300
24750,900,3400,"sd","14:01:28",19062200
24750,900,600,"sd","14:01:25",19058800
24750,900,400,"sd","14:01:25",19058200
24750,900,600,"bu","14:01:22",19057800
24700,850,400,"sd","14:01:21",19057200
24750,900,100,"bu","14:01:20",19056800
24750,900,1300,"sd","14:01:17",19056700
24750,900,200,"sd","14:01:17",19055400
24750,900,100,"bu","14:01:16",19055200
24750,900,1000,"bu","14:01:16",19055100
24750,900,1100,"bu","14:01:16",19054100
24750,900,1000,"bu","14:01:16",19053000
24750,900,500,"bu","14:01:16",19052000
24750,900,400,"bu","14:01:16",19051500
24750,900,9400,"bu","14:01:16",19051100
24750,900,3000,"bu","14:01:15",19041700
24750,900,2000,"bu","14:01:13",19038700
24750,900,200,"bu","14:01:12",19036700
24750,900,5200,"bu","14:01:09",19036500
24750,900,5000,"bu","14:01:06",19031300
24750,900,5000,"bu","14:01:02",19026300
24750,900,8900,"bu","14:01:02",19021300
24750,900,1000,"bu","14:00:59",19012400
24750,900,700,"bu","14:00:58",19011400
24750,900,500,"bu","14:00:57",19010700
24750,900,500,"bu","14:00:56",19010200
24750,900,4000,"bu","14:00:56",19009700
24750,900,800,"bu","14:00:56",19005700
24750,900,5000,"bu","14:00:55",19004900
24750,900,1000,"bu","14:00:54",18999900
24750,900,500,"bu","14:00:51",18998900
24750,900,10000,"bu","14:00:50",18998400
24750,900,400,"bu","14:00:49",18988400
24750,900,800,"bu","14:00:48",18988000
24750,900,4200,"bu","14:00:48",18987200
24750,900,800,"bu","14:00:48",18983000
24750,900,2500,"bu","14:00:46",18982200
24750,900,5000,"bu","14:00:42",18979700
24750,900,2000,"bu","14:00:42",18974700
24750,900,1000,"bu","14:00:39",18972700
24750,900,100,"bu","14:00:35",18971700
24750,900,7600,"bu","14:00:34",18971600
24750,900,1000,"bu","14:00:34",18964000
24750,900,500,"bu","14:00:32",18963000
24750,900,500,"bu","14:00:31",18962500
24750,900,500,"bu","14:00:31",18962000
24750,900,5000,"sd","14:00:29",18961500
24750,900,800,"sd","14:00:29",18956500
24750,900,1000,"sd","14:00:29",18955700
24750,900,5000,"sd","14:00:29",18954700
24750,900,100,"sd","14:00:29",18949700
24750,900,100,"sd","14:00:29",18949600
24750,900,1900,"sd","14:00:29",18949500
24750,900,1000,"sd","14:00:29",18947600
24750,900,1000,"sd","14:00:29",18946600
24750,900,10000,"sd","14:00:29",18945600
24750,900,200,"sd","14:00:29",18935600
24750,900,300,"sd","14:00:29",18935400
24750,900,10000,"sd","14:00:29",18935100
24750,900,700,"sd","14:00:29",18925100
24750,900,2000,"sd","14:00:29",18924400
24750,900,300,"sd","14:00:29",18922400
24750,900,100,"sd","14:00:29",18922100
24750,900,300,"sd","14:00:29",18922000
24750,900,2000,"sd","14:00:29",18921700
24750,900,10000,"sd","14:00:29",18919700
24750,900,5000,"sd","14:00:29",18909700
24750,900,7900,"sd","14:00:29",18904700
24750,900,200,"sd","14:00:29",18896800
24750,900,3000,"sd","14:00:29",18896600
24750,900,300,"sd","14:00:29",18893600
24750,900,500,"sd","14:00:29",18893300
24750,900,1200,"sd","14:00:29",18892800
24750,900,300,"sd","14:00:29",18891600
24750,900,900,"sd","14:00:29",18891300
24750,900,500,"sd","14:00:29",18890400
24750,900,1000,"sd","14:00:29",18889900
24750,900,4000,"sd","14:00:29",18888900
24750,900,1200,"sd","14:00:29",18884900
24800,950,700,"bu","14:00:27",18883700
24800,950,100,"bu","14:00:27",18883000
24800,950,9200,"bu","14:00:27",18882900
24800,950,800,"bu","14:00:25",18873700
24800,950,200,"bu","14:00:25",18872900
24800,950,500,"bu","14:00:23",18872700
24800,950,500,"bu","14:00:16",18872200
24800,950,1000,"bu","14:00:09",18871700
24800,950,3800,"bu","14:00:08",18870700
24800,950,500,"bu","14:00:08",18866900
24800,950,100,"bu","14:00:08",18866400
24800,950,500,"bu","14:00:08",18866300
24800,950,1000,"bu","14:00:08",18865800
24800,950,500,"bu","14:00:08",18864800
24800,950,200,"bu","14:00:08",18864300
24800,950,2300,"bu","14:00:08",18864100
24800,950,500,"bu","14:00:08",18861800
24800,950,500,"bu","14:00:08",18861300
24800,950,800,"bu","14:00:08",18860800
24800,950,1000,"bu","14:00:08",18860000
24800,950,1000,"bu","14:00:08",18859000
24800,950,200,"bu","14:00:08",18858000
24800,950,100,"bu","14:00:08",18857800
24800,950,300,"bu","14:00:08",18857700
24800,950,300,"bu","14:00:08",18857400
24800,950,2000,"bu","14:00:08",18857100
24800,950,500,"bu","14:00:08",18855100
24800,950,500,"bu","14:00:08",18854600
24800,950,100,"bu","14:00:08",18854100
24800,950,2000,"bu","14:00:08",18854000
24800,950,600,"bu","14:00:08",18852000
24800,950,100,"bu","14:00:08",18851400
24800,950,100,"bu","14:00:08",18851300
24800,950,900,"bu","14:00:08",18851200
24800,950,100,"bu","14:00:08",18850300
24800,950,500,"bu","14:00:08",18850200
24800,950,200,"bu","14:00:08",18849700
24800,950,500,"bu","14:00:08",18849500
24800,950,100,"bu","14:00:08",18849000
24800,950,100,"bu","14:00:08",18848900
24800,950,100,"bu","14:00:08",18848800
24800,950,1900,"bu","14:00:07",18848700
24800,950,100,"bu","14:00:07",18846800
24800,950,100,"bu","14:00:06",18846700
24800,950,100,"bu","14:00:06",18846600
24800,950,200,"bu","14:00:06",18846500
24800,950,200,"bu","14:00:06",18846300
24800,950,500,"bu","14:00:00",18846100
24800,950,100,"bu","14:00:00",18845600
24800,950,100,"bu","14:00:00",18845500
24800,950,600,"bu","14:00:00",18845400
24800,950,5000,"bu","14:00:00",18844800
24800,950,500,"bu","14:00:00",18839800
24800,950,100,"bu","14:00:00",18839300
24800,950,100,"bu","14:00:00",18839200
24800,950,400,"bu","14:00:00",18839100
24800,950,500,"bu","14:00:00",18838700
24800,950,1000,"bu","14:00:00",18838200
24800,950,100,"bu","14:00:00",18837200
24800,950,300,"bu","14:00:00",18837100
24800,950,200,"bu","14:00:00",18836800
24800,950,500,"bu","14:00:00",18836600
24800,950,300,"bu","13:59:56",18836100
24800,950,200,"bu","13:59:56",18835800
24800,950,300,"bu","13:59:56",18835600
24800,950,200,"bu","13:59:56",18835300
24800,950,200,"bu","13:59:55",18835100
24750,900,200,"sd","13:59:51",18834900
24750,900,9800,"sd","13:59:51",18834700
24800,950,1600,"bu","13:59:45",18824900
24800,950,900,"bu","13:59:45",18823300
24800,950,500,"bu","13:59:45",18822400
24800,950,2000,"bu","13:59:45",18821900
24800,950,4000,"bu","13:59:45",18819900
24800,950,1000,"bu","13:59:45",18815900
24800,950,600,"bu","13:59:43",18814900
24800,950,100,"bu","13:59:42",18814300
24800,950,100,"bu","13:59:42",18814200
24800,950,100,"bu","13:59:42",18814100
24800,950,100,"bu","13:59:42",18814000
24800,950,100,"bu","13:59:42",18813900
24800,950,100,"bu","13:59:42",18813800
24750,900,200,"sd","13:59:38",18813700
24750,900,100,"sd","13:59:38",18813500
24750,900,500,"sd","13:59:35",18813400
24750,900,100,"bu","13:59:25",18812900
24750,900,100,"bu","13:59:25",18812800
24750,900,1200,"bu","13:59:25",18812700
24750,900,200,"bu","13:59:25",18811500
24750,900,200,"bu","13:59:24",18811300
24750,900,300,"bu","13:59:24",18811100
24750,900,2700,"bu","13:59:24",18810800
24750,900,2000,"bu","13:59:24",18808100
24750,900,1000,"bu","13:59:24",18806100
24750,900,1000,"bu","13:59:24",18805100
24750,900,100,"bu","13:59:24",18804100
24750,900,100,"bu","13:59:24",18804000
24750,900,500,"bu","13:59:24",18803900
24750,900,1000,"bu","13:59:24",18803400
24750,900,100,"bu","13:59:24",18802400
24750,900,1000,"bu","13:59:24",18802300
24750,900,500,"bu","13:59:24",18801300
24750,900,2000,"bu","13:59:23",18800800
24750,900,8000,"bu","13:59:22",18798800
24750,900,1500,"bu","13:59:22",18790800
24750,900,500,"bu","13:59:22",18789300
24750,900,300,"bu","13:59:22",18788800
24750,900,700,"bu","13:59:22",18788500
24750,900,300,"bu","13:59:22",18787800
24750,900,200,"bu","13:59:21",18787500
24750,900,500,"bu","13:59:21",18787300
24750,900,100,"bu","13:59:21",18786800
24750,900,200,"bu","13:59:21",18786700
24750,900,100,"bu","13:59:20",18786500
24750,900,4700,"bu","13:59:20",18786400
24750,900,300,"bu","13:59:20",18781700
24750,900,1000,"bu","13:59:20",18781400
24750,900,200,"bu","13:59:20",18780400
24750,900,200,"bu","13:59:20",18780200
24750,900,500,"bu","13:59:20",18780000
24750,900,200,"bu","13:59:20",18779500
24750,900,2000,"bu","13:59:20",18779300
24750,900,500,"bu","13:59:20",18777300
24750,900,300,"bu","13:59:20",18776800
24750,900,100,"bu","13:59:19",18776500
24750,900,3000,"bu","13:59:19",18776400
24750,900,200,"bu","13:59:18",18773400
24750,900,100,"bu","13:59:17",18773200
24750,900,500,"bu","13:59:17",18773100
24750,900,500,"bu","13:59:16",18772600
24750,900,1000,"bu","13:59:16",18772100
24750,900,500,"bu","13:59:15",18771100
24750,900,500,"bu","13:59:14",18770600
24750,900,1000,"bu","13:59:14",18770100
24750,900,1000,"bu","13:59:14",18769100
24750,900,1000,"bu","13:59:13",18768100
24750,900,1000,"bu","13:59:13",18767100
24750,900,100,"bu","13:59:12",18766100
24750,900,1000,"bu","13:59:10",18766000
24750,900,1000,"bu","13:59:10",18765000
24750,900,3500,"bu","13:59:10",18764000
24750,900,300,"bu","13:59:09",18760500
24750,900,3000,"bu","13:59:09",18760200
24750,900,600,"bu","13:59:09",18757200
24750,900,2000,"bu","13:59:08",18756600
24750,900,100,"bu","13:59:08",18754600
24750,900,3000,"bu","13:59:08",18754500
24750,900,200,"bu","13:59:07",18751500
24750,900,3000,"bu","13:59:07",18751300
24750,900,20000,"bu","13:59:06",18748300
24750,900,5800,"bu","13:59:05",18728300
24750,900,100,"bu","13:59:04",18722500
24750,900,500,"bu","13:59:04",18722400
24750,900,1000,"bu","13:59:04",18721900
24750,900,1800,"bu","13:59:03",18720900
24750,900,2000,"bu","13:59:03",18719100
24750,900,100,"bu","13:59:03",18717100
24750,900,100,"bu","13:59:03",18717000
24750,900,2100,"bu","13:59:02",18716900
24750,900,2000,"bu","13:59:02",18714800
24750,900,5000,"bu","13:58:59",18712800
24750,900,6000,"bu","13:58:59",18707800
24750,900,2000,"bu","13:58:59",18701800
24750,900,2400,"bu","13:58:59",18699800
24750,900,1000,"bu","13:58:58",18697400
24750,900,3000,"bu","13:58:57",18696400
24750,900,4400,"bu","13:58:57",18693400
24750,900,1600,"bu","13:58:56",18689000
24750,900,5000,"bu","13:58:55",18687400
24750,900,1200,"bu","13:58:55",18682400
24750,900,200,"bu","13:58:55",18681200
24750,900,600,"bu","13:58:55",18681000
24750,900,200,"bu","13:58:53",18680400
24750,900,3000,"bu","13:58:53",18680200
24750,900,1000,"bu","13:58:53",18677200
24750,900,2000,"bu","13:58:50",18676200
24700,850,400,"sd","13:58:46",18674200
24750,900,100,"bu","13:58:46",18673800
24750,900,1500,"bu","13:58:44",18673700
24750,900,200,"bu","13:58:42",18672200
24750,900,1000,"bu","13:58:41",18672000
24750,900,400,"bu","13:58:38",18671000
24750,900,100,"bu","13:58:38",18670600
24700,850,200,"sd","13:58:37",18670500
24700,850,200,"sd","13:58:37",18670300
24700,850,600,"sd","13:58:37",18670100
24750,900,1000,"bu","13:58:35",18669500
24700,850,100,"sd","13:58:33",18668500
24750,900,500,"bu","13:58:32",18668400
24700,850,1000,"sd","13:58:21",18667900
24700,850,1300,"sd","13:58:18",18666900
24700,850,100,"sd","13:58:18",18665600
24700,850,100,"bu","13:58:14",18665500
24700,850,1000,"bu","13:58:14",18665400
24700,850,200,"bu","13:58:14",18664400
24700,850,100,"bu","13:58:14",18664200
24700,850,200,"bu","13:58:14",18664100
24700,850,1000,"bu","13:58:14",18663900
24700,850,500,"bu","13:58:14",18662900
24700,850,200,"bu","13:58:14",18662400
24700,850,1000,"bu","13:58:14",18662200
24700,850,25000,"bu","13:58:14",18661200
24700,850,100,"bu","13:58:14",18636200
24700,850,100,"bu","13:58:14",18636100
24700,850,500,"bu","13:58:14",18636000
24700,850,500,"bu","13:58:14",18635500
24700,850,2000,"bu","13:58:14",18635000
24700,850,3400,"bu","13:58:14",18633000
24700,850,600,"bu","13:58:12",18629600
24700,850,2000,"bu","13:58:11",18629000
24700,850,300,"bu","13:58:06",18627000
24700,850,100,"bu","13:58:05",18626700
24700,850,1000,"bu","13:58:04",18626600
24700,850,2600,"bu","13:58:02",18625600
24700,850,300,"bu","13:58:02",18623000
24700,850,100,"bu","13:58:02",18622700
24700,850,100,"bu","13:58:02",18622600
24700,850,400,"bu","13:58:02",18622500
24700,850,100,"bu","13:58:02",18622100
24700,850,3000,"bu","13:58:02",18622000
24700,850,1000,"bu","13:58:02",18619000
24700,850,400,"bu","13:58:02",18618000
24700,850,200,"bu","13:58:02",18617600
24700,850,200,"bu","13:58:02",18617400
24700,850,1600,"bu","13:58:02",18617200
24700,850,100,"bu","13:57:58",18615600
24700,850,900,"bu","13:57:58",18615500
24700,850,3000,"bu","13:57:57",18614600
24650,800,300,"sd","13:57:55",18611600
24700,850,2000,"bu","13:57:53",18611300
24700,850,15000,"bu","13:57:52",18609300
24700,850,1000,"bu","13:57:51",18594300
24700,850,1000,"bu","13:57:51",18593300
24700,850,2100,"bu","13:57:51",18592300
24700,850,100,"bu","13:57:51",18590200
24700,850,500,"bu","13:57:51",18590100
24700,850,100,"bu","13:57:51",18589600
24700,850,1000,"bu","13:57:51",18589500
24700,850,1000,"bu","13:57:51",18588500
24700,850,200,"bu","13:57:51",18587500
24700,850,300,"bu","13:57:50",18587300
24700,850,700,"bu","13:57:50",18587000
24700,850,1000,"bu","13:57:49",18586300
24700,850,300,"bu","13:57:49",18585300
24700,850,200,"bu","13:57:49",18585000
24700,850,100,"bu","13:57:48",18584800
24700,850,900,"bu","13:57:48",18584700
24700,850,100,"bu","13:57:48",18583800
24700,850,900,"bu","13:57:48",18583700
24700,850,500,"bu","13:57:48",18582800
24700,850,300,"bu","13:57:48",18582300
24700,850,700,"bu","13:57:48",18582000
24700,850,3500,"bu","13:57:48",18581300
24700,850,1000,"bu","13:57:44",18577800
24700,850,100,"bu","13:57:38",18576800
24700,850,1000,"bu","13:57:36",18576700
24700,850,1000,"bu","13:57:25",18575700
24650,800,300,"sd","13:57:21",18574700
24650,800,700,"sd","13:57:21",18574400
24650,800,2000,"sd","13:57:20",18573700
24700,850,5000,"bu","13:57:17",18571700
24650,800,1000,"sd","13:57:15",18566700
24650,800,1000,"sd","13:57:10",18565700
24700,850,12500,"bu","13:57:06",18564700
24700,850,1000,"bu","13:57:06",18552200
24700,850,6000,"bu","13:57:06",18551200
24700,850,500,"bu","13:57:06",18545200
24650,800,300,"sd","13:57:05",18544700
24650,800,1000,"sd","13:57:05",18544400
24650,800,2000,"sd","13:57:05",18543400
24650,800,400,"sd","13:57:05",18541400
24650,800,200,"sd","13:57:05",18541000
24650,800,2000,"sd","13:57:05",18540800
24650,800,4100,"sd","13:57:05",18538800
24650,800,100,"sd","13:57:05",18534700
24650,800,400,"sd","13:57:03",18534600
24650,800,2500,"sd","13:56:56",18534200
24650,800,400,"sd","13:56:56",18531700
24650,800,100,"sd","13:56:56",18531300
24650,800,5000,"sd","13:56:56",18531200
24650,800,2000,"sd","13:56:56",18526200
24650,800,1000,"sd","13:56:54",18524200
24650,800,500,"bu","13:56:40",18523200
24650,800,500,"bu","13:56:40",18522700
24650,800,200,"sd","13:56:39",18522200
24650,800,100,"sd","13:56:39",18522000
24650,800,1000,"sd","13:56:39",18521900
24650,800,700,"sd","13:56:39",18520900
24650,800,300,"bu","13:56:37",18520200
24650,800,700,"bu","13:56:36",18519900
24650,800,100,"bu","13:56:36",18519200
24650,800,200,"bu","13:56:36",18519100
24650,800,1000,"bu","13:56:36",18518900
24650,800,200,"bu","13:56:36",18517900
24650,800,100,"bu","13:56:36",18517700
24650,800,200,"bu","13:56:35",18517600
24650,800,100,"bu","13:56:35",18517400
24650,800,400,"bu","13:56:35",18517300
24650,800,100,"bu","13:56:35",18516900
24650,800,200,"bu","13:56:35",18516800
24650,800,100,"bu","13:56:34",18516600
24650,800,200,"bu","13:56:34",18516500
24650,800,100,"bu","13:56:34",18516300
24650,800,100,"bu","13:56:34",18516200
24650,800,200,"bu","13:56:34",18516100
24650,800,1800,"bu","13:56:32",18515900
24650,800,100,"bu","13:56:32",18514100
24650,800,1500,"bu","13:56:32",18514000
24650,800,1000,"bu","13:56:32",18512500
24650,800,15000,"bu","13:56:30",18511500
24650,800,2000,"bu","13:56:30",18496500
24650,800,500,"bu","13:56:30",18494500
24650,800,100,"bu","13:56:30",18494000
24650,800,4000,"bu","13:56:30",18493900
24650,800,300,"bu","13:56:30",18489900
24650,800,300,"bu","13:56:30",18489600
24650,800,3000,"bu","13:56:30",18489300
24650,800,400,"bu","13:56:30",18486300
24650,800,6400,"bu","13:56:30",18485900
24650,800,2000,"bu","13:56:26",18479500
24650,800,700,"bu","13:56:26",18477500
24650,800,800,"bu","13:56:25",18476800
24650,800,1900,"bu","13:56:21",18476000
24650,800,1000,"bu","13:56:21",18474100
24650,800,1000,"bu","13:56:21",18473100
24650,800,2000,"bu","13:56:21",18472100
24650,800,2000,"bu","13:56:21",18470100
24650,800,5000,"bu","13:56:21",18468100
24650,800,2500,"bu","13:56:21",18463100
24650,800,300,"bu","13:56:21",18460600
24650,800,7200,"bu","13:56:21",18460300
24600,750,200,"sd","13:56:19",18453100
24650,800,1000,"bu","13:56:18",18452900
24650,800,5500,"bu","13:56:18",18451900
24650,800,3800,"bu","13:56:14",18446400
24650,800,100,"bu","13:56:14",18442600
24650,800,1000,"bu","13:56:14",18442500
24650,800,5000,"bu","13:56:14",18441500
24650,800,500,"bu","13:56:13",18436500
24650,800,200,"bu","13:56:13",18436000
24650,800,1500,"bu","13:56:13",18435800
24650,800,5000,"bu","13:56:13",18434300
24600,750,400,"sd","13:56:12",18429300
24650,800,200,"bu","13:56:12",18428900
24650,800,500,"bu","13:56:12",18428700
24650,800,100,"bu","13:56:11",18428200
24650,800,1000,"bu","13:56:10",18428100
24650,800,6900,"bu","13:56:08",18427100
24600,750,300,"sd","13:56:07",18420200
24650,800,500,"bu","13:56:05",18419900
24600,750,5000,"sd","13:56:02",18419400
24650,800,200,"bu","13:55:59",18414400
24600,750,300,"sd","13:55:59",18414200
24650,800,1000,"bu","13:55:56",18413900
24650,800,3900,"bu","13:55:53",18412900
24650,800,1000,"bu","13:55:50",18409000
24650,800,100,"bu","13:55:48",18408000
24650,800,2000,"bu","13:55:48",18407900
24650,800,1200,"bu","13:55:47",18405900
24650,800,500,"bu","13:55:34",18404700
24600,750,100,"sd","13:55:30",18404200
24600,750,700,"sd","13:55:25",18404100
24600,750,1000,"sd","13:55:21",18403400
24600,750,300,"sd","13:55:20",18402400
24600,750,4000,"bu","13:55:19",18402100
24600,750,100,"bu","13:55:19",18398100
24600,750,200,"bu","13:55:18",18398000
24600,750,100,"bu","13:55:18",18397800
24600,750,200,"bu","13:55:18",18397700
24600,750,2000,"bu","13:55:18",18397500
24600,750,200,"bu","13:55:18",18395500
24600,750,400,"bu","13:55:18",18395300
24600,750,1000,"bu","13:55:18",18394900
24600,750,1000,"bu","13:55:18",18393900
24600,750,5000,"bu","13:55:18",18392900
24600,750,100,"bu","13:55:18",18387900
24600,750,1200,"bu","13:55:18",18387800
24600,750,13000,"bu","13:55:18",18386600
24600,750,1000,"bu","13:55:18",18373600
24600,750,1000,"bu","13:55:18",18372600
24600,750,300,"bu","13:55:18",18371600
24600,750,1000,"bu","13:55:18",18371300
24600,750,1300,"bu","13:55:18",18370300
24600,750,300,"bu","13:55:18",18369000
24600,750,1000,"bu","13:55:18",18368700
24600,750,100,"bu","13:55:18",18367700
24600,750,100,"bu","13:55:18",18367600
24600,750,1000,"bu","13:55:18",18367500
24600,750,5000,"bu","13:55:18",18366500
24600,750,1000,"bu","13:55:18",18361500
24600,750,40000,"bu","13:55:18",18360500
24600,750,100,"bu","13:55:18",18320500
24600,750,100,"bu","13:55:18",18320400
24600,750,1000,"bu","13:55:18",18320300
24600,750,4300,"bu","13:55:18",18319300
24550,700,7700,"bu","13:55:18",18315000
24550,700,4000,"sd","13:55:18",18307300
24550,700,500,"sd","13:55:18",18303300
24550,700,2000,"sd","13:55:18",18302800
24550,700,100,"sd","13:55:18",18300800
24550,700,500,"sd","13:55:18",18300700
24550,700,500,"sd","13:55:18",18300200
24550,700,100,"sd","13:55:17",18299700
24550,700,1000,"sd","13:55:17",18299600
24550,700,300,"sd","13:55:17",18298600
24550,700,1000,"sd","13:55:17",18298300
24550,700,100,"sd","13:55:17",18297300
24550,700,10000,"sd","13:55:17",18297200
24550,700,2000,"sd","13:55:17",18287200
24550,700,3000,"sd","13:55:17",18285200
24550,700,500,"sd","13:55:17",18282200
24550,700,1000,"sd","13:55:17",18281700
24550,700,1000,"sd","13:55:17",18280700
24550,700,500,"sd","13:55:17",18279700
24550,700,1400,"sd","13:55:17",18279200
24550,700,200,"sd","13:55:15",18277800
24550,700,1000,"sd","13:55:15",18277600
24550,700,300,"sd","13:55:15",18276600
24550,700,2000,"sd","13:55:15",18276300
24550,700,200,"sd","13:55:15",18274300
24550,700,200,"sd","13:55:15",18274100
24550,700,500,"sd","13:55:15",18273900
24550,700,1900,"sd","13:55:15",18273400
24550,700,25000,"sd","13:55:15",18271500
24550,700,100,"sd","13:55:14",18246500
24550,700,1000,"sd","13:55:10",18246400
24550,700,100,"sd","13:55:07",18245400
24550,700,1000,"sd","13:55:04",18245300
24550,700,1600,"sd","13:55:03",18244300
24550,700,300,"sd","13:55:01",18242700
24600,750,100,"bu","13:54:56",18242400
24550,700,2000,"sd","13:54:56",18242300
24550,700,1000,"sd","13:54:54",18240300
24600,750,5000,"bu","13:54:50",18239300
24550,700,500,"sd","13:54:47",18234300
24550,700,1000,"sd","13:54:46",18233800
24600,750,600,"bu","13:54:43",18232800
24600,750,100,"bu","13:54:43",18232200
24600,750,600,"bu","13:54:43",18232100
24600,750,100,"bu","13:54:43",18231500
24600,750,4800,"bu","13:54:43",18231400
24550,700,1000,"sd","13:54:40",18226600
24550,700,500,"sd","13:54:37",18225600
24550,700,100,"sd","13:54:34",18225100
24600,750,200,"bu","13:54:31",18225000
24600,750,500,"bu","13:54:31",18224800
24600,750,9300,"bu","13:54:31",18224300
24550,700,400,"sd","13:54:29",18215000
24600,750,3000,"bu","13:54:24",18214600
24550,700,5000,"sd","13:54:22",18211600
24600,750,1000,"bu","13:54:21",18206600
24600,750,5000,"bu","13:54:21",18205600
24550,700,1000,"sd","13:54:14",18200600
24600,750,200,"bu","13:54:11",18199600
24600,750,200,"bu","13:54:11",18199400
24550,700,100,"sd","13:54:08",18199200
24550,700,100,"sd","13:54:07",18199100
24600,750,10000,"bu","13:54:04",18199000
24600,750,1300,"bu","13:54:03",18189000
24600,750,1000,"bu","13:54:03",18187700
24600,750,100,"bu","13:54:03",18186700
24600,750,100,"bu","13:54:03",18186600
24600,750,200,"bu","13:54:03",18186500
24600,750,1000,"bu","13:54:03",18186300
24600,750,100,"bu","13:54:03",18185300
24600,750,200,"bu","13:54:03",18185200
24600,750,5000,"bu","13:54:03",18185000
24600,750,1000,"bu","13:54:03",18180000
24600,750,1000,"bu","13:53:59",18179000
24600,750,3000,"bu","13:53:48",18178000
24600,750,6000,"bu","13:53:48",18175000
24600,750,14000,"bu","13:53:48",18169000
24550,700,5000,"sd","13:53:43",18155000
24600,750,1000,"bu","13:53:40",18150000
24550,700,500,"sd","13:53:40",18149000
24550,700,800,"sd","13:53:39",18148500
24550,700,4200,"sd","13:53:39",18147700
24550,700,100,"sd","13:53:39",18143500
24550,700,200,"sd","13:53:39",18143400
24550,700,400,"sd","13:53:37",18143200
24550,700,500,"sd","13:53:33",18142800
24600,750,5000,"bu","13:53:31",18142300
24600,750,1000,"bu","13:53:31",18137300
24600,750,4000,"bu","13:53:31",18136300
24550,700,1400,"sd","13:53:23",18132300
24550,700,5000,"sd","13:53:21",18130900
24550,700,1000,"sd","13:53:08",18125900
24550,700,2000,"sd","13:53:03",18124900
24550,700,5000,"sd","13:52:58",18122900
24600,750,1000,"bu","13:52:56",18117900
24550,700,100,"sd","13:52:54",18116900
24550,700,100,"sd","13:52:52",18116800
24550,700,100,"sd","13:52:50",18116700
24550,700,400,"sd","13:52:50",18116600
24550,700,500,"sd","13:52:50",18116200
24550,700,300,"sd","13:52:45",18115700
24550,700,5000,"sd","13:52:42",18115400
24550,700,100,"sd","13:52:42",18110400
24550,700,100,"sd","13:52:41",18110300
24550,700,100,"sd","13:52:40",18110200
24550,700,100,"bu","13:52:38",18110100
24550,700,500,"bu","13:52:38",18110000
24550,700,1000,"bu","13:52:38",18109500
24550,700,500,"bu","13:52:38",18108500
24550,700,800,"bu","13:52:38",18108000
24550,700,4200,"bu","13:52:32",18107200
24550,700,2400,"bu","13:52:32",18103000
24550,700,900,"bu","13:52:31",18100600
24550,700,500,"bu","13:52:29",18099700
24550,700,1000,"bu","13:52:20",18099200
24550,700,5200,"bu","13:52:20",18098200
24550,700,200,"bu","13:52:20",18093000
24550,700,200,"bu","13:52:20",18092800
24550,700,500,"bu","13:52:20",18092600
24550,700,100,"bu","13:52:20",18092100
24550,700,1800,"bu","13:52:20",18092000
24500,650,5000,"sd","13:52:20",18090200
24550,700,1000,"bu","13:52:18",18085200
24550,700,7200,"bu","13:52:04",18084200
24500,650,200,"sd","13:52:02",18077000
24500,650,300,"sd","13:52:02",18076800
24500,650,5700,"sd","13:52:02",18076500
24500,650,1000,"sd","13:52:02",18070800
24500,650,1000,"sd","13:52:02",18069800
24500,650,200,"sd","13:52:02",18068800
24500,650,1000,"sd","13:52:02",18068600
24500,650,1000,"sd","13:52:02",18067600
24500,650,200,"bu","13:52:02",18066600
24500,650,200,"bu","13:52:02",18066400
24500,650,3900,"bu","13:52:02",18066200
24500,650,1000,"bu","13:52:02",18062300
24500,650,200,"bu","13:52:02",18061300
24500,650,500,"bu","13:52:02",18061100
24500,650,500,"bu","13:52:02",18060600
24500,650,100,"bu","13:52:02",18060100
24500,650,100,"bu","13:52:02",18060000
24500,650,2000,"bu","13:52:02",18059900
24500,650,100,"bu","13:52:02",18057900
24500,650,200,"bu","13:52:02",18057800
24500,650,100,"bu","13:52:02",18057600
24500,650,1000,"bu","13:52:02",18057500
24500,650,100,"bu","13:52:02",18056500
24500,650,5000,"bu","13:52:02",18056400
24500,650,5000,"bu","13:52:02",18051400
24500,650,3400,"bu","13:52:02",18046400
24500,650,200,"bu","13:52:02",18043000
24500,650,1000,"bu","13:52:02",18042800
24500,650,1200,"bu","13:52:02",18041800
24500,650,400,"bu","13:52:02",18040600
24500,650,100,"bu","13:52:02",18040200
24500,650,500,"bu","13:52:02",18040100
24500,650,1000,"bu","13:52:02",18039600
24500,650,100,"bu","13:52:02",18038600
24500,650,300,"bu","13:52:02",18038500
24500,650,200,"bu","13:52:02",18038200
24500,650,100,"bu","13:52:02",18038000
24450,600,100,"bu","13:51:56",18037900
24450,600,3000,"bu","13:51:56",18037800
24450,600,10000,"bu","13:51:56",18034800
24450,600,200,"bu","13:51:56",18024800
24450,600,400,"bu","13:51:56",18024600
24450,600,400,"bu","13:51:56",18024200
24450,600,300,"bu","13:51:56",18023800
24450,600,500,"bu","13:51:56",18023500
24450,600,2000,"bu","13:51:56",18023000
24450,600,200,"bu","13:51:56",18021000
24450,600,100,"bu","13:51:56",18020800
24450,600,900,"bu","13:51:54",18020700
24450,600,1000,"bu","13:51:54",18019800
24450,600,1000,"bu","13:51:54",18018800
24450,600,1000,"bu","13:51:54",18017800
24450,600,100,"bu","13:51:54",18016800
24400,550,400,"sd","13:51:54",18016700
24400,550,500,"bu","13:51:47",18016300
24400,550,200,"bu","13:51:47",18015800
24400,550,2000,"bu","13:51:47",18015600
24400,550,1000,"bu","13:51:47",18013600
24400,550,2000,"bu","13:51:47",18012600
24400,550,1000,"bu","13:51:47",18010600
24350,500,3000,"sd","13:51:47",18009600
24400,550,500,"bu","13:51:46",18006600
24400,550,500,"bu","13:51:46",18006100
24400,550,100,"bu","13:51:44",18005600
24400,550,100,"bu","13:51:44",18005500
24400,550,1000,"bu","13:51:42",18005400
24400,550,1500,"bu","13:51:41",18004400
24400,550,300,"bu","13:51:41",18002900
24400,550,5000,"bu","13:51:40",18002600
24400,550,1000,"bu","13:51:37",17997600
24400,550,2200,"bu","13:51:37",17996600
24400,550,800,"bu","13:51:37",17994400
24400,550,200,"bu","13:51:37",17993600
24400,550,1000,"bu","13:51:37",17993400
24400,550,500,"bu","13:51:37",17992400
24400,550,2000,"bu","13:51:37",17991900
24400,550,100,"bu","13:51:37",17989900
24400,550,2200,"bu","13:51:37",17989800
24400,550,200,"bu","13:51:34",17987600
24400,550,500,"bu","13:51:27",17987400
24400,550,200,"bu","13:51:27",17986900
24400,550,300,"bu","13:51:27",17986700
24400,550,100,"bu","13:51:27",17986400
24400,550,900,"bu","13:51:27",17986300
24350,500,10000,"sd","13:51:24",17985400
24400,550,500,"bu","13:51:22",17975400
24400,550,300,"bu","13:51:21",17974900
24400,550,200,"bu","13:51:21",17974600
24400,550,500,"bu","13:51:21",17974400
24400,550,500,"bu","13:51:19",17973900
24400,550,100,"bu","13:51:19",17973400
24400,550,100,"bu","13:51:19",17973300
24400,550,100,"bu","13:51:19",17973200
24400,550,2000,"bu","13:51:19",17973100
24400,550,2000,"bu","13:51:19",17971100
24400,550,200,"bu","13:51:19",17969100
24350,500,3100,"sd","13:51:18",17968900
24350,500,1000,"sd","13:51:18",17965800
24350,500,900,"sd","13:51:18",17964800
24400,550,800,"bu","13:51:13",17963900
24400,550,200,"bu","13:51:13",17963100
24400,550,1000,"bu","13:51:13",17962900
24350,500,100,"sd","13:51:12",17961900
24350,500,2000,"sd","13:51:09",17961800
24350,500,400,"sd","13:51:02",17959800
24350,500,400,"sd","13:50:58",17959400
24350,500,100,"bu","13:50:57",17959000
24350,500,400,"bu","13:50:57",17958900
24350,500,5000,"bu","13:50:57",17958500
24350,500,6200,"bu","13:50:57",17953500
24350,500,100,"bu","13:50:57",17947300
24350,500,1800,"bu","13:50:57",17947200
24350,500,3000,"bu","13:50:57",17945400
24350,500,200,"bu","13:50:57",17942400
24350,500,1200,"bu","13:50:57",17942200
24350,500,1000,"bu","13:50:57",17941000
24350,500,200,"bu","13:50:57",17940000
24350,500,51500,"bu","13:50:57",17939800
24350,500,100,"bu","13:50:57",17888300
24350,500,100,"bu","13:50:57",17888200
24350,500,200,"bu","13:50:57",17888100
24350,500,200,"bu","13:50:57",17887900
24350,500,18000,"bu","13:50:57",17887700
24350,500,100,"bu","13:50:57",17869700
24350,500,100,"bu","13:50:57",17869600
24350,500,100,"bu","13:50:57",17869500
24350,500,1000,"bu","13:50:57",17869400
24350,500,5600,"bu","13:50:57",17868400
24300,450,200,"bu","13:50:54",17862800
24300,450,3700,"bu","13:50:54",17862600
24300,450,500,"bu","13:50:51",17858900
24300,450,200,"sd","13:50:49",17858400
24300,450,800,"sd","13:50:48",17858200
24300,450,100,"sd","13:50:48",17857400
24300,450,400,"bu","13:50:43",17857300
24300,450,100,"bu","13:50:41",17856900
24300,450,100,"bu","13:50:41",17856800
24300,450,300,"bu","13:50:41",17856700
24300,450,400,"bu","13:50:41",17856400
24300,450,4100,"bu","13:50:41",17856000
24300,450,1000,"bu","13:50:37",17851900
24250,400,200,"sd","13:50:37",17850900
24300,450,1000,"bu","13:50:37",17850700
24250,400,2300,"sd","13:50:28",17849700
24250,400,700,"sd","13:50:28",17847400
