"price","change","match_qtty","side","time","total_vol"
48300,200,8000,"sd","14:44:59",104900
48500,400,1000,"sd","14:27:11",96900
48500,400,2000,"sd","14:27:07",95900
48500,400,300,"sd","14:27:01",93900
48500,400,1400,"sd","14:27:01",93600
48500,400,2000,"sd","14:26:51",92200
48500,400,1600,"sd","14:26:22",90200
48500,400,300,"sd","14:26:22",88600
48500,400,300,"sd","14:26:22",88300
48700,600,800,"sd","14:26:04",88000
48800,700,200,"bu","14:25:19",87200
48700,600,2500,"sd","14:24:51",87000
48700,600,1700,"sd","14:24:51",84500
48750,650,1000,"sd","14:24:51",82800
48800,700,100,"sd","14:24:27",81800
48800,700,100,"sd","14:24:27",81700
48800,700,100,"bu","14:20:59",81600
48800,700,100,"bu","14:20:42",81500
48800,700,500,"bu","14:17:04",81400
49000,900,200,"bu","14:12:34",80900
49950,1850,600,"sd","14:10:53",80700
49950,1850,100,"sd","14:08:39",80100
49950,1850,200,"sd","14:02:45",80000
50000,1900,800,"sd","14:02:45",79800
50000,1900,200,"sd","14:01:27",79000
50000,1900,2000,"sd","13:58:41",78800
50600,2500,100,"sd","13:58:10",76800
50600,2500,1000,"sd","13:58:04",76700
50600,2500,300,"sd","13:57:39",75700
50500,2400,100,"unknown","13:56:34",75400
50000,1900,200,"bu","13:56:34",75300
50000,1900,100,"bu","13:56:34",75100
50000,1900,100,"bu","13:56:34",75000
50600,2500,1000,"bu","13:56:34",74900
50500,2400,500,"bu","13:56:34",73900
49950,1850,100,"bu","13:56:06",73400
49950,1850,100,"sd","13:55:56",73300
49950,1850,2900,"bu","13:55:44",73200
49950,1850,400,"bu","13:55:38",70300
49950,1850,2400,"sd","13:55:25",69900
49950,1850,600,"bu","13:55:00",67500
48700,600,300,"bu","13:54:28",66900
48500,400,300,"bu","13:53:11",66600
48500,400,100,"bu","13:45:15",66300
48500,400,100,"bu","13:45:07",66200
48500,400,100,"bu","13:44:01",66100
48500,400,200,"sd","13:28:57",66000
48500,400,100,"sd","13:28:57",65800
48500,400,400,"bu","13:23:57",65700
48500,400,300,"bu","13:23:15",65300
48500,400,200,"bu","13:23:15",65000
48350,250,1400,"bu","13:23:04",64800
48300,200,1300,"bu","13:22:12",63400
48300,200,1000,"bu","13:22:12",62100
48300,200,300,"bu","13:22:12",61100
48300,200,200,"sd","13:08:38",60800
48300,200,1300,"bu","13:07:30",60600
48300,200,200,"bu","13:06:34",59300
47500,-600,400,"sd","13:05:07",59100
47600,-500,1000,"sd","13:05:07",58700
47950,-150,100,"sd","13:05:07",57700
47950,-150,500,"sd","13:05:02",57600
48000,-100,100,"sd","13:03:16",57100
48000,-100,300,"sd","13:03:16",57000
48000,-100,500,"sd","13:03:16",56700
48000,-100,100,"sd","13:03:16",56200
48100,0,100,"sd","13:03:03",56100
48100,0,1400,"sd","13:03:03",56000
48100,0,600,"sd","13:02:47",54600
48100,0,400,"sd","13:02:47",54000
48100,0,100,"sd","13:02:47",53600
48150,50,700,"sd","13:02:00",53500
48150,50,700,"sd","13:01:34",52800
48200,100,100,"sd","13:01:34",52100
48250,150,200,"sd","13:01:34",52000
48300,200,200,"sd","13:01:14",51800
48350,250,300,"sd","13:00:34",51600
48350,250,500,"sd","13:00:34",51300
48350,250,2000,"sd","13:00:33",50800
48350,250,500,"sd","13:00:00",48800
48350,250,100,"bu","11:10:36",48300
48350,250,1500,"bu","11:04:43",48200
48350,250,400,"sd","11:03:33",46700
48350,250,1600,"sd","11:02:02",46300
48350,250,1000,"sd","11:02:02",44700
48400,300,400,"sd","11:02:02",43700
48400,300,1600,"sd","11:01:44",43300
48400,300,1900,"sd","11:01:44",41700
48450,350,500,"sd","11:01:44",39800
48800,700,3000,"bu","10:59:20",39300
48400,300,1100,"sd","10:53:20",36300
48500,400,100,"sd","10:53:20",35200
48500,400,3000,"sd","10:53:20",35100
48550,450,3000,"sd","10:53:20",32100
48600,500,700,"sd","10:53:20",29100
48700,600,500,"sd","10:51:54",28400
48700,600,100,"sd","10:51:54",27900
48800,700,100,"sd","10:51:44",27800
48800,700,100,"sd","10:48:53",27700
48800,700,700,"bu","10:44:14",27600
48800,700,100,"bu","10:44:14",26900
48800,700,200,"bu","10:20:29",26800
48800,700,300,"bu","10:20:29",26600
48800,700,100,"bu","10:20:09",26300
48800,700,400,"bu","10:20:09",26200
48800,700,100,"bu","10:19:00",25800
48800,700,500,"bu","10:18:52",25700
48800,700,200,"bu","10:18:52",25200
48350,250,200,"sd","10:00:22",25000
48350,250,100,"sd","10:00:22",24800
48350,250,100,"sd","10:00:22",24700
48300,200,2000,"sd","09:54:20",24600
48300,200,800,"sd","09:53:10",22600
48350,250,100,"sd","09:53:10",21800
48350,250,400,"sd","09:53:10",21700
48500,400,1100,"sd","09:52:24",21300
48500,400,900,"sd","09:52:03",20200
48500,400,100,"sd","09:52:03",19300
48800,700,200,"sd","09:47:19",19200
48800,700,100,"bu","09:35:13",19000
48800,700,100,"bu","09:30:13",18900
48300,200,500,"sd","09:25:18",18800
48500,400,1000,"sd","09:24:59",18300
48500,400,300,"sd","09:24:59",17300
48500,400,300,"sd","09:24:59",17000
48500,400,400,"sd","09:24:59",16700
48500,400,400,"sd","09:24:59",16300
48550,450,2200,"sd","09:24:45",15900
48550,450,300,"sd","09:24:45",13700
48550,450,1900,"sd","09:22:44",13400
48600,500,100,"sd","09:22:44",11500
48550,450,100,"sd","09:22:37",11400
48550,450,700,"sd","09:22:22",11300
48600,500,300,"sd","09:22:22",10600
48700,600,1000,"bu","09:21:51",10300
48800,700,3000,"bu","09:20:59",9300
48800,700,500,"bu","09:20:38",6300
48800,700,3500,"bu","09:20:38",5800
48800,700,1000,"bu","09:20:38",2300
48800,700,200,"bu","09:19:57",1300
48800,700,100,"bu","09:19:24",1100
48800,700,100,"bu","09:19:01",1000
48800,700,100,"bu","09:18:22",900
48550,450,100,"bu","09:17:43",800
48550,450,200,"bu","09:17:30",700
48550,450,200,"bu","09:16:36",500
48550,450,100,"unknown","09:16:25",300
48550,450,100,"sd","09:16:17",200
48500,400,100,"sd","09:14:59",100
