"price","change","match_qtty","side","time","total_vol"
60700,600,73500,"sd","14:44:59",1236600
60700,600,400,"sd","14:29:56",1163100
60700,600,200,"sd","14:29:56",1162700
60700,600,1000,"sd","14:29:56",1162500
60700,600,900,"sd","14:29:56",1161500
60700,600,100,"sd","14:29:56",1160600
60800,700,200,"bu","14:29:51",1160500
60800,700,1000,"bu","14:29:48",1160300
60800,700,100,"bu","14:29:48",1159300
60800,700,500,"bu","14:29:48",1159200
60800,700,100,"bu","14:29:48",1158700
61000,900,200,"sd","14:29:03",1158600
61300,1200,400,"bu","14:28:58",1158400
61300,1200,700,"bu","14:28:58",1158000
61000,900,100,"bu","14:28:58",1157300
61000,900,500,"bu","14:28:58",1157200
60900,800,1300,"bu","14:28:58",1156700
61000,900,2400,"bu","14:28:43",1155400
60900,800,600,"bu","14:28:43",1153000
60900,800,100,"sd","14:28:41",1152400
60900,800,100,"sd","14:28:41",1152300
60900,800,200,"sd","14:28:41",1152200
61000,900,100,"bu","14:28:40",1152000
61000,900,400,"sd","14:28:33",1151900
61000,900,400,"sd","14:28:32",1151500
61000,900,100,"sd","14:28:32",1151100
61000,900,1000,"sd","14:28:32",1151000
61000,900,100,"sd","14:28:32",1150000
61000,900,100,"sd","14:28:32",1149900
61000,900,100,"sd","14:28:32",1149800
61000,900,100,"sd","14:28:32",1149700
61000,900,200,"sd","14:28:32",1149600
61000,900,100,"sd","14:28:32",1149400
61000,900,8400,"sd","14:28:32",1149300
61300,1200,6000,"bu","14:28:26",1140900
61300,1200,100,"sd","14:28:17",1134900
61300,1200,3000,"sd","14:28:17",1134800
61300,1200,200,"sd","14:28:17",1131800
61300,1200,1000,"sd","14:28:16",1131600
61300,1200,800,"sd","14:28:08",1130600
61300,1200,500,"sd","14:28:00",1129800
61300,1200,300,"sd","14:27:59",1129300
61300,1200,2200,"bu","14:27:28",1129000
61100,1000,1000,"sd","14:27:27",1126800
61000,900,1600,"sd","14:27:27",1125800
61100,1000,100,"sd","14:27:27",1124200
61000,900,100,"sd","14:27:27",1124100
61200,1100,1000,"sd","14:27:27",1124000
61200,1100,2300,"sd","14:27:27",1123000
61000,900,100,"sd","14:27:27",1120700
61000,900,1300,"sd","14:27:27",1120600
61100,1000,1000,"sd","14:27:27",1119300
61100,1000,900,"sd","14:27:27",1118300
61100,1000,100,"sd","14:27:27",1117400
61300,1200,200,"sd","14:27:17",1117300
61300,1200,1000,"sd","14:27:17",1117100
61300,1200,3600,"sd","14:27:17",1116100
61300,1200,1300,"sd","14:27:15",1112500
61500,1400,1700,"sd","14:27:15",1111200
61500,1400,900,"bu","14:27:14",1109500
61500,1400,1900,"bu","14:27:14",1108600
61400,1300,500,"bu","14:27:14",1106700
61300,1200,100,"sd","14:27:02",1106200
61300,1200,200,"sd","14:27:02",1106100
61300,1200,1000,"sd","14:26:57",1105900
61300,1200,100,"sd","14:26:50",1104900
61500,1400,2100,"bu","14:26:31",1104800
61500,1400,100,"bu","14:26:31",1102700
61400,1300,2700,"bu","14:26:31",1102600
61400,1300,100,"bu","14:26:31",1099900
61300,1200,1000,"sd","14:26:27",1099800
61400,1300,4900,"sd","14:26:04",1098800
61400,1300,100,"sd","14:25:56",1093900
61500,1400,5000,"bu","14:25:53",1093800
61500,1400,1500,"sd","14:25:38",1088800
61500,1400,100,"bu","14:25:30",1087300
61500,1400,1900,"bu","14:25:30",1087200
61500,1400,1500,"bu","14:25:30",1085300
61300,1200,1000,"sd","14:25:25",1083800
61300,1200,200,"sd","14:25:19",1082800
61500,1400,15000,"bu","14:25:18",1082600
61300,1200,1500,"sd","14:25:13",1067600
61300,1200,100,"sd","14:25:13",1066100
61300,1200,200,"sd","14:25:13",1066000
61300,1200,200,"sd","14:25:13",1065800
61500,1400,2300,"sd","14:25:09",1065600
61500,1400,3000,"sd","14:25:08",1063300
61500,1400,1000,"bu","14:25:07",1060300
61500,1400,2000,"bu","14:25:07",1059300
61400,1300,1700,"bu","14:25:07",1057300
61400,1300,5000,"sd","14:25:06",1055600
61400,1300,100,"sd","14:25:06",1050600
61500,1400,5000,"bu","14:25:03",1050500
61500,1400,1300,"sd","14:25:00",1045500
61500,1400,300,"sd","14:25:00",1044200
61500,1400,1000,"sd","14:25:00",1043900
61500,1400,2400,"bu","14:24:57",1042900
61500,1400,5000,"bu","14:24:50",1040500
61500,1400,2000,"sd","14:24:42",1035500
61500,1400,10000,"sd","14:24:42",1033500
61500,1400,3900,"sd","14:24:42",1023500
61700,1600,200,"bu","14:24:41",1019600
61700,1600,100,"bu","14:24:37",1019400
61700,1600,100,"bu","14:24:07",1019300
61700,1600,4000,"bu","14:24:07",1019200
61500,1400,1100,"sd","14:24:03",1015200
61500,1400,2900,"sd","14:24:03",1014100
61600,1500,1000,"sd","14:24:03",1011200
61700,1600,5000,"sd","14:23:05",1010200
61700,1600,300,"sd","14:23:05",1005200
61700,1600,100,"sd","14:23:05",1004900
61700,1600,100,"sd","14:23:05",1004800
61700,1600,500,"bu","14:22:39",1004700
61800,1700,300,"bu","14:22:03",1004200
61500,1400,2100,"sd","14:21:50",1003900
61500,1400,100,"sd","14:21:50",1001800
61600,1500,1000,"sd","14:21:50",1001700
61700,1600,100,"sd","14:21:50",1000700
61700,1600,100,"sd","14:21:50",1000600
61800,1700,100,"bu","14:21:01",1000500
61800,1700,100,"bu","14:20:47",1000400
61800,1700,200,"bu","14:20:40",1000300
61700,1600,200,"bu","14:20:33",1000100
61700,1600,200,"sd","14:20:14",999900
61700,1600,100,"sd","14:20:13",999700
61800,1700,200,"bu","14:20:00",999600
61800,1700,100,"bu","14:19:45",999400
61800,1700,100,"bu","14:19:41",999300
61800,1700,100,"bu","14:19:31",999200
61800,1700,100,"bu","14:19:22",999100
61800,1700,200,"bu","14:19:18",999000
61800,1700,100,"bu","14:19:04",998800
61800,1700,1500,"bu","14:19:01",998700
61800,1700,3300,"bu","14:19:01",997200
61800,1700,100,"bu","14:19:00",993900
61800,1700,1200,"bu","14:18:54",993800
61700,1600,100,"sd","14:18:28",992600
61700,1600,100,"sd","14:18:28",992500
61700,1600,200,"sd","14:18:28",992400
61700,1600,100,"sd","14:18:19",992200
61700,1600,900,"sd","14:18:19",992100
61800,1700,200,"bu","14:18:08",991200
61800,1700,1600,"bu","14:17:58",991000
61700,1600,100,"sd","14:17:25",989400
61700,1600,300,"sd","14:17:25",989300
61700,1600,100,"sd","14:17:25",989000
61800,1700,100,"bu","14:17:14",988900
61800,1700,200,"bu","14:17:12",988800
61800,1700,100,"sd","14:17:10",988600
61800,1700,100,"sd","14:17:07",988500
61800,1700,100,"sd","14:17:01",988400
61800,1700,100,"sd","14:17:01",988300
61800,1700,2400,"sd","14:17:01",988200
61800,1700,200,"sd","14:16:42",985800
61800,1700,1400,"sd","14:16:42",985600
61800,1700,100,"sd","14:16:25",984200
61800,1700,200,"sd","14:16:25",984100
61800,1700,300,"sd","14:16:25",983900
61800,1700,1100,"bu","14:16:00",983600
61800,1700,600,"sd","14:15:53",982500
61800,1700,400,"sd","14:15:53",981900
61800,1700,100,"sd","14:15:53",981500
61800,1700,200,"sd","14:15:53",981400
61800,1700,100,"sd","14:15:53",981200
61800,1700,1500,"sd","14:15:53",981100
61900,1800,100,"bu","14:15:49",979600
61900,1800,200,"bu","14:15:35",979500
61900,1800,100,"bu","14:15:32",979300
61800,1700,200,"sd","14:14:45",979200
61800,1700,300,"sd","14:14:45",979000
61800,1700,4700,"bu","14:14:37",978700
61800,1700,5000,"bu","14:14:34",974000
61800,1700,100,"bu","14:14:24",969000
61800,1700,200,"bu","14:14:11",968900
61800,1700,100,"bu","14:13:56",968700
61800,1700,100,"bu","14:13:54",968600
61800,1700,100,"bu","14:13:50",968500
61800,1700,100,"bu","14:13:43",968400
61800,1700,200,"sd","14:13:40",968300
61800,1700,100,"sd","14:13:40",968100
61800,1700,200,"sd","14:13:40",968000
61800,1700,100,"sd","14:13:40",967800
61800,1700,200,"sd","14:13:40",967700
61800,1700,100,"sd","14:13:40",967500
61800,1700,100,"sd","14:13:40",967400
61800,1700,300,"sd","14:13:03",967300
61800,1700,100,"sd","14:12:43",967000
61900,1800,200,"bu","14:12:33",966900
61900,1800,100,"bu","14:12:18",966700
61900,1800,100,"bu","14:12:11",966600
61800,1700,500,"sd","14:12:04",966500
61800,1700,1000,"sd","14:12:04",966000
61800,1700,1500,"sd","14:12:04",965000
61800,1700,500,"sd","14:12:02",963500
61800,1700,8000,"sd","14:11:42",963000
61800,1700,10000,"sd","14:11:42",955000
61800,1700,2000,"sd","14:11:42",945000
61900,1800,100,"bu","14:11:36",943000
61900,1800,400,"sd","14:11:36",942900
61900,1800,1000,"sd","14:11:34",942500
61900,1800,1600,"sd","14:11:24",941500
61900,1800,200,"sd","14:11:24",939900
61900,1800,200,"sd","14:11:24",939700
61900,1800,100,"sd","14:11:23",939500
61900,1800,200,"sd","14:11:23",939400
61900,1800,100,"sd","14:11:23",939200
61900,1800,1000,"sd","14:11:23",939100
61900,1800,100,"sd","14:11:23",938100
61900,1800,200,"sd","14:11:23",938000
61900,1800,100,"sd","14:11:23",937800
61900,1800,100,"sd","14:11:23",937700
61900,1800,200,"sd","14:11:23",937600
61900,1800,100,"sd","14:11:23",937400
61900,1800,200,"sd","14:11:23",937300
61900,1800,100,"sd","14:11:23",937100
61900,1800,200,"sd","14:11:23",937000
61900,1800,100,"sd","14:11:23",936800
61900,1800,200,"sd","14:11:23",936700
62000,1900,200,"bu","14:11:23",936500
62000,1900,100,"bu","14:11:10",936300
62000,1900,100,"bu","14:10:55",936200
62000,1900,100,"bu","14:10:55",936100
61900,1800,500,"sd","14:10:55",936000
62000,1900,200,"bu","14:10:47",935500
62000,1900,100,"bu","14:10:41",935300
62000,1900,100,"bu","14:10:33",935200
61900,1800,500,"sd","14:10:32",935100
61900,1800,100,"sd","14:10:12",934600
62000,1900,5000,"bu","14:10:11",934500
62000,1900,500,"bu","14:10:11",929500
62000,1900,1000,"bu","14:10:11",929000
62000,1900,200,"bu","14:10:11",928000
62000,1900,100,"bu","14:10:11",927800
61900,1800,100,"sd","14:10:02",927700
61900,1800,500,"sd","14:09:48",927600
61900,1800,500,"sd","14:09:27",927100
61900,1800,3000,"sd","14:09:19",926600
62000,1900,200,"bu","14:09:17",923600
62000,1900,3700,"bu","14:09:15",923400
62000,1900,3000,"bu","14:09:15",919700
62000,1900,13300,"bu","14:09:15",916700
61900,1800,400,"sd","14:09:05",903400
61900,1800,100,"sd","14:09:05",903000
62000,1900,100,"bu","14:09:04",902900
62000,1900,100,"bu","14:08:56",902800
61900,1800,100,"sd","14:08:47",902700
61900,1800,400,"sd","14:08:47",902600
62000,1900,100,"sd","14:08:36",902200
62000,1900,6300,"sd","14:08:36",902100
62000,1900,100,"sd","14:08:36",895800
62000,1900,100,"sd","14:08:29",895700
62000,1900,200,"bu","14:08:20",895600
62000,1900,800,"bu","14:08:20",895400
62000,1900,100,"bu","14:08:07",894600
62000,1900,1100,"sd","14:07:59",894500
62000,1900,200,"sd","14:07:59",893400
62000,1900,100,"sd","14:07:59",893200
62000,1900,700,"sd","14:07:59",893100
62100,2000,200,"bu","14:07:54",892400
62100,2000,100,"bu","14:07:39",892200
62100,2000,200,"bu","14:07:25",892100
62100,2000,100,"bu","14:07:20",891900
62000,1900,100,"bu","14:07:11",891800
62000,1900,500,"bu","14:07:11",891700
62000,1900,400,"bu","14:07:11",891200
62000,1900,100,"bu","14:06:57",890800
62000,1900,200,"bu","14:06:43",890700
62000,1900,9300,"bu","14:06:42",890500
62000,1900,500,"bu","14:06:42",881200
62000,1900,200,"bu","14:06:42",880700
62000,1900,20000,"bu","14:06:30",880500
61900,1800,100,"sd","14:06:29",860500
62000,1900,200,"sd","14:06:18",860400
62000,1900,100,"sd","14:06:18",860200
62000,1900,4500,"sd","14:06:18",860100
62000,1900,500,"sd","14:06:16",855600
62000,1900,100,"sd","14:06:15",855100
62000,1900,200,"sd","14:05:58",855000
62000,1900,1000,"sd","14:05:57",854800
62000,1900,500,"bu","14:05:57",853800
62000,1900,100,"bu","14:05:57",853300
62000,1900,2100,"bu","14:05:57",853200
62000,1900,6300,"bu","14:05:56",851100
61900,1800,2700,"sd","14:05:56",844800
61900,1800,100,"sd","14:05:56",842100
61900,1800,100,"sd","14:05:56",842000
61900,1800,100,"sd","14:05:56",841900
61900,1800,100,"sd","14:05:54",841800
62000,1900,200,"bu","14:05:47",841700
62000,1900,100,"bu","14:05:44",841500
62000,1900,100,"sd","14:05:37",841400
62000,1900,2200,"sd","14:05:37",841300
62000,1900,5000,"sd","14:05:36",839100
62000,1900,1000,"sd","14:05:32",834100
62000,1900,500,"sd","14:05:21",833100
62000,1900,1300,"bu","14:05:21",832600
62000,1900,200,"bu","14:05:20",831300
62000,1900,2000,"bu","14:05:15",831100
62000,1900,5000,"bu","14:05:15",829100
61900,1800,300,"sd","14:04:57",824100
61900,1800,500,"sd","14:04:57",823800
62000,1900,200,"sd","14:04:57",823300
62000,1900,800,"bu","14:04:56",823100
62000,1900,100,"bu","14:04:52",822300
62000,1900,200,"bu","14:04:38",822200
62000,1900,200,"bu","14:04:33",822000
62000,1900,100,"bu","14:04:25",821800
62000,1900,1000,"sd","14:04:24",821700
62000,1900,100,"sd","14:04:24",820700
62000,1900,200,"sd","14:04:24",820600
62000,1900,100,"sd","14:04:24",820400
62000,1900,200,"sd","14:04:24",820300
62100,2000,100,"bu","14:04:10",820100
62000,1900,100,"sd","14:03:36",820000
62000,1900,1600,"bu","14:03:16",819900
62000,1900,200,"bu","14:03:16",818300
62000,1900,200,"bu","14:03:16",818100
62000,1900,200,"bu","14:03:15",817900
62000,1900,2000,"bu","14:03:05",817700
62000,1900,100,"bu","14:03:00",815700
62000,1900,2000,"sd","14:02:52",815600
62000,1900,500,"sd","14:02:52",813600
62000,1900,200,"sd","14:02:52",813100
62000,1900,400,"sd","14:02:52",812900
62100,2000,100,"bu","14:02:46",812500
62100,2000,100,"bu","14:02:36",812400
62000,1900,300,"bu","14:02:27",812300
62000,1900,1700,"bu","14:02:22",812000
62000,1900,300,"bu","14:02:22",810300
62000,1900,100,"bu","14:02:18",810000
62000,1900,200,"bu","14:02:05",809900
62000,1900,500,"bu","14:02:02",809700
62000,1900,100,"bu","14:01:50",809200
62000,1900,200,"bu","14:01:36",809100
62000,1900,800,"bu","14:01:28",808900
62000,1900,100,"bu","14:01:24",808100
62000,1900,2700,"sd","14:01:23",808000
62000,1900,100,"bu","14:01:19",805300
62000,1900,100,"bu","14:01:19",805200
62000,1900,2000,"bu","14:01:19",805100
62000,1900,100,"bu","14:01:19",803100
62000,1900,2000,"bu","14:01:19",803000
62000,1900,100,"bu","14:01:19",801000
62000,1900,500,"bu","14:01:19",800900
62000,1900,1000,"bu","14:01:19",800400
62000,1900,100,"bu","14:01:19",799400
62000,1900,100,"bu","14:01:19",799300
62000,1900,100,"bu","14:01:19",799200
62000,1900,200,"bu","14:01:19",799100
62000,1900,100,"bu","14:01:19",798900
62000,1900,200,"bu","14:01:19",798800
62000,1900,200,"bu","14:01:19",798600
62000,1900,400,"bu","14:01:19",798400
62000,1900,600,"bu","14:01:11",798000
62000,1900,400,"bu","14:01:11",797400
62000,1900,200,"bu","14:01:09",797000
62000,1900,100,"bu","14:01:02",796800
62000,1900,500,"bu","14:00:57",796700
62000,1900,100,"bu","14:00:54",796200
62000,1900,200,"bu","14:00:49",796100
62000,1900,200,"bu","14:00:49",795900
62000,1900,300,"bu","14:00:45",795700
62000,1900,100,"bu","14:00:45",795400
62000,1900,2000,"bu","14:00:45",795300
62000,1900,2000,"bu","14:00:45",793300
62000,1900,2000,"bu","14:00:45",791300
62000,1900,2000,"bu","14:00:45",789300
62000,1900,2000,"bu","14:00:45",787300
62000,1900,300,"bu","14:00:45",785300
62000,1900,2000,"bu","14:00:45",785000
62000,1900,300,"bu","14:00:45",783000
62000,1900,200,"bu","14:00:45",782700
62000,1900,500,"bu","14:00:45",782500
62000,1900,300,"bu","14:00:45",782000
62000,1900,100,"bu","14:00:44",781700
62000,1900,100,"bu","14:00:41",781600
62000,1900,100,"bu","14:00:41",781500
62000,1900,100,"bu","14:00:27",781400
62000,1900,100,"bu","14:00:23",781300
62000,1900,100,"bu","14:00:23",781200
62000,1900,800,"bu","14:00:23",781100
62000,1900,100,"bu","14:00:23",780300
62000,1900,100,"bu","14:00:23",780200
62000,1900,300,"bu","14:00:23",780100
61900,1800,200,"bu","14:00:23",779800
61900,1800,100,"bu","14:00:23",779600
61900,1800,500,"bu","14:00:23",779500
61900,1800,100,"bu","14:00:23",779000
61900,1800,100,"bu","14:00:23",778900
61900,1800,200,"bu","14:00:23",778800
61900,1800,600,"bu","14:00:23",778600
61900,1800,400,"bu","14:00:19",778000
61800,1700,100,"bu","14:00:14",777600
61800,1700,500,"bu","14:00:14",777500
61800,1700,100,"bu","14:00:14",777000
61800,1700,200,"bu","14:00:14",776900
61800,1700,800,"bu","14:00:14",776700
61800,1700,300,"bu","14:00:14",775900
61800,1700,100,"bu","14:00:14",775600
61800,1700,100,"bu","14:00:14",775500
61800,1700,1800,"bu","14:00:14",775400
61800,1700,100,"bu","14:00:12",773600
61800,1700,600,"bu","14:00:12",773500
61800,1700,500,"bu","14:00:06",772900
61800,1700,100,"bu","14:00:06",772400
61800,1700,300,"bu","14:00:06",772300
61800,1700,600,"bu","14:00:06",772000
61800,1700,200,"bu","13:59:59",771400
61800,1700,100,"bu","13:59:45",771200
61800,1700,100,"bu","13:59:31",771100
61800,1700,100,"bu","13:59:31",771000
61800,1700,100,"bu","13:59:30",770900
61700,1600,1200,"bu","13:58:20",770800
61700,1600,100,"bu","13:58:20",769600
61700,1600,100,"bu","13:58:20",769500
61700,1600,200,"bu","13:58:20",769400
61700,1600,100,"bu","13:58:20",769200
61700,1600,1000,"bu","13:58:20",769100
61700,1600,100,"bu","13:58:20",768100
61700,1600,1600,"bu","13:58:20",768000
61700,1600,1200,"bu","13:58:20",766400
61700,1600,200,"bu","13:58:20",765200
61700,1600,300,"bu","13:58:20",765000
61600,1500,100,"bu","13:58:15",764700
61600,1500,100,"bu","13:58:07",764600
61600,1500,300,"bu","13:58:06",764500
61600,1500,100,"bu","13:58:05",764200
61600,1500,100,"bu","13:58:05",764100
61600,1500,100,"bu","13:58:04",764000
61600,1500,200,"bu","13:58:04",763900
61600,1500,100,"bu","13:57:58",763700
61600,1500,200,"bu","13:57:53",763600
61600,1500,100,"bu","13:57:39",763400
61600,1500,1000,"bu","13:57:29",763300
61500,1400,1000,"bu","13:56:54",762300
61600,1500,100,"bu","13:56:26",761300
61500,1400,2500,"bu","13:56:20",761200
61500,1400,500,"sd","13:55:57",758700
61500,1400,200,"sd","13:55:39",758200
61500,1400,500,"bu","13:55:34",758000
61500,1400,100,"sd","13:55:33",757500
61500,1400,400,"sd","13:55:33",757400
61500,1400,300,"bu","13:55:06",757000
61500,1400,300,"bu","13:55:06",756700
61500,1400,100,"bu","13:54:55",756400
61400,1300,1000,"sd","13:54:47",756300
61500,1400,100,"bu","13:54:12",755300
61500,1400,100,"sd","13:54:09",755200
61500,1400,1500,"sd","13:54:09",755100
61500,1400,1000,"sd","13:53:42",753600
61500,1400,500,"sd","13:53:40",752600
61600,1500,100,"bu","13:53:24",752100
61600,1500,500,"bu","13:53:24",752000
61600,1500,100,"bu","13:53:24",751500
61600,1500,200,"bu","13:52:56",751400
61500,1400,500,"sd","13:52:50",751200
61600,1500,600,"bu","13:52:45",750700
61500,1400,100,"bu","13:52:18",750100
61500,1400,1000,"bu","13:52:18",750000
61500,1400,100,"bu","13:52:18",749000
61500,1400,300,"bu","13:52:18",748900
61500,1400,100,"bu","13:51:54",748600
61500,1400,100,"bu","13:50:25",748500
61400,1300,100,"bu","13:50:20",748400
61300,1200,100,"bu","13:49:18",748300
61300,1200,800,"bu","13:49:10",748200
61300,1200,100,"bu","13:48:55",747400
61200,1100,100,"sd","13:48:07",747300
61200,1100,100,"sd","13:47:46",747200
61200,1100,100,"sd","13:47:41",747100
61300,1200,100,"bu","13:47:26",747000
61300,1200,1000,"sd","13:46:01",746900
61600,1500,100,"bu","13:45:58",745900
61300,1200,100,"sd","13:45:52",745800
61300,1200,1000,"sd","13:45:37",745700
61400,1300,100,"bu","13:44:30",744700
61400,1300,100,"sd","13:44:11",744600
61400,1300,300,"sd","13:44:11",744500
61400,1300,700,"sd","13:43:57",744200
61500,1400,1000,"sd","13:43:37",743500
61500,1400,1000,"sd","13:43:37",742500
61600,1500,100,"bu","13:43:02",741500
61700,1600,600,"bu","13:42:47",741400
61600,1500,1100,"sd","13:42:41",740800
61600,1500,900,"sd","13:42:41",739700
61700,1600,100,"bu","13:41:35",738800
61700,1600,500,"bu","13:41:24",738700
61700,1600,100,"bu","13:40:07",738200
61600,1500,100,"bu","13:40:05",738100
61600,1500,500,"bu","13:39:23",738000
61600,1500,100,"bu","13:38:41",737500
61600,1500,100,"bu","13:37:14",737400
61500,1400,300,"bu","13:36:40",737300
61500,1400,2300,"bu","13:36:40",737000
61500,1400,100,"bu","13:35:48",734700
61500,1400,100,"sd","13:35:14",734600
61500,1400,400,"bu","13:34:37",734500
61500,1400,100,"bu","13:34:22",734100
61400,1300,1000,"bu","13:33:53",734000
61400,1300,100,"bu","13:32:56",733000
61200,1100,500,"sd","13:32:43",732900
61200,1100,300,"sd","13:32:38",732400
61200,1100,400,"sd","13:32:24",732100
61200,1100,100,"sd","13:32:20",731700
61200,1100,1000,"sd","13:32:07",731600
61200,1100,2800,"sd","13:31:38",730600
61200,1100,200,"sd","13:31:38",727800
61400,1300,100,"bu","13:31:30",727600
61400,1300,100,"bu","13:30:05",727500
61400,1300,100,"sd","13:29:45",727400
61400,1300,200,"sd","13:29:45",727300
61400,1300,200,"sd","13:29:45",727100
61400,1300,2300,"sd","13:29:45",726900
61400,1300,600,"sd","13:29:40",724600
61500,1400,300,"bu","13:29:39",724000
61500,1400,700,"bu","13:29:39",723700
61400,1300,3100,"sd","13:29:33",723000
61400,1300,1900,"sd","13:29:33",719900
61400,1300,4000,"sd","13:29:20",718000
61500,1400,100,"bu","13:28:40",714000
61500,1400,100,"bu","13:28:34",713900
61500,1400,100,"sd","13:28:28",713800
61600,1500,100,"bu","13:28:17",713700
61600,1500,100,"bu","13:28:17",713600
61600,1500,800,"bu","13:28:17",713500
61600,1500,2000,"bu","13:27:40",712700
61600,1500,100,"sd","13:27:31",710700
61600,1500,200,"sd","13:27:31",710600
61600,1500,100,"sd","13:27:31",710400
61600,1500,100,"sd","13:27:31",710300
61600,1500,100,"sd","13:27:31",710200
61600,1500,100,"sd","13:27:22",710100
61600,1500,400,"sd","13:27:16",710000
61600,1500,2600,"sd","13:27:16",709600
61700,1600,100,"bu","13:27:16",707000
61600,1500,200,"sd","13:27:02",706900
61700,1600,2000,"sd","13:26:40",706700
61700,1600,2900,"sd","13:26:40",704700
61700,1600,1000,"bu","13:25:54",701800
61700,1600,200,"bu","13:25:54",700800
61700,1600,500,"bu","13:25:54",700600
61700,1600,400,"bu","13:25:54",700100
61700,1600,100,"bu","13:25:51",699700
61700,1600,400,"bu","13:25:33",699600
61700,1600,600,"bu","13:25:33",699200
61700,1600,200,"bu","13:25:13",698600
61600,1500,2000,"sd","13:25:12",698400
61700,1600,100,"bu","13:24:26",696400
61600,1500,100,"sd","13:24:21",696300
61600,1500,100,"bu","13:23:22",696200
61600,1500,3000,"bu","13:23:22",696100
61600,1500,2000,"bu","13:23:22",693100
61600,1500,1000,"bu","13:23:04",691100
61600,1500,100,"bu","13:23:01",690100
61400,1300,100,"sd","13:22:54",690000
61500,1400,100,"bu","13:22:30",689900
61500,1400,1000,"bu","13:22:30",689800
61500,1400,300,"bu","13:22:19",688800
61500,1400,100,"bu","13:22:19",688500
61500,1400,700,"bu","13:22:15",688400
61500,1400,2000,"bu","13:22:15",687700
61500,1400,100,"bu","13:22:15",685700
61500,1400,200,"bu","13:22:15",685600
61500,1400,100,"bu","13:22:09",685400
61500,1400,1000,"bu","13:22:00",685300
61500,1400,500,"bu","13:22:00",684300
61500,1400,200,"bu","13:22:00",683800
61500,1400,100,"bu","13:22:00",683600
61500,1400,400,"bu","13:22:00",683500
61400,1300,2800,"bu","13:22:00",683100
61500,1400,100,"bu","13:21:52",680300
61500,1400,100,"bu","13:21:52",680200
61400,1300,2000,"bu","13:21:40",680100
61400,1300,1000,"bu","13:21:40",678100
61400,1300,1000,"bu","13:21:40",677100
61400,1300,700,"bu","13:21:40",676100
61400,1300,100,"bu","13:21:38",675400
61300,1200,100,"sd","13:21:18",675300
61300,1200,500,"bu","13:20:24",675200
61400,1300,100,"bu","13:20:14",674700
61300,1200,1000,"bu","13:20:08",674600
61300,1200,600,"bu","13:20:08",673600
61300,1200,1600,"bu","13:20:08",673000
61300,1200,1200,"bu","13:19:37",671400
61300,1200,100,"bu","13:18:50",670200
61200,1100,100,"bu","13:18:37",670100
61100,1000,100,"sd","13:17:58",670000
61100,1000,700,"sd","13:17:57",669900
61300,1200,100,"bu","13:17:27",669200
61400,1300,100,"bu","13:17:04",669100
61400,1300,500,"bu","13:16:53",669000
61400,1300,900,"bu","13:16:53",668500
61300,1200,1000,"bu","13:16:53",667600
61300,1200,100,"bu","13:16:53",666600
61300,1200,100,"bu","13:16:04",666500
61400,1300,100,"bu","13:15:18",666400
61500,1400,100,"bu","13:14:41",666300
61100,1000,200,"sd","13:14:32",666200
61500,1400,100,"bu","13:13:52",666000
61500,1400,400,"bu","13:13:52",665900
61500,1400,100,"sd","13:13:19",665500
61600,1500,100,"bu","13:13:18",665400
61500,1400,100,"bu","13:13:13",665300
61500,1400,100,"sd","13:13:00",665200
61500,1400,1000,"sd","13:12:57",665100
61500,1400,300,"sd","13:12:37",664100
61500,1400,200,"sd","13:12:26",663800
61500,1400,2400,"sd","13:12:05",663600
61600,1500,100,"bu","13:11:55",661200
61500,1400,5000,"sd","13:11:44",661100
61500,1400,1500,"sd","13:11:44",656100
61600,1500,1000,"bu","13:11:36",654600
61600,1500,6200,"sd","13:11:24",653600
61600,1500,3400,"sd","13:11:19",647400
61700,1600,1100,"bu","13:11:16",644000
61700,1600,500,"bu","13:11:06",642900
61700,1600,1000,"bu","13:11:06",642400
61700,1600,100,"bu","13:10:33",641400
61600,1500,100,"sd","13:10:29",641300
61600,1500,300,"sd","13:10:03",641200
61700,1600,700,"sd","13:10:03",640900
61700,1600,100,"sd","13:10:03",640200
61700,1600,100,"sd","13:09:57",640100
61800,1700,100,"bu","13:09:11",640000
61700,1600,200,"bu","13:08:50",639900
61700,1600,700,"bu","13:08:50",639700
61700,1600,100,"bu","13:08:50",639000
61700,1600,1400,"bu","13:08:09",638900
61700,1600,100,"bu","13:08:09",637500
61700,1600,400,"bu","13:08:09",637400
61600,1500,600,"sd","13:07:54",637000
61700,1600,100,"bu","13:07:49",636400
61600,1500,500,"bu","13:07:30",636300
61600,1500,2000,"bu","13:07:30",635800
61600,1500,200,"bu","13:07:30",633800
61600,1500,200,"bu","13:07:30",633600
61600,1500,200,"bu","13:07:30",633400
61600,1500,100,"bu","13:07:30",633200
61600,1500,200,"bu","13:07:30",633100
61600,1500,300,"bu","13:07:30",632900
61500,1400,100,"bu","13:07:15",632600
61500,1400,200,"bu","13:07:15",632500
61500,1400,700,"bu","13:07:15",632300
61500,1400,300,"bu","13:07:15",631600
61500,1400,1000,"bu","13:07:15",631300
61500,1400,500,"bu","13:07:15",630300
61500,1400,100,"bu","13:07:15",629800
61500,1400,600,"bu","13:07:15",629700
61400,1300,2000,"bu","13:06:52",629100
61400,1300,100,"bu","13:06:52",627100
61300,1200,100,"bu","13:06:44",627000
61300,1200,700,"bu","13:06:44",626900
61300,1200,100,"bu","13:06:44",626200
61300,1200,100,"bu","13:06:44",626100
61300,1200,100,"bu","13:06:27",626000
61200,1100,600,"bu","13:05:37",625900
61200,1100,100,"bu","13:05:37",625300
61200,1100,100,"bu","13:05:37",625200
61200,1100,100,"bu","13:05:05",625100
61000,900,100,"bu","13:04:59",625000
61000,900,100,"bu","13:04:59",624900
61000,900,100,"bu","13:04:59",624800
61000,900,500,"bu","13:04:59",624700
60900,800,500,"bu","13:04:01",624200
60900,800,2500,"bu","13:04:01",623700
60800,700,300,"sd","13:03:55",621200
60800,700,100,"sd","13:03:55",620900
60900,800,500,"bu","13:03:50",620800
60900,800,100,"bu","13:03:50",620300
60700,600,200,"sd","13:03:44",620200
60700,600,100,"sd","13:03:44",620000
60800,700,100,"bu","13:03:43",619900
60700,600,700,"sd","13:03:34",619800
60700,600,300,"sd","13:03:34",619100
60700,600,200,"sd","13:03:11",618800
60700,600,300,"sd","13:03:11",618600
60700,600,200,"sd","13:03:11",618300
60700,600,100,"sd","13:02:24",618100
60800,700,100,"bu","13:02:21",618000
60700,600,100,"sd","13:02:20",617900
60800,700,100,"bu","13:01:57",617800
60700,600,2300,"sd","13:01:36",617700
60700,600,2000,"sd","13:01:36",615400
60700,600,700,"sd","13:01:36",613400
60700,600,400,"sd","13:01:23",612700
60700,600,1200,"sd","13:01:06",612300
60900,800,100,"bu","13:01:02",611100
60700,600,500,"sd","13:00:50",611000
60800,700,100,"sd","13:00:50",610500
60800,700,1500,"sd","13:00:50",610400
60800,700,3500,"sd","13:00:50",608900
60800,700,700,"sd","13:00:28",605400
60800,700,5000,"sd","13:00:27",604700
60800,700,10000,"sd","13:00:26",599700
60800,700,2000,"sd","13:00:24",589700
60800,700,5000,"sd","13:00:22",587700
60800,700,200,"sd","13:00:21",582700
60800,700,100,"sd","13:00:20",582500
60800,700,100,"sd","13:00:20",582400
60800,700,100,"sd","13:00:05",582300
60900,800,100,"bu","13:00:04",582200
60800,700,100,"sd","13:00:03",582100
60800,700,2000,"sd","13:00:03",582000
60800,700,2000,"sd","13:00:02",580000
60800,700,900,"sd","13:00:02",578000
60800,700,600,"sd","13:00:01",577100
60800,700,200,"sd","13:00:01",576500
60800,700,100,"sd","13:00:01",576300
60800,700,1000,"unknown","13:00:01",576200
60900,800,300,"bu","13:00:00",575200
60800,700,100,"unknown","13:00:00",574900
60800,700,200,"unknown","13:00:00",574800
60800,700,100,"unknown","13:00:00",574600
60700,600,100,"sd","11:29:26",574500
60700,600,2100,"sd","11:28:43",574400
60700,600,5000,"sd","11:28:43",572300
60700,600,500,"sd","11:28:43",567300
60700,600,500,"sd","11:28:43",566800
60800,700,500,"sd","11:28:24",566300
60800,700,100,"sd","11:28:24",565800
60900,800,100,"sd","11:28:13",565700
60900,800,900,"sd","11:28:00",565600
60900,800,300,"sd","11:28:00",564700
61000,900,5000,"bu","11:27:57",564400
61000,900,500,"sd","11:27:40",559400
61000,900,500,"sd","11:27:40",558900
61000,900,900,"sd","11:27:40",558400
61000,900,100,"sd","11:27:19",557500
60900,800,100,"sd","11:26:55",557400
60900,800,100,"sd","11:26:49",557300
60900,800,1300,"sd","11:26:49",557200
61000,900,400,"sd","11:26:49",555900
60900,800,2000,"sd","11:25:21",555500
61000,900,200,"sd","11:25:17",553500
61100,1000,100,"bu","11:25:05",553300
61000,900,300,"sd","11:24:50",553200
61000,900,1000,"sd","11:24:50",552900
61000,900,300,"sd","11:24:50",551900
61000,900,100,"sd","11:24:50",551600
61000,900,100,"sd","11:24:50",551500
61000,900,200,"sd","11:24:50",551400
61100,1000,100,"bu","11:24:41",551200
61100,1000,1400,"bu","11:24:35",551100
61100,1000,1600,"bu","11:24:35",549700
61100,1000,3000,"sd","11:24:21",548100
61100,1000,400,"sd","11:24:21",545100
61100,1000,100,"sd","11:23:44",544700
61100,1000,600,"sd","11:23:44",544600
61300,1200,2000,"sd","11:22:47",544000
61300,1200,500,"sd","11:22:47",542000
61300,1200,100,"sd","11:22:47",541500
61500,1400,100,"bu","11:22:31",541400
61300,1200,400,"sd","11:22:28",541300
61300,1200,100,"sd","11:22:28",540900
61500,1400,100,"bu","11:22:16",540800
61300,1200,100,"sd","11:21:55",540700
61300,1200,500,"sd","11:21:55",540600
61300,1200,1000,"sd","11:21:51",540100
61300,1200,100,"sd","11:21:42",539100
61300,1200,500,"sd","11:21:42",539000
61400,1300,400,"sd","11:21:42",538500
61400,1300,600,"sd","11:21:36",538100
61400,1300,400,"sd","11:21:36",537500
61500,1400,200,"bu","11:21:34",537100
61500,1400,100,"bu","11:21:34",536900
61500,1400,4700,"bu","11:21:34",536800
61500,1400,100,"sd","11:21:19",532100
61500,1400,2900,"bu","11:21:09",532000
61500,1400,100,"bu","11:21:08",529100
61500,1400,300,"unknown","11:20:20",529000
61500,1400,500,"unknown","11:20:20",528700
61500,1400,500,"sd","11:20:02",528200
61500,1400,1300,"sd","11:19:59",527700
61500,1400,100,"bu","11:19:58",526400
61500,1400,100,"bu","11:19:58",526300
61500,1400,400,"bu","11:19:45",526200
61500,1400,300,"bu","11:19:45",525800
61500,1400,2300,"bu","11:19:45",525500
61500,1400,5000,"bu","11:19:39",523200
61500,1400,100,"bu","11:19:27",518200
61500,1400,1000,"sd","11:19:25",518100
61500,1400,1000,"sd","11:19:25",517100
61500,1400,600,"sd","11:19:25",516100
61500,1400,2000,"sd","11:19:18",515500
61500,1400,200,"sd","11:19:17",513500
61500,1400,500,"sd","11:18:56",513300
61500,1400,100,"sd","11:18:56",512800
61500,1400,1000,"sd","11:18:50",512700
61500,1400,600,"bu","11:18:49",511700
61500,1400,1400,"bu","11:18:31",511100
61500,1400,300,"bu","11:18:31",509700
61500,1400,700,"bu","11:18:31",509400
61500,1400,600,"bu","11:18:31",508700
61400,1300,600,"sd","11:18:15",508100
61400,1300,200,"sd","11:18:15",507500
61500,1400,5000,"bu","11:18:05",507300
61500,1400,1000,"sd","11:17:55",502300
61500,1400,2000,"sd","11:17:55",501300
61500,1400,1400,"sd","11:17:55",499300
61500,1400,100,"sd","11:17:50",497900
61500,1400,2000,"sd","11:17:41",497800
61500,1400,1000,"sd","11:17:33",495800
61500,1400,300,"sd","11:17:21",494800
61500,1400,200,"sd","11:17:10",494500
61500,1400,100,"bu","11:16:39",494300
61500,1400,100,"bu","11:16:29",494200
61500,1400,900,"bu","11:16:29",494100
61500,1400,100,"bu","11:16:27",493200
61500,1400,4900,"bu","11:16:27",493100
61500,1400,3000,"bu","11:16:21",488200
61500,1400,1000,"bu","11:16:08",485200
61500,1400,1100,"sd","11:16:05",484200
61500,1400,900,"sd","11:15:53",483100
61500,1400,1500,"sd","11:15:53",482200
61500,1400,600,"sd","11:15:53",480700
61500,1400,2400,"sd","11:15:29",480100
61500,1400,600,"sd","11:15:28",477700
61500,1400,200,"sd","11:14:51",477100
61500,1400,200,"bu","11:14:33",476900
61500,1400,300,"sd","11:14:32",476700
61500,1400,1700,"bu","11:14:20",476400
61500,1400,200,"bu","11:14:14",474700
61500,1400,300,"bu","11:14:14",474500
61500,1400,200,"bu","11:14:02",474200
61500,1400,800,"bu","11:14:02",474000
61500,1400,200,"bu","11:14:01",473200
61500,1400,400,"bu","11:14:01",473000
61500,1400,100,"bu","11:13:51",472600
61400,1300,2000,"sd","11:13:50",472500
61600,1500,700,"bu","11:13:29",470500
61600,1500,100,"bu","11:13:29",469800
61500,1400,1200,"bu","11:13:29",469700
61500,1400,2000,"sd","11:13:24",468500
61500,1400,1000,"sd","11:13:24",466500
61500,1400,200,"sd","11:13:24",465500
61500,1400,2000,"sd","11:13:24",465300
61500,1400,3600,"sd","11:13:24",463300
61500,1400,1400,"sd","11:13:01",459700
61500,1400,100,"sd","11:13:01",458300
61600,1500,700,"bu","11:12:58",458200
61600,1500,200,"bu","11:11:28",457500
61600,1500,100,"bu","11:11:28",457300
61600,1500,200,"bu","11:11:28",457200
61500,1400,700,"sd","11:11:25",457000
61600,1500,100,"bu","11:11:03",456300
61500,1400,200,"sd","11:10:53",456200
61500,1400,500,"sd","11:10:53",456000
61500,1400,500,"sd","11:10:47",455500
61500,1400,4000,"bu","11:10:33",455000
61500,1400,1000,"sd","11:10:23",451000
61400,1300,800,"sd","11:09:37",450000
61500,1400,200,"sd","11:09:37",449200
61600,1500,100,"bu","11:08:16",449000
61500,1400,800,"sd","11:08:13",448900
61500,1400,500,"sd","11:08:13",448100
61500,1400,500,"sd","11:07:16",447600
61500,1400,100,"bu","11:05:28",447100
61500,1400,100,"bu","11:04:26",447000
61500,1400,100,"bu","11:04:26",446900
61500,1400,900,"bu","11:04:17",446800
61500,1400,100,"bu","11:04:17",445900
61500,1400,100,"bu","11:02:41",445800
61300,1200,500,"sd","11:02:31",445700
61300,1200,500,"sd","11:02:31",445200
61600,1500,100,"bu","11:01:10",444700
61600,1500,1000,"bu","11:01:10",444600
61500,1400,300,"bu","11:01:10",443600
61500,1400,700,"sd","11:01:04",443300
61500,1400,100,"sd","11:00:56",442600
61600,1500,700,"sd","11:00:16",442500
61600,1500,200,"bu","11:00:15",441800
61600,1500,2000,"bu","11:00:15",441600
61600,1500,100,"bu","11:00:15",439600
61600,1500,200,"bu","11:00:15",439500
61600,1500,300,"bu","11:00:15",439300
61600,1500,500,"bu","11:00:15",439000
61600,1500,100,"bu","10:59:54",438500
61500,1400,1000,"bu","10:59:51",438400
61500,1400,100,"bu","10:59:51",437400
61500,1400,100,"bu","10:59:51",437300
61500,1400,800,"bu","10:59:21",437200
61500,1400,200,"bu","10:59:18",436400
61500,1400,100,"bu","10:59:18",436200
61400,1300,500,"sd","10:59:13",436100
61500,1400,1400,"bu","10:58:43",435600
61500,1400,100,"bu","10:58:43",434200
61500,1400,1500,"bu","10:58:43",434100
61400,1300,100,"bu","10:58:37",432600
61400,1300,100,"sd","10:58:26",432500
61400,1300,600,"sd","10:58:18",432400
61400,1300,100,"sd","10:58:13",431800
61400,1300,500,"bu","10:57:59",431700
61400,1300,300,"bu","10:57:59",431200
61400,1300,400,"bu","10:57:59",430900
61100,1000,2000,"sd","10:57:31",430500
61100,1000,200,"bu","10:57:17",428500
61100,1000,100,"bu","10:57:08",428300
61000,900,800,"sd","10:56:49",428200
61000,900,200,"sd","10:56:49",427400
61100,1000,200,"sd","10:56:33",427200
61100,1000,300,"sd","10:56:22",427000
61100,1000,200,"sd","10:56:22",426700
61100,1000,500,"sd","10:56:22",426500
61200,1100,300,"bu","10:56:01",426000
61200,1100,300,"sd","10:55:52",425700
61200,1100,400,"sd","10:55:52",425400
61300,1200,300,"bu","10:55:50",425000
61200,1100,600,"sd","10:55:46",424700
61200,1100,2000,"sd","10:55:46",424100
61200,1100,400,"sd","10:55:46",422100
61200,1100,100,"sd","10:55:44",421700
61300,1200,200,"sd","10:55:28",421600
61300,1200,800,"sd","10:55:28",421400
61300,1200,200,"sd","10:55:28",420600
61400,1300,100,"bu","10:54:22",420400
61300,1200,300,"sd","10:54:13",420300
61300,1200,200,"sd","10:54:13",420000
61300,1200,2000,"sd","10:54:13",419800
61300,1200,1000,"sd","10:54:13",417800
61300,1200,200,"sd","10:54:13",416800
61300,1200,300,"sd","10:54:13",416600
61400,1300,500,"sd","10:53:50",416300
61400,1300,1500,"sd","10:53:26",415800
61400,1300,1200,"sd","10:53:26",414300
61400,1300,500,"sd","10:53:26",413100
61500,1400,500,"bu","10:53:02",412600
61500,1400,500,"bu","10:53:02",412100
61500,1400,2000,"bu","10:52:44",411600
61500,1400,200,"sd","10:52:38",409600
61500,1400,800,"sd","10:52:29",409400
61500,1400,300,"sd","10:52:29",408600
61500,1400,400,"sd","10:52:29",408300
61500,1400,100,"sd","10:52:16",407900
61500,1400,500,"sd","10:51:53",407800
61500,1400,1000,"sd","10:51:53",407300
61500,1400,500,"sd","10:51:53",406300
61600,1500,100,"bu","10:51:35",405800
61500,1400,500,"sd","10:51:24",405700
61500,1400,500,"sd","10:51:14",405200
61500,1400,500,"sd","10:51:07",404700
61500,1400,3000,"sd","10:50:46",404200
61500,1400,100,"bu","10:49:53",401200
61500,1400,900,"bu","10:49:38",401100
61500,1400,1000,"sd","10:49:20",400200
61600,1500,100,"bu","10:48:50",399200
61500,1400,500,"bu","10:48:28",399100
61400,1300,1500,"bu","10:48:24",398600
61400,1300,500,"sd","10:48:23",397100
61400,1300,800,"bu","10:48:13",396600
61400,1300,100,"sd","10:47:57",395800
61400,1300,500,"sd","10:47:57",395700
61400,1300,100,"sd","10:47:57",395200
61400,1300,500,"sd","10:47:57",395100
61400,1300,200,"sd","10:47:57",394600
61400,1300,1600,"sd","10:47:57",394400
61400,1300,300,"sd","10:47:54",392800
61400,1300,3100,"sd","10:47:20",392500
61600,1500,200,"bu","10:47:00",389400
61600,1500,100,"bu","10:47:00",389200
61600,1500,300,"bu","10:47:00",389100
61600,1500,100,"bu","10:47:00",388800
61600,1500,300,"bu","10:47:00",388700
61500,1400,1000,"unknown","10:46:55",388400
61600,1500,200,"bu","10:46:48",387400
61500,1400,100,"sd","10:46:43",387200
61600,1500,100,"bu","10:46:04",387100
61500,1400,500,"bu","10:45:49",387000
61500,1400,500,"bu","10:45:23",386500
61500,1400,2000,"bu","10:44:52",386000
61500,1400,1000,"bu","10:44:40",384000
61500,1400,4000,"bu","10:44:40",383000
61400,1300,100,"sd","10:44:24",379000
61400,1300,100,"sd","10:44:24",378900
61400,1300,200,"bu","10:43:32",378800
61400,1300,200,"bu","10:43:24",378600
61400,1300,100,"bu","10:43:19",378400
61500,1400,500,"bu","10:41:55",378300
61500,1400,200,"bu","10:41:43",377800
61500,1400,300,"bu","10:41:39",377600
61500,1400,500,"bu","10:41:21",377300
61500,1400,500,"bu","10:41:17",376800
61500,1400,100,"bu","10:41:17",376300
61500,1400,300,"bu","10:41:17",376200
61500,1400,100,"bu","10:41:17",375900
61400,1300,500,"unknown","10:41:08",375800
61400,1300,200,"bu","10:40:49",375300
61400,1300,100,"bu","10:40:34",375100
61500,1400,100,"bu","10:37:49",375000
61300,1200,100,"sd","10:37:32",374900
61300,1200,600,"sd","10:36:09",374800
61300,1200,100,"sd","10:36:09",374200
61300,1200,500,"sd","10:35:51",374100
61300,1200,400,"sd","10:35:41",373600
61300,1200,100,"sd","10:35:41",373200
61500,1400,100,"bu","10:35:04",373100
61500,1400,900,"bu","10:33:55",373000
61500,1400,100,"bu","10:33:55",372100
61500,1400,400,"bu","10:33:05",372000
61500,1400,100,"bu","10:33:05",371600
61500,1400,900,"bu","10:32:45",371500
61500,1400,100,"bu","10:32:45",370600
61300,1200,400,"sd","10:32:30",370500
61300,1200,100,"sd","10:32:30",370100
61500,1400,100,"bu","10:32:20",370000
61400,1300,200,"bu","10:32:14",369900
61300,1200,100,"bu","10:31:56",369700
61100,1000,300,"sd","10:31:34",369600
61100,1000,200,"bu","10:31:24",369300
61000,900,100,"sd","10:31:10",369100
61300,1200,100,"bu","10:31:07",369000
61100,1000,200,"bu","10:31:07",368900
61000,900,700,"sd","10:31:02",368700
61000,900,200,"sd","10:31:02",368000
61000,900,100,"sd","10:31:02",367800
61000,900,100,"sd","10:31:02",367700
61000,900,1000,"sd","10:31:02",367600
61000,900,100,"sd","10:31:02",366600
61000,900,100,"sd","10:31:02",366500
61000,900,700,"sd","10:31:02",366400
61100,1000,200,"bu","10:30:34",365700
61000,900,100,"sd","10:30:18",365500
61100,1000,1300,"sd","10:30:18",365400
61200,1100,300,"sd","10:30:18",364100
61100,1000,100,"sd","10:29:42",363800
61100,1000,100,"sd","10:29:42",363700
61200,1100,700,"sd","10:29:42",363600
61200,1100,100,"sd","10:29:42",362900
61300,1200,100,"bu","10:29:35",362800
61300,1200,100,"sd","10:28:04",362700
61300,1200,100,"sd","10:28:04",362600
61300,1200,100,"sd","10:27:15",362500
61300,1200,400,"sd","10:27:12",362400
61400,1300,700,"sd","10:26:59",362000
61400,1300,900,"sd","10:26:59",361300
61500,1400,100,"bu","10:26:51",360400
61400,1300,100,"sd","10:26:51",360300
61400,1300,100,"sd","10:26:51",360200
61500,1400,300,"bu","10:26:29",360100
61400,1300,200,"sd","10:26:22",359800
61500,1400,100,"sd","10:26:18",359600
61500,1400,200,"sd","10:26:18",359500
61500,1400,100,"sd","10:26:18",359300
61500,1400,100,"sd","10:26:18",359200
61500,1400,100,"sd","10:25:51",359100
61500,1400,800,"sd","10:25:16",359000
61500,1400,100,"sd","10:25:16",358200
61600,1500,1000,"bu","10:25:01",358100
61600,1500,900,"bu","10:25:01",357100
61600,1500,100,"sd","10:25:00",356200
61600,1500,400,"sd","10:25:00",356100
61600,1500,500,"sd","10:24:47",355700
61700,1600,100,"bu","10:24:08",355200
61900,1800,100,"bu","10:23:46",355100
61900,1800,200,"bu","10:23:41",355000
61900,1800,800,"bu","10:23:41",354800
61900,1800,100,"bu","10:23:40",354000
61600,1500,100,"sd","10:23:37",353900
61900,1800,100,"bu","10:23:20",353800
62000,1900,100,"bu","10:22:49",353700
62000,1900,200,"bu","10:22:41",353600
62000,1900,1000,"bu","10:22:41",353400
62000,1900,500,"bu","10:22:41",352400
61900,1800,2000,"bu","10:22:41",351900
61900,1800,1600,"bu","10:22:41",349900
61900,1800,1200,"bu","10:22:41",348300
61900,1800,500,"bu","10:22:41",347100
62000,1900,200,"bu","10:22:41",346600
61900,1800,300,"bu","10:22:41",346400
62000,1900,100,"bu","10:22:41",346100
61900,1800,1000,"bu","10:22:41",346000
61900,1800,600,"bu","10:22:41",345000
62000,1900,1100,"bu","10:22:41",344400
61800,1700,200,"bu","10:22:41",343300
62000,1900,500,"bu","10:22:41",343100
61700,1600,1500,"bu","10:22:41",342600
62000,1900,2000,"bu","10:22:41",341100
61700,1600,1000,"bu","10:22:41",339100
61700,1600,200,"bu","10:22:41",338100
61600,1500,1000,"bu","10:22:41",337900
61600,1500,100,"bu","10:22:41",336900
61500,1400,400,"bu","10:22:41",336800
61500,1400,200,"bu","10:22:41",336400
61500,1400,200,"bu","10:22:41",336200
61500,1400,100,"bu","10:22:41",336000
61500,1400,2000,"bu","10:22:41",335900
61500,1400,300,"bu","10:22:41",333900
61500,1400,400,"bu","10:22:00",333600
61500,1400,600,"bu","10:22:00",333200
61400,1300,1700,"bu","10:21:42",332600
61400,1300,1800,"bu","10:21:36",330900
61400,1300,100,"bu","10:21:24",329100
61300,1200,200,"sd","10:21:22",329000
61400,1300,500,"bu","10:20:58",328800
61400,1300,10000,"sd","10:20:55",328300
61400,1300,4100,"sd","10:20:55",318300
61400,1300,100,"sd","10:20:55",314200
61400,1300,100,"bu","10:20:17",314100
61500,1400,800,"bu","10:20:05",314000
61500,1400,300,"bu","10:19:59",313200
61500,1400,700,"bu","10:19:59",312900
61500,1400,100,"bu","10:19:55",312200
61500,1400,800,"bu","10:19:41",312100
61500,1400,5000,"bu","10:19:37",311300
61500,1400,100,"bu","10:18:40",306300
61300,1200,100,"sd","10:18:38",306200
61300,1200,100,"sd","10:18:38",306100
61500,1400,100,"bu","10:18:22",306000
61500,1400,500,"bu","10:18:12",305900
61500,1400,300,"bu","10:17:55",305400
61500,1400,900,"bu","10:17:37",305100
61400,1300,100,"unknown","10:17:37",304200
61400,1300,200,"bu","10:17:24",304100
61400,1300,1000,"bu","10:17:24",303900
61500,1400,1500,"bu","10:16:19",302900
61500,1400,100,"bu","10:16:19",301400
61500,1400,500,"bu","10:16:19",301300
61500,1400,100,"bu","10:16:19",300800
61500,1400,100,"bu","10:16:19",300700
61500,1400,700,"bu","10:16:19",300600
61500,1400,800,"bu","10:16:17",299900
61500,1400,500,"bu","10:16:17",299100
61500,1400,200,"bu","10:16:17",298600
61500,1400,100,"bu","10:15:58",298400
61400,1300,100,"bu","10:15:57",298300
61400,1300,400,"bu","10:15:56",298200
61400,1300,100,"bu","10:15:56",297800
61400,1300,400,"bu","10:15:56",297700
61400,1300,200,"bu","10:15:56",297300
61400,1300,900,"bu","10:15:56",297100
61400,1300,100,"bu","10:15:44",296200
61200,1100,1000,"sd","10:15:36",296100
61300,1200,300,"bu","10:15:31",295100
61300,1200,100,"bu","10:15:31",294800
61200,1100,600,"bu","10:15:31",294700
61200,1100,200,"bu","10:15:26",294100
61200,1100,200,"bu","10:15:26",293900
61200,1100,300,"bu","10:15:26",293700
61200,1100,100,"bu","10:15:10",292700
61200,1100,700,"bu","10:15:10",293400
61100,1000,100,"bu","10:14:58",292600
61100,1000,1300,"bu","10:14:58",292500
61100,1000,500,"bu","10:14:58",291200
61000,900,1000,"sd","10:14:54",290700
61000,900,100,"unknown","10:14:24",289700
61000,900,3000,"unknown","10:14:24",289600
61000,900,1000,"unknown","10:14:24",286600
61000,900,1000,"unknown","10:14:24",285600
61000,900,100,"bu","10:14:24",284600
61000,900,100,"bu","10:14:24",284500
61000,900,100,"bu","10:14:24",284400
61000,900,500,"bu","10:14:24",284300
61000,900,100,"bu","10:14:24",283800
61000,900,1000,"bu","10:14:24",283700
61000,900,500,"bu","10:14:24",282700
61000,900,300,"bu","10:14:24",282200
61000,900,500,"bu","10:14:24",281900
61000,900,300,"bu","10:14:24",281400
61000,900,500,"bu","10:14:24",281100
61000,900,1100,"bu","10:14:21",280600
61000,900,500,"bu","10:14:21",279500
61000,900,1800,"bu","10:14:21",279000
61000,900,1600,"bu","10:14:21",277200
60900,800,400,"sd","10:14:17",275600
61000,900,500,"bu","10:14:14",275200
60900,800,200,"sd","10:14:07",274700
60900,800,100,"bu","10:14:03",274500
60900,800,100,"bu","10:14:03",274400
60900,800,100,"bu","10:14:03",274300
60900,800,800,"bu","10:13:59",274200
60900,800,1000,"bu","10:13:48",273400
60900,800,100,"bu","10:13:22",272400
60900,800,100,"bu","10:13:14",272300
60800,700,200,"sd","10:13:06",272200
60800,700,100,"bu","10:12:13",272000
60800,700,100,"bu","10:12:13",271900
60800,700,800,"bu","10:12:13",271800
60800,700,200,"sd","10:11:58",271000
60900,800,100,"bu","10:11:51",270800
60900,800,400,"bu","10:11:51",270700
60800,700,200,"bu","10:10:58",270300
60800,700,400,"bu","10:10:58",270100
60800,700,100,"bu","10:10:58",269700
60800,700,100,"bu","10:10:58",269600
60700,600,600,"sd","10:10:44",269500
60700,600,400,"sd","10:10:44",268900
60800,700,100,"bu","10:10:31",268500
60700,600,200,"bu","10:09:44",268400
60700,600,100,"bu","10:09:44",268200
60700,600,100,"bu","10:09:44",268100
60700,600,100,"bu","10:09:44",268000
60700,600,200,"bu","10:09:44",267900
60700,600,300,"bu","10:09:44",267700
60700,600,200,"bu","10:09:44",267400
60700,600,5000,"bu","10:09:44",267200
60700,600,200,"bu","10:09:44",262200
60700,600,400,"bu","10:09:44",262000
60700,600,300,"bu","10:09:44",261600
60700,600,200,"bu","10:09:44",261300
60700,600,200,"bu","10:09:15",261100
60700,600,1100,"bu","10:08:51",260900
60600,500,200,"sd","10:08:41",259800
60600,500,300,"sd","10:08:41",259600
60700,600,100,"bu","10:07:49",259300
60700,600,100,"bu","10:07:42",259200
60700,600,100,"bu","10:06:51",259100
60700,600,100,"bu","10:06:51",259000
60700,600,600,"bu","10:06:51",258900
60700,600,100,"bu","10:06:51",258300
60700,600,100,"bu","10:06:49",258200
60700,600,100,"bu","10:06:44",258100
60700,600,100,"bu","10:06:32",258000
60600,500,100,"sd","10:06:18",257900
60600,500,200,"sd","10:06:16",257800
60600,500,300,"bu","10:06:14",257600
60600,500,100,"bu","10:06:14",257300
60600,500,100,"bu","10:05:59",257200
60600,500,100,"bu","10:05:59",257100
60600,500,600,"bu","10:05:41",257000
60600,500,3000,"bu","10:05:31",256400
60600,500,100,"bu","10:05:06",253400
60500,400,400,"sd","10:05:04",253300
60500,400,1000,"sd","10:05:02",252900
60500,400,500,"sd","10:05:01",251900
60500,400,200,"sd","10:04:52",251400
60500,400,4300,"bu","10:04:32",251200
60500,400,300,"bu","10:04:24",246900
60500,400,500,"bu","10:04:24",246600
60500,400,700,"bu","10:04:24",246100
60500,400,500,"bu","10:04:24",245400
60200,100,1000,"sd","10:04:06",244900
60500,400,200,"bu","10:04:06",243900
60200,100,200,"sd","10:03:34",243700
60200,100,100,"sd","10:03:34",243500
60500,400,100,"bu","10:02:24",243400
60400,300,600,"bu","10:02:13",243300
60100,0,100,"sd","10:01:41",242700
60400,300,800,"sd","10:01:27",242600
60400,300,300,"bu","10:00:57",241800
60400,300,100,"bu","10:00:26",241500
60400,300,600,"bu","10:00:26",241400
60400,300,4300,"bu","10:00:26",240800
60200,100,200,"sd","10:00:20",236500
60200,100,500,"sd","10:00:20",236300
60300,200,300,"sd","10:00:20",235800
60300,200,800,"bu","10:00:14",235500
60200,100,500,"bu","10:00:06",234700
60200,100,9500,"bu","09:59:58",234200
60200,100,100,"bu","09:59:58",224700
60200,100,400,"bu","09:59:58",224600
60200,100,100,"bu","09:59:42",224200
60100,0,300,"sd","09:59:14",224100
60100,0,100,"bu","09:58:47",223800
60100,0,100,"bu","09:58:41",223700
60100,0,3000,"bu","09:57:59",223600
60100,0,400,"bu","09:57:59",220600
60100,0,300,"bu","09:57:59",220200
60100,0,500,"bu","09:57:59",219900
60100,0,6400,"bu","09:57:59",219400
60100,0,100,"bu","09:57:00",213000
60100,0,2900,"sd","09:55:59",212900
60100,0,600,"sd","09:55:59",210000
60100,0,100,"bu","09:55:46",209400
60100,0,1000,"bu","09:55:46",209300
60100,0,100,"bu","09:55:46",208300
60100,0,100,"bu","09:55:46",208200
60100,0,100,"bu","09:55:46",208100
60100,0,200,"bu","09:55:41",208000
60100,0,300,"bu","09:55:41",207800
60100,0,100,"bu","09:55:41",207500
60000,-100,500,"sd","09:55:34",207400
60100,0,1000,"bu","09:54:26",206900
60000,-100,100,"sd","09:54:25",205900
60100,0,100,"bu","09:54:18",205800
60000,-100,200,"sd","09:54:11",205700
60100,0,600,"bu","09:53:39",205500
60100,0,1700,"sd","09:53:31",204900
60100,0,300,"sd","09:52:43",203200
60100,0,700,"bu","09:52:38",202900
60100,0,300,"bu","09:52:38",202200
60100,0,600,"bu","09:52:30",201900
60000,-100,400,"bu","09:52:13",201300
60000,-100,500,"bu","09:52:13",200900
60000,-100,400,"bu","09:51:59",200400
60000,-100,2000,"bu","09:51:53",200000
60000,-100,1000,"bu","09:51:44",198000
60000,-100,2000,"bu","09:51:40",197000
60100,0,100,"bu","09:51:37",195000
60000,-100,500,"bu","09:51:26",194900
60000,-100,2900,"sd","09:51:25",194400
60100,0,1600,"sd","09:51:25",191500
60100,0,400,"sd","09:51:12",189900
60200,100,1300,"bu","09:51:10",189500
60200,100,200,"bu","09:51:10",188200
60100,0,2000,"bu","09:51:06",188000
60000,-100,5600,"sd","09:50:47",186000
60000,-100,4400,"sd","09:50:47",180400
60000,-100,400,"sd","09:50:37",176000
60000,-100,200,"sd","09:50:36",175600
60000,-100,200,"sd","09:50:36",175400
60000,-100,500,"sd","09:50:36",175200
60000,-100,500,"sd","09:50:36",174700
60000,-100,1600,"sd","09:50:36",174200
60000,-100,100,"sd","09:50:06",172600
60000,-100,200,"sd","09:50:06",172500
60000,-100,500,"sd","09:50:06",172300
60000,-100,1000,"sd","09:50:06",171800
60000,-100,100,"sd","09:50:06",170800
60000,-100,600,"sd","09:50:06",170700
60100,0,1000,"sd","09:49:35",170100
60100,0,600,"sd","09:49:35",169100
60200,100,100,"bu","09:48:55",168500
60100,0,400,"bu","09:48:47",168400
60100,0,500,"bu","09:48:46",168000
60100,0,1000,"bu","09:48:37",167500
60100,0,100,"bu","09:48:21",166500
60100,0,500,"sd","09:48:19",166400
60100,0,300,"sd","09:47:36",165900
60100,0,200,"sd","09:47:36",165600
60100,0,1000,"sd","09:47:36",165400
60100,0,1000,"sd","09:47:36",164400
60200,100,200,"sd","09:47:25",163400
60200,100,100,"sd","09:47:25",163200
60200,100,500,"sd","09:47:18",163100
60200,100,100,"sd","09:47:18",162600
60200,100,1400,"sd","09:46:58",162500
60300,200,100,"bu","09:46:47",161100
60300,200,500,"bu","09:46:36",161000
60200,100,5000,"sd","09:46:27",160500
60300,200,100,"bu","09:46:14",155500
60300,200,200,"sd","09:45:46",155400
60300,200,100,"sd","09:45:12",155200
60400,300,400,"bu","09:44:45",155100
60400,300,100,"bu","09:43:33",154700
60300,200,200,"bu","09:43:21",154600
60200,100,100,"sd","09:43:13",154400
60300,200,500,"sd","09:42:50",154300
60300,200,100,"sd","09:42:50",153800
60300,200,200,"sd","09:42:50",153700
60300,200,100,"sd","09:42:42",153500
60300,200,400,"sd","09:42:42",153400
60300,200,500,"sd","09:42:42",153000
60400,300,200,"sd","09:42:21",152500
60400,300,300,"sd","09:41:28",152300
60400,300,1700,"sd","09:41:28",152000
60500,400,100,"bu","09:41:17",150300
60500,400,100,"bu","09:41:16",150200
60500,400,1300,"bu","09:41:06",150100
60500,400,300,"bu","09:40:39",148800
60500,400,100,"sd","09:40:32",148500
60500,400,400,"sd","09:40:32",148400
60500,400,100,"sd","09:40:11",148000
60600,500,1000,"bu","09:39:50",147900
60600,500,300,"bu","09:39:41",146900
60600,500,700,"bu","09:39:41",146600
60600,500,100,"bu","09:39:39",145900
60600,500,200,"bu","09:39:13",145800
60600,500,100,"bu","09:38:23",145600
60600,500,100,"bu","09:38:18",145500
60600,500,500,"bu","09:36:58",145400
60600,500,100,"sd","09:36:55",144900
60600,500,200,"sd","09:36:55",144800
60600,500,800,"sd","09:36:44",144600
60600,500,200,"sd","09:36:40",143800
60600,500,500,"sd","09:36:40",143600
60600,500,200,"sd","09:36:36",143100
60600,500,400,"sd","09:36:22",142900
60600,500,500,"sd","09:36:10",142500
60700,600,400,"bu","09:35:44",142000
60700,600,500,"bu","09:35:41",141600
60700,600,100,"bu","09:35:41",141100
60700,600,300,"bu","09:35:26",141000
60700,600,200,"bu","09:35:26",140700
60700,600,1000,"bu","09:34:45",140500
60500,400,200,"sd","09:34:37",139500
60500,400,200,"bu","09:34:32",139300
60500,400,100,"bu","09:34:32",139100
60500,400,900,"bu","09:34:25",139000
60500,400,100,"bu","09:34:25",138100
60500,400,100,"bu","09:33:43",138000
60500,400,200,"bu","09:33:43",137900
60500,400,100,"bu","09:33:41",137700
60500,400,400,"bu","09:33:41",137600
60500,400,100,"bu","09:33:37",137200
60500,400,200,"bu","09:33:35",137100
60500,400,100,"bu","09:33:35",136900
60500,400,100,"bu","09:33:35",136800
60500,400,100,"bu","09:33:35",136700
60500,400,100,"bu","09:33:25",136600
60500,400,500,"bu","09:33:19",136500
60400,300,100,"bu","09:32:41",136000
60400,300,500,"bu","09:32:41",135900
60400,300,700,"bu","09:32:41",135400
60400,300,100,"sd","09:32:15",134700
60500,400,500,"bu","09:32:14",134600
60500,400,200,"bu","09:30:59",134100
60500,400,5000,"bu","09:30:44",133900
60400,300,200,"bu","09:30:13",128900
60300,200,100,"bu","09:30:05",128700
60300,200,100,"bu","09:30:05",128600
60300,200,100,"bu","09:30:05",128500
60300,200,200,"bu","09:30:05",128400
60300,200,100,"bu","09:29:53",128200
60200,100,100,"sd","09:29:17",128100
60200,100,500,"bu","09:28:54",128000
60200,100,1900,"bu","09:28:54",127500
60200,100,100,"bu","09:28:45",125600
60200,100,100,"bu","09:28:34",125500
60200,100,300,"bu","09:28:32",125400
60200,100,100,"sd","09:28:25",125100
60200,100,100,"bu","09:28:20",125000
60200,100,300,"bu","09:28:20",124900
60200,100,100,"bu","09:28:09",124600
60200,100,2600,"bu","09:28:02",124500
60200,100,500,"bu","09:28:02",121900
60200,100,500,"bu","09:28:00",121400
60200,100,200,"bu","09:27:51",120900
60200,100,1700,"bu","09:27:43",120700
60200,100,200,"bu","09:27:43",119000
60200,100,500,"bu","09:27:43",118800
60200,100,2000,"bu","09:27:43",118300
60200,100,400,"bu","09:27:43",116300
60200,100,500,"bu","09:27:43",115900
60200,100,4700,"bu","09:27:43",115400
60200,100,600,"bu","09:27:01",110700
60100,0,100,"bu","09:27:01",110100
60100,0,200,"bu","09:27:01",110000
60100,0,100,"bu","09:27:01",109800
60200,100,4700,"bu","09:26:52",109700
60200,100,300,"bu","09:26:52",105000
60000,-100,400,"sd","09:26:48",104700
60100,0,100,"sd","09:26:48",104300
60100,0,4000,"bu","09:26:37",104200
60100,0,1000,"bu","09:26:37",100200
60100,0,500,"bu","09:26:28",99200
60000,-100,1000,"sd","09:26:22",98700
60100,0,200,"sd","09:26:10",97700
60100,0,300,"sd","09:26:07",97500
60100,0,200,"sd","09:26:07",97200
60200,100,100,"bu","09:26:03",97000
60100,0,100,"sd","09:25:58",96900
60200,100,600,"bu","09:25:26",96800
60100,0,200,"bu","09:25:22",96200
60100,0,100,"bu","09:25:22",96000
60000,-100,2300,"sd","09:24:59",95900
60000,-100,800,"sd","09:24:53",93600
60100,0,600,"bu","09:24:44",92800
60000,-100,200,"sd","09:24:43",92200
60000,-100,1000,"sd","09:24:38",92000
60000,-100,900,"bu","09:24:29",91000
60000,-100,200,"bu","09:24:29",90100
60000,-100,100,"bu","09:24:29",89900
59900,-200,100,"sd","09:24:19",89800
60000,-100,100,"bu","09:24:11",89700
59900,-200,1000,"sd","09:23:53",89600
60000,-100,500,"bu","09:23:28",88600
60000,-100,1100,"sd","09:23:28",88100
60100,0,300,"bu","09:23:23",87000
60100,0,700,"bu","09:23:23",86700
60000,-100,500,"sd","09:23:22",86000
60000,-100,500,"sd","09:23:22",85500
60000,-100,300,"sd","09:23:20",85000
60000,-100,200,"sd","09:23:15",84700
60000,-100,400,"sd","09:23:13",84500
59800,-300,500,"sd","09:23:06",84100
59800,-300,500,"sd","09:23:06",83600
59900,-200,100,"sd","09:23:06",83100
59900,-200,200,"sd","09:23:06",83000
59900,-200,100,"sd","09:23:06",82800
60000,-100,100,"sd","09:23:06",82700
60000,-100,600,"sd","09:23:02",82600
60000,-100,100,"sd","09:23:00",82000
60000,-100,100,"sd","09:23:00",81900
60000,-100,500,"sd","09:22:47",81800
60000,-100,400,"sd","09:22:43",81300
60000,-100,1000,"sd","09:22:43",80900
60000,-100,100,"sd","09:22:43",79900
60000,-100,200,"sd","09:22:43",79800
60000,-100,100,"sd","09:22:43",79600
60000,-100,200,"sd","09:22:43",79500
60000,-100,100,"sd","09:22:38",79300
60000,-100,100,"sd","09:22:38",79200
60000,-100,200,"sd","09:22:28",79100
60100,0,1000,"sd","09:22:16",78900
60100,0,100,"sd","09:22:16",77900
60100,0,500,"sd","09:22:16",77800
60100,0,100,"sd","09:22:16",77300
60100,0,200,"sd","09:22:16",77200
60100,0,2500,"sd","09:22:16",77000
60100,0,100,"sd","09:22:16",74500
60100,0,900,"sd","09:22:16",74400
60100,0,8700,"sd","09:22:16",73500
60200,100,200,"sd","09:22:16",64800
60100,0,1300,"sd","09:22:05",64600
60100,0,400,"sd","09:22:05",63300
60200,100,200,"sd","09:22:05",62900
60200,100,100,"sd","09:22:05",62700
60200,100,400,"sd","09:21:47",62600
60500,400,12700,"sd","09:21:35",62200
60500,400,200,"sd","09:21:35",49500
60500,400,1000,"sd","09:21:35",49300
60500,400,100,"sd","09:21:35",48300
60500,400,5000,"sd","09:21:14",48200
60500,400,800,"sd","09:21:06",43200
60500,400,200,"sd","09:21:02",42400
60500,400,300,"sd","09:20:59",42200
60500,400,200,"bu","09:20:54",41900
60500,400,100,"bu","09:20:54",41700
60500,400,700,"bu","09:20:54",41600
60500,400,200,"bu","09:20:31",40900
60500,400,100,"sd","09:20:01",40700
60500,400,400,"bu","09:19:58",40600
60500,400,100,"sd","09:19:56",40200
60500,400,100,"sd","09:19:32",40100
60500,400,100,"sd","09:19:32",40000
60500,400,300,"sd","09:19:25",39900
60500,400,300,"sd","09:19:25",39600
60500,400,100,"sd","09:19:25",39300
60500,400,300,"sd","09:19:25",39200
60500,400,1500,"sd","09:18:55",38900
60900,800,300,"sd","09:18:50",37400
60900,800,200,"sd","09:18:49",37100
61000,900,500,"bu","09:18:46",36900
60900,800,400,"sd","09:18:42",36400
61000,900,100,"sd","09:18:14",36000
61000,900,100,"sd","09:18:14",35900
61000,900,1000,"sd","09:18:14",35800
61000,900,800,"sd","09:18:14",34800
61100,1000,400,"sd","09:18:14",34000
61100,1000,400,"bu","09:17:56",33600
61100,1000,100,"bu","09:17:56",33200
61000,900,300,"sd","09:17:54",33100
61000,900,500,"sd","09:17:47",32800
61000,900,1000,"sd","09:17:44",32300
61000,900,900,"bu","09:17:44",31300
61000,900,100,"bu","09:17:43",30400
61000,900,1000,"bu","09:17:22",30300
61000,900,2000,"bu","09:17:22",29300
60900,800,100,"bu","09:17:17",27300
60900,800,2000,"bu","09:17:17",27200
60900,800,500,"bu","09:17:04",25200
60900,800,500,"bu","09:17:03",24700
60100,0,100,"sd","09:16:53",24200
60100,0,100,"sd","09:16:32",24100
60100,0,100,"sd","09:16:32",24000
60100,0,1700,"sd","09:16:32",23900
60100,0,2600,"sd","09:16:32",22200
60100,0,400,"bu","09:16:20",19600
60100,0,100,"bu","09:16:20",19200
60100,0,200,"bu","09:16:20",19100
60100,0,300,"bu","09:16:20",18900
60100,0,1000,"bu","09:16:04",18600
60000,-100,100,"bu","09:15:56",17600
60000,-100,500,"bu","09:15:56",17500
60000,-100,1200,"bu","09:15:56",17000
60000,-100,500,"bu","09:15:51",15800
60000,-100,300,"bu","09:15:40",15300
60000,-100,200,"bu","09:15:40",15000
60000,-100,100,"bu","09:15:37",14800
60000,-100,100,"bu","09:15:33",14700
60000,-100,100,"bu","09:15:24",14600
60000,-100,100,"bu","09:15:21",14500
59700,-400,400,"sd","09:15:20",14400
59700,-400,100,"sd","09:15:20",14000
59700,-400,700,"sd","09:15:20",13900
59700,-400,800,"sd","09:15:20",13200
60000,-100,200,"bu","09:15:19",12400
59700,-400,300,"sd","09:15:18",12200
60000,-100,100,"bu","09:15:07",11900
59700,-400,11800,"sd","09:14:59",11800
