"price","change","match_qtty","side","time","total_vol"
39350,50,2000,"sd","14:17:44",390000
39350,50,500,"sd","14:17:35",388000
39350,50,1500,"sd","14:17:35",387500
39350,50,1000,"sd","14:17:21",386000
39350,50,1100,"sd","14:17:21",385000
39350,50,1500,"sd","14:17:16",383900
39350,50,400,"sd","14:17:16",382400
39350,50,1700,"sd","14:17:11",382000
39350,50,300,"sd","14:17:11",380300
39350,50,2000,"sd","14:17:07",380000
39350,50,100,"sd","14:17:07",378000
39350,50,1600,"sd","14:14:32",377900
39350,50,800,"sd","14:14:28",376300
39350,50,500,"sd","14:14:28",375500
39350,50,1700,"sd","14:14:23",375000
39350,50,400,"sd","14:14:23",373300
39350,50,1700,"sd","14:13:06",372900
39350,50,200,"sd","14:13:06",371200
39350,50,1600,"sd","14:12:48",371000
39350,50,700,"sd","14:12:19",369400
39350,50,500,"sd","14:12:19",368700
39350,50,1100,"sd","14:12:13",368200
39350,50,600,"sd","14:12:09",367100
39350,50,800,"sd","14:12:09",366500
39350,50,1200,"sd","14:12:05",365700
39350,50,900,"sd","14:12:00",364500
39350,50,100,"sd","14:12:00",363600
39350,50,1500,"sd","14:11:34",363500
39350,50,1400,"sd","14:11:29",362000
39350,50,1000,"sd","14:11:25",360600
39350,50,300,"sd","14:11:25",359600
39350,50,1200,"sd","14:11:20",359300
39350,50,1000,"sd","14:11:08",358100
39750,450,100,"bu","14:03:20",357100
39400,100,3300,"sd","13:50:43",357000
39350,50,300,"sd","13:50:18",353700
39350,50,1100,"sd","13:50:18",351500
39350,50,1900,"sd","13:50:18",353400
39400,100,2000,"sd","13:49:19",350400
39400,100,1900,"sd","13:49:08",348400
39400,100,100,"sd","13:49:01",346500
39400,100,1200,"sd","13:49:00",346400
39400,100,1100,"sd","13:48:55",345200
39400,100,100,"sd","13:48:55",344100
39400,100,2000,"sd","13:48:51",344000
39400,100,400,"sd","13:48:46",342000
39400,100,1800,"sd","13:48:46",341600
39400,100,500,"sd","13:48:38",339800
39400,100,1600,"sd","13:48:38",339300
39400,100,1000,"sd","13:48:34",337700
39400,100,2100,"sd","13:48:30",336700
39400,100,200,"sd","13:48:26",334600
39400,100,1500,"sd","13:48:26",334400
39400,100,1000,"sd","13:48:22",332900
39400,100,1000,"sd","13:48:22",331900
39400,100,1300,"sd","13:48:17",330900
39400,100,300,"sd","13:48:11",329600
39400,100,1000,"sd","13:48:11",329300
39400,100,1400,"sd","13:48:05",328300
39400,100,100,"sd","13:48:01",326900
39400,100,900,"sd","13:48:01",326800
39400,100,1300,"sd","13:47:52",325900
39400,100,1100,"sd","13:47:52",324600
39400,100,1000,"sd","13:47:47",323500
39400,100,1300,"sd","13:47:47",322500
39400,100,1000,"sd","13:47:43",321200
39400,100,1200,"sd","13:47:43",320200
39400,100,1000,"sd","13:47:39",319000
39400,100,1400,"sd","13:47:39",318000
39400,100,800,"sd","13:47:35",316600
39400,100,1300,"sd","13:47:35",315800
39400,100,900,"sd","13:47:31",314500
39400,100,800,"sd","13:47:31",313600
39400,100,1300,"sd","13:47:27",312800
39400,100,700,"sd","13:47:27",311500
39400,100,1400,"sd","13:47:23",310800
39400,100,200,"sd","13:47:07",309400
39400,100,1400,"sd","13:47:07",309200
39400,100,900,"sd","13:46:51",307800
39400,100,1100,"sd","13:46:51",306900
39400,100,1100,"sd","13:46:47",305800
39400,100,200,"sd","13:46:47",304700
39400,100,2000,"sd","13:46:41",304500
39400,100,100,"sd","13:46:41",302500
39400,100,1600,"sd","13:46:37",302400
39400,100,400,"sd","13:46:31",300800
39400,100,1600,"sd","13:46:31",300400
39400,100,800,"sd","13:46:27",298800
39400,100,600,"sd","13:46:27",298000
39400,100,1600,"sd","13:46:17",297400
39400,100,400,"sd","13:46:17",295800
39400,100,1400,"sd","13:46:14",295400
39400,100,400,"sd","13:46:09",294000
39400,100,1200,"sd","13:46:09",293600
39400,100,900,"sd","13:46:04",292400
39400,100,800,"sd","13:46:04",291500
39400,100,1200,"sd","13:45:59",290700
39400,100,400,"sd","13:45:59",289500
39400,100,1700,"sd","13:45:53",289100
39400,100,200,"sd","13:45:53",287400
39400,100,2000,"sd","13:45:46",287200
39400,100,100,"sd","13:25:38",285200
39400,100,700,"sd","13:25:38",285100
39400,100,1300,"sd","13:11:17",284400
39400,100,600,"sd","13:11:17",283100
39400,100,1300,"sd","13:10:57",282500
39400,100,300,"sd","13:10:46",281200
39400,100,1100,"sd","13:10:46",280900
39400,100,1000,"sd","13:10:40",279800
39400,100,200,"sd","13:10:40",278800
39400,100,1800,"sd","13:10:35",278600
39400,100,300,"sd","13:10:30",276800
39400,100,1600,"sd","13:10:30",276500
39400,100,800,"sd","13:10:15",274900
39400,100,300,"sd","13:10:15",274100
39400,100,1200,"sd","13:10:07",273800
39400,100,1000,"sd","13:09:49",272600
39750,450,200,"bu","13:03:50",271600
39350,50,800,"sd","10:07:45",271400
39350,50,900,"sd","10:07:45",270600
39350,50,100,"sd","10:07:45",269700
39350,50,800,"sd","10:07:37",269600
39350,50,700,"sd","10:07:37",268800
39350,50,200,"sd","10:07:21",268100
39350,50,900,"sd","10:07:21",267900
39350,50,400,"sd","10:07:21",267000
39350,50,500,"sd","10:07:12",266600
39350,50,900,"sd","10:07:12",266100
39350,50,400,"sd","10:07:12",265200
39350,50,300,"sd","10:07:06",264800
39350,50,700,"sd","10:07:06",264500
39350,50,600,"sd","10:07:06",263800
39350,50,100,"sd","10:06:56",263200
39350,50,700,"sd","10:06:56",263100
39350,50,700,"sd","10:06:56",262400
39350,50,700,"sd","10:06:49",261700
39350,50,1000,"sd","10:06:49",261000
39350,50,1000,"sd","10:06:43",260000
39350,50,900,"sd","10:06:43",259000
39350,50,100,"sd","10:06:35",258100
39350,50,1000,"sd","10:06:35",258000
39350,50,300,"sd","10:06:35",257000
39350,50,600,"sd","10:06:27",256700
39350,50,900,"sd","10:06:27",256100
39350,50,200,"sd","10:06:27",255200
39350,50,700,"sd","10:06:21",255000
39350,50,900,"sd","10:06:21",254300
39350,50,400,"sd","10:06:21",253400
39350,50,500,"sd","10:06:13",253000
39350,50,600,"sd","10:06:13",252500
39350,50,600,"sd","10:06:13",251900
39350,50,100,"sd","10:06:13",251300
39350,50,500,"sd","10:06:06",251200
39350,50,600,"sd","10:06:06",250700
39350,50,600,"sd","10:06:06",250100
39350,50,100,"sd","10:06:06",249500
39350,50,500,"sd","10:05:57",249400
39350,50,600,"sd","10:05:57",248900
39350,50,700,"sd","10:05:57",248300
39350,50,100,"sd","10:05:57",247600
39350,50,600,"sd","10:05:47",247500
39350,50,700,"sd","10:05:47",246900
39350,50,500,"sd","10:05:47",246200
39350,50,200,"sd","10:05:41",245700
39350,50,700,"sd","10:05:41",245500
39350,50,500,"sd","10:05:41",244800
39350,50,200,"sd","10:05:32",244300
39350,50,900,"sd","10:05:32",244100
39350,50,400,"sd","10:05:32",243200
39350,50,500,"sd","10:05:26",242800
39350,50,900,"sd","10:05:26",242300
39350,50,100,"sd","10:05:26",241400
39350,50,800,"sd","10:05:19",241300
39350,50,900,"sd","10:05:19",240500
39350,50,500,"sd","10:05:12",239600
39350,50,500,"sd","10:05:12",239100
39350,50,500,"sd","10:05:12",238600
39350,50,500,"sd","10:05:03",238100
39350,50,500,"sd","10:05:03",237600
39350,50,500,"sd","10:05:03",237100
39350,50,500,"sd","10:05:03",236600
39350,50,500,"sd","10:04:52",236100
39350,50,500,"sd","10:04:52",235600
39350,50,500,"sd","10:04:52",235100
39350,50,700,"sd","10:04:44",234600
39350,50,800,"sd","10:04:44",233900
39350,50,400,"sd","10:04:38",233100
39350,50,1200,"sd","10:04:38",232700
39350,50,1000,"sd","10:04:31",231500
39350,50,600,"sd","10:04:31",230500
39350,50,400,"sd","10:04:23",229900
39350,50,1000,"sd","10:04:23",229500
39350,50,300,"sd","10:04:23",228500
39350,50,700,"sd","10:04:16",228200
39350,50,800,"sd","10:04:16",227500
39350,50,400,"sd","10:04:09",226700
39350,50,1200,"sd","10:04:09",226300
39350,50,100,"sd","10:04:09",225100
39350,50,400,"sd","10:03:50",225000
39350,50,1100,"sd","10:03:50",224600
39350,50,800,"sd","10:03:41",223500
39350,50,600,"sd","10:03:41",222700
39350,50,200,"sd","10:03:35",222100
39350,50,800,"sd","10:03:35",221900
39350,50,800,"sd","10:03:35",221100
39350,50,800,"sd","10:03:25",220300
39350,50,800,"sd","10:03:25",219500
39350,50,100,"sd","10:03:25",218700
39350,50,700,"sd","10:03:16",218600
39350,50,900,"sd","10:03:16",217900
39350,50,300,"sd","10:03:11",217000
39350,50,1000,"sd","10:03:11",216700
39350,50,200,"sd","10:03:05",215700
39350,50,1200,"sd","10:03:05",215500
39350,50,400,"sd","10:03:05",214300
39350,50,100,"sd","10:02:58",213900
39350,50,1000,"sd","10:02:58",213800
39350,50,500,"sd","10:02:58",212800
39350,50,500,"sd","10:02:51",212300
39350,50,1000,"sd","10:02:51",211800
39350,50,1000,"sd","10:02:44",210800
39350,50,500,"sd","10:02:44",209800
39350,50,300,"sd","10:02:37",209300
39350,50,800,"sd","10:02:37",209000
39350,50,400,"sd","10:02:37",208200
39350,50,400,"sd","10:02:30",207800
39350,50,800,"sd","10:02:30",207400
39350,50,200,"sd","10:02:30",206600
39350,50,600,"sd","10:02:23",206400
39350,50,800,"sd","10:02:23",205800
39350,50,100,"sd","10:02:23",205000
39350,50,100,"sd","10:02:23",204900
39350,50,600,"sd","10:02:16",204800
39350,50,700,"sd","10:02:15",204200
39350,50,600,"sd","10:02:15",203500
39350,50,100,"sd","10:02:08",202900
39350,50,700,"sd","10:02:08",202800
39350,50,700,"sd","10:02:08",202100
39350,50,700,"sd","10:01:59",201400
39350,50,700,"sd","10:01:59",200700
39350,50,100,"sd","10:01:59",200000
39350,50,600,"sd","10:01:52",199900
39350,50,600,"sd","10:01:52",199300
39350,50,600,"sd","10:01:52",198700
39350,50,300,"sd","10:01:52",198100
39350,50,300,"sd","10:01:43",197800
39350,50,600,"sd","10:01:43",197500
39350,50,600,"sd","10:01:43",196900
39750,450,2500,"bu","10:01:36",196300
39350,50,600,"sd","10:01:35",193800
39350,50,600,"sd","10:01:35",193200
39350,50,200,"sd","10:01:35",192600
39350,50,100,"sd","10:01:26",192400
39350,50,1000,"sd","10:01:26",192300
39350,50,500,"sd","10:01:26",191300
39350,50,500,"sd","10:01:14",190800
39350,50,1000,"sd","10:01:14",190300
39750,450,200,"bu","09:55:41",189300
39750,450,200,"bu","09:53:40",189100
39300,0,3000,"sd","09:47:23",188900
39300,0,100,"sd","09:47:23",185900
39300,0,2200,"sd","09:46:59",185800
39300,0,700,"sd","09:46:59",183600
39300,0,1400,"sd","09:46:59",182900
39300,0,1600,"sd","09:46:59",181500
39300,0,600,"sd","09:46:36",179900
39300,0,500,"sd","09:46:36",179300
39300,0,1100,"sd","09:46:36",178800
39300,0,700,"sd","09:46:36",177700
39300,0,400,"sd","09:46:36",177000
39300,0,1100,"sd","09:46:18",176600
39300,0,600,"sd","09:46:18",175500
39300,0,500,"sd","09:46:18",174900
39300,0,1100,"sd","09:46:18",174400
39300,0,500,"sd","09:46:18",173300
39300,0,600,"sd","09:46:18",172800
39300,0,1000,"sd","09:46:08",172200
39300,0,600,"sd","09:46:00",171200
39300,0,600,"sd","09:46:00",170600
39300,0,1200,"sd","09:46:00",170000
39300,0,500,"sd","09:46:00",168800
39300,0,700,"sd","09:46:00",168300
39300,0,1000,"sd","09:45:48",167600
39300,0,500,"sd","09:45:48",166600
39300,0,500,"sd","09:45:48",166100
39300,0,1000,"sd","09:45:48",165600
39300,0,600,"sd","09:45:34",164600
39300,0,200,"sd","09:45:34",164000
39300,0,800,"sd","09:45:34",163800
39300,0,800,"sd","09:45:34",163000
39300,0,400,"sd","09:45:34",162200
39300,0,400,"sd","09:45:34",161800
39300,0,1000,"sd","09:45:23",161400
39300,0,800,"sd","09:45:23",160400
39300,0,200,"sd","09:45:23",159600
39300,0,1000,"sd","09:45:23",159400
39300,0,1000,"sd","09:45:13",158400
39300,0,200,"sd","09:45:13",157400
39300,0,1200,"sd","09:45:13",157200
39300,0,700,"sd","09:45:13",156000
39300,0,500,"sd","09:45:13",155300
39300,0,700,"sd","09:45:04",154800
39300,0,700,"sd","09:45:04",154100
39300,0,300,"sd","09:45:04",153400
39300,0,400,"sd","09:45:04",153100
39300,0,700,"sd","09:45:03",152700
39300,0,700,"sd","09:45:03",152000
39300,0,300,"sd","09:44:51",151300
39300,0,500,"sd","09:44:51",151000
39300,0,800,"sd","09:44:51",150500
39300,0,800,"sd","09:44:51",149700
39300,0,800,"sd","09:44:51",148900
39300,0,800,"sd","09:44:51",148100
39300,0,500,"sd","09:44:41",147300
39300,0,500,"sd","09:44:41",146800
39300,0,900,"sd","09:42:10",146300
39300,0,800,"sd","09:42:10",145400
39300,0,100,"sd","09:42:10",144600
39300,0,900,"sd","09:42:10",144500
39300,0,900,"sd","09:42:10",143600
39300,0,200,"sd","09:42:10",142700
39300,0,700,"sd","09:42:10",142500
39300,0,700,"sd","09:42:01",141800
39300,0,700,"sd","09:42:01",141100
39300,0,100,"sd","09:42:01",140400
39300,0,600,"sd","09:42:01",140300
39300,0,700,"sd","09:42:00",139700
39300,0,700,"sd","09:42:00",139000
39300,0,400,"sd","09:41:49",138300
39300,0,400,"sd","09:41:49",137900
39300,0,1300,"sd","09:41:41",137500
39300,0,400,"sd","09:41:33",136200
39300,0,800,"sd","09:41:33",135800
39300,0,1100,"sd","09:41:25",135000
39300,0,700,"sd","09:41:18",133900
39300,0,200,"sd","09:41:18",133200
39300,0,500,"sd","09:41:18",133000
39300,0,700,"sd","09:41:18",132500
39300,0,200,"sd","09:41:18",131800
39300,0,500,"sd","09:41:18",131600
39300,0,700,"sd","09:41:18",131100
39300,0,700,"sd","09:41:18",130400
39300,0,100,"sd","09:41:18",129700
39300,0,600,"sd","09:41:18",129600
39300,0,700,"sd","09:41:18",129000
39300,0,800,"sd","09:41:08",128300
39300,0,100,"sd","09:41:08",127500
39300,0,700,"sd","09:41:08",127400
39300,0,800,"sd","09:41:08",126700
39300,0,600,"sd","09:41:08",125900
39300,0,200,"sd","09:41:08",125300
39300,0,1000,"sd","09:40:58",125100
39300,0,1100,"sd","09:40:52",124100
39300,0,200,"sd","09:40:52",123000
39300,0,1200,"sd","09:40:44",122800
39300,0,700,"sd","09:40:38",121600
39300,0,100,"sd","09:40:38",120900
39300,0,800,"sd","09:40:38",120800
39300,0,800,"sd","09:40:38",120000
39300,0,300,"sd","09:40:38",119200
39300,0,500,"sd","09:40:38",118900
39300,0,900,"sd","09:40:28",118400
39300,0,800,"sd","09:40:28",117500
39300,0,100,"sd","09:40:28",116700
39300,0,900,"sd","09:40:28",116600
39300,0,900,"sd","09:40:28",115700
39300,0,200,"sd","09:40:28",114800
39300,0,700,"sd","09:40:28",114600
39300,0,900,"sd","09:40:28",113900
39300,0,400,"sd","09:40:03",113000
39300,0,800,"sd","09:40:03",112600
39300,0,1000,"sd","09:39:51",111800
39300,0,300,"sd","09:39:43",110800
39300,0,800,"sd","09:39:43",110500
39300,0,1100,"sd","09:39:43",109700
39300,0,100,"sd","09:39:43",108600
39300,0,1000,"sd","09:39:43",108500
39300,0,500,"sd","09:39:28",107500
39300,0,500,"sd","09:39:28",107000
39300,0,500,"sd","09:39:28",106500
39300,0,1000,"sd","09:39:10",106000
39750,450,100,"bu","09:37:30",105000
39750,450,200,"bu","09:34:54",104900
39750,450,200,"bu","09:34:32",104700
39750,450,200,"bu","09:34:07",104500
39750,450,100,"bu","09:34:01",104300
39750,450,200,"bu","09:33:44",104200
39750,450,200,"bu","09:32:58",104000
39750,450,200,"bu","09:32:35",103800
39750,450,200,"bu","09:32:13",103600
39750,450,200,"bu","09:31:50",103400
39750,450,100,"bu","09:31:32",103200
39750,450,200,"bu","09:31:28",103100
39750,450,200,"bu","09:31:06",102900
39750,450,200,"bu","09:30:42",102700
39750,450,200,"bu","09:25:27",102500
39750,450,200,"bu","09:24:43",102300
39300,0,100,"sd","09:15:30",102100
39300,0,102000,"sd","09:14:59",102000
