"price","change","match_qtty","side","time","total_vol"
9950,-20,2300,"bu","14:45:02",167700
10000,30,100,"bu","14:05:44",165400
9990,20,1200,"bu","14:03:35",165300
9990,20,300,"bu","14:03:29",164100
9990,20,500,"bu","14:03:10",163800
9990,20,100,"bu","14:01:26",163300
9990,20,800,"bu","13:57:53",163200
9970,0,500,"sd","13:56:24",162400
9990,20,1800,"bu","13:54:45",161900
10000,30,100,"bu","13:51:42",160100
9980,10,200,"bu","13:51:42",160000
9980,10,5000,"bu","13:46:13",159800
9970,0,2600,"bu","13:41:57",154800
9970,0,500,"bu","13:41:02",152200
9960,-10,3300,"sd","13:40:57",151700
9960,-10,1500,"bu","13:40:33",148400
9960,-10,500,"sd","13:40:14",146900
9960,-10,9500,"bu","13:40:02",146400
9960,-10,100,"bu","13:20:31",136900
9950,-20,400,"bu","13:20:31",136800
9900,-70,1300,"sd","13:12:28",136400
9900,-70,400,"sd","13:12:28",135100
9940,-30,400,"sd","13:12:28",134700
9950,-20,800,"bu","13:10:30",134300
9950,-20,500,"bu","13:10:21",133500
9950,-20,1800,"bu","13:09:02",133000
9940,-30,200,"sd","13:06:58",131200
9950,-20,600,"bu","13:06:45",131000
9940,-30,1600,"bu","13:06:30",130400
9940,-30,200,"bu","13:06:25",128800
9940,-30,500,"bu","13:06:25",128600
9940,-30,200,"bu","13:06:18",128100
9940,-30,1200,"bu","13:06:15",127900
9950,-20,500,"bu","13:04:35",126700
9950,-20,100,"bu","13:00:27",126200
9950,-20,500,"bu","10:40:13",126100
9950,-20,100,"bu","10:40:08",125600
9900,-70,2600,"bu","10:39:40",125500
9900,-70,500,"bu","10:38:56",122900
9900,-70,100,"sd","10:36:49",122400
9900,-70,5000,"sd","10:36:49",122300
9900,-70,100,"sd","10:36:49",117100
9900,-70,200,"sd","10:36:49",117300
9920,-50,500,"sd","10:36:49",117000
9920,-50,500,"sd","10:36:49",116500
9930,-40,200,"sd","10:36:49",116000
9930,-40,300,"sd","10:36:49",115800
9960,-10,300,"sd","10:28:37",115500
9970,0,500,"bu","10:26:24",115200
9960,-10,200,"bu","10:25:01",114700
9960,-10,300,"bu","10:24:58",114500
9950,-20,5000,"bu","10:20:35",114200
9950,-20,200,"bu","10:20:35",109200
9950,-20,4800,"bu","10:20:35",109000
9940,-30,100,"bu","10:20:35",104200
9940,-30,4900,"bu","10:17:47",104100
9940,-30,100,"bu","10:17:47",99200
9930,-40,1200,"bu","10:16:00",99100
9930,-40,1000,"bu","10:15:59",97900
9930,-40,1000,"bu","10:15:57",96900
9930,-40,1000,"bu","10:15:57",95900
9920,-50,500,"bu","10:15:43",94900
9920,-50,700,"bu","10:15:37",94400
9930,-40,6000,"bu","10:14:58",93700
9930,-40,100,"sd","10:06:42",87700
9930,-40,2900,"sd","10:06:42",87600
9930,-40,1900,"sd","10:05:06",84700
9940,-30,500,"bu","10:04:32",82800
9930,-40,100,"sd","10:03:44",82300
9930,-40,100,"sd","10:01:32",82200
9940,-30,300,"bu","10:01:30",82100
9940,-30,100,"bu","10:00:57",81800
9940,-30,300,"bu","09:40:32",81700
9940,-30,100,"bu","09:39:46",81400
9940,-30,300,"bu","09:39:36",81300
9940,-30,500,"bu","09:39:31",81000
9940,-30,200,"bu","09:31:42",80500
9940,-30,700,"bu","09:30:11",80300
9940,-30,3000,"bu","09:30:06",79600
9940,-30,1500,"bu","09:30:02",76600
9940,-30,900,"bu","09:29:54",75100
9940,-30,800,"bu","09:29:53",74200
9940,-30,500,"bu","09:29:49",73400
9940,-30,800,"sd","09:29:43",72900
9940,-30,400,"sd","09:29:43",72100
9950,-20,5000,"sd","09:24:56",71700
9950,-20,100,"sd","09:24:56",66600
9950,-20,100,"sd","09:24:56",66700
9960,-10,400,"bu","09:24:24",66500
9960,-10,600,"bu","09:24:20",66100
9960,-10,300,"bu","09:24:17",65500
9970,0,5000,"sd","09:23:06",65200
9970,0,1400,"sd","09:23:06",60200
9980,10,100,"bu","09:22:56",58800
9980,10,20000,"sd","09:22:37",58700
9980,10,3800,"sd","09:22:37",38700
9990,20,900,"sd","09:22:37",34900
10000,30,2200,"sd","09:21:52",34000
10050,80,1200,"bu","09:21:27",23000
10050,80,8800,"bu","09:21:27",31800
10000,30,1000,"sd","09:21:23",21800
10000,30,1200,"bu","09:21:08",20800
10000,30,300,"bu","09:20:58",19600
10000,30,500,"bu","09:20:54",19300
10000,30,500,"bu","09:20:50",18800
10000,30,500,"bu","09:20:50",18300
10000,30,300,"bu","09:20:50",17800
10000,30,500,"bu","09:20:39",17500
9990,20,300,"bu","09:20:30",17000
9990,20,300,"bu","09:20:25",16700
9990,20,400,"bu","09:20:22",16400
9990,20,500,"bu","09:20:16",16000
9980,10,1200,"sd","09:19:12",15500
9980,10,800,"sd","09:19:12",14300
9980,10,2000,"sd","09:18:25",13500
9980,10,2200,"bu","09:18:06",11500
9980,10,300,"bu","09:17:43",9300
9970,0,3300,"sd","09:17:26",9000
9990,20,300,"bu","09:17:15",5700
9990,20,700,"bu","09:17:12",5400
9990,20,500,"bu","09:17:12",4700
9970,0,300,"bu","09:16:32",4200
9960,-10,3900,"unknown","09:15:01",3900
