"price","change","match_qtty","side","time","total_vol"
76100,-1500,145100,"sd","14:45:02",2534600
76100,-1500,300,"sd","14:29:45",2389500
76200,-1400,200,"sd","14:29:45",2389200
76300,-1300,400,"bu","14:29:41",2389000
76300,-1300,100,"bu","14:28:59",2388600
76000,-1600,100,"sd","14:28:59",2388500
76000,-1600,300,"sd","14:28:52",2388400
76000,-1600,500,"sd","14:28:43",2388100
76000,-1600,200,"sd","14:28:34",2387600
76000,-1600,2800,"sd","14:28:31",2387400
76000,-1600,2000,"sd","14:28:30",2384600
76000,-1600,200,"sd","14:28:30",2382600
76000,-1600,4200,"sd","14:28:24",2382400
76000,-1600,2800,"sd","14:28:23",2378200
76000,-1600,2700,"sd","14:28:17",2375400
76400,-1200,100,"sd","14:28:17",2372700
76400,-1200,1000,"bu","14:28:16",2372600
76400,-1200,3100,"bu","14:28:16",2371600
76300,-1300,500,"bu","14:28:16",2368500
76300,-1300,500,"bu","14:28:16",2368000
76300,-1300,1000,"bu","14:28:16",2367500
76200,-1400,500,"bu","14:28:16",2366500
76200,-1400,400,"bu","14:28:16",2366000
76000,-1600,1600,"sd","14:28:11",2365600
76000,-1600,1700,"sd","14:28:09",2364000
76100,-1500,100,"sd","14:28:09",2362300
76100,-1500,200,"sd","14:28:09",2362200
76000,-1600,300,"sd","14:27:53",2362000
76000,-1600,100,"sd","14:27:53",2361700
76000,-1600,100,"sd","14:27:53",2361600
76000,-1600,100,"sd","14:27:53",2361500
76000,-1600,100,"sd","14:27:53",2361400
76000,-1600,1400,"sd","14:27:53",2361300
76000,-1600,300,"sd","14:27:53",2359900
76000,-1600,100,"sd","14:27:53",2359600
76000,-1600,500,"sd","14:27:53",2359500
76000,-1600,200,"sd","14:27:53",2359000
76000,-1600,1000,"sd","14:27:53",2358800
76000,-1600,8600,"sd","14:27:51",2357800
76000,-1600,200,"sd","14:27:51",2349200
76000,-1600,100,"sd","14:27:51",2349000
76000,-1600,500,"sd","14:27:51",2348900
76000,-1600,100,"sd","14:27:51",2348400
76000,-1600,500,"sd","14:27:51",2348300
76100,-1500,100,"unknown","14:27:46",2347800
76100,-1500,2000,"bu","14:27:46",2347700
76100,-1500,100,"sd","14:27:44",2345700
76100,-1500,500,"sd","14:27:44",2345600
76100,-1500,300,"sd","14:27:44",2345100
76100,-1500,700,"sd","14:27:35",2344800
76100,-1500,200,"sd","14:27:35",2344100
76100,-1500,100,"sd","14:27:35",2343900
76100,-1500,500,"sd","14:27:35",2343800
76100,-1500,1000,"sd","14:27:35",2343300
76200,-1400,500,"bu","14:27:26",2342300
76200,-1400,100,"sd","14:27:16",2341800
76000,-1600,200,"sd","14:26:58",2341700
76000,-1600,200,"sd","14:26:58",2341500
76100,-1500,500,"sd","14:26:58",2341300
76100,-1500,100,"sd","14:26:58",2340800
76400,-1200,19600,"bu","14:26:45",2340700
76200,-1400,300,"bu","14:26:45",2321100
76200,-1400,100,"bu","14:26:45",2320800
76000,-1600,2000,"sd","14:26:37",2320700
76000,-1600,100,"sd","14:26:37",2318700
76000,-1600,1000,"sd","14:26:37",2318600
76000,-1600,200,"sd","14:26:37",2317600
76000,-1600,100,"sd","14:26:37",2317400
76000,-1600,200,"sd","14:26:37",2317300
76100,-1500,1000,"sd","14:26:37",2317100
76100,-1500,1000,"sd","14:26:37",2316100
76100,-1500,100,"sd","14:26:37",2315100
76100,-1500,1000,"sd","14:26:37",2315000
76100,-1500,100,"sd","14:26:37",2314000
76100,-1500,100,"sd","14:26:37",2313900
76100,-1500,1000,"sd","14:26:37",2313800
76100,-1500,500,"sd","14:26:37",2312800
76100,-1500,300,"sd","14:26:37",2312300
76100,-1500,700,"sd","14:26:29",2312000
76100,-1500,100,"sd","14:26:29",2311300
76100,-1500,200,"sd","14:26:23",2311200
76200,-1400,100,"bu","14:26:22",2311000
76100,-1500,500,"sd","14:26:09",2310900
76200,-1400,1800,"bu","14:26:02",2310400
76200,-1400,400,"bu","14:26:02",2308600
76100,-1500,200,"sd","14:26:01",2308200
76200,-1400,700,"bu","14:25:59",2308000
76200,-1400,400,"sd","14:25:54",2307300
76200,-1400,1300,"sd","14:25:54",2306900
76200,-1400,500,"sd","14:25:44",2305600
76400,-1200,28300,"bu","14:25:39",2305100
76300,-1300,100,"bu","14:25:39",2276800
76300,-1300,400,"bu","14:25:39",2276700
76300,-1300,300,"bu","14:25:39",2276300
76300,-1300,900,"bu","14:25:39",2276000
76200,-1400,100,"sd","14:25:36",2275100
76200,-1400,1700,"sd","14:25:36",2275000
76200,-1400,8200,"sd","14:25:36",2273300
76200,-1400,100,"sd","14:25:13",2265100
76200,-1400,1400,"bu","14:25:06",2265000
76100,-1500,100,"bu","14:25:06",2263600
76100,-1500,1000,"bu","14:25:06",2263500
76100,-1500,200,"bu","14:25:06",2262500
76100,-1500,300,"bu","14:25:06",2262300
76100,-1500,200,"bu","14:25:06",2262000
76000,-1600,100,"sd","14:25:06",2261800
76100,-1500,300,"bu","14:25:02",2261700
76000,-1600,200,"sd","14:24:56",2261400
76000,-1600,200,"sd","14:24:54",2261200
76000,-1600,100,"sd","14:24:54",2261000
76000,-1600,500,"sd","14:24:54",2260900
76000,-1600,300,"sd","14:24:54",2260400
76000,-1600,200,"sd","14:24:54",2260100
76000,-1600,500,"sd","14:24:54",2259900
76000,-1600,200,"sd","14:24:54",2259400
76000,-1600,500,"sd","14:24:54",2259200
76000,-1600,100,"sd","14:24:54",2258700
76000,-1600,400,"sd","14:24:54",2258600
76000,-1600,100,"sd","14:24:54",2258200
76000,-1600,500,"sd","14:24:54",2258100
76000,-1600,500,"sd","14:24:54",2257600
76000,-1600,300,"sd","14:24:54",2257100
76000,-1600,500,"sd","14:24:54",2256800
76000,-1600,200,"sd","14:24:54",2256300
76000,-1600,100,"sd","14:24:54",2256100
76000,-1600,200,"sd","14:24:54",2256000
76000,-1600,300,"sd","14:24:54",2255800
76000,-1600,500,"sd","14:24:54",2255500
76000,-1600,500,"sd","14:24:54",2255000
76000,-1600,100,"sd","14:24:54",2254500
76000,-1600,2000,"sd","14:24:54",2254400
76000,-1600,100,"sd","14:24:54",2252400
76000,-1600,100,"sd","14:24:54",2252300
76000,-1600,100,"sd","14:24:54",2252200
76000,-1600,5600,"sd","14:24:54",2252100
76100,-1500,100,"bu","14:24:48",2246500
76000,-1600,100,"sd","14:24:48",2246400
76000,-1600,2400,"sd","14:24:48",2246300
76000,-1600,100,"sd","14:24:48",2243900
76000,-1600,100,"sd","14:24:48",2243800
76000,-1600,100,"sd","14:24:48",2243700
76100,-1500,100,"bu","14:24:47",2243600
76000,-1600,100,"sd","14:24:46",2243500
76000,-1600,100,"sd","14:24:46",2243400
76000,-1600,300,"sd","14:24:46",2243300
76000,-1600,500,"sd","14:24:46",2243000
76000,-1600,200,"sd","14:24:46",2242500
76000,-1600,100,"sd","14:24:46",2242300
76000,-1600,100,"sd","14:24:46",2242200
76000,-1600,100,"sd","14:24:46",2242100
76000,-1600,200,"sd","14:24:46",2242000
76000,-1600,300,"sd","14:24:46",2241800
76000,-1600,100,"sd","14:24:46",2241500
76000,-1600,100,"sd","14:24:46",2241400
76000,-1600,1000,"sd","14:24:46",2241300
76000,-1600,1000,"sd","14:24:46",2240300
76000,-1600,100,"sd","14:24:44",2239300
76000,-1600,100,"sd","14:24:44",2239200
76000,-1600,100,"sd","14:24:44",2239100
76000,-1600,100,"sd","14:24:44",2239000
76000,-1600,200,"sd","14:24:44",2238900
76000,-1600,100,"sd","14:24:44",2238700
76000,-1600,200,"sd","14:24:44",2238600
76000,-1600,100,"sd","14:24:44",2238400
76000,-1600,100,"sd","14:24:44",2238300
76000,-1600,400,"sd","14:24:44",2238200
76000,-1600,100,"sd","14:24:44",2237800
76000,-1600,300,"sd","14:24:44",2237700
76000,-1600,300,"sd","14:24:44",2237400
76000,-1600,700,"sd","14:24:44",2237100
76100,-1500,1000,"sd","14:24:40",2236400
76100,-1500,1000,"sd","14:24:40",2235400
76100,-1500,300,"sd","14:24:40",2234400
76100,-1500,200,"sd","14:24:40",2234100
76100,-1500,100,"sd","14:24:40",2233900
76100,-1500,100,"sd","14:24:40",2233800
76100,-1500,100,"sd","14:24:40",2233700
76100,-1500,2000,"sd","14:24:40",2233600
76100,-1500,200,"sd","14:24:39",2231600
76100,-1500,600,"sd","14:24:39",2231400
76100,-1500,900,"sd","14:24:39",2230800
76200,-1400,100,"bu","14:24:38",2229900
76100,-1500,100,"sd","14:24:35",2229800
76100,-1500,300,"sd","14:24:35",2229700
76100,-1500,200,"sd","14:24:35",2229400
76100,-1500,100,"sd","14:24:35",2229200
76100,-1500,200,"sd","14:24:35",2229100
76100,-1500,2000,"sd","14:24:35",2228900
76100,-1500,1000,"sd","14:24:33",2226900
76100,-1500,1000,"sd","14:24:33",2225900
76100,-1500,1000,"sd","14:24:33",2224900
76100,-1500,100,"sd","14:24:33",2223900
76100,-1500,100,"sd","14:24:33",2223800
76100,-1500,100,"sd","14:24:31",2223700
76100,-1500,200,"sd","14:24:26",2223600
76100,-1500,100,"sd","14:24:24",2223400
76100,-1500,100,"sd","14:24:24",2223300
76100,-1500,2600,"sd","14:24:24",2223200
76100,-1500,400,"sd","14:24:23",2220600
76100,-1500,100,"sd","14:24:23",2220200
76100,-1500,100,"sd","14:24:23",2220100
76100,-1500,100,"sd","14:24:23",2220000
76100,-1500,100,"sd","14:24:23",2219900
76100,-1500,900,"sd","14:24:23",2219800
76100,-1500,100,"sd","14:24:23",2218900
76100,-1500,100,"sd","14:24:23",2218800
76100,-1500,100,"sd","14:24:23",2218700
76100,-1500,100,"sd","14:24:23",2218600
76100,-1500,300,"sd","14:24:23",2218500
76100,-1500,100,"sd","14:24:23",2218200
76100,-1500,100,"sd","14:24:23",2218100
76100,-1500,200,"sd","14:24:23",2218000
76100,-1500,700,"sd","14:24:18",2217800
76100,-1500,100,"sd","14:24:18",2217100
76100,-1500,100,"sd","14:24:18",2217000
76100,-1500,1000,"sd","14:24:18",2216900
76100,-1500,200,"sd","14:24:18",2215900
76100,-1500,100,"sd","14:24:18",2215700
76100,-1500,1000,"sd","14:24:18",2215600
76200,-1400,1000,"sd","14:24:18",2214600
76300,-1300,1000,"bu","14:24:16",2213600
76200,-1400,1400,"sd","14:24:13",2212600
76200,-1400,1000,"sd","14:24:13",2211200
76200,-1400,500,"sd","14:24:13",2210200
76300,-1300,100,"bu","14:24:11",2209700
76200,-1400,500,"sd","14:24:08",2209600
76200,-1400,500,"sd","14:24:08",2209100
76200,-1400,100,"sd","14:24:08",2208600
76200,-1400,100,"sd","14:24:08",2208500
76200,-1400,1600,"sd","14:24:08",2208400
76200,-1400,3200,"sd","14:24:05",2206800
76200,-1400,200,"sd","14:24:01",2203600
76200,-1400,1000,"sd","14:24:01",2203400
76200,-1400,1000,"sd","14:24:01",2202400
76200,-1400,100,"sd","14:24:01",2201400
76200,-1400,200,"sd","14:24:01",2201300
76200,-1400,200,"sd","14:24:01",2201100
76200,-1400,200,"sd","14:24:01",2200900
76300,-1300,1000,"bu","14:23:51",2200700
76200,-1400,100,"sd","14:23:50",2199700
76200,-1400,100,"sd","14:23:50",2199600
76200,-1400,100,"sd","14:23:50",2199500
76200,-1400,100,"sd","14:23:50",2199400
76200,-1400,500,"sd","14:23:50",2199300
76200,-1400,100,"sd","14:23:50",2198800
76200,-1400,500,"sd","14:23:50",2198700
76200,-1400,500,"sd","14:23:50",2198200
76200,-1400,300,"sd","14:23:50",2197700
76200,-1400,500,"sd","14:23:50",2197400
76200,-1400,300,"sd","14:23:41",2196900
76300,-1300,1000,"bu","14:23:38",2196600
76300,-1300,200,"bu","14:23:38",2195600
76200,-1400,200,"sd","14:23:36",2195400
76200,-1400,100,"sd","14:23:36",2195200
76300,-1300,2800,"bu","14:23:29",2195100
76300,-1300,2800,"bu","14:23:29",2192300
76300,-1300,200,"bu","14:23:29",2189500
76300,-1300,2800,"bu","14:23:29",2189300
76300,-1300,700,"bu","14:23:29",2186500
76300,-1300,2800,"bu","14:23:29",2185800
76400,-1200,19100,"bu","14:23:29",2183000
76300,-1300,500,"bu","14:23:29",2163900
76400,-1200,200,"bu","14:23:29",2163400
76300,-1300,200,"bu","14:23:29",2163200
76300,-1300,100,"bu","14:23:29",2163000
76300,-1300,2800,"bu","14:23:29",2162900
76200,-1400,300,"sd","14:23:26",2160100
76200,-1400,100,"sd","14:23:26",2159800
76200,-1400,1000,"sd","14:23:26",2159700
76200,-1400,200,"sd","14:23:26",2158700
76200,-1400,200,"sd","14:23:26",2158500
76200,-1400,500,"sd","14:23:26",2158300
76200,-1400,100,"sd","14:23:26",2157800
76200,-1400,100,"sd","14:23:26",2157700
76200,-1400,1700,"sd","14:23:26",2157600
76200,-1400,200,"sd","14:23:26",2155900
76200,-1400,100,"sd","14:23:20",2155700
76200,-1400,200,"sd","14:23:01",2155600
76300,-1300,500,"bu","14:22:51",2155400
76300,-1300,500,"bu","14:22:51",2154900
76300,-1300,1000,"bu","14:22:49",2154400
76300,-1300,1300,"bu","14:22:47",2153400
76300,-1300,1000,"bu","14:22:47",2152100
76200,-1400,100,"sd","14:22:44",2151100
76200,-1400,200,"sd","14:22:39",2151000
76200,-1400,1000,"sd","14:22:39",2150800
76200,-1400,200,"sd","14:22:39",2149800
76200,-1400,100,"sd","14:22:39",2149600
76200,-1400,200,"sd","14:22:38",2149500
76300,-1300,100,"bu","14:22:34",2149300
76300,-1300,400,"bu","14:22:34",2149200
76300,-1300,100,"bu","14:22:32",2148800
76200,-1400,100,"sd","14:22:32",2148700
76200,-1400,200,"sd","14:22:32",2148600
76200,-1400,200,"sd","14:22:29",2148400
76300,-1300,1000,"bu","14:22:11",2148200
76200,-1400,100,"sd","14:22:10",2147200
76200,-1400,300,"sd","14:22:07",2147100
76200,-1400,200,"sd","14:22:05",2146800
76200,-1400,200,"sd","14:21:58",2146600
76200,-1400,300,"sd","14:21:58",2146400
76300,-1300,2000,"bu","14:21:58",2146100
76300,-1300,5000,"bu","14:21:50",2144100
76200,-1400,200,"sd","14:21:42",2139100
76200,-1400,300,"sd","14:21:42",2138900
76200,-1400,500,"sd","14:21:42",2138600
76200,-1400,200,"sd","14:21:38",2138100
76200,-1400,100,"sd","14:21:34",2137900
76300,-1300,100,"bu","14:21:16",2137800
76200,-1400,1000,"sd","14:21:12",2137700
76200,-1400,200,"sd","14:21:11",2136700
76200,-1400,100,"sd","14:21:01",2136500
76200,-1400,500,"sd","14:21:01",2136400
76200,-1400,200,"sd","14:21:01",2135900
76200,-1400,100,"sd","14:21:01",2135700
76200,-1400,100,"sd","14:21:01",2135600
76200,-1400,100,"sd","14:20:58",2135500
76300,-1300,100,"bu","14:20:56",2135400
76200,-1400,100,"sd","14:20:52",2135300
76200,-1400,100,"sd","14:20:52",2135200
76200,-1400,800,"sd","14:20:52",2135100
76200,-1400,200,"sd","14:20:45",2134300
76300,-1300,200,"sd","14:20:41",2134100
76300,-1300,100,"sd","14:20:41",2133900
76300,-1300,200,"sd","14:20:41",2133800
76300,-1300,900,"sd","14:20:41",2133600
76300,-1300,2000,"sd","14:20:41",2132700
76300,-1300,100,"sd","14:20:41",2130700
76300,-1300,500,"sd","14:20:41",2130600
76300,-1300,100,"sd","14:20:41",2130100
76300,-1300,2000,"sd","14:20:41",2130000
76300,-1300,200,"sd","14:20:41",2128000
76300,-1300,200,"sd","14:20:41",2127800
76300,-1300,100,"sd","14:20:41",2127600
76300,-1300,100,"sd","14:20:41",2127500
76300,-1300,100,"sd","14:20:41",2127400
76300,-1300,2000,"sd","14:20:41",2127300
76300,-1300,100,"sd","14:20:41",2125300
76300,-1300,200,"sd","14:20:41",2125200
76300,-1300,200,"sd","14:20:41",2125000
76300,-1300,100,"sd","14:20:41",2124800
76300,-1300,500,"sd","14:20:41",2124700
76300,-1300,600,"sd","14:20:41",2124200
76300,-1300,100,"sd","14:20:41",2123600
76300,-1300,500,"sd","14:20:41",2123500
76300,-1300,100,"sd","14:20:41",2123000
76300,-1300,100,"sd","14:20:41",2122900
76400,-1200,800,"sd","14:20:41",2122800
76400,-1200,200,"sd","14:20:30",2122000
76400,-1200,500,"sd","14:20:30",2121800
76400,-1200,200,"sd","14:20:30",2121300
76400,-1200,100,"sd","14:20:30",2121100
76400,-1200,100,"sd","14:20:23",2121000
76400,-1200,1000,"sd","14:20:20",2120900
76400,-1200,200,"sd","14:20:17",2119900
76400,-1200,1000,"sd","14:20:10",2119700
76400,-1200,1100,"sd","14:20:00",2118700
76400,-1200,1000,"sd","14:19:50",2117600
76400,-1200,200,"sd","14:19:50",2116600
76400,-1200,100,"sd","14:19:46",2116400
76600,-1000,100,"bu","14:19:22",2116300
76400,-1200,1000,"sd","14:19:19",2116200
76400,-1200,400,"sd","14:19:13",2115200
76400,-1200,200,"sd","14:19:13",2114800
76400,-1200,1000,"sd","14:19:13",2114600
76400,-1200,100,"sd","14:19:13",2113600
76400,-1200,200,"sd","14:19:13",2113500
76400,-1200,100,"sd","14:19:13",2113300
76600,-1000,600,"sd","14:18:57",2113200
76600,-1000,200,"bu","14:18:51",2112600
76800,-800,500,"bu","14:18:44",2112400
76600,-1000,1000,"bu","14:18:44",2111900
76400,-1200,100,"bu","14:18:43",2110900
76400,-1200,300,"bu","14:18:43",2110800
76400,-1200,500,"bu","14:18:43",2110500
76400,-1200,2000,"bu","14:18:39",2110000
76300,-1300,200,"sd","14:18:38",2108000
76300,-1300,900,"sd","14:18:38",2107800
76300,-1300,100,"sd","14:18:29",2106900
76300,-1300,100,"sd","14:18:29",2106800
76300,-1300,100,"sd","14:18:29",2106700
76300,-1300,100,"sd","14:18:29",2106600
76300,-1300,100,"sd","14:18:18",2106500
76300,-1300,100,"sd","14:18:18",2106400
76300,-1300,1200,"sd","14:18:15",2106300
76400,-1200,1000,"bu","14:18:01",2105100
76300,-1300,700,"sd","14:17:59",2104100
76300,-1300,100,"sd","14:17:52",2103400
76300,-1300,200,"sd","14:17:51",2103300
76300,-1300,200,"sd","14:17:25",2103100
76300,-1300,100,"sd","14:17:17",2102900
76300,-1300,200,"sd","14:16:57",2102800
76300,-1300,2000,"sd","14:16:57",2102600
76300,-1300,400,"sd","14:16:57",2100600
76300,-1300,200,"sd","14:16:57",2100200
76300,-1300,100,"sd","14:16:57",2100000
76300,-1300,1200,"sd","14:16:48",2099900
76300,-1300,2400,"sd","14:16:48",2098700
76300,-1300,100,"sd","14:16:42",2096300
76300,-1300,900,"sd","14:16:39",2096200
76300,-1300,100,"sd","14:16:39",2095300
76300,-1300,100,"sd","14:16:39",2095200
76300,-1300,100,"sd","14:16:39",2095100
76300,-1300,100,"sd","14:16:39",2095000
76300,-1300,500,"sd","14:16:39",2094900
76300,-1300,1000,"sd","14:16:39",2094400
76300,-1300,100,"sd","14:16:39",2093400
76400,-1200,100,"bu","14:16:37",2093300
76400,-1200,1000,"sd","14:16:36",2093200
76300,-1300,200,"sd","14:16:30",2092200
76400,-1200,1500,"bu","14:16:26",2092000
76400,-1200,300,"sd","14:16:17",2090500
76400,-1200,200,"sd","14:16:17",2090200
76400,-1200,100,"sd","14:16:06",2090000
76400,-1200,200,"sd","14:16:03",2089900
76400,-1200,100,"sd","14:16:03",2089700
76500,-1100,1000,"bu","14:16:03",2089600
76400,-1200,2800,"sd","14:16:01",2088600
76400,-1200,2200,"sd","14:16:01",2085800
76400,-1200,100,"sd","14:16:01",2083600
76400,-1200,500,"sd","14:16:01",2083500
76400,-1200,100,"sd","14:16:01",2083000
76400,-1200,1300,"sd","14:16:01",2082900
76400,-1200,700,"sd","14:15:55",2081600
76400,-1200,2000,"sd","14:15:55",2080900
76500,-1100,600,"sd","14:15:54",2078900
76500,-1100,400,"sd","14:15:54",2078300
76500,-1100,100,"sd","14:15:54",2077900
76500,-1100,100,"sd","14:15:54",2077800
76500,-1100,2000,"sd","14:15:54",2077700
76500,-1100,1600,"sd","14:15:54",2075700
76500,-1100,400,"sd","14:15:47",2074100
76500,-1100,100,"sd","14:15:47",2073700
76500,-1100,300,"sd","14:15:47",2073600
76500,-1100,1000,"sd","14:15:47",2073300
76500,-1100,100,"sd","14:15:47",2072300
76500,-1100,100,"sd","14:15:47",2072200
76500,-1100,100,"sd","14:15:47",2072100
76500,-1100,100,"sd","14:15:47",2072000
76500,-1100,300,"sd","14:15:47",2071900
76500,-1100,300,"sd","14:15:47",2071600
76500,-1100,1000,"sd","14:15:46",2071300
76500,-1100,2000,"sd","14:15:46",2070300
76500,-1100,100,"sd","14:15:43",2068300
76600,-1000,100,"bu","14:15:42",2068200
76600,-1000,100,"bu","14:15:41",2068100
76600,-1000,200,"bu","14:15:41",2068000
76600,-1000,200,"sd","14:15:38",2067800
76600,-1000,1600,"sd","14:15:33",2067600
76600,-1000,500,"sd","14:15:33",2066000
76600,-1000,100,"sd","14:15:33",2065500
76600,-1000,400,"sd","14:15:33",2065400
76600,-1000,100,"sd","14:15:28",2065000
76600,-1000,500,"sd","14:15:24",2064900
76600,-1000,2500,"sd","14:15:24",2064400
76600,-1000,300,"sd","14:15:13",2061900
76700,-900,200,"sd","14:15:13",2061600
76700,-900,2000,"sd","14:15:13",2061400
76700,-900,700,"sd","14:15:13",2059400
76700,-900,200,"sd","14:15:09",2058700
76700,-900,100,"sd","14:15:05",2058500
76700,-900,2800,"sd","14:14:55",2058400
76700,-900,1200,"sd","14:14:44",2055600
76700,-900,1600,"sd","14:14:44",2054400
76700,-900,200,"sd","14:14:42",2052800
76800,-800,2000,"sd","14:14:39",2052600
76800,-800,5000,"sd","14:14:28",2050600
76800,-800,1000,"sd","14:14:25",2045600
76800,-800,200,"sd","14:14:15",2044600
76800,-800,100,"bu","14:14:06",2044400
76800,-800,700,"bu","14:14:06",2044300
76800,-800,2000,"bu","14:13:51",2043600
76800,-800,2300,"sd","14:13:49",2041600
76800,-800,100,"sd","14:13:38",2039300
76800,-800,100,"bu","14:13:32",2039200
76800,-800,200,"bu","14:13:32",2039100
76800,-800,1700,"bu","14:13:32",2038900
76800,-800,1200,"bu","14:13:26",2037200
76800,-800,400,"bu","14:13:26",2036000
76800,-800,500,"bu","14:13:26",2035600
76800,-800,1100,"bu","14:13:26",2035100
76800,-800,1000,"bu","14:13:26",2034000
76700,-900,200,"sd","14:13:16",2033000
76600,-1000,200,"sd","14:12:50",2032800
76800,-800,200,"bu","14:12:48",2032600
76700,-900,100,"bu","14:12:48",2032400
76700,-900,1200,"bu","14:12:48",2032300
76600,-1000,100,"sd","14:12:46",2031100
76600,-1000,100,"sd","14:12:33",2031000
76600,-1000,100,"sd","14:12:33",2030900
76600,-1000,200,"sd","14:12:23",2030800
76600,-1000,100,"sd","14:12:10",2030600
76600,-1000,200,"sd","14:11:56",2030500
76600,-1000,800,"sd","14:11:56",2030300
76600,-1000,100,"sd","14:11:34",2029500
76600,-1000,200,"sd","14:11:32",2029400
76600,-1000,200,"sd","14:11:28",2029200
76600,-1000,100,"sd","14:11:27",2029000
76600,-1000,200,"sd","14:11:02",2028900
76600,-1000,500,"sd","14:10:48",2028700
76600,-1000,300,"sd","14:10:35",2028200
76600,-1000,100,"sd","14:10:33",2027900
76500,-1100,3200,"sd","14:10:18",2027800
76800,-800,300,"bu","14:10:17",2024600
76600,-1000,100,"bu","14:10:17",2024300
76600,-1000,600,"bu","14:10:17",2024200
76500,-1100,700,"sd","14:10:16",2023600
76500,-1100,200,"sd","14:10:16",2022900
76500,-1100,700,"sd","14:10:16",2022700
76500,-1100,300,"sd","14:10:16",2022000
76500,-1100,600,"sd","14:10:16",2021700
76500,-1100,200,"sd","14:10:16",2021100
76500,-1100,100,"sd","14:10:16",2020900
76500,-1100,100,"sd","14:10:16",2020800
76600,-1000,100,"sd","14:10:15",2020700
76600,-1000,300,"sd","14:10:15",2020600
76600,-1000,200,"sd","14:10:08",2020300
76600,-1000,300,"sd","14:10:06",2020100
76600,-1000,100,"sd","14:10:06",2019800
76600,-1000,2900,"sd","14:10:06",2019700
76600,-1000,1100,"sd","14:09:55",2016800
76600,-1000,2800,"sd","14:09:46",2015700
76600,-1000,1200,"sd","14:09:42",2012900
76600,-1000,300,"sd","14:09:41",2011700
76600,-1000,100,"sd","14:09:41",2011400
76600,-1000,700,"sd","14:09:38",2011300
76600,-1000,100,"sd","14:09:38",2010600
76600,-1000,100,"sd","14:09:38",2010500
76600,-1000,1000,"sd","14:09:38",2010400
76700,-900,1000,"sd","14:09:38",2009400
76700,-900,1000,"sd","14:09:34",2008400
76700,-900,1000,"sd","14:09:15",2007400
76700,-900,100,"sd","14:09:01",2006400
76700,-900,1000,"bu","14:08:56",2006300
76700,-900,1900,"bu","14:08:56",2005300
76700,-900,200,"bu","14:08:56",2003400
76700,-900,100,"bu","14:08:48",2003200
76700,-900,100,"bu","14:08:48",2003100
76600,-1000,200,"sd","14:08:41",2003000
76600,-1000,800,"sd","14:08:35",2002800
76600,-1000,100,"sd","14:08:35",2002000
76600,-1000,100,"sd","14:08:35",2001900
76600,-1000,100,"sd","14:08:22",2001800
76600,-1000,1000,"sd","14:08:14",2001700
76600,-1000,200,"sd","14:08:14",2000700
76700,-900,200,"bu","14:07:57",2000500
76700,-900,700,"sd","14:07:55",2000300
76700,-900,200,"sd","14:07:47",1999600
76700,-900,100,"sd","14:07:47",1999400
76700,-900,500,"sd","14:07:43",1999300
76700,-900,500,"sd","14:07:36",1998800
76700,-900,300,"sd","14:07:36",1998300
76700,-900,700,"sd","14:07:36",1998000
76700,-900,300,"sd","14:07:33",1997300
76700,-900,800,"sd","14:07:33",1997000
76700,-900,200,"sd","14:07:22",1996200
76700,-900,100,"sd","14:07:22",1996000
76900,-700,300,"bu","14:07:11",1995900
76900,-700,1200,"bu","14:07:11",1995600
76700,-900,700,"sd","14:06:55",1994400
76700,-900,100,"sd","14:06:55",1993700
76700,-900,1000,"sd","14:06:54",1993600
76700,-900,200,"sd","14:06:34",1992600
76700,-900,800,"sd","14:06:33",1992400
76700,-900,100,"bu","14:06:32",1991600
76700,-900,200,"bu","14:06:32",1991500
76700,-900,1000,"bu","14:06:32",1991300
76700,-900,400,"bu","14:06:32",1990300
76700,-900,300,"bu","14:06:32",1989900
76600,-1000,100,"sd","14:06:30",1989600
76600,-1000,100,"sd","14:06:29",1989500
76600,-1000,200,"sd","14:06:20",1989400
76600,-1000,200,"sd","14:06:14",1989200
76700,-900,700,"bu","14:06:11",1989000
76700,-900,300,"bu","14:06:11",1988300
76700,-900,1000,"bu","14:06:09",1988000
76700,-900,500,"bu","14:06:08",1987000
76700,-900,100,"sd","14:05:53",1986500
76700,-900,900,"sd","14:05:53",1986400
76700,-900,100,"sd","14:05:36",1985500
76700,-900,2700,"sd","14:05:36",1985400
77000,-600,200,"bu","14:05:24",1982700
76900,-700,200,"bu","14:05:24",1982500
76900,-700,100,"bu","14:05:24",1982300
76700,-900,200,"sd","14:05:23",1982200
76700,-900,100,"sd","14:05:18",1982000
76700,-900,900,"sd","14:05:14",1981900
76900,-700,200,"sd","14:05:14",1981000
76700,-900,1700,"sd","14:05:08",1980800
76700,-900,200,"sd","14:05:08",1979100
76700,-900,100,"sd","14:05:08",1978900
76700,-900,800,"sd","14:05:08",1978800
76900,-700,1400,"sd","14:05:08",1978000
76900,-700,500,"bu","14:05:07",1976600
76900,-700,100,"bu","14:05:07",1976100
76700,-900,100,"sd","14:05:01",1976000
76800,-800,800,"sd","14:05:01",1975900
76800,-800,1600,"sd","14:05:01",1975100
76900,-700,200,"bu","14:04:56",1973500
76900,-700,700,"sd","14:04:54",1973300
76900,-700,100,"sd","14:04:43",1972600
76900,-700,600,"sd","14:04:40",1972500
76900,-700,100,"sd","14:04:33",1971900
76900,-700,900,"sd","14:04:33",1971800
76900,-700,200,"bu","14:04:29",1970900
76900,-700,1000,"bu","14:04:29",1970700
76900,-700,1100,"bu","14:04:29",1969700
76900,-700,1700,"bu","14:04:29",1968600
76900,-700,1300,"bu","14:04:29",1966900
76900,-700,700,"bu","14:04:29",1965600
76900,-700,1100,"bu","14:04:29",1964900
76800,-800,400,"sd","14:04:29",1963800
76800,-800,1200,"sd","14:04:25",1963400
76800,-800,1000,"sd","14:04:25",1962200
76800,-800,600,"sd","14:04:25",1961200
76800,-800,1300,"sd","14:04:24",1960600
76800,-800,200,"sd","14:04:24",1959300
76800,-800,1200,"sd","14:04:18",1959100
76800,-800,800,"sd","14:04:18",1957900
76800,-800,800,"sd","14:04:18",1957100
76900,-700,700,"bu","14:04:14",1956300
76900,-700,900,"bu","14:04:14",1955600
76900,-700,800,"bu","14:04:14",1954700
76900,-700,200,"bu","14:04:14",1953900
76900,-700,100,"bu","14:04:14",1953700
76900,-700,2700,"bu","14:04:14",1953600
76900,-700,100,"bu","14:04:14",1950900
76800,-800,300,"sd","14:04:13",1950800
76900,-700,100,"bu","14:04:03",1950500
76800,-800,300,"sd","14:03:58",1950400
76800,-800,1800,"sd","14:03:54",1950100
76800,-800,1000,"sd","14:03:54",1948300
76800,-800,1400,"sd","14:03:54",1947300
76800,-800,1000,"sd","14:03:53",1945900
76800,-800,900,"sd","14:03:52",1944900
76800,-800,200,"sd","14:03:52",1944000
76900,-700,100,"bu","14:03:46",1943800
76900,-700,100,"bu","14:03:44",1943700
76900,-700,500,"bu","14:03:42",1943600
76900,-700,300,"bu","14:03:29",1943100
76900,-700,100,"bu","14:03:29",1942800
76900,-700,300,"bu","14:03:29",1942700
76900,-700,300,"bu","14:03:29",1942400
76800,-800,100,"sd","14:03:23",1942100
76800,-800,500,"sd","14:03:23",1942000
76800,-800,800,"sd","14:03:23",1941500
76900,-700,900,"bu","14:03:21",1940700
76900,-700,200,"bu","14:03:21",1939800
76900,-700,1100,"bu","14:03:21",1939600
76900,-700,1100,"bu","14:03:21",1938500
76900,-700,1700,"bu","14:03:21",1937400
76900,-700,1500,"bu","14:03:21",1935700
76900,-700,500,"bu","14:03:21",1934200
76900,-700,300,"bu","14:03:21",1933700
76900,-700,1000,"bu","14:03:21",1933400
76800,-800,1200,"sd","14:03:19",1932400
76800,-800,200,"sd","14:03:19",1931200
76900,-700,500,"bu","14:03:15",1931000
76900,-700,700,"bu","14:02:57",1930500
76900,-700,100,"bu","14:02:38",1929800
76800,-800,100,"sd","14:02:35",1929700
76800,-800,100,"sd","14:02:35",1929600
76900,-700,200,"bu","14:02:35",1929500
76900,-700,100,"bu","14:02:35",1929300
76900,-700,200,"bu","14:02:35",1929200
76900,-700,200,"bu","14:02:35",1929000
76800,-800,1000,"sd","14:02:33",1928800
76800,-800,100,"sd","14:02:31",1927800
76800,-800,200,"sd","14:02:27",1927700
76900,-700,200,"sd","14:02:21",1927500
76900,-700,100,"sd","14:02:21",1927300
76900,-700,500,"sd","14:02:21",1927200
77000,-600,100,"bu","14:02:12",1926700
77000,-600,1000,"bu","14:02:12",1926600
77000,-600,100,"bu","14:02:12",1925600
77000,-600,500,"bu","14:02:12",1925500
77000,-600,900,"bu","14:02:12",1925000
76900,-700,2000,"sd","14:02:05",1924100
76900,-700,200,"sd","14:02:00",1922100
77000,-600,4100,"bu","14:01:57",1921900
77000,-600,1500,"bu","14:01:57",1917800
77000,-600,1900,"bu","14:01:57",1916300
77000,-600,900,"bu","14:01:57",1914400
76900,-700,700,"sd","14:01:53",1913500
76900,-700,1000,"sd","14:01:53",1912800
76900,-700,300,"sd","14:01:32",1911800
76900,-700,1000,"sd","14:01:32",1911500
76900,-700,1000,"bu","14:01:32",1910500
76900,-700,100,"bu","14:01:32",1909500
76900,-700,200,"bu","14:01:32",1909400
76900,-700,1900,"bu","14:01:32",1909200
76900,-700,400,"bu","14:01:32",1907300
76900,-700,300,"bu","14:01:32",1906900
76900,-700,1000,"bu","14:01:32",1906600
76900,-700,1000,"bu","14:01:32",1905600
76900,-700,1000,"bu","14:01:32",1904600
76900,-700,100,"bu","14:01:32",1903600
76900,-700,1000,"bu","14:01:32",1903500
76900,-700,100,"bu","14:01:32",1902500
76900,-700,5000,"bu","14:01:32",1902400
76900,-700,4300,"bu","14:01:32",1897400
76900,-700,100,"bu","14:01:28",1893100
76900,-700,1200,"bu","14:01:14",1893000
76900,-700,1500,"bu","14:00:56",1891800
76800,-800,1000,"sd","14:00:53",1890300
76800,-800,300,"bu","14:00:43",1889300
76800,-800,100,"bu","14:00:43",1889000
76800,-800,5000,"bu","14:00:43",1888900
76800,-800,500,"bu","14:00:43",1883900
76800,-800,500,"bu","14:00:43",1883400
76800,-800,200,"bu","14:00:43",1882900
76700,-900,200,"sd","14:00:35",1882700
76700,-900,100,"sd","14:00:32",1882500
76700,-900,1100,"sd","14:00:32",1882400
76700,-900,1000,"sd","14:00:12",1881300
76700,-900,200,"sd","14:00:09",1880300
76700,-900,300,"sd","14:00:04",1880100
76700,-900,100,"sd","14:00:03",1879800
76700,-900,100,"sd","13:59:56",1879700
76700,-900,200,"sd","13:59:51",1879600
76700,-900,100,"sd","13:59:51",1879400
76700,-900,700,"sd","13:59:51",1879300
76700,-900,200,"sd","13:59:42",1878600
76800,-800,100,"bu","13:59:40",1878400
76700,-900,1000,"sd","13:59:31",1878300
76700,-900,100,"sd","13:59:19",1877300
76700,-900,100,"sd","13:59:14",1877200
76700,-900,100,"sd","13:59:14",1877100
76800,-800,100,"sd","13:59:12",1877000
76800,-800,600,"sd","13:59:12",1876900
76800,-800,1000,"sd","13:58:51",1876300
76800,-800,300,"sd","13:58:47",1875300
76800,-800,100,"sd","13:58:43",1875000
76900,-700,1000,"bu","13:58:41",1874900
76900,-700,1900,"bu","13:58:16",1873900
76900,-700,200,"bu","13:58:16",1872000
76800,-800,700,"sd","13:58:12",1871800
76800,-800,400,"sd","13:58:12",1871100
76800,-800,200,"bu","13:57:57",1870700
76800,-800,100,"bu","13:57:57",1870500
76800,-800,1000,"bu","13:57:57",1870400
76800,-800,100,"bu","13:57:57",1869400
76800,-800,200,"bu","13:57:57",1869300
76800,-800,800,"bu","13:57:57",1869100
76800,-800,100,"bu","13:57:57",1868300
76800,-800,900,"bu","13:57:57",1868200
76800,-800,1000,"bu","13:57:57",1867300
76700,-900,1000,"sd","13:57:51",1866300
76700,-900,200,"sd","13:57:48",1865300
76800,-800,1000,"bu","13:57:33",1865100
76800,-800,1900,"bu","13:57:33",1864100
76800,-800,100,"bu","13:57:33",1862200
76700,-900,1000,"sd","13:57:31",1862100
76800,-800,1000,"bu","13:57:31",1861100
76700,-900,100,"sd","13:57:26",1860100
76800,-800,1000,"bu","13:57:22",1860000
76700,-900,1200,"sd","13:57:21",1859000
76700,-900,300,"sd","13:57:21",1857800
76800,-800,500,"bu","13:57:09",1857500
76800,-800,300,"bu","13:57:00",1857000
76800,-800,300,"bu","13:56:31",1856700
76800,-800,1000,"bu","13:56:31",1856400
76800,-800,2900,"bu","13:56:31",1855400
76800,-800,1900,"bu","13:56:26",1852500
76800,-800,200,"bu","13:56:23",1850600
76800,-800,300,"bu","13:56:23",1850400
76800,-800,1000,"bu","13:56:23",1850100
76800,-800,100,"bu","13:56:23",1849100
76800,-800,1800,"bu","13:56:23",1849000
76700,-900,200,"bu","13:56:23",1847200
76700,-900,600,"bu","13:56:23",1847000
76700,-900,900,"bu","13:56:19",1846400
76700,-900,2000,"bu","13:56:19",1845500
76700,-900,100,"bu","13:56:19",1843500
76700,-900,100,"bu","13:56:19",1843400
76600,-1000,1000,"bu","13:56:12",1843300
76600,-1000,100,"bu","13:56:12",1842300
76600,-1000,600,"bu","13:56:12",1842200
76600,-1000,1600,"bu","13:56:06",1841600
76600,-1000,300,"bu","13:56:06",1840000
76600,-1000,700,"bu","13:56:03",1839700
76600,-1000,200,"bu","13:56:03",1839000
76600,-1000,300,"bu","13:56:03",1838800
76600,-1000,1400,"bu","13:56:03",1838500
76600,-1000,100,"bu","13:56:00",1837100
76600,-1000,1100,"bu","13:56:00",1837000
76600,-1000,100,"bu","13:56:00",1835900
76600,-1000,200,"bu","13:56:00",1835800
76500,-1100,200,"sd","13:55:50",1835600
76600,-1000,800,"bu","13:55:16",1835400
76600,-1000,200,"bu","13:55:16",1834600
76600,-1000,100,"bu","13:55:16",1834400
76600,-1000,400,"bu","13:55:16",1834300
76500,-1100,100,"sd","13:55:11",1833900
76500,-1100,1000,"sd","13:55:11",1833800
76500,-1100,600,"sd","13:55:10",1832800
76600,-1000,600,"bu","13:54:37",1832200
76600,-1000,300,"bu","13:54:37",1831600
76600,-1000,100,"bu","13:54:37",1831300
76600,-1000,1000,"bu","13:54:35",1831200
76600,-1000,900,"bu","13:54:33",1830200
76600,-1000,300,"bu","13:54:33",1829300
76600,-1000,1000,"bu","13:54:33",1829000
76600,-1000,100,"bu","13:54:33",1828000
76600,-1000,1000,"bu","13:54:33",1827900
76600,-1000,1700,"bu","13:54:33",1826900
76600,-1000,3300,"bu","13:54:21",1825200
76600,-1000,200,"bu","13:54:21",1821900
76500,-1100,100,"sd","13:54:19",1821700
76500,-1100,100,"sd","13:54:19",1821600
76600,-1000,200,"bu","13:54:16",1821500
76600,-1000,100,"bu","13:54:15",1821300
76600,-1000,200,"bu","13:53:49",1821200
76500,-1100,1000,"bu","13:53:36",1821000
76500,-1100,300,"bu","13:53:36",1820000
76500,-1100,100,"bu","13:53:36",1819700
76500,-1100,200,"bu","13:53:36",1819600
76500,-1100,300,"bu","13:53:36",1819400
76500,-1100,200,"bu","13:53:27",1819100
76500,-1100,800,"bu","13:53:27",1818900
76500,-1100,200,"bu","13:53:27",1818100
76500,-1100,800,"bu","13:53:27",1817900
76500,-1100,200,"bu","13:53:27",1817100
76400,-1200,200,"bu","13:53:10",1816900
76400,-1200,100,"sd","13:53:09",1816700
76400,-1200,100,"sd","13:53:09",1816600
76400,-1200,700,"sd","13:53:09",1816500
76400,-1200,200,"bu","13:52:59",1815800
76400,-1200,100,"bu","13:52:59",1815600
76400,-1200,300,"bu","13:52:59",1815500
76400,-1200,100,"bu","13:52:59",1815200
76400,-1200,1000,"bu","13:52:59",1815100
76400,-1200,1200,"bu","13:52:59",1814100
76400,-1200,600,"bu","13:52:59",1812900
76300,-1300,1000,"sd","13:52:50",1812300
76300,-1300,200,"sd","13:52:48",1811300
76400,-1200,200,"bu","13:52:46",1811100
76400,-1200,200,"bu","13:52:37",1810900
76400,-1200,1800,"bu","13:52:37",1810700
76300,-1300,100,"sd","13:52:36",1808900
76400,-1200,200,"bu","13:52:32",1808800
76400,-1200,100,"bu","13:52:32",1808600
76400,-1200,500,"bu","13:52:24",1808500
76300,-1300,200,"sd","13:52:20",1808000
76300,-1300,1000,"sd","13:52:20",1807800
76300,-1300,700,"sd","13:52:20",1806800
76300,-1300,100,"sd","13:52:20",1806100
76300,-1300,100,"sd","13:52:20",1806000
76300,-1300,100,"sd","13:52:20",1805900
76400,-1200,400,"bu","13:52:14",1805800
76400,-1200,300,"bu","13:52:14",1805400
76400,-1200,1000,"bu","13:52:14",1805100
76400,-1200,300,"bu","13:52:14",1804100
76400,-1200,1600,"bu","13:52:11",1803800
76400,-1200,400,"bu","13:52:11",1802200
76400,-1200,1000,"bu","13:52:11",1801800
76400,-1200,1000,"bu","13:52:01",1800800
76300,-1300,100,"sd","13:52:00",1799800
76300,-1300,200,"sd","13:51:53",1799700
76300,-1300,800,"sd","13:51:50",1799500
76300,-1300,2000,"sd","13:51:50",1798700
76300,-1300,800,"sd","13:51:49",1796700
76300,-1300,100,"sd","13:51:49",1795900
76300,-1300,100,"sd","13:51:49",1795800
76300,-1300,500,"sd","13:51:30",1795700
76300,-1300,100,"sd","13:51:30",1795200
76300,-1300,100,"sd","13:51:30",1795100
76300,-1300,100,"sd","13:51:30",1795000
76300,-1300,100,"sd","13:51:30",1794900
76300,-1300,100,"sd","13:51:30",1794800
76300,-1300,200,"sd","13:51:26",1794700
76300,-1300,100,"sd","13:51:23",1794500
76300,-1300,100,"sd","13:51:15",1794400
76300,-1300,200,"sd","13:51:15",1794300
76300,-1300,200,"sd","13:51:10",1794100
76300,-1300,200,"sd","13:51:10",1793900
76300,-1300,600,"sd","13:51:10",1793700
76300,-1300,200,"sd","13:50:59",1793100
76300,-1300,1100,"sd","13:50:50",1792900
76300,-1300,100,"sd","13:50:47",1791800
76400,-1200,200,"bu","13:50:43",1791700
76300,-1300,100,"sd","13:50:33",1791500
76300,-1300,100,"sd","13:50:33",1791400
76300,-1300,500,"sd","13:50:30",1791300
76300,-1300,300,"sd","13:50:30",1790800
76300,-1300,100,"sd","13:50:29",1790500
76300,-1300,100,"sd","13:50:29",1790400
76300,-1300,100,"sd","13:50:12",1790300
76300,-1300,1000,"sd","13:50:08",1790200
76300,-1300,2000,"sd","13:50:07",1789200
76300,-1300,200,"sd","13:50:05",1787200
76400,-1200,200,"bu","13:49:57",1787000
76400,-1200,200,"bu","13:49:57",1786800
76400,-1200,100,"bu","13:49:48",1786600
76400,-1200,4700,"bu","13:49:36",1786500
76400,-1200,300,"bu","13:49:36",1781800
76400,-1200,300,"bu","13:49:35",1781500
76400,-1200,400,"bu","13:49:17",1781200
76400,-1200,200,"bu","13:49:17",1780800
76400,-1200,100,"bu","13:49:17",1780600
76400,-1200,300,"bu","13:49:14",1780500
76400,-1200,100,"bu","13:49:09",1780200
76400,-1200,600,"bu","13:48:58",1780100
76400,-1200,5000,"bu","13:48:58",1779500
76400,-1200,2800,"bu","13:48:58",1774500
76400,-1200,200,"bu","13:48:58",1771700
76400,-1200,1000,"bu","13:48:58",1771500
76400,-1200,100,"bu","13:48:58",1770500
76300,-1300,100,"sd","13:48:54",1770400
76300,-1300,1500,"sd","13:48:53",1770300
76300,-1300,300,"sd","13:48:53",1768800
76300,-1300,100,"sd","13:48:53",1768500
76300,-1300,100,"sd","13:48:53",1768400
76300,-1300,800,"sd","13:48:53",1768300
76300,-1300,3200,"sd","13:48:53",1767500
76300,-1300,1000,"sd","13:48:53",1764300
76300,-1300,3000,"sd","13:48:53",1763300
76400,-1200,1500,"bu","13:48:45",1760300
76400,-1200,500,"bu","13:48:43",1758800
76400,-1200,200,"bu","13:48:36",1758300
76300,-1300,200,"sd","13:48:35",1758100
76400,-1200,100,"bu","13:48:34",1757900
76400,-1200,300,"bu","13:48:29",1757800
76300,-1300,100,"sd","13:48:29",1757500
76300,-1300,1000,"sd","13:48:29",1757400
76300,-1300,100,"sd","13:48:18",1756400
76300,-1300,200,"sd","13:48:18",1756300
76400,-1200,100,"bu","13:48:14",1756100
76300,-1300,200,"sd","13:48:08",1756000
76400,-1200,100,"bu","13:48:02",1755800
76400,-1200,2000,"bu","13:48:01",1755700
76300,-1300,200,"sd","13:47:54",1753700
76400,-1200,800,"bu","13:47:52",1753500
76400,-1200,2800,"bu","13:47:52",1752700
76400,-1200,400,"bu","13:47:52",1749900
76400,-1200,1000,"bu","13:47:52",1749500
76400,-1200,1400,"bu","13:47:52",1748500
76400,-1200,1900,"bu","13:47:52",1747100
76400,-1200,800,"bu","13:47:46",1745200
76400,-1200,100,"bu","13:47:46",1744400
76400,-1200,2800,"bu","13:47:46",1744300
76400,-1200,300,"bu","13:47:46",1741500
76400,-1200,1000,"bu","13:47:46",1741200
76400,-1200,1500,"bu","13:47:46",1740200
76400,-1200,300,"bu","13:47:46",1738700
76400,-1200,1500,"bu","13:47:46",1738400
76400,-1200,1300,"bu","13:47:45",1736900
76400,-1200,300,"bu","13:47:45",1735600
76400,-1200,1200,"bu","13:47:45",1735300
76400,-1200,7200,"bu","13:47:45",1734100
76300,-1300,100,"sd","13:47:42",1726900
76300,-1300,100,"sd","13:47:42",1726800
76300,-1300,100,"sd","13:47:36",1726700
76300,-1300,1000,"sd","13:47:15",1726600
76300,-1300,200,"sd","13:47:14",1725600
76300,-1300,100,"sd","13:47:00",1725400
76300,-1300,700,"sd","13:46:48",1725300
76300,-1300,200,"sd","13:46:47",1724600
76400,-1200,500,"bu","13:46:45",1724400
76400,-1200,300,"sd","13:46:36",1723900
76400,-1200,100,"sd","13:46:36",1723600
76400,-1200,200,"sd","13:46:36",1723500
76400,-1200,300,"sd","13:46:36",1723300
76400,-1200,6000,"sd","13:46:36",1723000
76400,-1200,1000,"sd","13:46:36",1717000
76400,-1200,100,"sd","13:46:36",1716000
76400,-1200,100,"sd","13:46:36",1715900
76400,-1200,300,"sd","13:46:36",1715800
76400,-1200,400,"sd","13:46:36",1715500
76400,-1200,200,"sd","13:46:36",1715100
76400,-1200,1300,"sd","13:46:36",1714900
76400,-1200,5000,"sd","13:46:36",1713600
76400,-1200,500,"sd","13:46:36",1708600
76400,-1200,1000,"sd","13:46:36",1708100
76400,-1200,100,"sd","13:46:36",1707100
76400,-1200,1600,"sd","13:46:36",1707000
76400,-1200,1500,"sd","13:46:36",1705400
76400,-1200,200,"sd","13:46:36",1703900
76400,-1200,700,"sd","13:46:36",1703700
76400,-1200,100,"sd","13:46:36",1703000
76400,-1200,100,"sd","13:46:36",1702900
76400,-1200,300,"sd","13:46:36",1702800
76400,-1200,100,"sd","13:46:25",1702500
76400,-1200,200,"sd","13:46:20",1702400
76400,-1200,200,"sd","13:45:53",1702200
76400,-1200,100,"sd","13:45:48",1702000
76500,-1100,100,"bu","13:45:39",1701900
76400,-1200,300,"sd","13:45:26",1701800
76400,-1200,300,"sd","13:45:23",1701500
76500,-1100,500,"bu","13:45:21",1701200
76400,-1200,100,"sd","13:45:12",1700700
76500,-1100,200,"bu","13:45:07",1700600
76400,-1200,200,"sd","13:45:00",1700400
76500,-1100,100,"bu","13:44:57",1700200
76500,-1100,100,"sd","13:44:42",1700100
76500,-1100,100,"sd","13:44:42",1700000
76500,-1100,200,"sd","13:44:42",1699900
76500,-1100,500,"sd","13:44:42",1699700
76500,-1100,300,"sd","13:44:42",1699200
76500,-1100,100,"sd","13:44:42",1698900
76500,-1100,400,"sd","13:44:42",1698800
76500,-1100,100,"sd","13:44:42",1698400
76500,-1100,600,"sd","13:44:42",1698300
76500,-1100,2000,"sd","13:44:42",1697700
76500,-1100,200,"sd","13:44:42",1695700
76500,-1100,800,"sd","13:44:42",1695500
76500,-1100,300,"sd","13:44:42",1694700
76500,-1100,100,"sd","13:44:42",1694400
76500,-1100,100,"sd","13:44:42",1694300
76500,-1100,100,"sd","13:44:42",1694200
76500,-1100,300,"sd","13:44:42",1694100
76500,-1100,3300,"sd","13:44:42",1693800
76500,-1100,100,"sd","13:44:42",1690500
76500,-1100,300,"sd","13:44:42",1690400
76500,-1100,100,"sd","13:44:42",1690100
76500,-1100,100,"sd","13:44:42",1690000
76600,-1000,300,"sd","13:44:42",1689900
76500,-1100,5000,"sd","13:44:42",1689600
76600,-1000,100,"sd","13:44:42",1684600
76500,-1100,200,"sd","13:44:42",1684500
76600,-1000,1000,"sd","13:44:42",1684300
76500,-1100,100,"sd","13:44:42",1683300
76600,-1000,400,"sd","13:44:42",1683200
76600,-1000,100,"sd","13:44:42",1682800
76600,-1000,600,"sd","13:44:42",1682700
76600,-1000,100,"sd","13:44:42",1682100
76600,-1000,300,"sd","13:44:42",1682000
76600,-1000,300,"sd","13:44:42",1681700
76600,-1000,500,"sd","13:44:42",1681400
76600,-1000,800,"sd","13:44:42",1680900
76600,-1000,100,"sd","13:44:36",1680100
76600,-1000,200,"sd","13:44:32",1680000
76600,-1000,200,"sd","13:44:05",1679800
76600,-1000,100,"sd","13:44:00",1679600
76600,-1000,300,"sd","13:43:54",1679500
76600,-1000,200,"sd","13:43:38",1679200
76600,-1000,1200,"sd","13:43:38",1679000
76700,-900,100,"bu","13:43:37",1677800
76600,-1000,1900,"sd","13:43:32",1677700
76600,-1000,100,"sd","13:43:32",1675800
76600,-1000,100,"sd","13:43:24",1675700
76700,-900,500,"bu","13:43:11",1675600
76600,-1000,100,"sd","13:43:11",1675100
76700,-900,500,"bu","13:43:11",1675000
76600,-1000,100,"sd","13:43:11",1674500
76700,-900,1400,"bu","13:42:56",1674400
76700,-900,100,"bu","13:42:56",1673000
76600,-1000,100,"sd","13:42:48",1672900
76600,-1000,200,"sd","13:42:44",1672800
76600,-1000,300,"sd","13:42:27",1672600
76600,-1000,300,"sd","13:42:24",1672300
76600,-1000,700,"sd","13:42:24",1672000
76600,-1000,800,"sd","13:42:24",1671300
76600,-1000,1000,"sd","13:42:24",1670500
76600,-1000,200,"sd","13:42:17",1669500
76600,-1000,100,"sd","13:42:12",1669300
76600,-1000,1200,"sd","13:42:02",1669200
76600,-1000,700,"sd","13:42:01",1668000
76600,-1000,1000,"sd","13:42:01",1667300
76600,-1000,1100,"sd","13:42:01",1666300
76600,-1000,200,"sd","13:41:50",1665200
76600,-1000,800,"sd","13:41:47",1665000
76600,-1000,100,"sd","13:41:37",1664200
76600,-1000,200,"sd","13:41:23",1664100
76600,-1000,100,"sd","13:41:14",1663900
76600,-1000,100,"sd","13:41:07",1663800
76600,-1000,100,"sd","13:41:00",1663700
76600,-1000,300,"sd","13:40:57",1663600
76600,-1000,200,"sd","13:40:56",1663300
76700,-900,300,"bu","13:40:55",1663100
76600,-1000,100,"sd","13:40:29",1662800
76600,-1000,100,"sd","13:40:29",1662700
76600,-1000,100,"sd","13:40:29",1662600
76600,-1000,100,"sd","13:40:24",1662500
76600,-1000,200,"sd","13:40:02",1662400
76700,-900,100,"bu","13:39:55",1662200
76600,-1000,300,"sd","13:39:29",1662100
76600,-1000,100,"bu","13:39:26",1661800
76600,-1000,200,"bu","13:39:26",1661700
76500,-1100,100,"sd","13:39:17",1661500
76600,-1000,100,"bu","13:39:13",1661400
76500,-1100,100,"sd","13:39:07",1661300
76500,-1100,200,"sd","13:39:04",1661200
76500,-1100,100,"sd","13:38:37",1661000
76500,-1100,200,"sd","13:38:37",1660900
76500,-1100,100,"sd","13:38:30",1660700
76600,-1000,200,"bu","13:38:28",1660600
76500,-1100,200,"sd","13:38:10",1660400
76500,-1100,3300,"sd","13:37:25",1660200
76500,-1100,100,"sd","13:37:25",1656900
76600,-1000,3200,"sd","13:37:25",1656800
76500,-1100,2000,"sd","13:37:25",1653600
76500,-1100,100,"sd","13:37:25",1651600
76600,-1000,1000,"sd","13:37:25",1651500
76500,-1100,500,"sd","13:37:25",1650500
76600,-1000,800,"sd","13:37:25",1650000
76500,-1100,500,"sd","13:37:25",1649200
76600,-1000,3300,"sd","13:37:25",1648700
76600,-1000,800,"sd","13:37:25",1645400
76600,-1000,1000,"sd","13:37:25",1644600
76600,-1000,3200,"sd","13:37:25",1643600
76600,-1000,3300,"sd","13:37:25",1640400
76600,-1000,200,"sd","13:37:25",1637100
76700,-900,6700,"sd","13:37:25",1636900
76700,-900,200,"bu","13:37:22",1630200
76700,-900,100,"bu","13:37:22",1630000
76700,-900,1000,"bu","13:37:22",1629900
76700,-900,500,"bu","13:37:22",1628900
76700,-900,1500,"bu","13:37:22",1628400
76600,-1000,200,"sd","13:37:12",1626900
76600,-1000,100,"sd","13:37:12",1626700
76600,-1000,100,"sd","13:37:11",1626600
76500,-1100,4500,"sd","13:37:04",1626500
76500,-1100,100,"sd","13:37:04",1622000
76500,-1100,1000,"sd","13:37:04",1621900
76500,-1100,2900,"sd","13:37:04",1620900
76600,-1000,2000,"sd","13:37:04",1618000
76600,-1000,200,"sd","13:37:03",1616000
76600,-1000,100,"sd","13:37:03",1615800
76600,-1000,1000,"sd","13:37:03",1615700
76600,-1000,2000,"sd","13:37:03",1614700
76600,-1000,6200,"sd","13:37:03",1612700
76600,-1000,800,"sd","13:36:47",1606500
76600,-1000,200,"sd","13:36:46",1605700
76700,-900,1300,"bu","13:36:43",1605500
76700,-900,200,"bu","13:36:43",1604200
76600,-1000,100,"sd","13:36:34",1604000
76600,-1000,300,"sd","13:36:33",1603900
76600,-1000,200,"sd","13:36:18",1603600
76700,-900,100,"bu","13:36:17",1603400
76600,-1000,100,"sd","13:35:58",1603300
76600,-1000,1000,"sd","13:35:52",1603200
76600,-1000,100,"sd","13:35:51",1602200
76600,-1000,100,"sd","13:35:51",1602100
76700,-900,100,"bu","13:35:27",1602000
76700,-900,100,"sd","13:35:26",1601900
76700,-900,600,"sd","13:35:26",1601800
76700,-900,300,"sd","13:35:24",1601200
76800,-800,100,"bu","13:35:06",1600900
76800,-800,100,"sd","13:34:45",1600800
76800,-800,100,"bu","13:34:44",1600700
76800,-800,200,"bu","13:34:44",1600600
76800,-800,300,"bu","13:34:44",1600400
76800,-800,600,"bu","13:34:44",1600100
76800,-800,500,"bu","13:34:44",1599500
76800,-800,1000,"bu","13:34:44",1599000
76700,-900,1000,"sd","13:34:33",1598000
76700,-900,1000,"sd","13:34:08",1597000
76700,-900,1300,"bu","13:34:06",1596000
76700,-900,800,"bu","13:33:59",1594700
76700,-900,500,"bu","13:33:59",1593900
76700,-900,600,"bu","13:33:59",1593400
76500,-1100,100,"bu","13:33:57",1592800
76500,-1100,200,"bu","13:33:57",1592700
76500,-1100,1000,"bu","13:33:57",1592500
76400,-1200,100,"sd","13:33:56",1591500
76400,-1200,200,"sd","13:33:53",1591400
76500,-1100,700,"bu","13:33:51",1591200
76500,-1100,300,"bu","13:33:51",1590500
76500,-1100,1600,"bu","13:33:43",1590200
76500,-1100,1100,"bu","13:33:43",1588600
76500,-1100,500,"bu","13:33:43",1587500
76500,-1100,1000,"bu","13:33:43",1587000
76500,-1100,1300,"bu","13:33:40",1586000
76500,-1100,200,"bu","13:33:40",1584700
76500,-1100,400,"bu","13:33:40",1584500
76500,-1100,600,"bu","13:33:34",1584100
76500,-1100,600,"bu","13:33:34",1583500
76500,-1100,1200,"bu","13:33:34",1582900
76500,-1100,1600,"bu","13:33:33",1581700
76500,-1100,1000,"bu","13:33:33",1580100
76500,-1100,100,"bu","13:33:33",1579100
76400,-1200,300,"sd","13:33:33",1579000
76400,-1200,200,"sd","13:33:26",1578700
76500,-1100,3200,"bu","13:33:23",1578500
76400,-1200,100,"sd","13:33:21",1575300
76500,-1100,1900,"bu","13:33:18",1575200
76400,-1200,1000,"sd","13:33:15",1573300
76400,-1200,100,"sd","13:33:10",1572300
76400,-1200,100,"sd","13:33:10",1572200
76400,-1200,300,"sd","13:33:10",1572100
76400,-1200,700,"sd","13:33:10",1571800
76400,-1200,200,"sd","13:33:00",1571100
76400,-1200,1000,"sd","13:32:49",1570900
76400,-1200,100,"sd","13:32:45",1569900
76400,-1200,200,"sd","13:32:32",1569800
76400,-1200,1100,"sd","13:32:22",1569600
76400,-1200,300,"sd","13:32:06",1568500
76400,-1200,1000,"sd","13:31:57",1568200
76400,-1200,200,"sd","13:31:55",1567200
76400,-1200,700,"sd","13:31:45",1567000
76400,-1200,200,"sd","13:31:44",1566300
76400,-1200,100,"sd","13:31:44",1566100
76400,-1200,700,"sd","13:31:44",1566000
76400,-1200,1000,"bu","13:31:44",1565300
76400,-1200,300,"bu","13:31:44",1564300
76400,-1200,500,"bu","13:31:44",1564000
76300,-1300,300,"sd","13:31:34",1563500
76300,-1300,1000,"sd","13:31:29",1563200
76300,-1300,100,"sd","13:31:26",1562200
76400,-1200,300,"bu","13:31:24",1562100
76400,-1200,100,"bu","13:31:21",1561800
76300,-1300,200,"sd","13:31:07",1561700
76500,-1100,400,"bu","13:31:04",1561500
76400,-1200,1000,"bu","13:31:04",1561100
76400,-1200,100,"bu","13:31:04",1560100
76400,-1200,100,"sd","13:30:59",1560000
76400,-1200,100,"sd","13:30:59",1559900
76400,-1200,600,"sd","13:30:57",1559800
76400,-1200,2200,"sd","13:30:57",1559200
76400,-1200,1000,"sd","13:30:55",1557000
76400,-1200,1000,"sd","13:30:52",1556000
76400,-1200,100,"sd","13:30:49",1555000
76400,-1200,700,"sd","13:30:45",1554900
76400,-1200,1000,"sd","13:30:45",1554200
76400,-1200,300,"sd","13:30:44",1553200
76400,-1200,600,"sd","13:30:44",1552900
76400,-1200,100,"sd","13:30:40",1552300
76400,-1200,100,"sd","13:30:40",1552200
76400,-1200,100,"sd","13:30:40",1552100
76400,-1200,200,"sd","13:30:39",1552000
76400,-1200,100,"sd","13:30:38",1551800
76400,-1200,900,"sd","13:30:38",1551700
76400,-1200,2000,"sd","13:30:37",1550800
76400,-1200,100,"sd","13:30:21",1548800
76400,-1200,100,"sd","13:30:13",1548700
76400,-1200,100,"sd","13:30:12",1548600
76400,-1200,100,"sd","13:30:12",1548500
76400,-1200,900,"sd","13:30:12",1548400
76400,-1200,100,"sd","13:30:12",1547500
76400,-1200,100,"sd","13:30:01",1547400
76400,-1200,200,"sd","13:29:45",1547300
76500,-1100,1000,"bu","13:29:42",1547100
76400,-1200,100,"sd","13:29:37",1546100
76400,-1200,200,"sd","13:29:19",1546000
76400,-1200,300,"sd","13:29:18",1545800
76400,-1200,100,"sd","13:29:18",1545500
76400,-1200,200,"sd","13:29:18",1545400
76400,-1200,400,"sd","13:29:18",1545200
76400,-1200,300,"sd","13:29:13",1544800
76400,-1200,100,"sd","13:29:02",1544500
76400,-1200,100,"sd","13:29:00",1544400
76500,-1100,100,"bu","13:28:58",1544300
76400,-1200,200,"sd","13:28:53",1544200
76400,-1200,100,"sd","13:28:53",1544000
76400,-1200,100,"sd","13:28:53",1543900
76400,-1200,100,"sd","13:28:53",1543800
76400,-1200,500,"sd","13:28:53",1543700
76400,-1200,200,"sd","13:28:52",1543200
76400,-1200,100,"sd","13:28:41",1543000
76500,-1100,500,"bu","13:28:40",1542900
76500,-1100,100,"bu","13:28:39",1542400
76400,-1200,200,"sd","13:28:27",1542300
76400,-1200,100,"sd","13:28:27",1542100
76400,-1200,700,"sd","13:28:27",1542000
76400,-1200,100,"sd","13:28:26",1541300
76400,-1200,200,"sd","13:28:24",1541200
76400,-1200,100,"sd","13:28:20",1541000
76400,-1200,400,"sd","13:28:08",1540900
76400,-1200,200,"sd","13:28:08",1540500
76400,-1200,800,"sd","13:28:01",1540300
76400,-1200,100,"sd","13:28:01",1539500
76400,-1200,100,"sd","13:28:01",1539400
76400,-1200,100,"sd","13:28:00",1539300
76400,-1200,200,"sd","13:27:57",1539200
76400,-1200,100,"sd","13:27:49",1539000
76400,-1200,600,"sd","13:27:48",1538900
76400,-1200,300,"sd","13:27:44",1538300
76400,-1200,1000,"sd","13:27:34",1538000
76400,-1200,300,"sd","13:27:30",1537000
76400,-1200,100,"sd","13:27:20",1536700
76400,-1200,100,"sd","13:27:13",1536600
76400,-1200,300,"sd","13:27:12",1536500
76400,-1200,1000,"sd","13:27:08",1536200
76400,-1200,200,"sd","13:27:04",1535200
76400,-1200,300,"sd","13:27:00",1535000
76400,-1200,2000,"sd","13:26:51",1534700
76400,-1200,800,"sd","13:26:43",1532700
76400,-1200,1000,"sd","13:26:43",1531900
76500,-1100,100,"bu","13:26:42",1530900
76400,-1200,500,"sd","13:26:42",1530800
76400,-1200,200,"sd","13:26:42",1530300
76400,-1200,400,"sd","13:26:42",1530100
76400,-1200,300,"sd","13:26:40",1529700
76400,-1200,1200,"sd","13:26:40",1529400
76400,-1200,100,"sd","13:26:37",1528200
76400,-1200,200,"sd","13:26:36",1528100
76500,-1100,3000,"sd","13:26:28",1527900
76500,-1100,1000,"sd","13:26:28",1524900
76500,-1100,200,"sd","13:26:28",1523900
76500,-1100,10000,"sd","13:26:28",1523700
76500,-1100,100,"sd","13:26:28",1513700
76500,-1100,6000,"sd","13:26:28",1513600
76500,-1100,2000,"sd","13:26:28",1507600
76500,-1100,300,"sd","13:26:28",1505600
76600,-1000,100,"sd","13:26:20",1505300
76600,-1000,700,"sd","13:26:20",1505200
76600,-1000,11000,"sd","13:26:19",1504500
76600,-1000,1000,"sd","13:26:19",1493500
76600,-1000,100,"sd","13:26:19",1492500
76600,-1000,200,"sd","13:26:19",1492400
76600,-1000,100,"sd","13:26:19",1492200
76600,-1000,1800,"sd","13:26:19",1492100
76600,-1000,100,"sd","13:26:19",1490300
76600,-1000,100,"sd","13:26:19",1490200
76700,-900,100,"sd","13:26:19",1490100
76700,-900,300,"sd","13:26:19",1490000
76700,-900,300,"sd","13:26:19",1489700
76700,-900,100,"sd","13:26:19",1489400
76700,-900,3200,"sd","13:26:19",1489300
76700,-900,1000,"sd","13:26:19",1486100
76700,-900,600,"sd","13:26:19",1485100
76700,-900,200,"sd","13:26:16",1484500
76700,-900,800,"sd","13:26:16",1484300
76700,-900,300,"sd","13:26:15",1483500
76700,-900,200,"sd","13:26:09",1483200
76700,-900,100,"sd","13:26:01",1483000
76700,-900,100,"sd","13:26:01",1482900
76700,-900,1000,"sd","13:25:50",1482800
76700,-900,300,"sd","13:25:42",1481800
76700,-900,400,"sd","13:25:41",1481500
76700,-900,100,"sd","13:25:40",1481100
76700,-900,100,"sd","13:25:40",1481000
76700,-900,100,"sd","13:25:40",1480900
76800,-800,1000,"sd","13:25:23",1480800
76800,-800,800,"sd","13:25:23",1479800
76800,-800,3200,"sd","13:25:23",1479000
76800,-800,1200,"sd","13:25:23",1475800
76800,-800,100,"sd","13:25:20",1474600
76800,-800,2000,"bu","13:25:03",1474500
76700,-900,100,"sd","13:25:00",1472500
76700,-900,100,"sd","13:25:00",1472400
76900,-700,100,"bu","13:24:57",1472300
76800,-800,1000,"bu","13:24:57",1472200
76800,-800,200,"bu","13:24:57",1471200
76800,-800,100,"bu","13:24:57",1471000
76800,-800,100,"bu","13:24:57",1470900
76800,-800,100,"bu","13:24:52",1470800
76800,-800,300,"bu","13:24:52",1470700
76700,-900,200,"sd","13:24:48",1470400
76700,-900,100,"sd","13:24:48",1470200
76700,-900,100,"sd","13:24:45",1470100
76700,-900,200,"sd","13:24:43",1470000
76700,-900,100,"sd","13:24:40",1469800
76800,-800,700,"bu","13:24:33",1469700
76800,-800,2700,"sd","13:24:27",1469000
76800,-800,100,"sd","13:24:20",1466300
76800,-800,200,"sd","13:24:15",1466200
76800,-800,100,"sd","13:24:09",1466000
76800,-800,1000,"sd","13:24:05",1465900
76800,-800,100,"sd","13:23:48",1464900
76800,-800,100,"sd","13:23:48",1464800
76800,-800,100,"sd","13:23:40",1464700
76800,-800,300,"sd","13:23:38",1464600
76800,-800,800,"sd","13:23:38",1464300
76800,-800,200,"sd","13:23:20",1463500
76800,-800,300,"sd","13:23:19",1463300
76800,-800,1000,"sd","13:23:12",1463000
76800,-800,1100,"bu","13:23:06",1462000
76800,-800,600,"bu","13:23:06",1460900
76800,-800,100,"bu","13:23:06",1460300
76800,-800,100,"bu","13:23:06",1460200
76800,-800,100,"bu","13:23:03",1460100
76800,-800,100,"bu","13:23:03",1460000
76800,-800,300,"bu","13:23:03",1459900
76700,-900,100,"sd","13:23:00",1459600
76700,-900,100,"sd","13:22:51",1459500
76700,-900,300,"sd","13:22:51",1459400
76700,-900,1000,"sd","13:22:46",1459100
76700,-900,200,"sd","13:22:23",1458100
76700,-900,1000,"sd","13:22:20",1457900
76700,-900,100,"sd","13:22:15",1456900
76700,-900,100,"sd","13:22:00",1456800
76700,-900,200,"sd","13:21:56",1456700
76700,-900,1000,"sd","13:21:54",1456500
76700,-900,300,"sd","13:21:51",1455500
76700,-900,600,"sd","13:21:43",1455200
76700,-900,200,"sd","13:21:43",1454600
76700,-900,100,"sd","13:21:40",1454400
76700,-900,100,"sd","13:21:40",1454300
76700,-900,200,"sd","13:21:29",1454200
76700,-900,400,"sd","13:21:27",1454000
76700,-900,600,"sd","13:21:27",1453600
76700,-900,100,"sd","13:21:20",1453000
76700,-900,100,"sd","13:21:19",1452900
76700,-900,100,"sd","13:21:15",1452800
76700,-900,300,"sd","13:21:02",1452700
76700,-900,800,"sd","13:21:01",1452400
76700,-900,300,"sd","13:21:01",1451600
76700,-900,500,"sd","13:20:40",1451300
76700,-900,200,"sd","13:20:40",1450800
76600,-1000,800,"sd","13:20:35",1450600
76700,-900,200,"sd","13:20:35",1449800
76600,-1000,200,"sd","13:20:19",1449600
76600,-1000,500,"sd","13:20:19",1449400
76600,-1000,600,"sd","13:20:19",1448900
76800,-800,1200,"sd","13:20:19",1448300
76800,-800,100,"bu","13:20:17",1447100
76800,-800,1000,"bu","13:20:17",1447000
76800,-800,1900,"bu","13:20:17",1446000
76800,-800,200,"bu","13:20:10",1444100
76800,-800,600,"bu","13:20:10",1443900
76800,-800,300,"bu","13:20:10",1443300
76800,-800,200,"bu","13:20:10",1443000
76800,-800,1500,"bu","13:20:10",1442800
76800,-800,400,"bu","13:20:07",1441300
76800,-800,300,"bu","13:20:07",1440900
76800,-800,2500,"bu","13:20:07",1440600
76700,-900,100,"sd","13:20:00",1438100
76800,-800,800,"bu","13:19:54",1438000
76700,-900,100,"bu","13:19:54",1437200
76700,-900,100,"bu","13:19:54",1437100
76700,-900,900,"bu","13:19:54",1437000
76600,-1000,1000,"sd","13:19:42",1436100
76600,-1000,200,"sd","13:19:40",1435100
76600,-1000,200,"sd","13:19:36",1434900
76700,-900,1000,"bu","13:19:32",1434700
76700,-900,900,"bu","13:19:32",1433700
76600,-1000,200,"bu","13:19:30",1432800
76600,-1000,200,"bu","13:19:30",1432600
76600,-1000,100,"bu","13:19:30",1432400
76600,-1000,300,"bu","13:19:30",1432300
76500,-1100,500,"bu","13:19:25",1432000
76500,-1100,100,"bu","13:19:23",1431500
76400,-1200,700,"sd","13:19:20",1431400
76500,-1100,400,"sd","13:19:15",1430700
76500,-1100,200,"bu","13:19:09",1430300
76500,-1100,300,"bu","13:19:09",1430100
76500,-1100,100,"bu","13:19:09",1429800
76500,-1100,300,"bu","13:19:09",1429700
76500,-1100,100,"bu","13:19:09",1429400
76500,-1100,400,"bu","13:19:09",1429300
76500,-1100,1000,"bu","13:19:09",1428900
76500,-1100,400,"bu","13:19:09",1427900
76500,-1100,9600,"bu","13:19:09",1427500
76500,-1100,1500,"bu","13:19:05",1417900
76400,-1200,200,"sd","13:19:00",1416400
76500,-1100,2800,"bu","13:18:50",1416200
76400,-1200,1000,"sd","13:18:50",1413400
76400,-1200,100,"bu","13:18:41",1412400
76400,-1200,100,"sd","13:18:40",1412300
76400,-1200,100,"sd","13:18:40",1412200
76400,-1200,2400,"bu","13:18:31",1412100
76400,-1200,200,"bu","13:18:31",1409700
76400,-1200,100,"bu","13:18:31",1409500
76300,-1300,200,"sd","13:18:29",1409400
76400,-1200,100,"bu","13:18:29",1409200
76300,-1300,1000,"sd","13:18:24",1409100
76300,-1300,100,"sd","13:18:00",1408100
76300,-1300,100,"sd","13:18:00",1408000
76300,-1300,100,"sd","13:18:00",1407900
76400,-1200,2000,"sd","13:17:59",1407800
76400,-1200,2800,"sd","13:17:59",1405800
76400,-1200,700,"sd","13:17:59",1403000
76400,-1200,100,"sd","13:17:58",1402300
76400,-1200,1000,"sd","13:17:58",1402200
76400,-1200,400,"sd","13:17:40",1401200
76400,-1200,100,"bu","13:17:36",1400800
76400,-1200,200,"bu","13:17:36",1400700
76400,-1200,1500,"bu","13:17:36",1400500
76400,-1200,1000,"bu","13:17:36",1399000
76400,-1200,500,"bu","13:17:36",1398000
76400,-1200,1000,"bu","13:17:36",1397500
76400,-1200,1800,"bu","13:17:36",1396500
76300,-1300,100,"sd","13:17:35",1394700
76300,-1300,100,"sd","13:17:34",1394600
76300,-1300,300,"sd","13:17:31",1394500
76300,-1300,700,"sd","13:17:31",1394200
76300,-1300,200,"sd","13:17:30",1393500
76300,-1300,100,"sd","13:17:26",1393300
76300,-1300,200,"sd","13:17:26",1393200
76300,-1300,100,"sd","13:17:20",1393000
76300,-1300,100,"sd","13:17:05",1392900
76300,-1300,900,"sd","13:17:05",1392800
76300,-1300,1000,"sd","13:17:04",1391900
76400,-1200,200,"bu","13:17:04",1390900
76400,-1200,200,"bu","13:17:04",1390700
76300,-1300,200,"sd","13:17:03",1390500
76300,-1300,100,"sd","13:17:00",1390300
76300,-1300,100,"sd","13:16:59",1390200
76300,-1300,100,"sd","13:16:45",1390100
76300,-1300,700,"sd","13:16:41",1390000
76300,-1300,100,"sd","13:16:40",1389300
76300,-1300,1000,"sd","13:16:39",1389200
76300,-1300,200,"sd","13:16:36",1388200
76300,-1300,100,"sd","13:16:23",1388000
76300,-1300,100,"sd","13:16:22",1387900
76300,-1300,600,"sd","13:16:13",1387800
76300,-1300,400,"sd","13:16:13",1387200
76300,-1300,200,"sd","13:16:09",1386800
76300,-1300,100,"sd","13:16:00",1386600
76300,-1300,100,"sd","13:15:58",1386500
76300,-1300,200,"sd","13:15:58",1386400
76300,-1300,200,"sd","13:15:47",1386200
76300,-1300,100,"sd","13:15:47",1386000
76300,-1300,100,"sd","13:15:47",1385900
76300,-1300,100,"sd","13:15:47",1385800
76300,-1300,100,"sd","13:15:47",1385700
76300,-1300,500,"sd","13:15:47",1385600
76300,-1300,200,"sd","13:15:41",1385100
76300,-1300,200,"sd","13:15:40",1384900
76300,-1300,1100,"sd","13:15:24",1384700
76300,-1300,100,"sd","13:15:24",1383600
76300,-1300,800,"sd","13:15:24",1383500
76300,-1300,200,"sd","13:15:20",1382700
76300,-1300,900,"sd","13:15:20",1382500
76300,-1300,200,"sd","13:15:14",1381600
76300,-1300,100,"sd","13:15:11",1381400
76300,-1300,100,"sd","13:15:00",1381300
76300,-1300,300,"sd","13:14:59",1381200
76300,-1300,1000,"sd","13:14:53",1380900
76300,-1300,400,"sd","13:14:48",1379900
76300,-1300,100,"sd","13:14:47",1379500
76300,-1300,500,"sd","13:14:47",1379400
76300,-1300,200,"sd","13:14:47",1378900
76300,-1300,200,"sd","13:14:39",1378700
76300,-1300,100,"sd","13:14:35",1378500
76300,-1300,300,"sd","13:14:30",1378400
76400,-1200,100,"bu","13:14:28",1378100
76400,-1200,900,"bu","13:14:28",1378000
76300,-1300,1000,"sd","13:14:28",1377100
76300,-1300,100,"sd","13:14:25",1376100
76300,-1300,200,"sd","13:14:21",1376000
76300,-1300,200,"sd","13:14:20",1375800
76300,-1300,1100,"sd","13:14:16",1375600
76300,-1300,100,"sd","13:14:16",1374500
76400,-1200,500,"bu","13:14:14",1374400
76400,-1200,100,"bu","13:14:13",1373900
76300,-1300,700,"sd","13:14:08",1373800
76300,-1300,300,"sd","13:14:08",1373100
76300,-1300,700,"sd","13:14:02",1372800
76300,-1300,300,"sd","13:14:02",1372100
76300,-1300,100,"sd","13:13:59",1371800
76300,-1300,200,"sd","13:13:54",1371700
76300,-1300,100,"sd","13:13:39",1371500
76300,-1300,1000,"sd","13:13:35",1371400
76300,-1300,300,"sd","13:13:26",1370400
76400,-1200,100,"bu","13:13:24",1370100
76300,-1300,100,"sd","13:13:23",1370000
76300,-1300,100,"sd","13:13:20",1369900
76400,-1200,1500,"bu","13:13:12",1369800
76300,-1300,1000,"sd","13:13:09",1368300
76300,-1300,100,"sd","13:13:00",1367300
76300,-1300,100,"sd","13:13:00",1367200
76300,-1300,400,"sd","13:13:00",1367100
76400,-1200,3200,"sd","13:12:57",1366700
76400,-1200,800,"sd","13:12:57",1363500
76400,-1200,1100,"sd","13:12:57",1362700
76400,-1200,1400,"sd","13:12:57",1361600
76400,-1200,100,"sd","13:12:57",1360200
76400,-1200,100,"sd","13:12:57",1360100
76400,-1200,200,"sd","13:12:57",1360000
76400,-1200,100,"sd","13:12:47",1359800
76400,-1200,1000,"sd","13:12:43",1359700
76400,-1200,200,"sd","13:12:32",1358700
76400,-1200,100,"sd","13:12:19",1358500
76400,-1200,500,"sd","13:12:17",1358400
76400,-1200,600,"sd","13:12:17",1357900
76400,-1200,100,"sd","13:12:11",1357300
76400,-1200,300,"sd","13:12:05",1357200
76400,-1200,100,"sd","13:12:05",1356900
76400,-1200,100,"sd","13:12:00",1356800
76400,-1200,500,"sd","13:11:52",1356700
76400,-1200,1000,"sd","13:11:50",1356200
76400,-1200,900,"sd","13:11:39",1355200
76500,-1100,500,"bu","13:11:37",1354300
76500,-1100,700,"sd","13:11:31",1353800
76500,-1100,2000,"sd","13:11:31",1353100
76500,-1100,3300,"sd","13:11:31",1351100
76500,-1100,3000,"sd","13:11:31",1347800
76600,-1000,3200,"sd","13:11:31",1344800
76600,-1000,800,"sd","13:11:31",1341600
76600,-1000,1000,"sd","13:11:31",1340800
76600,-1000,1600,"sd","13:11:31",1339800
76600,-1000,1000,"sd","13:11:24",1338200
76600,-1000,200,"bu","13:11:05",1337200
76600,-1000,500,"bu","13:11:05",1337000
76500,-1100,200,"sd","13:10:59",1336500
76500,-1100,100,"sd","13:10:59",1336300
76500,-1100,900,"sd","13:10:58",1336200
76500,-1100,100,"sd","13:10:58",1335300
76500,-1100,100,"bu","13:10:50",1335200
76500,-1100,600,"bu","13:10:50",1335100
76500,-1100,400,"bu","13:10:45",1334500
76500,-1100,1000,"bu","13:10:45",1334100
76500,-1100,200,"bu","13:10:45",1333100
76500,-1100,1200,"bu","13:10:45",1332900
76500,-1100,100,"bu","13:10:42",1331700
76400,-1200,600,"sd","13:10:41",1331600
76400,-1200,1000,"sd","13:10:40",1331000
76500,-1100,400,"bu","13:10:30",1330000
76500,-1100,100,"sd","13:10:27",1329600
76500,-1100,200,"sd","13:10:27",1329500
76500,-1100,700,"sd","13:10:27",1329300
76500,-1100,100,"sd","13:10:27",1328600
76500,-1100,100,"sd","13:10:27",1328500
76500,-1100,100,"sd","13:10:27",1328400
76500,-1100,5000,"sd","13:10:27",1328300
76600,-1000,1800,"sd","13:10:27",1323300
76500,-1100,100,"sd","13:10:27",1321500
76500,-1100,100,"sd","13:10:27",1321400
76500,-1100,1000,"sd","13:10:27",1321300
76500,-1100,800,"sd","13:10:27",1320300
76500,-1100,3200,"sd","13:10:27",1319500
76500,-1100,3300,"sd","13:10:27",1316300
76500,-1100,700,"sd","13:10:27",1313000
76600,-1000,1000,"sd","13:10:27",1312300
76600,-1000,400,"sd","13:10:19",1311300
76600,-1000,200,"sd","13:10:13",1310900
76600,-1000,100,"bu","13:10:11",1310700
76600,-1000,100,"bu","13:10:11",1310600
76600,-1000,5000,"bu","13:10:10",1310500
76600,-1000,300,"bu","13:10:10",1305500
76600,-1000,200,"bu","13:10:10",1305200
76600,-1000,900,"bu","13:10:10",1305000
76500,-1100,1000,"sd","13:10:06",1304100
76500,-1100,200,"sd","13:10:03",1303100
76600,-1000,200,"sd","13:09:38",1302900
76600,-1000,300,"sd","13:09:36",1302700
76500,-1100,100,"sd","13:09:19",1302400
76500,-1100,1000,"sd","13:09:12",1302300
76500,-1100,200,"sd","13:09:09",1301300
76600,-1000,100,"bu","13:09:03",1301100
76600,-1000,100,"bu","13:09:03",1301000
76500,-1100,100,"sd","13:08:59",1300900
76600,-1000,100,"bu","13:08:55",1300800
76500,-1100,100,"sd","13:08:54",1300700
76600,-1000,800,"sd","13:08:50",1300600
76600,-1000,200,"sd","13:08:46",1299800
76600,-1000,100,"sd","13:08:46",1299600
76600,-1000,100,"sd","13:08:46",1299500
76600,-1000,600,"sd","13:08:46",1299400
76600,-1000,300,"sd","13:08:42",1298800
76600,-1000,100,"sd","13:08:39",1298500
76600,-1000,300,"sd","13:08:37",1298400
76600,-1000,600,"sd","13:08:22",1298100
76600,-1000,100,"sd","13:08:21",1297500
76600,-1000,100,"sd","13:08:21",1297400
76600,-1000,800,"sd","13:08:21",1297300
76600,-1000,100,"sd","13:08:19",1296500
76600,-1000,100,"sd","13:08:18",1296400
76600,-1000,200,"sd","13:08:15",1296300
76700,-900,100,"bu","13:08:09",1296100
76700,-900,100,"bu","13:07:55",1296000
76700,-900,100,"sd","13:07:50",1295900
76700,-900,100,"sd","13:07:41",1295800
76700,-900,800,"bu","13:07:36",1295700
76700,-900,200,"sd","13:07:28",1294900
76700,-900,200,"sd","13:07:21",1294700
76700,-900,100,"sd","13:07:19",1294500
76700,-900,300,"sd","13:07:09",1294400
76700,-900,100,"sd","13:07:05",1294100
76700,-900,1000,"sd","13:07:02",1294000
76700,-900,100,"sd","13:06:59",1293000
76700,-900,200,"sd","13:06:54",1292900
76800,-800,1500,"bu","13:06:50",1292700
76700,-900,200,"sd","13:06:39",1291200
76700,-900,400,"sd","13:06:39",1291000
76700,-900,400,"sd","13:06:39",1290600
76700,-900,1100,"sd","13:06:36",1290200
76700,-900,1000,"sd","13:06:21",1289100
76700,-900,300,"sd","13:06:19",1288100
76700,-900,100,"sd","13:06:19",1287800
76700,-900,200,"bu","13:06:16",1287700
76700,-900,100,"bu","13:06:16",1287500
76700,-900,400,"bu","13:06:16",1287400
76700,-900,2000,"bu","13:06:16",1287000
76700,-900,600,"bu","13:06:16",1285000
76700,-900,2200,"bu","13:06:16",1284400
76600,-1000,1100,"sd","13:06:10",1282200
76600,-1000,100,"sd","13:05:59",1281100
76600,-1000,100,"sd","13:05:59",1281000
76600,-1000,200,"sd","13:05:56",1280900
76600,-1000,100,"sd","13:05:48",1280700
76600,-1000,1000,"sd","13:05:46",1280600
76600,-1000,500,"sd","13:05:46",1279600
76600,-1000,500,"sd","13:05:43",1279100
76600,-1000,600,"sd","13:05:43",1278600
76600,-1000,300,"sd","13:05:41",1278000
76600,-1000,100,"sd","13:05:19",1277700
76700,-900,2800,"bu","13:05:02",1277600
76600,-1000,500,"sd","13:04:59",1274800
76600,-1000,200,"bu","13:04:58",1274300
76600,-1000,100,"bu","13:04:58",1274100
76600,-1000,200,"bu","13:04:58",1274000
76600,-1000,800,"bu","13:04:58",1273800
76600,-1000,3200,"bu","13:04:58",1273000
76600,-1000,2000,"bu","13:04:58",1269800
76600,-1000,500,"bu","13:04:58",1267800
76600,-1000,800,"bu","13:04:58",1267300
76500,-1100,300,"sd","13:04:57",1266500
76500,-1100,1000,"sd","13:04:51",1266200
76500,-1100,100,"sd","13:04:39",1265200
76500,-1100,100,"sd","13:04:31",1265100
76500,-1100,200,"sd","13:04:30",1265000
76500,-1100,1000,"sd","13:04:27",1264800
76500,-1100,100,"sd","13:04:26",1263800
76500,-1100,1000,"sd","13:04:25",1263700
76500,-1100,100,"sd","13:04:19",1262700
76500,-1100,300,"sd","13:04:14",1262600
76500,-1100,500,"sd","13:04:04",1262300
76500,-1100,200,"sd","13:04:03",1261800
76500,-1100,200,"sd","13:03:59",1261600
76500,-1100,200,"sd","13:03:58",1261400
76500,-1100,800,"sd","13:03:58",1261200
76500,-1100,3400,"sd","13:03:57",1260400
76500,-1100,600,"sd","13:03:57",1257000
76500,-1100,100,"sd","13:03:53",1256400
76500,-1100,100,"sd","13:03:39",1256300
76500,-1100,500,"sd","13:03:39",1256200
76500,-1100,300,"sd","13:03:38",1255700
76500,-1100,200,"sd","13:03:32",1255400
76500,-1100,800,"sd","13:03:32",1255200
76500,-1100,1000,"bu","13:03:29",1254400
76500,-1100,1400,"bu","13:03:29",1253400
76500,-1100,3300,"bu","13:03:29",1252000
76500,-1100,300,"sd","13:03:24",1248700
76500,-1100,100,"bu","13:03:24",1248400
76500,-1100,100,"bu","13:03:24",1248300
76500,-1100,100,"bu","13:03:24",1248200
76500,-1100,600,"bu","13:03:24",1248100
76500,-1100,1600,"bu","13:03:24",1247500
76500,-1100,300,"bu","13:03:24",1245900
76400,-1200,100,"sd","13:03:20",1245600
76400,-1200,500,"sd","13:03:19",1245500
76400,-1200,300,"sd","13:03:17",1245000
76500,-1100,1400,"bu","13:03:16",1244700
76500,-1100,700,"bu","13:03:13",1243300
76500,-1100,2100,"bu","13:03:13",1242600
76500,-1100,1900,"bu","13:03:12",1240500
76500,-1100,600,"bu","13:03:12",1238600
76500,-1100,100,"bu","13:03:12",1238000
76400,-1200,100,"bu","13:03:09",1237900
76300,-1300,600,"sd","13:03:07",1237800
76300,-1300,200,"sd","13:03:07",1237200
76400,-1200,900,"sd","13:03:06",1237000
76400,-1200,100,"bu","13:03:03",1236100
76400,-1200,100,"bu","13:03:01",1236000
76400,-1200,200,"bu","13:03:01",1235900
76300,-1300,600,"sd","13:02:59",1235700
76400,-1200,100,"bu","13:02:58",1235100
76400,-1200,200,"bu","13:02:58",1235000
76400,-1200,1000,"bu","13:02:58",1234800
76400,-1200,1500,"bu","13:02:58",1233800
76400,-1200,400,"bu","13:02:50",1232300
76400,-1200,100,"bu","13:02:50",1231900
76400,-1200,2700,"bu","13:02:50",1231800
76400,-1200,2300,"bu","13:02:47",1229100
76400,-1200,500,"bu","13:02:47",1226800
76300,-1300,500,"sd","13:02:41",1226300
76300,-1300,1500,"sd","13:02:41",1225800
76200,-1400,700,"sd","13:02:39",1224300
76200,-1400,300,"sd","13:02:39",1223600
76200,-1400,300,"sd","13:02:39",1223300
76300,-1300,1700,"bu","13:02:38",1223000
76300,-1300,300,"sd","13:02:34",1221300
76300,-1300,2500,"sd","13:02:34",1221000
76400,-1200,500,"bu","13:02:32",1218500
76400,-1200,100,"bu","13:02:32",1218000
76300,-1300,100,"bu","13:02:23",1217900
76300,-1300,200,"bu","13:02:23",1217800
76300,-1300,100,"bu","13:02:21",1217600
76200,-1400,200,"sd","13:02:19",1217500
76200,-1400,2500,"sd","13:02:16",1217300
76200,-1400,2500,"sd","13:02:16",1214800
76200,-1400,100,"sd","13:01:59",1212300
76300,-1300,100,"bu","13:01:46",1212200
76300,-1300,600,"bu","13:01:41",1212100
76300,-1300,200,"bu","13:01:41",1211500
76300,-1300,200,"bu","13:01:41",1211300
76200,-1400,100,"sd","13:01:39",1211100
76300,-1300,100,"bu","13:01:31",1211000
76300,-1300,100,"bu","13:01:31",1210900
76300,-1300,400,"bu","13:01:31",1210800
76300,-1300,100,"bu","13:01:31",1210400
76200,-1400,200,"sd","13:01:31",1210300
76300,-1300,900,"bu","13:01:30",1210100
76300,-1300,600,"bu","13:01:30",1209200
76300,-1300,100,"bu","13:01:24",1208600
76300,-1300,100,"bu","13:01:01",1208500
76200,-1400,1000,"sd","13:01:00",1208400
76200,-1400,300,"sd","13:01:00",1207400
76300,-1300,100,"sd","13:00:43",1207100
76300,-1300,100,"sd","13:00:43",1207000
76300,-1300,500,"sd","13:00:43",1206900
76300,-1300,1000,"sd","13:00:43",1206400
76300,-1300,500,"sd","13:00:43",1205400
76300,-1300,100,"sd","13:00:43",1204900
76300,-1300,100,"sd","13:00:43",1204800
76300,-1300,200,"sd","13:00:37",1204700
76400,-1200,100,"bu","13:00:34",1204500
76300,-1300,4400,"sd","13:00:29",1204400
76300,-1300,3400,"sd","13:00:23",1200000
76300,-1300,300,"sd","13:00:18",1196600
76300,-1300,100,"sd","13:00:16",1196300
76300,-1300,600,"sd","13:00:10",1196200
76300,-1300,2700,"sd","13:00:06",1195600
76300,-1300,200,"sd","13:00:05",1192900
76300,-1300,200,"bu","13:00:05",1192700
76300,-1300,400,"bu","13:00:04",1192500
76300,-1300,100,"bu","13:00:04",1192100
76300,-1300,500,"bu","13:00:04",1192000
76300,-1300,100,"bu","13:00:04",1191500
76300,-1300,600,"bu","13:00:03",1191400
76300,-1300,400,"bu","13:00:03",1190800
76300,-1300,100,"sd","13:00:02",1190400
76300,-1300,100,"sd","13:00:02",1190300
76300,-1300,500,"sd","13:00:02",1190200
76300,-1300,800,"sd","13:00:02",1189700
76400,-1200,500,"bu","13:00:01",1188900
76300,-1300,800,"sd","13:00:00",1188400
76300,-1300,300,"sd","11:29:46",1187600
76300,-1300,100,"sd","11:29:40",1187300
76300,-1300,500,"bu","11:29:33",1187200
76300,-1300,200,"bu","11:29:33",1186700
76300,-1300,100,"bu","11:29:33",1186500
76300,-1300,300,"bu","11:29:33",1186400
76300,-1300,100,"bu","11:29:33",1186100
76300,-1300,200,"bu","11:29:33",1186000
76300,-1300,100,"bu","11:29:25",1185800
76300,-1300,500,"bu","11:29:22",1185700
76300,-1300,100,"bu","11:29:10",1185200
76300,-1300,1100,"bu","11:28:49",1185100
76100,-1500,200,"sd","11:28:31",1184000
76100,-1500,100,"sd","11:28:29",1183800
76100,-1500,100,"sd","11:28:29",1183700
76100,-1500,100,"sd","11:28:24",1183600
76100,-1500,100,"sd","11:28:24",1183500
76100,-1500,300,"sd","11:28:24",1183400
76100,-1500,100,"sd","11:28:24",1183100
76300,-1300,600,"bu","11:28:23",1183000
76300,-1300,500,"bu","11:28:23",1182400
76200,-1400,100,"bu","11:28:22",1181900
76300,-1300,600,"bu","11:28:15",1181800
76200,-1400,400,"bu","11:28:15",1181200
76200,-1400,100,"sd","11:28:12",1180800
76200,-1400,400,"sd","11:28:09",1180700
76200,-1400,1000,"sd","11:28:09",1180300
76200,-1400,100,"sd","11:28:09",1179300
76200,-1400,100,"sd","11:28:09",1179200
76200,-1400,100,"sd","11:28:05",1179100
76200,-1400,500,"sd","11:28:05",1179000
76200,-1400,200,"sd","11:28:04",1178500
76200,-1400,1300,"sd","11:28:03",1178300
76200,-1400,100,"sd","11:28:03",1177000
76200,-1400,600,"sd","11:28:03",1176900
76200,-1400,400,"sd","11:28:01",1176300
76200,-1400,600,"sd","11:28:01",1175900
76200,-1400,600,"sd","11:27:58",1175300
76200,-1400,2000,"sd","11:27:57",1174700
76200,-1400,100,"sd","11:27:53",1172700
76200,-1400,2800,"sd","11:27:52",1172600
76200,-1400,400,"sd","11:27:49",1169800
76200,-1400,20000,"sd","11:27:49",1169400
76200,-1400,2800,"sd","11:27:46",1149400
76300,-1300,100,"bu","11:27:45",1146600
76300,-1300,100,"bu","11:27:42",1146500
76200,-1400,200,"sd","11:27:37",1146400
76200,-1400,100,"sd","11:27:35",1146200
76200,-1400,2800,"sd","11:27:34",1146100
76300,-1300,1700,"bu","11:27:32",1143300
76300,-1300,300,"bu","11:27:32",1141600
76300,-1300,800,"bu","11:27:32",1141300
76200,-1400,400,"sd","11:27:29",1140500
76200,-1400,3500,"sd","11:27:20",1140100
76200,-1400,500,"sd","11:27:20",1136600
76200,-1400,2800,"sd","11:27:18",1136100
76200,-1400,100,"sd","11:27:17",1133300
76200,-1400,200,"sd","11:27:10",1133200
76200,-1400,200,"sd","11:27:09",1133000
76200,-1400,1200,"sd","11:26:56",1132800
76200,-1400,1000,"sd","11:26:56",1131600
76200,-1400,600,"sd","11:26:56",1130600
76200,-1400,300,"sd","11:26:52",1130000
76200,-1400,400,"sd","11:26:49",1129700
76200,-1400,2800,"sd","11:26:48",1129300
76200,-1400,200,"sd","11:26:43",1126500
76200,-1400,2800,"sd","11:26:42",1126300
76200,-1400,100,"sd","11:26:41",1123500
76200,-1400,2800,"sd","11:26:36",1123400
76300,-1300,100,"bu","11:26:36",1120600
76300,-1300,100,"bu","11:26:35",1120500
76300,-1300,100,"bu","11:26:33",1120400
76300,-1300,100,"sd","11:26:29",1120300
76300,-1300,900,"sd","11:26:26",1120200
76300,-1300,100,"sd","11:26:26",1119300
76300,-1300,1000,"sd","11:26:26",1119200
76300,-1300,100,"sd","11:26:26",1118200
76300,-1300,1000,"sd","11:26:26",1118100
76300,-1300,100,"sd","11:26:26",1117100
76300,-1300,100,"sd","11:26:26",1117000
76300,-1300,200,"sd","11:26:26",1116900
76300,-1300,500,"sd","11:26:26",1116700
76400,-1200,100,"bu","11:26:23",1116200
76400,-1200,1000,"sd","11:26:19",1116100
76400,-1200,1000,"sd","11:26:19",1115100
76400,-1200,200,"sd","11:26:16",1114100
76500,-1100,100,"bu","11:26:11",1113900
76400,-1200,800,"sd","11:26:09",1113800
76400,-1200,100,"sd","11:26:09",1113000
76400,-1200,100,"sd","11:26:09",1112900
76400,-1200,100,"sd","11:26:09",1112800
76400,-1200,100,"sd","11:26:09",1112700
76400,-1200,1300,"sd","11:26:09",1112600
76400,-1200,700,"sd","11:26:05",1111300
76400,-1200,100,"sd","11:26:05",1110600
76400,-1200,200,"sd","11:26:05",1110500
76400,-1200,100,"sd","11:26:05",1110300
76500,-1100,100,"sd","11:25:59",1110200
76500,-1100,3000,"sd","11:25:59",1110100
76500,-1100,200,"sd","11:25:59",1107100
76500,-1100,200,"sd","11:25:59",1106900
76500,-1100,100,"sd","11:25:59",1106700
76500,-1100,100,"sd","11:25:59",1106600
76500,-1100,100,"sd","11:25:59",1106500
76500,-1100,1000,"sd","11:25:59",1106400
76500,-1100,200,"sd","11:25:59",1105400
76500,-1100,800,"sd","11:25:59",1105200
76500,-1100,100,"sd","11:25:59",1104400
76500,-1100,3200,"sd","11:25:59",1104300
76500,-1100,300,"sd","11:25:59",1101100
76500,-1100,500,"sd","11:25:59",1100800
76500,-1100,3300,"sd","11:25:59",1100300
76500,-1100,500,"sd","11:25:59",1097000
76500,-1100,100,"sd","11:25:59",1096500
76500,-1100,500,"sd","11:25:59",1096400
76500,-1100,100,"sd","11:25:59",1095900
76500,-1100,500,"sd","11:25:59",1095800
76500,-1100,2100,"sd","11:25:59",1095300
76500,-1100,200,"sd","11:25:59",1093200
76500,-1100,1000,"sd","11:25:59",1093000
76500,-1100,200,"sd","11:25:59",1092000
76500,-1100,100,"sd","11:25:59",1091800
76500,-1100,5000,"sd","11:25:59",1091700
76500,-1100,100,"sd","11:25:59",1086700
76500,-1100,16800,"sd","11:25:59",1086600
76500,-1100,400,"sd","11:25:59",1069800
76500,-1100,5000,"sd","11:25:59",1069400
76600,-1000,500,"bu","11:25:49",1064400
76500,-1100,200,"sd","11:25:49",1063900
76500,-1100,300,"sd","11:25:29",1063700
76500,-1100,100,"sd","11:25:29",1063400
76500,-1100,100,"sd","11:25:29",1063300
76500,-1100,300,"sd","11:25:24",1063200
76500,-1100,100,"sd","11:25:22",1062900
76500,-1100,100,"sd","11:25:22",1062800
76500,-1100,900,"sd","11:25:22",1062700
76500,-1100,700,"sd","11:25:22",1061800
76500,-1100,100,"sd","11:25:22",1061100
76500,-1100,100,"sd","11:25:22",1061000
76500,-1100,200,"sd","11:25:22",1060900
76500,-1100,100,"sd","11:25:22",1060700
76500,-1100,700,"sd","11:25:22",1060600
76500,-1100,2800,"sd","11:25:15",1059900
76500,-1100,400,"sd","11:25:09",1057100
76500,-1100,2800,"sd","11:25:08",1056700
76500,-1100,2800,"sd","11:25:01",1053900
76500,-1100,200,"sd","11:24:56",1051100
76600,-1000,100,"sd","11:24:52",1050900
76600,-1000,800,"sd","11:24:52",1050800
76600,-1000,600,"sd","11:24:52",1050000
76600,-1000,200,"sd","11:24:52",1049400
76600,-1000,100,"sd","11:24:52",1049200
76600,-1000,200,"sd","11:24:28",1049100
76600,-1000,100,"sd","11:24:17",1048900
76700,-900,100,"bu","11:24:15",1048800
76600,-1000,200,"sd","11:24:09",1048700
76600,-1000,2500,"sd","11:24:05",1048500
76600,-1000,100,"sd","11:24:05",1046000
76600,-1000,100,"sd","11:24:05",1045900
76600,-1000,100,"sd","11:24:05",1045800
76600,-1000,100,"sd","11:24:01",1045700
76600,-1000,100,"sd","11:24:01",1045600
76600,-1000,100,"sd","11:23:55",1045500
76600,-1000,200,"sd","11:23:55",1045400
76600,-1000,100,"sd","11:23:41",1045200
76600,-1000,200,"sd","11:23:34",1045100
76600,-1000,200,"sd","11:23:07",1044900
76600,-1000,100,"sd","11:23:05",1044700
76600,-1000,200,"sd","11:22:40",1044600
76600,-1000,200,"sd","11:22:29",1044400
76600,-1000,100,"sd","11:22:28",1044200
76600,-1000,300,"sd","11:22:27",1044100
76600,-1000,200,"sd","11:22:13",1043800
76600,-1000,200,"sd","11:22:13",1043600
76600,-1000,1200,"sd","11:22:13",1043400
76600,-1000,800,"sd","11:22:13",1042200
76600,-1000,600,"sd","11:22:13",1041400
76600,-1000,100,"sd","11:21:52",1040800
76600,-1000,200,"sd","11:21:49",1040700
76600,-1000,100,"sd","11:21:46",1040500
76600,-1000,200,"sd","11:21:46",1040400
76600,-1000,800,"sd","11:21:35",1040200
76600,-1000,2200,"sd","11:21:34",1039400
76600,-1000,600,"sd","11:21:34",1037200
76600,-1000,200,"sd","11:21:29",1036600
76700,-900,100,"sd","11:21:21",1036400
76700,-900,100,"sd","11:21:21",1036300
76700,-900,700,"sd","11:21:21",1036200
76700,-900,200,"sd","11:21:19",1035500
76700,-900,100,"sd","11:21:17",1035300
76700,-900,1000,"sd","11:21:12",1035200
76700,-900,500,"sd","11:21:11",1034200
76700,-900,300,"sd","11:20:59",1033700
76700,-900,200,"sd","11:20:52",1033400
76700,-900,100,"sd","11:20:50",1033200
76700,-900,100,"sd","11:20:41",1033100
76700,-900,300,"sd","11:20:39",1033000
76700,-900,100,"sd","11:20:29",1032700
76700,-900,200,"sd","11:20:25",1032600
76700,-900,400,"sd","11:20:16",1032400
76700,-900,100,"sd","11:20:16",1032000
76700,-900,100,"sd","11:20:04",1031900
76700,-900,200,"sd","11:19:58",1031800
76700,-900,300,"sd","11:19:31",1031600
76700,-900,200,"sd","11:19:31",1031300
76700,-900,100,"sd","11:19:09",1031100
76700,-900,300,"sd","11:19:09",1031000
76700,-900,2800,"bu","11:18:54",1030700
76700,-900,200,"bu","11:18:54",1027900
76700,-900,800,"bu","11:18:54",1027700
76700,-900,2000,"bu","11:18:54",1026900
76700,-900,400,"bu","11:18:54",1024900
76700,-900,800,"bu","11:18:54",1024500
76600,-1000,1000,"sd","11:18:50",1023700
76600,-1000,100,"sd","11:18:49",1022700
76600,-1000,400,"bu","11:18:48",1022600
76600,-1000,100,"bu","11:18:48",1022200
76600,-1000,600,"bu","11:18:48",1022100
76600,-1000,300,"bu","11:18:48",1021500
76500,-1100,100,"sd","11:18:46",1021200
76500,-1100,200,"sd","11:18:32",1021100
76500,-1100,100,"sd","11:18:32",1020900
76600,-1000,200,"sd","11:18:31",1020800
76600,-1000,300,"sd","11:18:31",1020600
76600,-1000,100,"sd","11:18:29",1020300
76600,-1000,100,"sd","11:18:26",1020200
76600,-1000,200,"sd","11:18:20",1020100
76600,-1000,200,"sd","11:18:20",1019900
76600,-1000,200,"sd","11:18:20",1019700
76600,-1000,500,"sd","11:18:19",1019500
76600,-1000,200,"sd","11:18:19",1019000
76600,-1000,300,"sd","11:18:19",1018800
76600,-1000,100,"sd","11:18:10",1018500
76600,-1000,100,"sd","11:18:09",1018400
76600,-1000,200,"sd","11:18:06",1018300
76600,-1000,100,"sd","11:18:03",1018100
76600,-1000,200,"sd","11:18:03",1018000
76600,-1000,300,"sd","11:17:50",1017800
76600,-1000,100,"sd","11:17:49",1017500
76600,-1000,500,"sd","11:17:49",1017400
76600,-1000,100,"sd","11:17:49",1016900
76600,-1000,100,"sd","11:17:49",1016800
76600,-1000,100,"sd","11:17:49",1016700
76600,-1000,300,"sd","11:17:43",1016600
76600,-1000,700,"sd","11:17:43",1016300
76600,-1000,200,"sd","11:17:39",1015600
76600,-1000,100,"sd","11:17:34",1015400
76600,-1000,100,"sd","11:17:29",1015300
76600,-1000,900,"sd","11:17:18",1015200
76600,-1000,200,"sd","11:17:18",1014300
76600,-1000,200,"sd","11:17:11",1014100
76600,-1000,100,"sd","11:16:58",1013900
76600,-1000,200,"sd","11:16:48",1013800
76600,-1000,1100,"sd","11:16:48",1013600
76600,-1000,200,"sd","11:16:45",1012500
76600,-1000,200,"sd","11:16:41",1012300
76600,-1000,1400,"sd","11:16:41",1012100
76600,-1000,500,"sd","11:16:41",1010700
76600,-1000,600,"sd","11:16:41",1010200
76600,-1000,100,"sd","11:16:41",1009600
76600,-1000,700,"sd","11:16:34",1009500
76600,-1000,300,"sd","11:16:31",1008800
76600,-1000,100,"sd","11:16:29",1008500
76600,-1000,100,"sd","11:16:22",1008400
76600,-1000,300,"sd","11:16:18",1008300
76600,-1000,1100,"sd","11:16:18",1008000
76600,-1000,100,"sd","11:16:09",1006900
76600,-1000,200,"sd","11:15:51",1006800
76600,-1000,1500,"sd","11:15:49",1006600
76600,-1000,300,"sd","11:15:48",1005100
76600,-1000,1100,"sd","11:15:47",1004800
76700,-900,600,"bu","11:15:47",1003700
76700,-900,400,"bu","11:15:47",1003100
76600,-1000,100,"sd","11:15:46",1002700
76600,-1000,2700,"sd","11:15:39",1002600
76600,-1000,100,"sd","11:15:39",999900
76600,-1000,100,"sd","11:15:29",999800
76700,-900,100,"bu","11:15:25",999700
76600,-1000,200,"sd","11:15:23",999600
76600,-1000,400,"sd","11:15:19",999400
76700,-900,100,"bu","11:15:17",999000
76600,-1000,1100,"sd","11:15:17",998900
76600,-1000,100,"sd","11:15:10",997800
76600,-1000,300,"sd","11:15:06",997700
76600,-1000,200,"sd","11:14:56",997400
76600,-1000,100,"sd","11:14:48",997200
76600,-1000,1100,"sd","11:14:47",997100
76600,-1000,100,"sd","11:14:34",996000
76600,-1000,200,"sd","11:14:30",995900
76600,-1000,1100,"sd","11:14:15",995700
76600,-1000,100,"sd","11:14:09",994600
76600,-1000,100,"sd","11:14:09",994500
76600,-1000,200,"sd","11:14:02",994400
76600,-1000,100,"sd","11:13:58",994200
76600,-1000,500,"sd","11:13:53",994100
76600,-1000,100,"sd","11:13:53",993600
76600,-1000,200,"sd","11:13:53",993500
76600,-1000,100,"sd","11:13:53",993300
76700,-900,100,"bu","11:13:48",993200
76700,-900,100,"bu","11:13:48",993100
76700,-900,100,"sd","11:13:45",993000
76700,-900,100,"sd","11:13:45",992900
76700,-900,200,"sd","11:13:45",992800
76700,-900,700,"sd","11:13:45",992600
76700,-900,300,"sd","11:13:38",991900
76700,-900,200,"sd","11:13:36",991600
76700,-900,200,"sd","11:13:28",991400
76700,-900,100,"sd","11:13:22",991200
76700,-900,100,"sd","11:13:17",991100
76700,-900,500,"sd","11:13:17",991000
76700,-900,300,"sd","11:13:17",990500
76700,-900,100,"sd","11:13:17",990200
76700,-900,900,"sd","11:13:17",990100
76700,-900,500,"sd","11:13:17",989200
76700,-900,200,"sd","11:13:17",988700
76700,-900,200,"sd","11:13:17",988500
76700,-900,1100,"sd","11:13:15",988300
76700,-900,200,"sd","11:13:09",987200
76700,-900,300,"sd","11:13:08",987000
76700,-900,1700,"sd","11:13:01",986700
76700,-900,1000,"sd","11:13:01",985000
76700,-900,100,"sd","11:13:01",984000
76700,-900,300,"sd","11:12:48",983900
76700,-900,100,"sd","11:12:47",983600
76700,-900,600,"sd","11:12:46",983500
76700,-900,400,"sd","11:12:46",982900
76700,-900,2800,"sd","11:12:45",982500
76700,-900,1000,"sd","11:12:44",979700
76700,-900,100,"sd","11:12:44",978700
76700,-900,200,"sd","11:12:41",978600
76700,-900,1000,"sd","11:12:36",978400
76800,-800,1000,"bu","11:12:29",977400
76700,-900,100,"sd","11:12:28",976400
76700,-900,200,"sd","11:12:14",976300
76700,-900,500,"sd","11:12:14",976100
76700,-900,400,"sd","11:12:14",975600
76700,-900,200,"sd","11:12:14",975200
76700,-900,100,"sd","11:12:10",975000
76700,-900,200,"sd","11:12:08",974900
76800,-800,100,"bu","11:12:07",974700
76800,-800,1300,"sd","11:12:04",974600
76800,-800,100,"sd","11:12:04",973300
76800,-800,500,"sd","11:12:04",973200
76800,-800,100,"sd","11:12:04",972700
76800,-800,2000,"sd","11:12:04",972600
76800,-800,100,"sd","11:12:04",970600
76800,-800,100,"sd","11:11:48",970500
76800,-800,100,"sd","11:11:48",970400
76800,-800,200,"sd","11:11:47",970300
76800,-800,1100,"sd","11:11:43",970100
76800,-800,100,"sd","11:11:34",969000
76800,-800,500,"sd","11:11:32",968900
76800,-800,300,"sd","11:11:32",968400
76800,-800,300,"sd","11:11:28",968100
76800,-800,100,"sd","11:11:21",967800
76900,-700,100,"sd","11:11:21",967700
76800,-800,300,"sd","11:11:21",967600
76900,-700,200,"sd","11:11:21",967300
76800,-800,300,"sd","11:11:21",967100
76800,-800,100,"sd","11:11:21",966800
76800,-800,100,"sd","11:11:21",966700
76800,-800,200,"sd","11:11:21",966600
76800,-800,100,"sd","11:11:21",966400
76800,-800,3000,"sd","11:11:21",966300
76800,-800,400,"sd","11:11:21",963300
76900,-700,100,"sd","11:11:21",962900
76900,-700,200,"sd","11:11:20",962800
76900,-700,1100,"sd","11:11:13",962600
76900,-700,100,"sd","11:10:58",961500
76900,-700,200,"sd","11:10:53",961400
76900,-700,100,"sd","11:10:48",961200
76900,-700,100,"sd","11:10:47",961100
76900,-700,200,"sd","11:10:47",961000
76900,-700,500,"sd","11:10:42",960800
76900,-700,300,"sd","11:10:42",960300
76900,-700,300,"sd","11:10:42",960000
76900,-700,100,"sd","11:10:28",959700
76900,-700,100,"sd","11:10:26",959600
76900,-700,100,"sd","11:10:26",959500
76900,-700,100,"sd","11:10:22",959400
76900,-700,300,"sd","11:10:12",959300
76900,-700,600,"sd","11:10:12",959000
76900,-700,200,"sd","11:10:12",958400
76900,-700,500,"sd","11:10:09",958200
76900,-700,100,"sd","11:10:08",957700
76900,-700,1000,"sd","11:10:07",957600
76900,-700,200,"sd","11:09:59",956600
76900,-700,1000,"sd","11:09:55",956400
76900,-700,100,"sd","11:09:48",955400
76900,-700,100,"sd","11:09:46",955300
76900,-700,1000,"sd","11:09:42",955200
76900,-700,100,"sd","11:09:42",954200
76900,-700,200,"sd","11:09:32",954100
76900,-700,100,"sd","11:09:28",953900
76900,-700,700,"sd","11:09:25",953800
76900,-700,300,"sd","11:09:25",953100
76900,-700,300,"sd","11:09:13",952800
76900,-700,1100,"sd","11:09:10",952500
76900,-700,100,"sd","11:09:10",951400
76900,-700,200,"sd","11:09:05",951300
76900,-700,100,"sd","11:08:48",951100
77000,-600,100,"bu","11:08:45",951000
76900,-700,1100,"sd","11:08:40",950900
76900,-700,200,"sd","11:08:38",949800
76900,-700,100,"sd","11:08:34",949600
76900,-700,100,"sd","11:08:28",949500
76900,-700,200,"sd","11:08:11",949400
76900,-700,400,"sd","11:08:10",949200
76900,-700,700,"sd","11:08:10",948800
76900,-700,100,"sd","11:07:58",948100
76900,-700,200,"sd","11:07:44",948000
76900,-700,300,"sd","11:07:42",947800
76900,-700,1100,"sd","11:07:40",947500
76900,-700,100,"sd","11:07:28",946400
76900,-700,100,"sd","11:07:22",946300
76900,-700,200,"sd","11:07:17",946200
76900,-700,500,"sd","11:07:08",946000
76900,-700,600,"sd","11:07:08",945500
76900,-700,200,"sd","11:06:50",944900
76900,-700,100,"sd","11:06:48",944700
76900,-700,100,"sd","11:06:46",944600
77000,-600,100,"bu","11:06:43",944500
77000,-600,200,"sd","11:06:31",944400
77000,-600,200,"sd","11:06:31",944200
77000,-600,400,"sd","11:06:31",944000
77000,-600,100,"sd","11:06:28",943600
77000,-600,200,"sd","11:06:23",943500
77000,-600,300,"sd","11:06:19",943300
77000,-600,100,"sd","11:06:10",943000
77000,-600,900,"sd","11:06:08",942900
77000,-600,100,"sd","11:06:08",942000
77000,-600,100,"sd","11:06:08",941900
77000,-600,300,"sd","11:05:56",941800
77000,-600,100,"sd","11:05:48",941500
77000,-600,300,"sd","11:05:38",941400
77000,-600,100,"sd","11:05:38",941100
77000,-600,700,"sd","11:05:38",941000
77000,-600,100,"sd","11:05:34",940300
77000,-600,200,"sd","11:05:30",940200
77000,-600,1100,"sd","11:05:07",940000
77000,-600,200,"sd","11:05:02",938900
77000,-600,100,"sd","11:04:58",938700
77100,-500,200,"sd","11:04:49",938600
77100,-500,100,"sd","11:04:48",938400
77100,-500,200,"sd","11:04:38",938300
77200,-400,100,"bu","11:04:23",938100
77100,-500,100,"sd","11:04:22",938000
77100,-500,200,"sd","11:04:12",937900
77100,-500,100,"sd","11:04:11",937700
77100,-500,600,"sd","11:04:06",937600
77100,-500,1100,"sd","11:04:05",937000
77100,-500,200,"sd","11:03:48",935900
77200,-400,1900,"bu","11:03:33",935700
77200,-400,300,"bu","11:03:31",933800
77200,-400,1000,"bu","11:03:31",933500
77100,-500,200,"bu","11:03:31",932500
77100,-500,100,"bu","11:03:31",932300
77100,-500,1100,"bu","11:03:31",932200
77100,-500,500,"bu","11:03:31",931100
77000,-600,300,"sd","11:03:28",930600
77100,-500,800,"bu","11:03:24",930300
77000,-600,300,"sd","11:03:22",929500
77000,-600,300,"sd","11:03:11",929200
77100,-500,600,"bu","11:03:10",928900
77100,-500,100,"bu","11:03:10",928300
77100,-500,2000,"bu","11:03:10",928200
77100,-500,100,"bu","11:03:10",926200
77000,-600,900,"sd","11:03:04",926100
77000,-600,200,"sd","11:03:04",925200
77000,-600,100,"sd","11:03:04",925000
77000,-600,200,"sd","11:02:48",924900
77000,-600,300,"sd","11:02:43",924700
77100,-500,1900,"bu","11:02:28",924400
77100,-500,600,"bu","11:02:28",922500
77100,-500,300,"bu","11:02:28",921900
77000,-600,100,"sd","11:02:10",921600
77000,-600,100,"sd","11:02:08",921500
77000,-600,100,"sd","11:02:03",921400
77000,-600,1000,"sd","11:02:03",921300
77000,-600,300,"sd","11:01:53",920300
77000,-600,100,"bu","11:01:50",920000
77000,-600,200,"bu","11:01:50",919900
77000,-600,100,"bu","11:01:50",919700
76900,-700,100,"sd","11:01:48",919600
76900,-700,200,"sd","11:01:43",919500
77000,-600,600,"sd","11:01:30",919300
77000,-600,200,"sd","11:01:28",918700
77100,-500,300,"bu","11:01:17",918500
77100,-500,1900,"bu","11:01:17",918200
77100,-500,600,"bu","11:01:17",916300
77000,-600,1200,"sd","11:01:15",915700
77000,-600,100,"sd","11:01:07",914500
77000,-600,200,"bu","11:01:00",914400
77000,-600,100,"bu","11:01:00",914200
77000,-600,400,"bu","11:01:00",914100
76900,-700,400,"sd","11:00:51",913700
76900,-700,200,"sd","11:00:44",913300
76900,-700,100,"sd","11:00:28",913100
76900,-700,300,"sd","11:00:25",913000
77000,-600,100,"bu","11:00:24",912700
76900,-700,200,"sd","11:00:17",912600
77000,-600,100,"bu","11:00:11",912400
77000,-600,900,"bu","11:00:11",912300
76900,-700,200,"sd","10:59:50",911400
76900,-700,100,"sd","10:59:27",911200
76900,-700,200,"sd","10:59:23",911100
77000,-600,800,"bu","10:59:20",910900
77000,-600,100,"bu","10:59:20",910100
77000,-600,100,"bu","10:59:20",910000
76900,-700,100,"sd","10:58:56",909900
76900,-700,100,"sd","10:58:56",909800
76900,-700,100,"sd","10:58:56",909700
76900,-700,200,"sd","10:58:48",909600
77000,-600,200,"bu","10:58:36",909400
77000,-600,100,"bu","10:58:36",909200
77000,-600,1000,"bu","10:58:36",909100
77000,-600,700,"bu","10:58:36",908100
77000,-600,2800,"bu","10:58:31",907400
76900,-700,100,"sd","10:58:27",904600
76900,-700,100,"sd","10:58:25",904500
76900,-700,200,"sd","10:58:25",904400
76900,-700,200,"sd","10:58:24",904200
76900,-700,100,"sd","10:58:24",904000
76900,-700,400,"sd","10:58:08",903900
76900,-700,100,"sd","10:57:56",903500
76900,-700,1000,"sd","10:57:56",903400
76900,-700,100,"sd","10:57:56",902400
77000,-600,100,"sd","10:57:56",902300
77000,-600,200,"sd","10:57:56",902200
77000,-600,500,"sd","10:57:56",902000
77000,-600,200,"sd","10:57:56",901500
77000,-600,1000,"sd","10:57:56",901300
77000,-600,100,"sd","10:57:56",900300
77000,-600,700,"sd","10:57:56",900200
77000,-600,500,"sd","10:57:56",899500
77000,-600,200,"sd","10:57:56",899000
77000,-600,200,"sd","10:57:56",898800
77000,-600,1000,"sd","10:57:56",898600
77000,-600,1800,"sd","10:57:56",897600
77000,-600,100,"sd","10:57:53",895800
77000,-600,200,"sd","10:57:48",895700
77000,-600,100,"sd","10:57:48",895500
77000,-600,1000,"sd","10:57:43",895400
77000,-600,800,"sd","10:57:43",894400
77000,-600,1200,"sd","10:57:43",893600
77000,-600,200,"sd","10:57:30",892400
77000,-600,300,"sd","10:57:28",892200
77000,-600,100,"sd","10:57:13",891900
77000,-600,300,"sd","10:57:03",891800
77000,-600,100,"sd","10:56:47",891500
77000,-600,200,"sd","10:56:36",891400
77000,-600,100,"sd","10:56:36",891200
77000,-600,100,"sd","10:56:33",891100
77000,-600,300,"sd","10:56:31",891000
77000,-600,400,"sd","10:56:31",890700
77000,-600,600,"sd","10:56:31",890300
77000,-600,400,"sd","10:56:27",889700
77000,-600,300,"sd","10:56:27",889300
77000,-600,100,"sd","10:56:27",889000
77000,-600,100,"sd","10:56:27",888900
77000,-600,300,"sd","10:56:23",888800
77000,-600,200,"sd","10:56:23",888500
77000,-600,200,"sd","10:56:23",888300
77000,-600,100,"sd","10:56:23",888100
77000,-600,400,"sd","10:56:23",888000
77000,-600,200,"sd","10:56:09",887600
77000,-600,300,"sd","10:56:00",887400
77000,-600,100,"sd","10:56:00",887100
77000,-600,200,"sd","10:55:42",887000
77000,-600,200,"sd","10:55:27",886800
77000,-600,100,"sd","10:55:27",886600
77000,-600,100,"sd","10:55:24",886500
77000,-600,300,"sd","10:55:15",886400
77000,-600,600,"sd","10:55:12",886100
77000,-600,100,"sd","10:55:12",885500
77000,-600,2000,"sd","10:55:12",885400
77000,-600,200,"sd","10:55:12",883400
77000,-600,2100,"sd","10:55:12",883200
77000,-600,200,"sd","10:54:48",881100
77000,-600,100,"sd","10:54:48",880900
77000,-600,300,"sd","10:54:32",880800
77000,-600,100,"sd","10:54:27",880500
77000,-600,300,"sd","10:54:21",880400
77000,-600,100,"sd","10:54:12",880100
77000,-600,300,"sd","10:53:54",880000
77000,-600,100,"sd","10:53:36",879700
77000,-600,200,"sd","10:53:27",879600
77000,-600,1000,"sd","10:53:17",879400
77000,-600,100,"sd","10:53:07",878400
77000,-600,300,"sd","10:53:03",878300
77000,-600,200,"sd","10:53:00",878000
77000,-600,100,"sd","10:52:59",877800
77000,-600,200,"sd","10:52:33",877700
77000,-600,100,"sd","10:52:27",877500
77000,-600,100,"sd","10:52:24",877400
77000,-600,2000,"sd","10:52:19",877300
77000,-600,200,"sd","10:52:06",875300
77000,-600,100,"sd","10:51:48",875100
77000,-600,100,"sd","10:51:47",875000
77000,-600,200,"sd","10:51:39",874900
77000,-600,300,"sd","10:51:36",874700
77000,-600,100,"sd","10:51:27",874400
77000,-600,700,"sd","10:51:27",874300
77000,-600,1000,"sd","10:51:24",873600
77000,-600,500,"sd","10:51:17",872600
77000,-600,200,"sd","10:51:12",872100
77000,-600,100,"sd","10:51:11",871900
77100,-500,200,"bu","10:50:53",871800
77100,-500,1200,"sd","10:50:50",871600
77100,-500,100,"sd","10:50:47",870400
77100,-500,200,"sd","10:50:45",870300
77100,-500,500,"sd","10:50:42",870100
77100,-500,700,"sd","10:50:42",869600
77100,-500,100,"sd","10:50:35",868900
77100,-500,200,"sd","10:50:18",868800
77100,-500,200,"sd","10:50:07",868600
77200,-400,100,"sd","10:49:59",868400
77200,-400,1900,"sd","10:49:52",868300
77200,-400,1100,"sd","10:49:52",866400
77200,-400,200,"sd","10:49:51",865300
77200,-400,100,"sd","10:49:47",865100
77200,-400,1000,"sd","10:49:28",865000
77200,-400,100,"sd","10:49:07",864000
77200,-400,200,"bu","10:49:03",863900
77200,-400,100,"bu","10:49:03",863700
77200,-400,200,"bu","10:48:48",863600
77200,-400,100,"bu","10:48:48",863400
77200,-400,200,"bu","10:48:48",863300
77200,-400,1500,"bu","10:48:48",863100
77100,-500,400,"sd","10:48:47",861600
77200,-400,100,"bu","10:48:45",861200
77200,-400,2300,"bu","10:48:40",861100
77200,-400,1900,"bu","10:48:40",858800
77200,-400,100,"bu","10:48:30",856900
77200,-400,1000,"bu","10:48:30",856800
77200,-400,300,"bu","10:48:30",855800
77200,-400,2800,"bu","10:48:30",855500
77100,-500,100,"sd","10:48:27",852700
77100,-500,300,"sd","10:48:19",852600
77100,-500,100,"sd","10:48:19",852300
77100,-500,200,"sd","10:48:19",852200
77100,-500,100,"bu","10:48:02",852000
77100,-500,200,"bu","10:48:02",851900
77100,-500,300,"bu","10:48:02",851700
77100,-500,200,"bu","10:48:02",851400
77000,-600,100,"sd","10:47:59",851200
77000,-600,300,"sd","10:47:52",851100
77100,-500,100,"bu","10:47:41",850800
77000,-600,100,"sd","10:47:25",850700
77000,-600,200,"sd","10:47:25",850600
77000,-600,100,"sd","10:47:23",850400
77100,-500,300,"sd","10:47:07",850300
77100,-500,600,"sd","10:47:04",850000
77100,-500,1100,"sd","10:47:02",849400
77100,-500,500,"sd","10:47:02",848300
77100,-500,1600,"sd","10:47:02",847800
77100,-500,2000,"sd","10:47:02",846200
77100,-500,1000,"sd","10:47:02",844200
77100,-500,100,"sd","10:47:02",843200
77100,-500,1000,"sd","10:47:02",843100
77100,-500,1000,"sd","10:47:02",842100
77100,-500,1700,"sd","10:47:02",841100
77100,-500,200,"sd","10:46:57",839400
77100,-500,100,"sd","10:46:47",839200
77100,-500,100,"sd","10:46:47",839100
77100,-500,200,"sd","10:46:30",839000
77100,-500,100,"sd","10:46:29",838800
77100,-500,1000,"sd","10:46:29",838700
77100,-500,600,"sd","10:46:26",837700
77100,-500,200,"sd","10:46:26",837100
77100,-500,100,"sd","10:46:11",836900
77100,-500,100,"sd","10:46:07",836800
77100,-500,100,"sd","10:46:03",836700
77100,-500,100,"sd","10:46:03",836600
77100,-500,1100,"sd","10:45:55",836500
77100,-500,400,"sd","10:45:47",835400
77100,-500,100,"sd","10:45:47",835000
77100,-500,100,"sd","10:45:47",834900
77200,-400,2000,"sd","10:45:40",834800
77200,-400,1000,"sd","10:45:40",832800
77200,-400,3200,"sd","10:45:40",831800
77200,-400,700,"sd","10:45:40",828600
77200,-400,800,"sd","10:45:40",827900
77200,-400,100,"sd","10:45:40",827100
77200,-400,100,"sd","10:45:40",827000
77200,-400,2300,"sd","10:45:40",826900
77200,-400,1000,"sd","10:45:40",824600
77200,-400,1000,"sd","10:45:40",823600
77200,-400,100,"sd","10:45:35",822600
77200,-400,100,"sd","10:45:27",822500
77200,-400,800,"sd","10:45:20",822400
77200,-400,300,"sd","10:45:20",821600
77200,-400,100,"sd","10:44:59",821300
77200,-400,100,"sd","10:44:47",821200
77200,-400,1100,"sd","10:44:46",821100
77200,-400,100,"sd","10:44:23",820000
77200,-400,300,"sd","10:44:14",819900
77200,-400,100,"sd","10:44:11",819600
77200,-400,100,"sd","10:44:11",819500
77200,-400,300,"sd","10:44:11",819400
77200,-400,600,"sd","10:44:11",819100
77200,-400,100,"sd","10:43:47",818500
77300,-300,800,"sd","10:43:37",818400
77300,-300,200,"sd","10:43:37",817600
77300,-300,400,"sd","10:43:27",817400
77300,-300,100,"bu","10:43:14",817000
