"price","change","match_qtty","side","time","total_vol"
28.7,0.45,67700,"bu","14:45:02",572000
28.6,0.35,700,"bu","14:29:42",504300
28.5,0.25,500,"sd","14:29:16",503600
28.55,0.3,500,"sd","14:29:16",503100
28.5,0.25,300,"bu","14:28:40",502600
28.5,0.25,900,"sd","14:28:16",502300
28.5,0.25,1100,"sd","14:28:08",501400
28.5,0.25,1000,"sd","14:28:08",500300
28.5,0.25,1000,"sd","14:28:08",499300
28.5,0.25,5000,"sd","14:28:08",498300
28.5,0.25,1900,"sd","14:28:08",493300
28.55,0.3,100,"sd","14:27:46",491400
28.6,0.35,1600,"bu","14:27:28",491300
28.6,0.35,100,"bu","14:27:28",489700
28.6,0.35,3300,"bu","14:27:28",489600
28.6,0.35,1700,"bu","14:24:44",486300
28.6,0.35,300,"bu","14:24:44",484600
28.5,0.25,1800,"sd","14:24:23",484300
28.55,0.3,200,"bu","14:24:21",482500
28.55,0.3,2000,"sd","14:23:04",482300
28.55,0.3,500,"sd","14:21:13",480300
28.55,0.3,1200,"sd","14:21:13",479800
28.6,0.35,2000,"bu","14:21:13",478600
28.6,0.35,700,"bu","14:20:50",476600
28.6,0.35,300,"bu","14:20:50",475900
28.6,0.35,1000,"bu","14:20:13",475600
28.6,0.35,1000,"bu","14:20:13",474600
28.55,0.3,800,"bu","14:19:22",473600
28.55,0.3,200,"bu","14:19:18",472800
28.55,0.3,5000,"bu","14:19:18",472600
28.55,0.3,3800,"bu","14:19:18",467600
28.55,0.3,1700,"bu","14:19:10",463800
28.5,0.25,400,"sd","14:18:19",462100
28.5,0.25,100,"sd","14:18:16",461700
28.5,0.25,800,"sd","14:17:23",461600
28.55,0.3,300,"bu","14:16:42",460800
28.5,0.25,5000,"bu","14:15:18",460500
28.45,0.2,100,"sd","14:15:11",455500
28.5,0.25,500,"bu","14:15:01",455400
28.5,0.25,1000,"sd","14:11:53",454900
28.5,0.25,3600,"sd","14:11:53",453900
28.5,0.25,5000,"sd","14:11:53",450300
28.5,0.25,100,"sd","14:11:53",445300
28.5,0.25,1000,"sd","14:11:53",445200
28.5,0.25,200,"sd","14:11:53",444200
28.5,0.25,100,"sd","14:11:53",444000
28.5,0.25,300,"sd","14:11:04",443900
28.5,0.25,100,"sd","14:09:58",443600
28.5,0.25,6900,"sd","14:09:58",443500
28.55,0.3,1200,"bu","14:09:20",436600
28.55,0.3,500,"bu","14:09:20",435400
28.55,0.3,2000,"bu","14:09:20",434900
28.5,0.25,100,"sd","14:07:24",432900
28.5,0.25,1000,"bu","14:06:05",432800
28.5,0.25,1000,"sd","14:05:45",431800
28.5,0.25,5500,"sd","14:05:45",430800
28.5,0.25,100,"sd","14:05:36",425300
28.5,0.25,300,"sd","14:03:39",425200
28.5,0.25,900,"bu","14:02:33",424900
28.5,0.25,500,"bu","14:02:33",424000
28.5,0.25,200,"bu","14:02:33",423500
28.5,0.25,2500,"bu","14:02:33",423300
28.5,0.25,4000,"sd","14:00:50",420800
28.5,0.25,1000,"sd","13:59:59",416800
28.55,0.3,300,"bu","13:59:30",415800
28.55,0.3,200,"bu","13:58:49",415500
28.5,0.25,100,"sd","13:58:21",415300
28.5,0.25,400,"sd","13:57:36",415200
28.5,0.25,5000,"sd","13:56:32",414800
28.5,0.25,500,"sd","13:56:32",409800
28.55,0.3,500,"sd","13:56:32",409300
28.55,0.3,300,"bu","13:55:56",408800
28.5,0.25,2000,"sd","13:54:13",408500
28.5,0.25,100,"bu","13:54:01",406500
28.5,0.25,2400,"bu","13:54:01",406400
28.5,0.25,200,"sd","13:53:14",404000
28.5,0.25,500,"sd","13:53:14",403800
28.5,0.25,3000,"sd","13:53:14",403300
28.5,0.25,3000,"sd","13:53:14",400300
28.5,0.25,200,"sd","13:53:14",397300
28.55,0.3,100,"sd","13:53:14",397100
28.55,0.3,200,"sd","13:53:14",397000
28.55,0.3,400,"sd","13:53:03",396800
28.55,0.3,4400,"sd","13:52:47",396400
28.55,0.3,3000,"sd","13:52:47",392000
28.55,0.3,1600,"sd","13:52:47",389000
28.6,0.35,100,"bu","13:51:52",387400
28.6,0.35,400,"bu","13:51:23",387300
28.6,0.35,4000,"bu","13:51:23",386900
28.6,0.35,600,"bu","13:51:23",382900
28.6,0.35,400,"sd","13:51:11",382300
28.6,0.35,600,"sd","13:51:11",381900
28.6,0.35,2400,"sd","13:51:11",381300
28.6,0.35,600,"sd","13:51:08",378900
28.6,0.35,400,"sd","13:51:08",378300
28.6,0.35,100,"sd","13:50:52",377900
28.6,0.35,500,"sd","13:50:43",377800
28.6,0.35,800,"sd","13:50:33",377300
28.6,0.35,1200,"sd","13:50:01",376500
28.65,0.4,100,"bu","13:48:48",375300
28.65,0.4,200,"bu","13:46:27",375200
28.65,0.4,1000,"bu","13:46:27",375000
28.65,0.4,2000,"bu","13:46:27",374000
28.65,0.4,1800,"bu","13:46:27",372000
28.65,0.4,3000,"bu","13:44:52",370200
28.65,0.4,200,"bu","13:44:39",367200
28.6,0.35,700,"bu","13:42:19",367000
28.6,0.35,1100,"bu","13:42:19",366300
28.6,0.35,1200,"bu","13:42:19",365200
28.6,0.35,2400,"bu","13:41:37",364000
28.6,0.35,900,"bu","13:41:37",361600
28.6,0.35,1700,"bu","13:41:37",360700
28.6,0.35,1000,"bu","13:38:47",359000
28.6,0.35,300,"sd","13:38:39",358000
28.65,0.4,2000,"bu","13:38:18",357700
28.65,0.4,2000,"bu","13:38:18",355700
28.65,0.4,200,"bu","13:38:18",353700
28.65,0.4,300,"bu","13:38:10",353500
28.65,0.4,500,"bu","13:38:00",353200
28.65,0.4,1500,"bu","13:37:59",352700
28.65,0.4,500,"bu","13:37:49",351200
28.6,0.35,2000,"bu","13:37:41",350700
28.6,0.35,500,"bu","13:37:41",348700
28.65,0.4,3000,"bu","13:37:07",348200
28.65,0.4,100,"bu","13:37:07",345200
28.65,0.4,900,"bu","13:37:07",345100
28.6,0.35,100,"bu","13:37:07",344200
28.65,0.4,400,"bu","13:37:07",344100
28.6,0.35,500,"bu","13:37:07",343700
28.6,0.35,900,"bu","13:36:36",343200
28.6,0.35,200,"bu","13:36:36",342300
28.6,0.35,2000,"bu","13:36:36",342100
28.6,0.35,1900,"bu","13:36:36",340100
28.55,0.3,400,"sd","13:36:35",338200
28.55,0.3,600,"sd","13:36:35",337800
28.55,0.3,400,"sd","13:35:55",337200
28.55,0.3,500,"sd","13:35:55",336800
28.6,0.35,100,"bu","13:35:21",336300
28.6,0.35,200,"bu","13:33:16",336200
28.6,0.35,1200,"bu","13:32:22",336000
28.55,0.3,9500,"sd","13:31:25",334800
28.6,0.35,500,"sd","13:31:25",325300
28.65,0.4,600,"bu","13:29:55",324800
28.65,0.4,200,"bu","13:29:55",324200
28.65,0.4,200,"bu","13:29:55",324000
28.65,0.4,100,"bu","13:28:50",323800
28.5,0.25,4900,"bu","13:28:13",323700
28.5,0.25,100,"bu","13:28:04",318800
28.45,0.2,1000,"bu","13:26:32",318700
28.45,0.2,1000,"sd","13:26:04",317700
28.45,0.2,200,"sd","13:26:04",316700
28.45,0.2,700,"sd","13:26:04",316500
28.45,0.2,200,"sd","13:26:01",315800
28.45,0.2,100,"sd","13:24:22",315600
28.45,0.2,300,"bu","13:23:22",315500
28.45,0.2,2000,"sd","13:23:14",315200
28.45,0.2,200,"sd","13:23:14",313200
28.45,0.2,400,"sd","13:23:14",313000
28.45,0.2,5000,"sd","13:23:14",312600
28.45,0.2,1100,"sd","13:23:14",307600
28.45,0.2,100,"sd","13:23:05",306500
28.45,0.2,400,"sd","13:21:59",306400
28.5,0.25,1000,"bu","13:21:54",306000
28.5,0.25,100,"sd","13:21:15",305000
28.5,0.25,7900,"sd","13:21:15",304900
28.65,0.4,200,"sd","13:19:32",297000
28.65,0.4,800,"sd","13:19:24",296800
28.65,0.4,200,"sd","13:19:24",296000
28.65,0.4,500,"bu","13:18:16",295800
28.65,0.4,400,"bu","13:18:16",295300
28.65,0.4,1000,"bu","13:18:16",294900
28.65,0.4,600,"bu","13:18:00",293900
28.65,0.4,400,"bu","13:18:00",293300
28.65,0.4,100,"bu","13:17:48",292900
28.65,0.4,500,"bu","13:17:39",292800
28.65,0.4,500,"bu","13:17:39",292300
28.65,0.4,2000,"bu","13:17:33",291800
28.5,0.25,100,"bu","13:17:14",289800
28.5,0.25,900,"bu","13:17:12",289700
28.5,0.25,1100,"bu","13:17:12",288800
28.5,0.25,900,"sd","13:16:22",287700
28.5,0.25,900,"sd","13:16:17",286800
28.5,0.25,1100,"sd","13:16:17",285900
28.5,0.25,2000,"sd","13:16:14",284800
28.5,0.25,800,"sd","13:15:57",282800
28.55,0.3,900,"unknown","13:15:57",282000
28.55,0.3,300,"unknown","13:15:57",281100
28.7,0.45,500,"bu","13:15:55",280800
28.65,0.4,500,"bu","13:15:55",280300
28.65,0.4,2000,"bu","13:15:27",279800
28.7,0.45,100,"bu","13:14:43",277800
28.7,0.45,100,"bu","13:14:38",277700
28.7,0.45,300,"bu","13:14:38",277600
28.65,0.4,400,"bu","13:14:38",277300
28.6,0.35,200,"bu","13:14:38",276900
28.55,0.3,100,"bu","13:14:35",276700
28.55,0.3,300,"bu","13:14:35",276600
28.5,0.25,300,"bu","13:14:01",276300
28.5,0.25,100,"bu","13:14:01",276000
28.5,0.25,500,"bu","13:14:01",275900
28.5,0.25,200,"bu","13:14:01",275400
28.45,0.2,300,"bu","13:13:48",275200
28.45,0.2,100,"bu","13:13:48",274900
28.45,0.2,1000,"bu","13:13:48",274800
28.45,0.2,2000,"bu","13:13:48",273800
28.45,0.2,5000,"bu","13:13:43",271800
28.4,0.15,100,"sd","13:13:36",266800
28.4,0.15,100,"bu","13:13:27",266700
28.4,0.15,100,"bu","13:13:27",266600
28.4,0.15,500,"bu","13:12:51",266500
28.4,0.15,1900,"bu","13:12:21",266000
28.4,0.15,100,"bu","13:12:21",264100
28.4,0.15,900,"bu","13:11:40",264000
28.4,0.15,100,"bu","13:11:40",263100
28.4,0.15,1600,"bu","13:11:31",263000
28.4,0.15,100,"bu","13:10:57",261400
28.35,0.1,3000,"bu","13:10:41",261300
28.35,0.1,2000,"bu","13:09:42",258300
28.35,0.1,2000,"bu","13:09:32",256300
28.35,0.1,1000,"bu","13:09:32",254300
28.35,0.1,100,"bu","13:09:32",253300
28.35,0.1,100,"bu","13:09:32",253200
28.35,0.1,2800,"bu","13:09:32",253100
28.3,0.05,500,"sd","13:07:24",250300
28.3,0.05,2800,"unknown","13:06:14",249800
28.3,0.05,300,"unknown","13:06:14",247000
28.3,0.05,2000,"bu","13:06:14",246700
28.25,0,100,"sd","13:04:16",244700
28.25,0,2400,"sd","13:04:16",244600
28.25,0,2500,"sd","13:03:56",242200
28.3,0.05,100,"bu","13:00:21",239700
28.25,0,100,"sd","13:00:11",239600
28.25,0,100,"sd","13:00:11",239500
28.25,0,500,"sd","11:29:47",239400
28.2,-0.05,800,"sd","11:29:11",238900
28.25,0,200,"sd","11:29:11",238100
28.25,0,2000,"bu","11:28:38",237900
28.25,0,2000,"bu","11:28:38",235900
28.25,0,5800,"bu","11:28:38",233900
28.25,0,1000,"bu","11:28:38",228100
28.2,-0.05,500,"sd","11:27:11",227100
28.2,-0.05,1000,"bu","11:24:58",226600
28.2,-0.05,5000,"bu","11:24:58",225600
28.2,-0.05,1000,"bu","11:24:58",220600
28.2,-0.05,5000,"bu","11:24:58",219600
28.2,-0.05,5000,"bu","11:24:58",214600
28.2,-0.05,100,"bu","11:24:58",209600
28.2,-0.05,2900,"bu","11:23:56",209500
28.2,-0.05,1000,"bu","11:21:19",206600
28.2,-0.05,1100,"bu","11:20:49",205600
28.2,-0.05,100,"bu","11:20:49",204500
28.2,-0.05,100,"bu","11:20:49",204400
28.2,-0.05,1700,"bu","11:20:49",204300
28.15,-0.1,200,"sd","11:20:46",202600
28.15,-0.1,5000,"sd","11:20:46",202400
28.15,-0.1,1800,"sd","11:20:46",197400
28.2,-0.05,100,"bu","11:20:45",195600
28.15,-0.1,200,"bu","11:15:59",195500
28.15,-0.1,2000,"bu","11:14:24",195300
28.15,-0.1,2000,"bu","11:14:08",193300
28.15,-0.1,1000,"bu","11:14:08",191300
28.15,-0.1,2000,"bu","11:14:08",190300
28.15,-0.1,100,"bu","11:11:13",188300
28.15,-0.1,2000,"bu","11:10:55",188200
28.15,-0.1,100,"bu","11:10:47",186200
28.15,-0.1,100,"bu","11:10:28",186100
28.15,-0.1,1000,"bu","11:10:19",186000
28.15,-0.1,1900,"bu","11:03:36",185000
28.15,-0.1,500,"bu","11:03:08",183100
28.15,-0.1,100,"bu","11:03:02",182600
28.15,-0.1,100,"sd","11:02:51",182500
28.15,-0.1,100,"sd","11:02:51",182400
28.15,-0.1,2000,"sd","11:02:51",182300
28.15,-0.1,100,"bu","10:58:19",180300
28.15,-0.1,4900,"bu","10:58:09",180200
28.15,-0.1,100,"bu","10:58:09",175300
28.15,-0.1,200,"bu","10:54:11",175200
28.15,-0.1,200,"bu","10:53:45",175000
28.15,-0.1,100,"bu","10:53:02",174800
28,-0.25,4000,"sd","10:52:29",174700
28,-0.25,600,"sd","10:49:56",170700
28,-0.25,100,"sd","10:49:56",170100
28.2,-0.05,200,"bu","10:47:14",170000
28.2,-0.05,5000,"bu","10:47:14",169800
28.2,-0.05,2800,"bu","10:47:14",164800
28.1,-0.15,2000,"bu","10:47:14",162000
28,-0.25,5000,"sd","10:46:26",160000
28,-0.25,100,"bu","10:46:00",155000
28,-0.25,3000,"bu","10:46:00",154900
28,-0.25,1800,"bu","10:46:00",151900
28,-0.25,1000,"bu","10:46:00",150100
28,-0.25,2000,"bu","10:45:42",149100
28,-0.25,100,"bu","10:45:30",147100
28,-0.25,1000,"bu","10:45:30",147000
28,-0.25,100,"bu","10:45:19",146000
28,-0.25,100,"bu","10:45:12",145900
28,-0.25,500,"bu","10:44:59",145800
28,-0.25,1000,"bu","10:44:59",145300
28,-0.25,200,"bu","10:44:27",144300
28,-0.25,2000,"bu","10:43:35",144100
28,-0.25,100,"bu","10:43:28",142100
28,-0.25,500,"bu","10:41:55",142000
28,-0.25,100,"bu","10:41:42",141500
27.9,-0.35,3300,"sd","10:41:22",141400
27.9,-0.35,800,"sd","10:41:22",138100
28,-0.25,200,"bu","10:41:13",137300
28,-0.25,100,"bu","10:41:09",137100
28,-0.25,100,"bu","10:40:02",137000
27.95,-0.3,1000,"sd","10:39:56",136900
27.95,-0.3,1000,"sd","10:39:56",135900
27.95,-0.3,600,"sd","10:39:56",134900
27.95,-0.3,400,"sd","10:39:56",134300
27.95,-0.3,500,"sd","10:39:56",133900
27.95,-0.3,500,"sd","10:39:56",133400
28,-0.25,100,"bu","10:38:56",132900
28,-0.25,200,"bu","10:38:25",132800
28,-0.25,500,"bu","10:38:21",132600
28,-0.25,100,"bu","10:38:00",132100
28,-0.25,1500,"sd","10:37:37",132000
28,-0.25,500,"sd","10:37:37",130500
28,-0.25,500,"sd","10:37:37",130000
28,-0.25,100,"sd","10:37:37",129500
28,-0.25,100,"sd","10:37:37",129400
28,-0.25,100,"sd","10:37:37",129300
28,-0.25,300,"sd","10:37:37",129200
28.05,-0.2,100,"sd","10:37:37",128900
28,-0.25,300,"sd","10:37:26",128800
28,-0.25,700,"sd","10:37:26",128500
28,-0.25,1800,"sd","10:37:26",127800
28,-0.25,100,"sd","10:37:26",126000
28,-0.25,500,"sd","10:37:26",125900
28,-0.25,3000,"sd","10:37:26",125400
28,-0.25,500,"sd","10:37:26",122400
28,-0.25,100,"sd","10:37:26",121900
28,-0.25,100,"sd","10:37:26",121800
28,-0.25,500,"sd","10:37:26",121700
28,-0.25,1000,"sd","10:37:26",121200
28,-0.25,100,"sd","10:37:26",120200
28,-0.25,300,"sd","10:37:26",120100
28,-0.25,100,"sd","10:37:26",119800
28,-0.25,500,"sd","10:37:26",119700
28,-0.25,1000,"sd","10:37:26",119200
28,-0.25,100,"sd","10:37:26",118200
28,-0.25,4300,"sd","10:37:26",118100
28,-0.25,300,"sd","10:37:26",113800
28.05,-0.2,500,"sd","10:37:26",113500
28,-0.25,3000,"sd","10:37:26",113000
28.05,-0.2,200,"sd","10:37:26",110000
28,-0.25,1000,"sd","10:37:26",109800
28.05,-0.2,2800,"sd","10:36:56",108800
28.05,-0.2,500,"sd","10:36:56",106000
28.05,-0.2,500,"sd","10:36:56",105500
28.05,-0.2,700,"sd","10:36:56",105000
28.05,-0.2,200,"sd","10:36:56",104300
28.05,-0.2,300,"sd","10:36:56",104100
28.1,-0.15,500,"sd","10:36:45",103800
28.1,-0.15,500,"sd","10:36:45",103300
28.1,-0.15,100,"sd","10:36:45",102800
28.1,-0.15,100,"sd","10:36:45",102700
28.2,-0.05,100,"bu","10:36:40",102600
28.15,-0.1,200,"bu","10:36:35",102500
28.15,-0.1,400,"sd","10:36:14",102300
28.15,-0.1,100,"sd","10:36:14",101900
28.15,-0.1,200,"sd","10:36:14",101800
28.15,-0.1,100,"sd","10:36:14",101600
28.2,-0.05,300,"bu","10:35:48",101500
28.2,-0.05,100,"bu","10:33:38",101200
28.15,-0.1,300,"sd","10:31:25",101100
28.15,-0.1,1500,"sd","10:31:25",100800
28.15,-0.1,200,"sd","10:31:25",99300
28.15,-0.1,200,"sd","10:29:02",99100
28.15,-0.1,100,"sd","10:28:07",98900
28.2,-0.05,500,"bu","10:27:13",98800
28.2,-0.05,200,"bu","10:24:14",98300
28,-0.25,700,"sd","10:23:03",98100
28,-0.25,500,"sd","10:23:03",97400
28,-0.25,200,"sd","10:23:03",96900
28,-0.25,200,"sd","10:23:03",96700
28.05,-0.2,3000,"sd","10:23:03",96500
28.05,-0.2,200,"sd","10:23:03",93500
28.05,-0.2,2000,"sd","10:23:03",93300
28.05,-0.2,100,"sd","10:23:03",91300
28.05,-0.2,100,"sd","10:23:03",91200
28.05,-0.2,200,"sd","10:23:03",91100
28.1,-0.15,500,"sd","10:23:03",90900
28.1,-0.15,500,"sd","10:23:03",90400
28.1,-0.15,1000,"sd","10:23:03",89900
28.1,-0.15,1000,"sd","10:23:03",88900
28.1,-0.15,100,"sd","10:23:03",87900
28.1,-0.15,500,"sd","10:23:03",87800
28.1,-0.15,500,"sd","10:23:03",87300
28.15,-0.1,100,"sd","10:23:03",86800
28.15,-0.1,500,"sd","10:23:03",86700
28.15,-0.1,1000,"sd","10:23:03",86200
28.15,-0.1,500,"sd","10:23:03",85200
28.15,-0.1,100,"sd","10:23:03",84700
28.15,-0.1,100,"sd","10:23:03",84600
28.15,-0.1,800,"sd","10:23:03",84500
28.15,-0.1,500,"sd","10:23:03",83700
28.15,-0.1,100,"sd","10:23:03",83200
28.15,-0.1,100,"sd","10:23:03",83100
28.15,-0.1,100,"sd","10:23:03",83000
28.15,-0.1,100,"sd","10:23:03",82900
28.2,-0.05,500,"bu","10:22:38",82800
28.2,-0.05,500,"bu","10:22:30",82300
28.15,-0.1,1000,"sd","10:22:27",81800
28.2,-0.05,100,"sd","10:20:15",80800
28.2,-0.05,1000,"sd","10:20:15",80700
28.2,-0.05,100,"sd","10:20:15",79700
28.2,-0.05,100,"sd","10:20:15",79600
28.2,-0.05,200,"sd","10:20:15",79500
28.25,0,100,"bu","10:18:20",79300
28.2,-0.05,2800,"sd","10:16:42",79200
28.2,-0.05,2500,"sd","10:16:42",76400
28.2,-0.05,200,"sd","10:16:42",73900
28.2,-0.05,200,"sd","10:16:42",73700
28.2,-0.05,1000,"sd","10:16:42",73500
28.2,-0.05,6800,"sd","10:16:42",72500
28.2,-0.05,100,"sd","10:16:42",65700
28.2,-0.05,100,"sd","10:16:42",65600
28.2,-0.05,200,"sd","10:16:42",65500
28.2,-0.05,5000,"sd","10:16:42",65300
28.2,-0.05,100,"sd","10:16:42",60300
28.2,-0.05,500,"sd","10:16:42",60200
28.2,-0.05,500,"sd","10:16:42",59700
28.2,-0.05,200,"sd","10:16:42",59200
28.2,-0.05,100,"sd","10:16:42",59000
28.2,-0.05,200,"sd","10:16:42",58900
28.2,-0.05,500,"sd","10:16:42",58700
28.25,0,100,"sd","10:15:50",58200
28.25,0,100,"sd","10:15:50",58100
28.25,0,100,"sd","10:15:50",58000
28.25,0,300,"sd","10:15:50",57900
28.25,0,1000,"sd","10:12:10",57600
28.25,0,200,"sd","10:09:33",56600
28.25,0,300,"bu","10:07:42",56400
28.25,0,200,"bu","10:07:11",56100
28.25,0,300,"bu","10:07:04",55900
28.25,0,200,"bu","10:06:30",55600
28.25,0,10000,"sd","10:06:30",55400
28.25,0,500,"sd","10:06:30",45400
28.25,0,500,"sd","10:06:30",44900
28.25,0,500,"sd","10:06:30",44400
28.25,0,100,"sd","10:06:30",43900
28.25,0,900,"sd","10:06:17",43800
28.25,0,100,"sd","10:06:17",42900
28.3,0.05,100,"bu","10:04:29",42800
28.3,0.05,700,"sd","10:04:01",42700
28.3,0.05,300,"sd","10:03:56",42000
28.3,0.05,300,"sd","10:03:56",41700
28.3,0.05,200,"sd","10:03:56",41400
28.3,0.05,100,"sd","10:03:56",41200
28.3,0.05,100,"sd","10:03:56",41100
28.3,0.05,700,"sd","10:01:12",41000
28.3,0.05,200,"sd","10:01:12",40300
28.3,0.05,100,"sd","10:01:12",40100
28.35,0.1,900,"bu","09:59:30",40000
28.35,0.1,400,"bu","09:59:30",39100
28.35,0.1,4600,"bu","09:58:33",38700
28.3,0.05,400,"bu","09:58:33",34100
28.3,0.05,100,"bu","09:56:17",33700
28.3,0.05,500,"bu","09:55:08",33600
28.3,0.05,500,"bu","09:55:05",33100
28.3,0.05,200,"bu","09:54:56",32600
28.3,0.05,300,"bu","09:54:31",32400
28.3,0.05,2000,"bu","09:54:31",32100
28.3,0.05,2700,"bu","09:54:31",30100
28.3,0.05,200,"bu","09:53:06",27400
28.3,0.05,100,"bu","09:51:08",27200
28.25,0,900,"bu","09:50:58",27100
28.25,0,1000,"sd","09:50:28",26200
28.25,0,100,"sd","09:50:28",25200
28.25,0,100,"bu","09:47:50",25100
28.2,-0.05,1000,"sd","09:46:22",25000
28.2,-0.05,400,"sd","09:46:22",24000
28.2,-0.05,1000,"sd","09:46:22",23600
28.2,-0.05,600,"sd","09:46:22",22600
28.25,0,1000,"bu","09:46:12",22000
28.25,0,300,"bu","09:46:02",21000
28.25,0,100,"bu","09:45:56",20700
28.25,0,500,"sd","09:45:11",20600
28.2,-0.05,300,"sd","09:43:32",20100
28.2,-0.05,100,"sd","09:42:13",19800
28.2,-0.05,100,"sd","09:42:13",19700
28.2,-0.05,1000,"sd","09:42:13",19600
28.2,-0.05,100,"sd","09:42:13",18600
28.2,-0.05,700,"sd","09:42:13",18500
28.2,-0.05,300,"sd","09:41:36",17800
28.2,-0.05,700,"sd","09:41:36",17500
28.2,-0.05,300,"sd","09:41:09",16800
28.2,-0.05,1000,"sd","09:41:09",16500
28.25,0,300,"sd","09:41:09",15500
28.25,0,100,"sd","09:41:09",15200
28.25,0,300,"sd","09:41:09",15100
28.25,0,700,"sd","09:38:21",14800
28.25,0,300,"sd","09:38:21",14100
28.25,0,200,"sd","09:38:01",13800
28.25,0,200,"sd","09:36:55",13600
28.25,0,200,"sd","09:35:43",13400
28.25,0,100,"sd","09:32:47",13200
28.25,0,1000,"sd","09:32:47",13100
28.25,0,100,"sd","09:32:47",12100
28.25,0,100,"sd","09:32:47",12000
28.25,0,500,"sd","09:32:47",11900
28.25,0,500,"sd","09:31:58",11400
28.25,0,200,"sd","09:31:58",10900
28.3,0.05,200,"sd","09:31:56",10700
28.3,0.05,100,"sd","09:31:56",10500
28.3,0.05,700,"sd","09:31:56",10400
28.3,0.05,100,"sd","09:29:10",9700
28.3,0.05,1000,"sd","09:28:23",9600
28.4,0.15,500,"bu","09:28:03",8600
28.4,0.15,100,"bu","09:26:45",8100
28.4,0.15,100,"bu","09:24:42",8000
28.3,0.05,500,"sd","09:24:31",7900
28.3,0.05,500,"sd","09:24:31",7400
28.3,0.05,2000,"bu","09:22:17",6900
28.25,0,300,"bu","09:18:55",4900
28.25,0,700,"bu","09:18:44",4600
28.25,0,300,"bu","09:18:44",3900
28.25,0,100,"bu","09:18:44",3600
28.2,-0.05,1000,"sd","09:15:31",3500
28.2,-0.05,2500,"sd","09:15:01",2500
