"price","change","match_qtty","side","time","total_vol"
29,0.9,621300,"unknown","14:45:01",6179200
28.95,0.85,200,"sd","14:29:59",5557900
28.95,0.85,200,"sd","14:29:59",5557700
28.95,0.85,300,"sd","14:29:59",5557500
28.95,0.85,2000,"sd","14:29:59",5557200
28.95,0.85,1000,"sd","14:29:59",5555200
28.95,0.85,500,"sd","14:29:59",5554200
28.95,0.85,1000,"sd","14:29:59",5553700
28.95,0.85,1200,"sd","14:29:59",5552700
28.95,0.85,1000,"sd","14:29:44",5551500
29,0.9,500,"bu","14:29:43",5550500
29,0.9,100,"bu","14:29:39",5550000
28.95,0.85,800,"sd","14:29:39",5549900
28.95,0.85,800,"sd","14:29:39",5549100
28.95,0.85,200,"sd","14:29:37",5548300
28.95,0.85,1200,"sd","14:29:37",5548100
28.95,0.85,200,"sd","14:29:30",5546900
29,0.9,25700,"bu","14:29:30",5546700
29,0.9,5600,"bu","14:29:30",5521000
28.95,0.85,2000,"sd","14:29:25",5515400
28.95,0.85,100,"sd","14:29:24",5513400
29,0.9,600,"bu","14:29:24",5513300
29,0.9,12000,"bu","14:29:20",5512700
28.95,0.85,3900,"sd","14:29:15",5500700
28.95,0.85,100,"sd","14:29:14",5496800
29,0.9,2800,"bu","14:29:11",5496700
29,0.9,5800,"bu","14:29:10",5493900
29,0.9,400,"bu","14:29:10",5488100
28.95,0.85,300,"sd","14:29:00",5487700
29,0.9,300,"bu","14:29:00",5487400
29,0.9,500,"bu","14:29:00",5487100
29,0.9,100,"bu","14:29:00",5486600
29,0.9,100,"bu","14:29:00",5486500
29,0.9,200,"bu","14:28:58",5486400
29,0.9,11800,"bu","14:28:58",5486200
29,0.9,100,"bu","14:28:58",5474400
29,0.9,12000,"bu","14:28:54",5474300
29,0.9,5100,"bu","14:28:51",5462300
28.95,0.85,100,"sd","14:28:50",5457200
28.95,0.85,100,"sd","14:28:48",5457100
29,0.9,12000,"bu","14:28:42",5457000
29,0.9,6400,"bu","14:28:41",5445000
29,0.9,12000,"bu","14:28:32",5438600
28.95,0.85,2000,"bu","14:28:29",5426600
29,0.9,6800,"bu","14:28:22",5424600
29,0.9,11400,"bu","14:28:21",5417800
28.95,0.85,600,"bu","14:28:21",5406400
28.95,0.85,1200,"bu","14:28:20",5405800
28.95,0.85,100,"bu","14:28:18",5404600
28.95,0.85,100,"bu","14:28:18",5404500
29,0.9,12000,"bu","14:28:10",5404400
28.95,0.85,900,"sd","14:28:05",5392400
28.95,0.85,100,"sd","14:28:05",5391500
29,0.9,10400,"bu","14:27:56",5391400
29,0.9,100,"bu","14:27:56",5381000
29,0.9,100,"bu","14:27:56",5380900
29,0.9,300,"bu","14:27:56",5380800
29,0.9,300,"bu","14:27:56",5380500
29,0.9,200,"bu","14:27:56",5380200
29,0.9,600,"bu","14:27:56",5380000
29,0.9,2000,"bu","14:27:44",5379400
29,0.9,600,"bu","14:27:44",5377400
29,0.9,300,"bu","14:27:44",5376800
29,0.9,100,"bu","14:27:44",5376500
29,0.9,500,"bu","14:27:44",5376400
29,0.9,3000,"bu","14:27:44",5375900
29,0.9,1300,"bu","14:27:44",5372900
29,0.9,1900,"bu","14:27:44",5371600
29,0.9,1000,"bu","14:27:44",5369700
29,0.9,800,"bu","14:27:44",5368700
29,0.9,500,"bu","14:27:44",5367900
29,0.9,1700,"bu","14:27:42",5367400
29,0.9,1400,"bu","14:27:42",5365700
29,0.9,4600,"bu","14:27:42",5364300
29,0.9,100,"bu","14:27:42",5359700
29,0.9,500,"bu","14:27:42",5359600
29,0.9,1000,"bu","14:27:42",5359100
29,0.9,100,"bu","14:27:42",5358100
29,0.9,2200,"bu","14:27:42",5358000
29,0.9,400,"bu","14:27:42",5355800
29,0.9,400,"bu","14:27:37",5355400
29,0.9,1600,"bu","14:27:37",5355000
29,0.9,400,"bu","14:27:31",5353400
29,0.9,500,"bu","14:27:31",5353000
29,0.9,1100,"bu","14:27:31",5352500
29,0.9,2000,"bu","14:27:30",5351400
29,0.9,700,"bu","14:27:30",5349400
29,0.9,900,"bu","14:27:30",5348700
29,0.9,100,"bu","14:27:30",5347800
29,0.9,1800,"bu","14:27:30",5347700
29,0.9,100,"bu","14:27:30",5345900
29,0.9,600,"bu","14:27:30",5345800
29,0.9,1000,"bu","14:27:30",5345200
29,0.9,500,"bu","14:27:30",5344200
29,0.9,100,"bu","14:27:30",5343700
29,0.9,1000,"bu","14:27:30",5343600
29,0.9,100,"bu","14:27:30",5342600
29,0.9,500,"bu","14:27:30",5342500
29,0.9,500,"bu","14:27:30",5342000
29,0.9,1000,"bu","14:27:30",5341500
29,0.9,100,"bu","14:27:30",5340500
29,0.9,1000,"bu","14:27:30",5340400
29,0.9,300,"bu","14:27:18",5339400
29,0.9,1000,"bu","14:27:18",5339100
29,0.9,500,"bu","14:27:18",5338100
29,0.9,500,"bu","14:27:18",5337600
29,0.9,600,"bu","14:27:18",5337100
29,0.9,200,"bu","14:27:18",5336500
29,0.9,1000,"bu","14:27:18",5336300
29,0.9,7500,"bu","14:27:18",5335300
28.95,0.85,400,"bu","14:27:18",5327800
28.95,0.85,3000,"bu","14:27:16",5327400
28.95,0.85,100,"bu","14:27:16",5324400
28.95,0.85,1500,"sd","14:27:16",5324300
29,0.9,2700,"bu","14:27:15",5322800
29,0.9,100,"bu","14:27:15",5320100
29,0.9,500,"bu","14:27:15",5320000
29,0.9,3000,"bu","14:27:15",5319500
29,0.9,1000,"bu","14:27:15",5316500
29,0.9,4700,"bu","14:27:15",5315500
28.95,0.85,100,"sd","14:27:15",5310800
29,0.9,600,"bu","14:27:06",5310700
29,0.9,200,"bu","14:27:04",5310100
28.95,0.85,400,"sd","14:26:59",5309900
28.95,0.85,600,"sd","14:26:59",5309500
29,0.9,4500,"bu","14:26:56",5308900
29,0.9,2000,"bu","14:26:56",5304400
29,0.9,400,"bu","14:26:56",5302400
29,0.9,500,"bu","14:26:56",5302000
29,0.9,200,"bu","14:26:56",5301500
29,0.9,500,"bu","14:26:56",5301300
29,0.9,3500,"bu","14:26:56",5300800
29,0.9,100,"bu","14:26:56",5297300
29,0.9,300,"bu","14:26:56",5297200
28.95,0.85,1000,"sd","14:26:54",5296900
29,0.9,200,"bu","14:26:49",5295900
29,0.9,100,"bu","14:26:49",5295700
29,0.9,500,"bu","14:26:49",5295600
29,0.9,200,"bu","14:26:49",5295100
29,0.9,3000,"bu","14:26:49",5294900
29,0.9,500,"bu","14:26:44",5291900
29,0.9,300,"bu","14:26:44",5291400
29,0.9,100,"bu","14:26:44",5291100
29,0.9,500,"bu","14:26:44",5291000
29,0.9,100,"bu","14:26:44",5290500
29,0.9,1600,"bu","14:26:44",5290400
29,0.9,6000,"bu","14:26:44",5288800
29,0.9,100,"bu","14:26:44",5282800
29,0.9,500,"bu","14:26:44",5282700
29,0.9,1000,"bu","14:26:44",5282200
29,0.9,400,"bu","14:26:44",5281200
29,0.9,400,"bu","14:26:44",5280800
29,0.9,100,"bu","14:26:44",5280400
29,0.9,200,"bu","14:26:44",5280300
29,0.9,100,"bu","14:26:44",5280100
29,0.9,100,"bu","14:26:44",5280000
29,0.9,4600,"bu","14:26:40",5279900
29,0.9,100,"bu","14:26:40",5275300
29,0.9,7300,"bu","14:26:40",5275200
28.95,0.85,100,"sd","14:26:36",5267900
28.95,0.85,300,"sd","14:26:31",5267800
28.95,0.85,1200,"sd","14:26:31",5267500
29,0.9,2700,"bu","14:26:26",5266300
29,0.9,100,"bu","14:26:26",5263600
29,0.9,1000,"bu","14:26:26",5263500
29,0.9,100,"bu","14:26:26",5262500
29,0.9,100,"bu","14:26:26",5262400
29,0.9,100,"bu","14:26:26",5262300
29,0.9,900,"bu","14:26:26",5262200
29,0.9,1000,"bu","14:26:26",5261300
29,0.9,100,"bu","14:26:26",5260300
29,0.9,1000,"bu","14:26:26",5260200
29,0.9,100,"bu","14:26:26",5259200
29,0.9,200,"bu","14:26:26",5259100
29,0.9,100,"bu","14:26:26",5258900
29,0.9,600,"bu","14:26:26",5258800
29,0.9,300,"bu","14:26:26",5258200
29,0.9,400,"bu","14:26:26",5257900
29,0.9,3200,"bu","14:26:26",5257500
28.95,0.85,200,"bu","14:26:14",5254300
28.95,0.85,100,"bu","14:26:14",5254100
28.95,0.85,200,"bu","14:26:11",5254000
28.95,0.85,100,"bu","14:26:11",5253800
28.95,0.85,2000,"bu","14:26:11",5253700
28.95,0.85,1700,"bu","14:26:11",5251700
28.95,0.85,8300,"bu","14:26:11",5250000
28.95,0.85,1700,"bu","14:26:11",5241700
28.95,0.85,600,"bu","14:26:10",5240000
28.95,0.85,200,"bu","14:26:10",5239400
28.95,0.85,500,"bu","14:26:10",5239200
28.95,0.85,200,"bu","14:26:10",5238700
28.95,0.85,3500,"bu","14:26:10",5238500
28.95,0.85,100,"bu","14:26:06",5235000
28.95,0.85,1000,"bu","14:26:06",5234900
28.95,0.85,500,"bu","14:26:06",5233900
28.95,0.85,100,"bu","14:26:06",5233400
28.95,0.85,400,"bu","14:26:06",5233300
28.95,0.85,2000,"bu","14:26:06",5232900
28.95,0.85,100,"bu","14:26:06",5230900
28.95,0.85,1000,"bu","14:26:06",5230800
28.95,0.85,100,"bu","14:26:06",5229800
28.95,0.85,2000,"bu","14:26:06",5229700
28.95,0.85,500,"bu","14:26:06",5227700
28.95,0.85,500,"bu","14:26:06",5227200
28.95,0.85,10000,"bu","14:26:06",5226700
28.95,0.85,1000,"bu","14:26:06",5216700
28.95,0.85,500,"bu","14:26:06",5215700
28.95,0.85,200,"bu","14:26:06",5215200
28.95,0.85,200,"bu","14:26:06",5215000
28.95,0.85,500,"bu","14:26:06",5214800
28.95,0.85,100,"bu","14:26:06",5214300
28.95,0.85,100,"bu","14:26:06",5214200
28.95,0.85,100,"bu","14:26:06",5214100
28.95,0.85,800,"bu","14:26:06",5214000
28.95,0.85,100,"bu","14:26:06",5213200
28.95,0.85,2000,"bu","14:26:06",5213100
28.95,0.85,100,"bu","14:26:06",5211100
28.95,0.85,75500,"bu","14:26:06",5211000
28.95,0.85,500,"bu","14:26:06",5135500
28.9,0.8,100,"sd","14:26:04",5135000
28.95,0.85,25000,"bu","14:25:56",5134900
28.9,0.8,500,"sd","14:25:54",5109900
28.95,0.85,7000,"bu","14:25:53",5109400
28.95,0.85,22000,"bu","14:25:49",5102400
28.9,0.8,500,"sd","14:25:41",5080400
28.95,0.85,300,"bu","14:25:35",5079900
28.95,0.85,1600,"bu","14:25:33",5079600
28.95,0.85,6200,"bu","14:25:30",5078000
28.95,0.85,18900,"bu","14:25:23",5071800
28.95,0.85,400,"bu","14:25:19",5052900
28.95,0.85,100,"bu","14:25:17",5052500
28.95,0.85,6600,"bu","14:25:04",5052400
28.95,0.85,300,"bu","14:24:58",5045800
28.95,0.85,2000,"bu","14:24:54",5045500
28.95,0.85,7000,"bu","14:24:38",5043500
28.9,0.8,500,"sd","14:24:20",5036500
28.9,0.8,1000,"sd","14:24:18",5036000
28.9,0.8,200,"sd","14:24:11",5035000
28.9,0.8,300,"sd","14:24:11",5034800
28.9,0.8,300,"sd","14:23:53",5034500
28.9,0.8,1600,"sd","14:23:53",5034200
28.9,0.8,200,"sd","14:23:53",5032600
28.9,0.8,200,"sd","14:23:53",5032400
28.9,0.8,800,"sd","14:23:41",5032200
28.9,0.8,9200,"sd","14:23:41",5031400
28.95,0.85,9100,"bu","14:23:35",5022200
28.9,0.8,100,"sd","14:23:31",5013100
28.95,0.85,10000,"bu","14:23:23",5013000
28.9,0.8,500,"sd","14:23:18",5003000
28.95,0.85,1700,"bu","14:22:57",5002500
28.9,0.8,1000,"sd","14:22:52",5000800
28.9,0.8,200,"sd","14:22:52",4999800
28.95,0.85,6300,"bu","14:22:35",4999600
28.95,0.85,100,"bu","14:22:35",4993300
28.95,0.85,10000,"bu","14:22:35",4993200
28.95,0.85,100,"bu","14:22:35",4983200
28.95,0.85,23500,"bu","14:22:35",4983100
28.9,0.8,1900,"sd","14:22:34",4959600
28.95,0.85,200,"bu","14:22:30",4957700
28.9,0.8,1000,"sd","14:22:28",4957500
28.95,0.85,10000,"bu","14:22:23",4956500
28.95,0.85,2000,"bu","14:22:18",4946500
28.95,0.85,500,"bu","14:22:05",4944500
28.95,0.85,1500,"bu","14:21:57",4944000
28.95,0.85,5000,"bu","14:21:48",4942500
28.9,0.8,1000,"sd","14:21:46",4937500
28.95,0.85,1400,"bu","14:21:38",4936500
28.95,0.85,5900,"bu","14:21:32",4935100
28.95,0.85,100,"bu","14:21:32",4929200
28.95,0.85,500,"bu","14:21:32",4929100
28.95,0.85,100,"bu","14:21:32",4928600
28.95,0.85,500,"bu","14:21:32",4928500
28.95,0.85,200,"bu","14:21:32",4928000
28.95,0.85,1200,"bu","14:21:32",4927800
28.95,0.85,500,"bu","14:21:32",4926600
28.95,0.85,1000,"bu","14:21:32",4926100
28.95,0.85,500,"bu","14:21:32",4925100
28.95,0.85,6000,"bu","14:21:32",4924600
28.95,0.85,6000,"bu","14:21:32",4918600
28.95,0.85,500,"bu","14:21:32",4912600
28.95,0.85,61000,"bu","14:21:32",4912100
28.95,0.85,100,"bu","14:21:32",4851100
28.95,0.85,100,"bu","14:21:32",4851000
28.95,0.85,1500,"bu","14:21:32",4850900
28.95,0.85,100,"bu","14:21:32",4849400
28.95,0.85,200,"bu","14:21:32",4849300
28.95,0.85,100,"bu","14:21:32",4849100
28.95,0.85,100,"bu","14:21:32",4849000
28.95,0.85,5000,"bu","14:21:32",4848900
28.95,0.85,7000,"bu","14:21:32",4843900
28.95,0.85,1800,"bu","14:21:32",4836900
28.95,0.85,100,"bu","14:21:21",4835100
28.95,0.85,200,"bu","14:20:59",4835000
28.95,0.85,6600,"bu","14:20:44",4834800
28.95,0.85,3000,"bu","14:20:41",4828200
28.95,0.85,6600,"bu","14:20:30",4825200
28.95,0.85,5000,"bu","14:20:27",4818600
28.9,0.8,1000,"sd","14:20:22",4813600
28.9,0.8,100,"sd","14:20:19",4812600
28.95,0.85,6900,"bu","14:20:13",4812500
28.95,0.85,1000,"bu","14:20:12",4805600
28.95,0.85,600,"bu","14:20:12",4804600
28.95,0.85,1000,"bu","14:20:12",4804000
28.95,0.85,400,"bu","14:20:12",4803000
28.95,0.85,3500,"bu","14:20:12",4802600
28.9,0.8,100,"sd","14:20:09",4799100
28.9,0.8,100,"bu","14:20:02",4799000
28.9,0.8,100,"bu","14:20:02",4798900
28.9,0.8,900,"bu","14:20:02",4798800
28.9,0.8,1700,"bu","14:20:02",4797900
28.9,0.8,600,"bu","14:20:02",4796200
28.9,0.8,200,"bu","14:20:02",4795600
28.9,0.8,100,"bu","14:20:02",4795400
28.9,0.8,1000,"bu","14:20:02",4795300
28.9,0.8,500,"bu","14:20:02",4794300
28.9,0.8,1700,"bu","14:20:02",4793800
28.9,0.8,100,"bu","14:20:02",4792100
28.9,0.8,200,"bu","14:20:02",4792000
28.9,0.8,100,"bu","14:20:02",4791800
28.9,0.8,200,"bu","14:20:02",4791700
28.9,0.8,500,"bu","14:20:01",4791500
28.9,0.8,200,"bu","14:20:01",4791000
28.9,0.8,10700,"bu","14:20:01",4790800
28.9,0.8,300,"bu","14:20:01",4780100
28.9,0.8,100,"bu","14:20:01",4779800
28.9,0.8,1000,"bu","14:20:01",4779700
28.9,0.8,4000,"bu","14:20:01",4778700
28.9,0.8,200,"bu","14:20:01",4774700
28.9,0.8,6000,"bu","14:20:01",4774500
28.9,0.8,100,"bu","14:20:01",4768500
28.9,0.8,200,"bu","14:20:01",4768400
28.9,0.8,1200,"bu","14:20:01",4768200
28.9,0.8,1000,"bu","14:20:01",4767000
28.9,0.8,10000,"bu","14:20:01",4766000
28.9,0.8,200,"bu","14:20:01",4756000
28.9,0.8,100,"bu","14:20:01",4755800
28.9,0.8,2000,"bu","14:20:01",4755700
28.9,0.8,17900,"bu","14:20:01",4753700
28.9,0.8,10200,"bu","14:20:01",4735800
28.9,0.8,500,"bu","14:20:01",4725600
28.9,0.8,1000,"bu","14:20:01",4725100
28.9,0.8,4000,"bu","14:20:01",4724100
28.9,0.8,5000,"bu","14:20:01",4720100
28.9,0.8,500,"bu","14:20:01",4715100
28.9,0.8,1500,"bu","14:20:00",4714600
28.9,0.8,1000,"bu","14:20:00",4713100
28.9,0.8,3000,"bu","14:20:00",4712100
28.9,0.8,300,"bu","14:20:00",4709100
28.9,0.8,100,"bu","14:20:00",4708800
28.9,0.8,1600,"bu","14:20:00",4708700
28.9,0.8,5000,"bu","14:19:58",4707100
28.9,0.8,3000,"bu","14:19:55",4702100
28.9,0.8,6800,"bu","14:19:55",4699100
28.9,0.8,2000,"bu","14:19:55",4692300
28.9,0.8,1600,"bu","14:19:54",4690300
28.9,0.8,500,"bu","14:19:54",4688700
28.9,0.8,1000,"bu","14:19:54",4688200
28.9,0.8,6900,"bu","14:19:54",4687200
28.85,0.75,100,"sd","14:19:52",4680300
28.9,0.8,5500,"bu","14:19:52",4680200
28.9,0.8,2000,"bu","14:19:51",4674700
28.9,0.8,2500,"bu","14:19:51",4672700
28.9,0.8,1000,"bu","14:19:47",4670200
28.9,0.8,4000,"bu","14:19:44",4669200
28.9,0.8,1300,"bu","14:19:42",4665200
28.9,0.8,5500,"bu","14:19:42",4663900
28.9,0.8,6200,"bu","14:19:37",4658400
28.9,0.8,5500,"bu","14:19:33",4652200
28.9,0.8,22500,"bu","14:19:30",4646700
28.9,0.8,100,"bu","14:19:25",4624200
28.9,0.8,500,"bu","14:19:24",4624100
28.9,0.8,6100,"bu","14:19:22",4623600
28.9,0.8,100,"bu","14:19:22",4617500
28.9,0.8,5500,"bu","14:19:21",4617400
28.9,0.8,4000,"bu","14:19:11",4611900
28.9,0.8,6100,"bu","14:19:11",4607900
28.9,0.8,3000,"bu","14:19:09",4601800
28.9,0.8,55000,"bu","14:18:54",4598800
28.85,0.75,500,"bu","14:18:42",4543800
28.85,0.75,200,"bu","14:18:42",4543300
28.85,0.75,200,"bu","14:18:42",4543100
28.85,0.75,200,"bu","14:18:42",4542900
28.85,0.75,100,"bu","14:18:42",4542700
28.85,0.75,400,"bu","14:18:42",4542600
28.85,0.75,200,"bu","14:18:40",4542200
28.85,0.75,100,"bu","14:18:37",4542000
28.85,0.75,400,"bu","14:18:37",4541900
28.85,0.75,200,"bu","14:18:36",4541500
28.85,0.75,2000,"bu","14:18:36",4541300
28.85,0.75,700,"bu","14:18:36",4539300
28.85,0.75,1000,"bu","14:18:35",4538600
28.85,0.75,3000,"bu","14:18:35",4537600
28.85,0.75,500,"bu","14:18:35",4534600
28.85,0.75,100,"bu","14:18:35",4534100
28.85,0.75,1000,"bu","14:18:35",4534000
28.85,0.75,1000,"bu","14:18:35",4533000
28.85,0.75,1000,"bu","14:18:34",4532000
28.85,0.75,5400,"bu","14:18:32",4531000
28.85,0.75,24600,"bu","14:18:32",4525600
28.85,0.75,500,"bu","14:18:32",4501000
28.85,0.75,1000,"bu","14:18:31",4500500
28.85,0.75,20000,"bu","14:18:27",4499500
28.85,0.75,1300,"bu","14:18:25",4479500
28.85,0.75,700,"bu","14:18:23",4478200
28.85,0.75,200,"bu","14:18:23",4477500
28.85,0.75,200,"bu","14:18:22",4477300
28.85,0.75,100,"bu","14:18:22",4477100
28.85,0.75,100,"bu","14:18:22",4477000
28.85,0.75,1000,"bu","14:18:22",4476900
28.85,0.75,100,"bu","14:18:22",4475900
28.85,0.75,500,"bu","14:18:22",4475800
28.85,0.75,100,"bu","14:18:22",4475300
28.85,0.75,400,"bu","14:18:22",4475200
28.85,0.75,100,"bu","14:18:22",4474800
28.85,0.75,100,"bu","14:18:22",4474700
28.85,0.75,500,"bu","14:18:22",4474600
28.85,0.75,1700,"bu","14:18:22",4474100
28.85,0.75,300,"bu","14:18:22",4472400
28.85,0.75,200,"bu","14:18:22",4472100
28.85,0.75,300,"bu","14:18:22",4471900
28.85,0.75,900,"bu","14:18:22",4471600
28.85,0.75,200,"bu","14:18:19",4470700
28.85,0.75,500,"bu","14:18:19",4470500
28.85,0.75,200,"bu","14:18:19",4470000
28.85,0.75,4100,"bu","14:18:19",4469800
28.85,0.75,500,"bu","14:18:19",4465700
28.85,0.75,1000,"bu","14:18:17",4465200
28.85,0.75,80000,"bu","14:18:14",4464200
28.85,0.75,100,"bu","14:18:11",4384200
28.85,0.75,15000,"bu","14:18:10",4384100
28.85,0.75,500,"bu","14:18:07",4369100
28.85,0.75,5000,"bu","14:18:05",4368600
28.85,0.75,5500,"bu","14:18:02",4363600
28.85,0.75,6400,"bu","14:18:01",4358100
28.85,0.75,12000,"bu","14:17:59",4351700
28.85,0.75,20000,"bu","14:17:54",4339700
28.85,0.75,6100,"bu","14:17:44",4319700
28.85,0.75,6200,"bu","14:17:32",4313600
28.8,0.7,500,"sd","14:17:26",4307400
28.8,0.7,700,"sd","14:16:50",4306900
28.8,0.7,100,"sd","14:16:50",4306200
28.8,0.7,500,"sd","14:16:50",4306100
28.8,0.7,500,"sd","14:16:50",4305600
28.8,0.7,200,"sd","14:16:50",4305100
28.8,0.7,300,"sd","14:16:48",4304900
28.8,0.7,1000,"sd","14:16:47",4304600
28.8,0.7,100,"sd","14:15:25",4303600
28.8,0.7,400,"sd","14:14:33",4303500
28.8,0.7,300,"sd","14:14:33",4303100
28.85,0.75,1000,"bu","14:14:06",4302800
28.85,0.75,500,"bu","14:14:01",4301800
28.8,0.7,600,"sd","14:13:35",4301300
28.85,0.75,2000,"bu","14:13:28",4300700
28.8,0.7,100,"sd","14:13:25",4298700
28.85,0.75,3000,"bu","14:13:20",4298600
28.8,0.7,600,"sd","14:12:26",4295600
28.8,0.7,200,"sd","14:12:18",4295000
28.85,0.75,1000,"bu","14:12:02",4294800
28.8,0.7,200,"sd","14:11:58",4293800
28.8,0.7,200,"sd","14:11:58",4293600
28.85,0.75,100,"bu","14:11:32",4293400
28.8,0.7,1000,"sd","14:11:23",4293300
28.8,0.7,300,"sd","14:11:03",4292300
28.8,0.7,100,"sd","14:10:52",4292000
28.8,0.7,100,"sd","14:10:43",4291900
28.8,0.7,200,"sd","14:10:39",4291800
28.8,0.7,100,"sd","14:10:16",4291600
28.8,0.7,200,"bu","14:10:00",4291500
28.8,0.7,300,"bu","14:10:00",4291300
28.8,0.7,1000,"bu","14:09:58",4291000
28.8,0.7,100,"bu","14:09:51",4290000
28.8,0.7,11800,"bu","14:09:41",4289900
28.8,0.7,1500,"bu","14:09:41",4278100
28.8,0.7,700,"bu","14:09:41",4276600
28.8,0.7,1000,"bu","14:09:41",4275900
28.8,0.7,3000,"bu","14:09:41",4274900
28.8,0.7,2000,"bu","14:09:41",4271900
28.8,0.7,1000,"bu","14:09:37",4269900
28.8,0.7,300,"bu","14:09:34",4268900
28.75,0.65,300,"sd","14:09:29",4268600
28.8,0.7,200,"bu","14:09:08",4268300
28.75,0.65,500,"sd","14:08:41",4268100
28.75,0.65,200,"sd","14:08:00",4267600
28.8,0.7,100,"sd","14:07:30",4267400
28.8,0.7,100,"sd","14:07:30",4267300
28.8,0.7,1300,"sd","14:07:30",4267200
28.8,0.7,2000,"bu","14:07:07",4265900
28.8,0.7,500,"bu","14:07:07",4263900
28.8,0.7,100,"bu","14:07:07",4263400
28.8,0.7,3000,"bu","14:07:07",4263300
28.8,0.7,1100,"bu","14:07:07",4260300
28.75,0.65,200,"sd","14:07:04",4259200
28.8,0.7,2000,"bu","14:06:53",4259000
28.75,0.65,1400,"sd","14:06:52",4257000
28.8,0.7,900,"bu","14:06:46",4255600
28.8,0.7,1100,"bu","14:06:46",4254700
28.75,0.65,2000,"sd","14:06:45",4253600
28.8,0.7,1900,"bu","14:06:38",4251600
28.8,0.7,100,"bu","14:06:38",4249700
28.8,0.7,400,"bu","14:06:38",4249600
28.8,0.7,100,"bu","14:06:38",4249200
28.8,0.7,1000,"bu","14:06:38",4249100
28.8,0.7,5000,"bu","14:06:38",4248100
28.8,0.7,500,"bu","14:06:38",4243100
28.8,0.7,4000,"bu","14:06:38",4242600
28.75,0.65,200,"sd","14:05:48",4238600
28.8,0.7,300,"bu","14:05:39",4238400
28.8,0.7,1000,"bu","14:05:39",4238100
28.8,0.7,900,"sd","14:05:39",4237100
28.8,0.7,300,"sd","14:05:39",4236200
28.8,0.7,200,"sd","14:05:39",4235900
28.8,0.7,200,"sd","14:05:39",4235700
28.8,0.7,28000,"sd","14:05:39",4235500
28.8,0.7,15100,"sd","14:05:39",4207500
28.8,0.7,2000,"sd","14:05:29",4192400
28.8,0.7,200,"sd","14:05:20",4190400
28.8,0.7,1100,"sd","14:05:19",4190200
28.8,0.7,1000,"sd","14:05:19",4189100
28.8,0.7,600,"sd","14:04:59",4188100
28.8,0.7,100,"sd","14:04:59",4187500
28.8,0.7,200,"sd","14:04:59",4187400
28.8,0.7,300,"sd","14:04:59",4187200
28.8,0.7,500,"sd","14:04:59",4186900
28.8,0.7,300,"sd","14:04:59",4186400
28.8,0.7,100,"sd","14:04:59",4186100
28.8,0.7,500,"sd","14:04:59",4186000
28.8,0.7,200,"sd","14:04:59",4185500
28.8,0.7,2200,"sd","14:04:59",4185300
28.8,0.7,2000,"sd","14:04:55",4183100
28.8,0.7,1000,"sd","14:04:54",4181100
28.8,0.7,500,"sd","14:04:48",4180100
28.8,0.7,100,"sd","14:04:47",4179600
28.8,0.7,2000,"sd","14:04:38",4179500
28.8,0.7,300,"sd","14:04:34",4177500
28.8,0.7,500,"sd","14:04:27",4177200
28.85,0.75,200,"bu","14:04:23",4176700
28.8,0.7,100,"sd","14:04:22",4176500
28.8,0.7,100,"sd","14:04:14",4176400
28.8,0.7,500,"sd","14:04:08",4176300
28.8,0.7,2000,"sd","14:04:06",4175800
28.8,0.7,100,"sd","14:03:57",4173800
28.8,0.7,500,"sd","14:03:37",4173700
28.8,0.7,100,"sd","14:03:34",4173200
28.8,0.7,2000,"sd","14:03:30",4173100
28.8,0.7,200,"sd","14:03:03",4171100
28.8,0.7,3000,"sd","14:02:54",4170900
28.8,0.7,200,"sd","14:02:53",4167900
28.8,0.7,200,"sd","14:02:09",4167700
28.8,0.7,100,"sd","14:02:06",4167500
28.8,0.7,1000,"sd","14:02:03",4167400
28.8,0.7,3000,"sd","14:01:51",4166400
28.85,0.75,1100,"bu","14:01:22",4163400
28.8,0.7,1000,"sd","14:01:02",4162300
28.8,0.7,4000,"sd","14:00:40",4161300
28.8,0.7,400,"sd","14:00:34",4157300
28.85,0.75,500,"bu","14:00:32",4156900
28.8,0.7,900,"sd","14:00:30",4156400
28.8,0.7,100,"sd","14:00:30",4155500
28.8,0.7,100,"sd","14:00:26",4155400
28.8,0.7,300,"sd","14:00:26",4155300
28.8,0.7,400,"sd","14:00:20",4155000
28.85,0.75,100,"bu","13:59:55",4154600
28.8,0.7,1800,"sd","13:59:45",4154500
28.8,0.7,100,"sd","13:59:41",4152700
28.8,0.7,500,"sd","13:59:25",4152600
28.8,0.7,100,"sd","13:59:19",4152100
28.8,0.7,200,"sd","13:59:11",4152000
28.8,0.7,3000,"sd","13:58:59",4151800
28.8,0.7,300,"sd","13:58:59",4148800
28.8,0.7,1000,"sd","13:58:41",4148500
28.8,0.7,500,"sd","13:58:35",4147500
28.8,0.7,1800,"sd","13:58:30",4147000
28.8,0.7,100,"sd","13:58:30",4145200
28.8,0.7,100,"sd","13:58:30",4145100
28.8,0.7,200,"sd","13:58:30",4145000
28.8,0.7,1000,"sd","13:58:30",4144800
28.8,0.7,100,"sd","13:58:30",4143800
28.8,0.7,100,"sd","13:58:30",4143700
28.8,0.7,500,"sd","13:58:30",4143600
28.8,0.7,100,"sd","13:58:30",4143100
28.8,0.7,6000,"sd","13:58:30",4143000
28.8,0.7,30000,"sd","13:58:25",4137000
28.8,0.7,300,"sd","13:58:16",4107000
28.8,0.7,10000,"sd","13:57:53",4106700
28.8,0.7,3700,"sd","13:57:46",4096700
28.8,0.7,1300,"sd","13:57:46",4093000
28.8,0.7,300,"sd","13:57:40",4091700
28.8,0.7,100,"sd","13:57:36",4091400
28.8,0.7,1300,"sd","13:57:28",4091300
28.8,0.7,800,"sd","13:57:28",4090000
28.8,0.7,900,"sd","13:57:28",4089200
28.8,0.7,100,"sd","13:57:23",4088300
28.8,0.7,100,"sd","13:57:23",4088200
28.8,0.7,100,"sd","13:57:23",4088100
28.8,0.7,500,"sd","13:56:46",4088000
28.8,0.7,4500,"sd","13:56:46",4087500
28.85,0.75,3000,"bu","13:56:35",4083000
28.8,0.7,500,"sd","13:56:07",4080000
28.85,0.75,100,"bu","13:55:11",4079500
28.8,0.7,1500,"sd","13:54:35",4079400
28.8,0.7,200,"sd","13:54:30",4077900
28.8,0.7,2000,"sd","13:54:21",4077700
28.85,0.75,100,"bu","13:54:20",4075700
28.8,0.7,200,"sd","13:53:54",4075600
28.8,0.7,200,"sd","13:53:53",4075400
28.8,0.7,900,"sd","13:53:41",4075200
28.8,0.7,100,"sd","13:53:41",4074300
28.8,0.7,400,"sd","13:53:37",4074200
28.8,0.7,800,"sd","13:53:37",4073800
28.85,0.75,500,"bu","13:53:29",4073000
28.8,0.7,200,"sd","13:53:26",4072500
28.8,0.7,300,"sd","13:53:26",4072300
28.8,0.7,300,"sd","13:53:07",4072000
28.85,0.75,100,"bu","13:52:59",4071700
28.8,0.7,400,"sd","13:52:47",4071600
28.8,0.7,1800,"sd","13:52:47",4071200
28.8,0.7,500,"sd","13:52:47",4069400
28.8,0.7,1300,"sd","13:52:47",4068900
28.8,0.7,500,"sd","13:52:43",4067600
28.8,0.7,200,"sd","13:51:37",4067100
28.8,0.7,100,"sd","13:51:37",4066900
28.8,0.7,100,"sd","13:51:37",4066800
28.8,0.7,400,"sd","13:51:37",4066700
28.8,0.7,100,"sd","13:51:37",4066300
28.8,0.7,100,"sd","13:51:37",4066200
28.8,0.7,100,"sd","13:51:11",4066100
28.8,0.7,400,"sd","13:51:03",4066000
28.8,0.7,400,"sd","13:51:00",4065600
28.8,0.7,600,"sd","13:51:00",4065200
28.8,0.7,200,"sd","13:50:55",4064600
28.8,0.7,9100,"sd","13:50:45",4064400
28.8,0.7,100,"sd","13:50:45",4055300
28.8,0.7,5000,"sd","13:50:45",4055200
28.8,0.7,200,"sd","13:50:45",4050200
28.8,0.7,1000,"sd","13:50:45",4050000
28.8,0.7,100,"sd","13:50:45",4049000
28.8,0.7,100,"sd","13:50:45",4048900
28.8,0.7,500,"sd","13:50:45",4048800
28.8,0.7,14900,"sd","13:50:45",4048300
28.8,0.7,100,"sd","13:50:25",4033400
28.85,0.75,300,"bu","13:50:19",4033300
28.85,0.75,1000,"bu","13:50:19",4033000
28.85,0.75,1000,"bu","13:50:12",4032000
28.85,0.75,10900,"bu","13:49:54",4031000
28.8,0.7,100,"sd","13:49:52",4020100
28.8,0.7,100,"sd","13:49:52",4020000
28.8,0.7,200,"sd","13:49:52",4019900
28.8,0.7,100,"sd","13:49:52",4019700
28.85,0.75,1900,"bu","13:49:51",4019600
28.8,0.7,300,"sd","13:49:41",4017700
28.8,0.7,100,"sd","13:49:41",4017400
28.8,0.7,200,"sd","13:49:41",4017300
28.8,0.7,200,"sd","13:49:15",4017100
28.8,0.7,100,"sd","13:49:00",4016900
28.8,0.7,1000,"sd","13:48:52",4016800
28.8,0.7,500,"sd","13:48:52",4015800
28.8,0.7,500,"sd","13:48:52",4015300
28.8,0.7,200,"sd","13:48:52",4014800
28.8,0.7,4000,"sd","13:48:52",4014600
28.8,0.7,13800,"sd","13:48:52",4010600
28.8,0.7,100,"sd","13:48:40",3996800
28.85,0.75,700,"bu","13:48:30",3996700
28.8,0.7,3400,"sd","13:47:51",3996000
28.85,0.75,4900,"bu","13:47:45",3992600
28.8,0.7,300,"sd","13:46:46",3987700
28.8,0.7,400,"sd","13:46:39",3987400
28.8,0.7,400,"sd","13:46:32",3987000
28.85,0.75,200,"bu","13:46:05",3986600
28.85,0.75,200,"bu","13:46:03",3986400
28.85,0.75,100,"sd","13:45:45",3986200
28.85,0.75,100,"sd","13:45:45",3986100
28.85,0.75,200,"sd","13:45:45",3986000
28.85,0.75,700,"sd","13:45:45",3985800
28.85,0.75,2100,"sd","13:45:45",3985100
28.85,0.75,200,"sd","13:45:42",3983000
28.9,0.8,5000,"bu","13:45:20",3982800
28.85,0.75,7700,"sd","13:44:38",3977800
28.85,0.75,300,"sd","13:44:38",3970100
28.85,0.75,200,"sd","13:44:38",3969800
28.85,0.75,400,"sd","13:44:38",3969600
28.85,0.75,3000,"sd","13:44:38",3969200
28.85,0.75,100,"sd","13:44:38",3966200
28.85,0.75,2000,"sd","13:44:38",3966100
28.85,0.75,200,"sd","13:44:38",3964100
28.85,0.75,300,"sd","13:44:38",3963900
28.85,0.75,4100,"sd","13:44:38",3963600
28.85,0.75,300,"sd","13:44:38",3959500
28.85,0.75,3000,"sd","13:44:38",3959200
28.85,0.75,500,"sd","13:44:38",3956200
28.85,0.75,300,"sd","13:44:38",3955700
28.85,0.75,100,"sd","13:44:38",3955400
28.85,0.75,2000,"sd","13:44:38",3955300
28.85,0.75,1000,"sd","13:44:38",3953300
28.85,0.75,1000,"sd","13:44:38",3952300
28.85,0.75,200,"sd","13:44:38",3951300
28.85,0.75,3300,"sd","13:44:38",3951100
28.85,0.75,300,"sd","13:44:37",3947800
28.85,0.75,4700,"sd","13:44:37",3947500
28.85,0.75,8000,"sd","13:44:30",3942800
28.85,0.75,3400,"sd","13:44:20",3934800
28.85,0.75,500,"sd","13:44:06",3931400
28.85,0.75,100,"sd","13:44:05",3930900
28.85,0.75,1000,"sd","13:43:58",3930800
28.85,0.75,1000,"sd","13:43:50",3929800
28.85,0.75,2000,"sd","13:43:49",3928800
28.85,0.75,1000,"sd","13:43:30",3926800
28.85,0.75,100,"sd","13:43:28",3925800
28.9,0.8,200,"bu","13:43:15",3925700
28.85,0.75,8200,"sd","13:43:03",3925500
28.85,0.75,100,"sd","13:43:03",3917300
28.85,0.75,5000,"sd","13:43:03",3917200
28.85,0.75,500,"sd","13:43:03",3912200
28.85,0.75,700,"sd","13:43:03",3911700
28.85,0.75,2000,"sd","13:43:03",3911000
28.85,0.75,1000,"sd","13:43:03",3909000
28.85,0.75,1000,"sd","13:43:03",3908000
28.85,0.75,1500,"sd","13:43:03",3907000
28.85,0.75,1500,"sd","13:42:31",3905500
28.85,0.75,500,"sd","13:42:31",3904000
28.85,0.75,1000,"sd","13:42:31",3903500
28.85,0.75,3300,"sd","13:41:59",3902500
28.9,0.8,200,"bu","13:41:56",3899200
28.9,0.8,200,"bu","13:41:50",3899000
28.9,0.8,500,"bu","13:41:48",3898800
28.9,0.8,200,"bu","13:41:42",3898300
28.9,0.8,200,"bu","13:41:32",3898100
28.9,0.8,3000,"bu","13:41:23",3897900
28.9,0.8,5000,"bu","13:41:16",3894900
28.9,0.8,2000,"bu","13:41:10",3889900
28.9,0.8,500,"bu","13:41:00",3887900
28.9,0.8,200,"bu","13:40:55",3887400
28.9,0.8,200,"bu","13:40:51",3887200
28.9,0.8,1000,"bu","13:40:51",3887000
28.9,0.8,500,"bu","13:40:34",3886000
28.85,0.75,100,"sd","13:40:28",3885500
28.9,0.8,3000,"bu","13:40:22",3885400
28.9,0.8,200,"bu","13:40:15",3882400
28.9,0.8,16000,"bu","13:39:48",3882200
28.9,0.8,200,"bu","13:39:13",3866200
28.9,0.8,9000,"bu","13:38:55",3866000
28.85,0.75,500,"sd","13:38:30",3857000
28.85,0.75,2100,"sd","13:37:57",3856500
28.85,0.75,300,"sd","13:37:55",3854400
28.85,0.75,800,"sd","13:37:53",3854100
28.85,0.75,300,"sd","13:37:53",3853300
28.85,0.75,1000,"sd","13:37:01",3853000
28.9,0.8,9400,"bu","13:36:56",3852000
28.9,0.8,200,"bu","13:36:56",3842600
28.9,0.8,5400,"bu","13:36:56",3842400
28.9,0.8,400,"bu","13:36:11",3837000
28.85,0.75,600,"sd","13:35:55",3836600
28.85,0.75,1400,"sd","13:35:55",3836000
28.85,0.75,3600,"sd","13:35:18",3834600
28.85,0.75,100,"sd","13:35:18",3831000
28.85,0.75,1000,"sd","13:35:18",3830900
28.85,0.75,1000,"sd","13:35:18",3829900
28.85,0.75,100,"sd","13:35:18",3828900
28.85,0.75,100,"sd","13:35:18",3828800
28.85,0.75,100,"sd","13:35:18",3828700
28.85,0.75,300,"sd","13:35:18",3828600
28.85,0.75,1700,"sd","13:35:18",3828300
28.9,0.8,300,"bu","13:35:17",3826600
28.9,0.8,300,"bu","13:35:16",3826300
28.85,0.75,200,"sd","13:35:13",3826000
28.9,0.8,3600,"bu","13:34:57",3825800
28.85,0.75,500,"sd","13:34:42",3822200
28.85,0.75,300,"sd","13:34:12",3821700
28.85,0.75,200,"sd","13:34:12",3821400
28.85,0.75,300,"sd","13:34:04",3821200
28.85,0.75,1000,"sd","13:34:04",3820900
28.85,0.75,100,"sd","13:34:04",3819900
28.85,0.75,500,"sd","13:34:04",3819800
28.85,0.75,1000,"sd","13:34:04",3819300
28.85,0.75,2000,"sd","13:34:04",3818300
28.85,0.75,100,"sd","13:34:04",3816300
28.85,0.75,100,"bu","13:33:28",3816200
28.85,0.75,100,"bu","13:33:27",3816100
28.85,0.75,900,"bu","13:33:26",3816000
28.85,0.75,400,"bu","13:33:26",3815100
28.85,0.75,200,"bu","13:33:26",3814700
28.85,0.75,5000,"bu","13:33:26",3814500
28.85,0.75,1000,"bu","13:33:26",3809500
28.85,0.75,2000,"bu","13:33:26",3808500
28.85,0.75,100,"bu","13:33:26",3806500
28.85,0.75,1000,"bu","13:33:26",3806400
28.85,0.75,400,"bu","13:33:26",3805400
28.85,0.75,2400,"bu","13:33:26",3805000
28.85,0.75,2000,"bu","13:33:26",3802600
28.85,0.75,200,"bu","13:33:26",3800600
28.85,0.75,100,"bu","13:33:26",3800400
28.85,0.75,500,"bu","13:33:26",3800300
28.85,0.75,500,"bu","13:33:26",3799800
28.85,0.75,200,"bu","13:33:26",3799300
28.85,0.75,700,"bu","13:33:26",3799100
28.85,0.75,300,"bu","13:33:26",3798400
28.85,0.75,600,"bu","13:33:26",3798100
28.85,0.75,500,"bu","13:33:26",3797500
28.85,0.75,1500,"bu","13:33:26",3797000
28.85,0.75,29500,"bu","13:33:26",3795500
28.85,0.75,100,"bu","13:33:18",3766000
28.85,0.75,700,"bu","13:33:17",3765900
28.85,0.75,3000,"bu","13:33:11",3765200
28.85,0.75,100,"bu","13:32:57",3762200
28.85,0.75,500,"bu","13:32:55",3762100
28.85,0.75,6900,"bu","13:32:51",3761600
28.85,0.75,2200,"bu","13:32:50",3754700
28.85,0.75,100,"bu","13:32:47",3752500
28.85,0.75,100,"bu","13:32:29",3752400
28.85,0.75,200,"bu","13:32:25",3752300
28.85,0.75,1000,"bu","13:32:23",3752100
28.85,0.75,2800,"bu","13:32:20",3751100
28.85,0.75,1000,"bu","13:32:19",3748300
28.85,0.75,1000,"bu","13:32:12",3747300
28.85,0.75,20000,"bu","13:32:02",3746300
28.85,0.75,3000,"bu","13:31:50",3726300
28.85,0.75,1000,"bu","13:31:46",3723300
28.85,0.75,400,"bu","13:31:37",3722300
28.8,0.7,100,"sd","13:31:33",3721900
28.85,0.75,1000,"bu","13:31:28",3721800
28.85,0.75,3000,"bu","13:31:25",3720800
28.85,0.75,1000,"bu","13:31:19",3717800
28.85,0.75,100,"bu","13:31:13",3716800
28.85,0.75,8000,"bu","13:30:59",3716700
28.85,0.75,3000,"bu","13:30:43",3708700
28.8,0.7,500,"sd","13:30:41",3705700
28.8,0.7,500,"sd","13:30:41",3705200
28.8,0.7,1000,"sd","13:30:24",3704700
28.85,0.75,100,"bu","13:30:23",3703700
28.85,0.75,7000,"bu","13:30:20",3703600
28.85,0.75,100,"bu","13:30:00",3696600
28.85,0.75,1000,"bu","13:29:57",3696500
28.8,0.7,200,"sd","13:29:52",3695500
28.85,0.75,300,"bu","13:29:51",3695300
28.85,0.75,100,"bu","13:29:21",3695000
28.85,0.75,15000,"bu","13:29:18",3694900
28.85,0.75,100,"bu","13:29:16",3679900
28.85,0.75,5000,"bu","13:29:13",3679800
28.85,0.75,5000,"bu","13:29:09",3674800
28.85,0.75,5000,"bu","13:28:51",3669800
28.8,0.7,200,"sd","13:28:50",3664800
28.85,0.75,15000,"bu","13:28:45",3664600
28.85,0.75,6600,"bu","13:28:24",3649600
28.85,0.75,6900,"bu","13:28:17",3643000
28.85,0.75,1000,"bu","13:28:15",3636100
28.85,0.75,15000,"bu","13:28:15",3635100
28.85,0.75,1000,"bu","13:28:02",3620100
28.85,0.75,1700,"bu","13:27:56",3619100
28.85,0.75,2000,"bu","13:27:55",3617400
28.85,0.75,1000,"bu","13:27:39",3615400
28.8,0.7,500,"sd","13:27:15",3614400
28.8,0.7,500,"sd","13:27:14",3613900
28.85,0.75,100,"bu","13:26:59",3613400
28.85,0.75,2400,"bu","13:26:17",3613300
28.85,0.75,100,"bu","13:26:04",3610900
28.85,0.75,500,"bu","13:26:00",3610800
28.85,0.75,300,"bu","13:25:52",3610300
28.85,0.75,100,"bu","13:25:01",3610000
28.85,0.75,5000,"sd","13:24:55",3609900
28.85,0.75,5000,"sd","13:24:55",3604900
28.85,0.75,500,"sd","13:24:55",3599900
28.85,0.75,500,"sd","13:24:55",3599400
28.85,0.75,500,"sd","13:24:55",3598900
28.85,0.75,200,"sd","13:24:55",3598400
28.85,0.75,6200,"sd","13:24:55",3598200
28.85,0.75,500,"sd","13:24:53",3592000
28.85,0.75,1000,"sd","13:24:46",3591500
28.85,0.75,600,"bu","13:24:40",3590500
28.85,0.75,700,"bu","13:24:40",3589900
28.85,0.75,400,"bu","13:24:40",3589200
28.85,0.75,15600,"bu","13:24:40",3588800
28.85,0.75,1000,"bu","13:24:38",3573200
28.85,0.75,100,"bu","13:24:37",3572200
28.85,0.75,500,"bu","13:24:36",3572100
28.85,0.75,200,"bu","13:24:36",3571600
28.85,0.75,1000,"bu","13:24:35",3571400
28.85,0.75,300,"bu","13:24:32",3570400
28.85,0.75,51900,"bu","13:24:17",3570100
28.85,0.75,50000,"bu","13:24:13",3518200
28.85,0.75,500,"bu","13:23:57",3468200
28.85,0.75,500,"bu","13:23:37",3467700
28.8,0.7,100,"sd","13:23:34",3467200
28.8,0.7,400,"sd","13:23:34",3467100
28.8,0.7,100,"sd","13:23:13",3466700
28.8,0.7,2900,"sd","13:23:13",3466600
28.85,0.75,600,"bu","13:23:09",3463700
28.85,0.75,6800,"bu","13:23:05",3463100
28.85,0.75,6100,"bu","13:22:51",3456300
28.8,0.7,100,"sd","13:22:36",3450200
28.8,0.7,500,"sd","13:22:32",3450100
28.8,0.7,500,"sd","13:22:23",3449600
28.8,0.7,1000,"sd","13:21:44",3449100
28.8,0.7,1500,"sd","13:21:44",3448100
28.85,0.75,100,"bu","13:21:28",3446600
28.85,0.75,200,"sd","13:20:57",3446500
28.85,0.75,1000,"sd","13:20:57",3446300
28.85,0.75,3800,"sd","13:20:57",3445300
28.85,0.75,18800,"sd","13:20:57",3441500
28.85,0.75,100,"sd","13:20:57",3422700
28.85,0.75,2000,"sd","13:20:57",3422600
28.85,0.75,300,"sd","13:20:57",3420600
28.85,0.75,1000,"sd","13:20:57",3420300
28.85,0.75,100,"sd","13:20:57",3419300
28.85,0.75,37500,"sd","13:20:57",3419200
28.9,0.8,200,"bu","13:20:53",3381700
28.9,0.8,100,"bu","13:20:53",3381500
28.9,0.8,200,"bu","13:20:48",3381400
28.9,0.8,1000,"bu","13:20:48",3381200
28.9,0.8,3000,"bu","13:20:48",3380200
28.9,0.8,800,"bu","13:20:48",3377200
28.9,0.8,200,"bu","13:20:41",3376400
28.9,0.8,2000,"bu","13:20:37",3376200
28.9,0.8,500,"bu","13:20:29",3374200
28.9,0.8,100,"bu","13:20:22",3373700
28.9,0.8,1000,"bu","13:20:22",3373600
28.9,0.8,500,"sd","13:20:13",3372600
28.9,0.8,3900,"sd","13:20:13",3372100
28.9,0.8,500,"sd","13:20:11",3368200
28.9,0.8,500,"sd","13:19:54",3367700
28.9,0.8,500,"sd","13:19:50",3367200
28.9,0.8,14600,"sd","13:19:45",3366700
28.9,0.8,200,"sd","13:19:45",3352100
28.9,0.8,100,"sd","13:19:45",3351900
28.9,0.8,100,"sd","13:19:45",3351800
28.9,0.8,300,"sd","13:19:45",3351700
28.9,0.8,300,"sd","13:19:45",3351400
28.9,0.8,4400,"sd","13:19:45",3351100
28.9,0.8,20600,"sd","13:19:35",3346700
28.9,0.8,4800,"sd","13:19:35",3326100
28.9,0.8,100,"sd","13:19:35",3321300
28.9,0.8,2500,"sd","13:19:35",3321200
28.9,0.8,500,"sd","13:19:35",3318700
28.9,0.8,900,"sd","13:19:35",3318200
28.9,0.8,100,"sd","13:19:35",3317300
28.9,0.8,500,"sd","13:19:35",3317200
28.9,0.8,300,"sd","13:19:21",3316700
28.9,0.8,1000,"sd","13:19:21",3316400
28.9,0.8,100,"sd","13:19:05",3315400
28.9,0.8,1500,"sd","13:18:54",3315300
28.9,0.8,2300,"sd","13:18:51",3313800
28.9,0.8,200,"sd","13:18:51",3311500
28.9,0.8,200,"sd","13:18:51",3311300
28.9,0.8,100,"sd","13:18:39",3311100
28.9,0.8,200,"sd","13:18:27",3311000
28.9,0.8,500,"sd","13:18:26",3310800
28.9,0.8,9500,"sd","13:18:20",3310300
28.9,0.8,500,"sd","13:18:12",3300800
28.9,0.8,500,"sd","13:18:12",3300300
28.9,0.8,100,"sd","13:17:50",3299800
28.9,0.8,1000,"sd","13:17:50",3299700
28.9,0.8,200,"sd","13:17:50",3298700
28.9,0.8,500,"sd","13:17:50",3298500
28.9,0.8,200,"sd","13:17:50",3298000
28.9,0.8,500,"sd","13:17:40",3297800
28.9,0.8,1500,"sd","13:17:40",3297300
28.95,0.85,200,"bu","13:16:52",3295800
28.95,0.85,4000,"bu","13:15:47",3295600
28.95,0.85,10000,"bu","13:15:34",3291600
28.95,0.85,100,"bu","13:15:22",3281600
28.9,0.8,100,"sd","13:15:16",3281500
28.9,0.8,100,"sd","13:15:02",3281400
28.95,0.85,1000,"bu","13:14:53",3281300
28.9,0.8,100,"sd","13:14:32",3280300
28.9,0.8,100,"sd","13:14:20",3280200
28.9,0.8,2000,"sd","13:14:19",3280100
28.9,0.8,100,"sd","13:14:05",3278100
28.9,0.8,1000,"sd","13:14:00",3278000
28.9,0.8,400,"sd","13:13:28",3277000
28.9,0.8,800,"sd","13:13:25",3276600
28.9,0.8,300,"sd","13:13:12",3275800
28.9,0.8,500,"sd","13:13:08",3275500
28.9,0.8,300,"sd","13:12:43",3275000
28.9,0.8,600,"sd","13:12:41",3274700
28.95,0.85,100,"bu","13:12:15",3274100
28.9,0.8,500,"sd","13:12:02",3274000
28.9,0.8,400,"sd","13:11:47",3273500
28.9,0.8,100,"sd","13:11:30",3273100
28.9,0.8,10000,"sd","13:11:02",3273000
28.95,0.85,4000,"bu","13:10:59",3263000
28.95,0.85,1100,"bu","13:10:55",3259000
28.95,0.85,200,"bu","13:10:29",3257900
28.95,0.85,10000,"bu","13:09:46",3257700
28.95,0.85,1000,"bu","13:09:39",3247700
28.95,0.85,100,"bu","13:09:38",3246700
28.95,0.85,200,"bu","13:09:08",3246600
28.95,0.85,100,"bu","13:07:54",3246400
28.95,0.85,10000,"bu","13:07:31",3246300
28.95,0.85,8000,"bu","13:07:30",3236300
28.95,0.85,8000,"bu","13:07:28",3228300
28.9,0.8,1000,"sd","13:07:13",3220300
28.9,0.8,500,"sd","13:06:57",3219300
28.95,0.85,600,"bu","13:06:44",3218800
28.95,0.85,600,"bu","13:06:23",3218200
28.95,0.85,8000,"bu","13:06:21",3217600
28.95,0.85,8000,"bu","13:06:19",3209600
28.9,0.8,500,"sd","13:06:07",3201600
28.95,0.85,8000,"bu","13:05:25",3201100
28.95,0.85,8000,"bu","13:05:23",3193100
28.95,0.85,8000,"bu","13:05:21",3185100
28.95,0.85,8000,"bu","13:05:20",3177100
28.95,0.85,200,"bu","13:05:13",3169100
28.9,0.8,2000,"sd","13:05:05",3168900
28.95,0.85,8000,"bu","13:04:51",3166900
28.95,0.85,8000,"bu","13:04:47",3158900
28.95,0.85,2000,"bu","13:04:47",3150900
28.9,0.8,400,"sd","13:04:17",3148900
28.95,0.85,4500,"bu","13:04:12",3148500
28.95,0.85,3500,"bu","13:04:12",3144000
28.9,0.8,1800,"sd","13:04:10",3140500
28.95,0.85,100,"bu","13:03:56",3138700
28.9,0.8,1200,"sd","13:03:52",3138600
28.9,0.8,1000,"sd","13:03:51",3137400
28.9,0.8,400,"sd","13:03:40",3136400
28.9,0.8,2300,"sd","13:03:22",3136000
28.9,0.8,500,"sd","13:03:19",3133700
28.9,0.8,1000,"sd","13:03:07",3133200
28.9,0.8,5000,"bu","13:02:42",3132200
28.9,0.8,1700,"bu","13:02:42",3127200
28.9,0.8,400,"bu","13:02:42",3125500
28.9,0.8,100,"bu","13:02:42",3125100
28.9,0.8,100,"bu","13:02:42",3125000
28.9,0.8,1000,"bu","13:02:42",3124900
28.9,0.8,1200,"bu","13:02:42",3123900
28.9,0.8,100,"bu","13:02:42",3122700
28.9,0.8,200,"bu","13:02:42",3122600
28.9,0.8,1200,"bu","13:02:42",3122400
28.9,0.8,100,"bu","13:02:42",3121200
28.9,0.8,1000,"bu","13:02:42",3121100
28.9,0.8,600,"bu","13:02:42",3120100
28.9,0.8,600,"bu","13:02:42",3119500
28.9,0.8,5200,"bu","13:02:42",3118900
28.9,0.8,4800,"bu","13:02:33",3113700
28.9,0.8,200,"bu","13:02:33",3108900
28.9,0.8,300,"bu","13:02:33",3108700
28.9,0.8,300,"bu","13:02:33",3108400
28.9,0.8,1000,"bu","13:02:33",3108100
28.9,0.8,1400,"bu","13:02:33",3107100
28.85,0.75,200,"sd","13:02:07",3105700
28.9,0.8,100,"bu","13:01:34",3105500
28.9,0.8,1000,"bu","13:00:19",3105400
28.9,0.8,200,"bu","13:00:19",3104400
28.9,0.8,500,"bu","13:00:19",3104200
28.9,0.8,300,"bu","13:00:19",3103700
28.9,0.8,200,"bu","13:00:18",3103400
28.9,0.8,200,"bu","13:00:18",3103200
28.9,0.8,300,"bu","13:00:16",3103000
28.9,0.8,100,"bu","13:00:14",3102700
28.9,0.8,300,"bu","13:00:13",3102600
28.9,0.8,100,"bu","13:00:13",3102300
28.9,0.8,900,"bu","13:00:13",3102200
28.9,0.8,100,"bu","13:00:12",3101300
28.9,0.8,100,"bu","13:00:11",3101200
28.95,0.85,200,"bu","13:00:10",3101100
28.9,0.8,3300,"bu","13:00:08",3100900
28.9,0.8,100,"bu","13:00:08",3097600
28.9,0.8,16900,"bu","13:00:08",3097500
28.9,0.8,5100,"bu","13:00:07",3080600
28.85,0.75,12600,"sd","13:00:07",3075500
28.9,0.8,100,"bu","13:00:06",3062900
28.9,0.8,100,"bu","13:00:06",3062800
28.9,0.8,12600,"bu","13:00:06",3062700
28.9,0.8,1800,"bu","13:00:06",3050100
28.9,0.8,3900,"bu","13:00:05",3048300
28.9,0.8,100,"bu","13:00:04",3044400
28.9,0.8,300,"bu","13:00:04",3044300
28.9,0.8,1000,"bu","13:00:03",3044000
28.9,0.8,1000,"bu","13:00:02",3043000
28.85,0.75,300,"sd","13:00:01",3042000
28.85,0.75,1000,"sd","13:00:01",3041700
28.85,0.75,2000,"sd","13:00:01",3040700
28.85,0.75,500,"sd","13:00:01",3038700
28.85,0.75,900,"sd","13:00:01",3038200
28.9,0.8,10000,"sd","11:29:46",3037300
28.9,0.8,300,"sd","11:29:35",3027300
28.95,0.85,800,"bu","11:29:18",3027000
28.95,0.85,100,"bu","11:29:18",3026200
28.95,0.85,100,"bu","11:29:18",3026100
28.95,0.85,100,"bu","11:29:18",3026000
28.95,0.85,5000,"bu","11:29:18",3025900
28.95,0.85,500,"bu","11:29:18",3020900
28.95,0.85,3400,"bu","11:29:18",3020400
28.9,0.8,700,"sd","11:29:09",3017000
28.9,0.8,100,"sd","11:28:39",3016300
28.9,0.8,100,"sd","11:27:59",3016200
28.9,0.8,1000,"sd","11:27:53",3016100
28.9,0.8,2000,"sd","11:27:40",3015100
28.9,0.8,2100,"bu","11:27:26",3013100
28.9,0.8,5000,"bu","11:27:26",3011000
28.9,0.8,14200,"bu","11:27:26",3006000
28.85,0.75,2400,"sd","11:27:25",2991800
28.85,0.75,100,"sd","11:27:25",2989400
28.85,0.75,5000,"sd","11:27:25",2989300
28.85,0.75,100,"sd","11:27:25",2984300
28.85,0.75,1400,"sd","11:27:25",2984200
28.9,0.8,500,"bu","11:27:13",2982800
28.85,0.75,9900,"sd","11:27:03",2982300
28.85,0.75,100,"sd","11:26:28",2972400
28.9,0.8,300,"bu","11:26:17",2972300
28.9,0.8,700,"bu","11:26:17",2972000
28.9,0.8,300,"sd","11:25:54",2971300
28.9,0.8,2700,"sd","11:25:37",2971000
28.9,0.8,100,"sd","11:25:37",2968300
28.9,0.8,300,"sd","11:25:37",2968200
28.9,0.8,1500,"sd","11:25:37",2967900
28.9,0.8,5000,"sd","11:25:37",2966400
28.9,0.8,100,"sd","11:25:37",2961400
28.9,0.8,700,"sd","11:25:37",2961300
28.9,0.8,4600,"sd","11:25:37",2960600
28.9,0.8,300,"sd","11:25:21",2956000
28.9,0.8,1100,"sd","11:24:56",2955700
28.9,0.8,2000,"sd","11:24:56",2954600
28.9,0.8,2000,"sd","11:24:56",2952600
28.9,0.8,1500,"sd","11:24:56",2950600
28.9,0.8,3400,"sd","11:24:56",2949100
28.9,0.8,1000,"sd","11:24:21",2945700
28.9,0.8,1500,"sd","11:24:11",2944700
28.9,0.8,500,"sd","11:23:58",2943200
28.9,0.8,300,"sd","11:23:35",2942700
28.9,0.8,500,"sd","11:22:50",2942400
28.9,0.8,500,"sd","11:22:49",2941900
28.9,0.8,5100,"sd","11:22:36",2941400
28.9,0.8,1000,"sd","11:22:36",2936300
28.9,0.8,2900,"sd","11:22:36",2935300
28.9,0.8,500,"sd","11:22:24",2932400
28.9,0.8,700,"sd","11:22:19",2931900
28.9,0.8,300,"sd","11:21:58",2931200
28.9,0.8,100,"sd","11:19:55",2930900
28.9,0.8,100,"sd","11:19:26",2930800
28.95,0.85,8000,"bu","11:19:23",2930700
28.9,0.8,200,"sd","11:19:09",2922700
28.95,0.85,500,"bu","11:19:06",2922500
28.95,0.85,100,"bu","11:18:35",2922000
28.95,0.85,1600,"bu","11:18:26",2921900
28.9,0.8,300,"sd","11:17:48",2920300
28.9,0.8,2700,"sd","11:16:35",2920000
28.9,0.8,1000,"sd","11:16:35",2917300
28.9,0.8,300,"sd","11:16:35",2916300
28.9,0.8,100,"sd","11:16:35",2916000
28.9,0.8,1900,"sd","11:16:35",2915900
28.9,0.8,200,"sd","11:16:32",2914000
28.95,0.85,1500,"bu","11:16:22",2913800
28.9,0.8,6000,"sd","11:16:15",2912300
28.9,0.8,200,"sd","11:15:45",2906300
28.9,0.8,200,"sd","11:15:41",2906100
28.9,0.8,100,"sd","11:13:51",2905900
28.9,0.8,300,"sd","11:13:31",2905800
28.95,0.85,700,"bu","11:12:42",2905500
28.95,0.85,500,"bu","11:10:59",2904800
28.95,0.85,500,"bu","11:10:59",2904300
28.9,0.8,100,"sd","11:10:53",2903800
28.9,0.8,100,"sd","11:10:53",2903700
28.9,0.8,100,"sd","11:10:45",2903600
28.9,0.8,500,"sd","11:10:45",2903500
28.9,0.8,100,"sd","11:10:45",2903000
28.9,0.8,400,"sd","11:10:45",2902900
28.9,0.8,400,"sd","11:10:45",2902500
28.9,0.8,1000,"sd","11:10:45",2902100
28.9,0.8,700,"sd","11:10:45",2901100
28.9,0.8,500,"sd","11:10:45",2900400
28.9,0.8,200,"sd","11:10:45",2899900
28.9,0.8,100,"sd","11:10:45",2899700
28.9,0.8,100,"sd","11:10:41",2899600
28.9,0.8,900,"sd","11:10:40",2899500
28.9,0.8,5100,"sd","11:10:40",2898600
28.9,0.8,500,"sd","11:10:30",2893500
28.9,0.8,100,"sd","11:09:37",2893000
28.9,0.8,100,"sd","11:09:36",2892900
28.9,0.8,1500,"sd","11:09:25",2892800
28.9,0.8,100,"sd","11:09:09",2891300
28.9,0.8,1800,"sd","11:08:54",2891200
28.9,0.8,100,"sd","11:08:19",2889400
28.9,0.8,300,"sd","11:08:19",2889300
28.9,0.8,200,"sd","11:08:05",2889000
28.9,0.8,6000,"sd","11:07:58",2888800
28.9,0.8,300,"sd","11:07:42",2882800
28.9,0.8,500,"sd","11:07:34",2882500
28.9,0.8,200,"sd","11:07:13",2882000
28.9,0.8,3000,"sd","11:06:23",2881800
28.95,0.85,100,"sd","11:06:23",2878800
28.95,0.85,900,"sd","11:06:23",2878700
28.95,0.85,3400,"sd","11:06:21",2877800
28.95,0.85,10000,"sd","11:06:03",2874400
28.95,0.85,5000,"sd","11:06:00",2864400
28.95,0.85,100,"sd","11:05:52",2859400
28.95,0.85,100,"sd","11:05:43",2859300
28.95,0.85,100,"sd","11:05:26",2859200
28.95,0.85,100,"sd","11:04:49",2859100
28.95,0.85,10000,"sd","11:04:42",2859000
28.95,0.85,1000,"bu","11:04:39",2849000
28.95,0.85,7000,"bu","11:04:39",2848000
28.95,0.85,3500,"bu","11:04:39",2841000
28.95,0.85,8800,"bu","11:04:39",2837500
28.9,0.8,2000,"sd","11:04:29",2828700
28.9,0.8,500,"sd","11:04:29",2826700
28.9,0.8,200,"sd","11:04:29",2826200
28.9,0.8,5300,"sd","11:04:29",2826000
28.9,0.8,100,"sd","11:04:15",2820700
28.9,0.8,1000,"sd","11:03:59",2820600
28.9,0.8,500,"sd","11:03:58",2819600
28.9,0.8,1000,"sd","11:03:36",2819100
28.9,0.8,2100,"sd","11:03:18",2818100
28.9,0.8,1000,"sd","11:03:18",2816000
28.9,0.8,100,"sd","11:03:18",2815000
28.9,0.8,500,"sd","11:03:18",2814900
28.9,0.8,1600,"sd","11:03:18",2814400
28.9,0.8,1900,"sd","11:03:18",2812800
28.9,0.8,600,"sd","11:03:18",2810900
28.9,0.8,22200,"sd","11:03:18",2810300
28.9,0.8,100,"sd","11:03:05",2788100
28.9,0.8,100,"sd","11:03:04",2788000
28.9,0.8,100,"sd","11:01:38",2787900
28.95,0.85,11200,"sd","11:01:20",2787800
28.95,0.85,200,"sd","11:01:14",2776600
28.95,0.85,100,"sd","11:01:08",2776400
29,0.9,3800,"bu","11:01:05",2776300
29,0.9,200,"bu","11:01:05",2772500
28.95,0.85,100,"sd","11:00:52",2772300
28.95,0.85,200,"sd","11:00:36",2772200
28.95,0.85,1000,"sd","11:00:26",2772000
28.95,0.85,100,"sd","11:00:07",2771000
28.95,0.85,200,"sd","10:59:58",2770900
29,0.9,100,"bu","10:59:41",2770700
28.95,0.85,100,"sd","10:59:25",2770600
28.95,0.85,200,"bu","10:59:24",2770500
28.95,0.85,600,"bu","10:59:24",2770300
28.95,0.85,900,"bu","10:59:24",2769700
28.95,0.85,1000,"bu","10:59:24",2768800
28.95,0.85,100,"bu","10:59:24",2767800
28.95,0.85,1000,"bu","10:59:24",2767700
28.95,0.85,300,"bu","10:59:24",2766700
28.95,0.85,1700,"bu","10:59:24",2766400
28.95,0.85,1000,"bu","10:59:18",2764700
28.95,0.85,500,"bu","10:58:45",2763700
28.95,0.85,200,"bu","10:58:05",2763200
28.95,0.85,1600,"bu","10:57:59",2763000
28.95,0.85,100,"bu","10:57:59",2761400
28.95,0.85,300,"bu","10:57:59",2761300
28.95,0.85,200,"bu","10:57:59",2761000
28.95,0.85,500,"bu","10:57:59",2760800
28.95,0.85,1000,"bu","10:57:59",2760300
28.95,0.85,200,"bu","10:57:59",2759300
28.95,0.85,1000,"bu","10:57:59",2759100
28.95,0.85,500,"bu","10:57:59",2758100
28.95,0.85,3600,"bu","10:57:59",2757600
28.95,0.85,91000,"bu","10:57:59",2754000
28.9,0.8,1000,"sd","10:57:47",2663000
28.9,0.8,2000,"sd","10:57:12",2662000
28.9,0.8,100,"sd","10:56:02",2660000
28.9,0.8,500,"sd","10:55:49",2659900
28.9,0.8,100,"sd","10:55:39",2659400
28.9,0.8,100,"sd","10:55:38",2659300
28.9,0.8,100,"sd","10:55:23",2659200
28.9,0.8,100,"sd","10:55:08",2659100
28.9,0.8,500,"sd","10:54:36",2659000
28.9,0.8,800,"sd","10:54:17",2658500
28.9,0.8,100,"sd","10:54:04",2657700
28.9,0.8,300,"sd","10:53:51",2657600
28.9,0.8,800,"sd","10:53:46",2657300
28.9,0.8,2500,"sd","10:53:17",2656500
28.9,0.8,500,"sd","10:53:05",2654000
28.9,0.8,100,"sd","10:53:03",2653500
28.9,0.8,1000,"sd","10:52:12",2653400
28.9,0.8,500,"sd","10:51:52",2652400
28.9,0.8,600,"sd","10:51:48",2651900
28.9,0.8,5000,"sd","10:51:40",2651300
28.9,0.8,1200,"sd","10:51:30",2646300
28.9,0.8,500,"sd","10:51:02",2645100
28.95,0.85,500,"bu","10:51:00",2644600
28.9,0.8,3000,"sd","10:50:47",2644100
28.95,0.85,500,"bu","10:50:24",2641100
28.95,0.85,1000,"bu","10:50:11",2640600
28.95,0.85,8000,"bu","10:50:04",2639600
28.95,0.85,8000,"bu","10:49:55",2631600
28.9,0.8,400,"sd","10:49:48",2623600
28.9,0.8,1000,"bu","10:49:46",2623200
28.9,0.8,4700,"bu","10:49:46",2622200
28.9,0.8,200,"bu","10:49:46",2617500
28.9,0.8,100,"bu","10:49:01",2617300
28.85,0.75,500,"sd","10:49:00",2617200
28.85,0.75,100,"sd","10:48:17",2616700
28.85,0.75,4200,"sd","10:47:48",2616600
28.9,0.8,800,"sd","10:47:48",2612400
28.85,0.75,6600,"sd","10:47:29",2611600
28.85,0.75,100,"sd","10:47:29",2605000
28.85,0.75,100,"sd","10:47:29",2604900
28.85,0.75,200,"sd","10:47:29",2604800
28.85,0.75,2000,"sd","10:47:29",2604600
28.85,0.75,300,"sd","10:47:29",2602600
28.85,0.75,1500,"sd","10:47:29",2602300
28.85,0.75,16100,"sd","10:47:29",2600800
28.85,0.75,11600,"sd","10:47:29",2584700
28.9,0.8,3000,"sd","10:47:29",2573100
28.9,0.8,8000,"sd","10:47:29",2570100
28.9,0.8,5000,"sd","10:47:29",2562100
28.9,0.8,2000,"sd","10:47:29",2557100
28.9,0.8,200,"sd","10:47:29",2555100
28.9,0.8,3400,"sd","10:47:29",2554900
28.9,0.8,300,"sd","10:47:29",2551500
28.9,0.8,8000,"sd","10:47:29",2551200
28.9,0.8,1000,"sd","10:47:29",2543200
28.9,0.8,10200,"sd","10:47:29",2542200
28.9,0.8,600,"sd","10:47:29",2532000
28.9,0.8,400,"sd","10:47:29",2531400
28.9,0.8,300,"sd","10:47:29",2531000
28.9,0.8,19100,"sd","10:47:29",2530700
28.9,0.8,5000,"sd","10:47:02",2511600
28.95,0.85,100,"bu","10:46:45",2506600
28.95,0.85,300,"bu","10:46:01",2506500
28.95,0.85,700,"bu","10:43:55",2506200
28.95,0.85,3000,"bu","10:42:32",2505500
28.95,0.85,1000,"bu","10:41:51",2502500
28.9,0.8,1000,"sd","10:41:46",2501500
28.95,0.85,100,"bu","10:41:06",2500500
28.9,0.8,100,"sd","10:41:03",2500400
28.95,0.85,2900,"sd","10:40:53",2500300
28.95,0.85,300,"bu","10:40:53",2497400
28.95,0.85,400,"bu","10:40:53",2497100
28.95,0.85,100,"bu","10:40:32",2496700
29,0.9,5000,"bu","10:40:25",2496600
28.95,0.85,3000,"bu","10:40:25",2491600
28.95,0.85,1500,"bu","10:40:09",2488600
28.95,0.85,2000,"bu","10:40:01",2487100
28.95,0.85,1500,"bu","10:39:50",2485100
28.95,0.85,100,"bu","10:39:45",2483600
28.95,0.85,1900,"bu","10:39:43",2483500
28.95,0.85,100,"bu","10:39:43",2481600
29,0.9,2700,"bu","10:39:22",2481500
29,0.9,100,"bu","10:39:22",2478800
29,0.9,5000,"bu","10:39:22",2478700
28.95,0.85,100,"bu","10:39:22",2473700
28.95,0.85,100,"bu","10:39:22",2473600
28.95,0.85,100,"bu","10:38:37",2473500
28.95,0.85,900,"bu","10:38:37",2473400
28.95,0.85,100,"sd","10:38:31",2472500
28.95,0.85,100,"sd","10:38:31",2472400
28.95,0.85,2000,"sd","10:38:31",2472300
28.95,0.85,1900,"sd","10:38:31",2470300
29,0.9,100,"bu","10:38:21",2468400
28.95,0.85,100,"sd","10:38:11",2468300
28.95,0.85,100,"sd","10:38:07",2468200
29,0.9,400,"bu","10:37:51",2468100
28.95,0.85,300,"sd","10:37:50",2467700
28.95,0.85,300,"sd","10:37:49",2467400
29,0.9,3500,"bu","10:37:39",2467100
29,0.9,1000,"bu","10:37:39",2463600
29,0.9,100,"bu","10:37:39",2462600
29,0.9,1000,"bu","10:37:39",2462500
29,0.9,2400,"bu","10:37:39",2461500
28.95,0.85,500,"sd","10:37:28",2459100
28.95,0.85,400,"sd","10:37:20",2458600
28.95,0.85,600,"sd","10:37:20",2458200
28.95,0.85,400,"sd","10:37:16",2457600
28.95,0.85,1100,"sd","10:37:16",2457200
29,0.9,7600,"bu","10:37:15",2456100
29,0.9,2400,"bu","10:37:15",2448500
28.95,0.85,400,"sd","10:36:45",2446100
28.95,0.85,100,"sd","10:36:39",2445700
28.95,0.85,500,"sd","10:36:13",2445600
28.95,0.85,100,"bu","10:35:56",2445100
28.95,0.85,1000,"bu","10:35:56",2445000
28.95,0.85,500,"bu","10:35:56",2444000
28.95,0.85,100,"bu","10:35:56",2443500
28.95,0.85,100,"bu","10:35:56",2443400
28.95,0.85,900,"bu","10:35:56",2443300
28.95,0.85,7700,"bu","10:35:46",2442400
28.95,0.85,1000,"bu","10:35:46",2434700
28.95,0.85,200,"bu","10:35:46",2433700
28.95,0.85,200,"bu","10:35:46",2433500
28.95,0.85,900,"bu","10:35:46",2433300
28.95,0.85,100,"bu","10:35:35",2432400
28.95,0.85,900,"bu","10:35:35",2432300
28.95,0.85,100,"bu","10:35:10",2431400
28.95,0.85,19000,"bu","10:34:47",2431300
28.95,0.85,5000,"bu","10:34:47",2412300
28.95,0.85,100,"bu","10:34:47",2407300
28.95,0.85,2000,"bu","10:34:47",2407200
28.95,0.85,500,"bu","10:34:47",2405200
28.95,0.85,100,"bu","10:34:47",2404700
28.95,0.85,100,"bu","10:34:47",2404600
28.95,0.85,20000,"bu","10:34:47",2404500
28.95,0.85,1000,"bu","10:34:47",2384500
28.95,0.85,200,"bu","10:34:47",2383500
28.95,0.85,100,"bu","10:34:47",2383300
28.95,0.85,100,"bu","10:34:47",2383200
28.95,0.85,1000,"bu","10:34:47",2383100
28.95,0.85,800,"bu","10:34:47",2382100
28.9,0.8,1500,"sd","10:34:15",2381300
28.9,0.8,200,"sd","10:34:14",2379800
28.95,0.85,100,"bu","10:34:14",2379600
28.9,0.8,100,"sd","10:34:14",2379500
28.9,0.8,100,"sd","10:34:13",2379400
28.9,0.8,5000,"sd","10:34:13",2379300
28.9,0.8,2000,"sd","10:34:12",2374300
28.9,0.8,100,"sd","10:33:51",2372300
28.9,0.8,100,"sd","10:33:51",2372200
28.9,0.8,700,"sd","10:33:29",2372100
28.9,0.8,1000,"sd","10:33:25",2371400
28.9,0.8,5000,"bu","10:33:14",2370400
28.9,0.8,9000,"bu","10:33:14",2365400
28.85,0.75,100,"sd","10:33:08",2356400
28.85,0.75,1000,"sd","10:33:04",2356300
28.85,0.75,100,"sd","10:32:29",2355300
28.85,0.75,100,"sd","10:31:54",2355200
28.85,0.75,100,"sd","10:31:41",2355100
28.95,0.85,100,"bu","10:31:31",2355000
28.95,0.85,500,"bu","10:31:31",2354900
28.95,0.85,5000,"bu","10:31:31",2354400
28.95,0.85,2000,"bu","10:31:31",2349400
28.95,0.85,1500,"bu","10:31:31",2347400
28.95,0.85,100,"bu","10:31:31",2345900
28.95,0.85,1000,"bu","10:31:31",2345800
28.95,0.85,1500,"bu","10:31:31",2344800
28.95,0.85,2000,"bu","10:31:31",2343300
28.9,0.8,600,"bu","10:31:31",2341300
28.9,0.8,100,"bu","10:31:31",2340700
28.9,0.8,300,"bu","10:31:31",2340600
28.9,0.8,1000,"bu","10:31:31",2340300
28.9,0.8,500,"bu","10:31:31",2339300
28.9,0.8,100,"bu","10:31:31",2338800
28.9,0.8,1000,"bu","10:31:31",2338700
28.9,0.8,12700,"bu","10:31:31",2337700
28.9,0.8,1700,"bu","10:31:13",2325000
28.9,0.8,100,"bu","10:30:15",2323300
28.85,0.75,7000,"sd","10:29:53",2323200
28.85,0.75,8000,"sd","10:29:53",2316200
28.85,0.75,2000,"sd","10:29:53",2308200
28.85,0.75,100,"sd","10:29:53",2306200
28.85,0.75,2900,"sd","10:29:53",2306100
28.85,0.75,100,"sd","10:29:24",2303200
28.9,0.8,700,"bu","10:29:02",2303100
28.9,0.8,100,"bu","10:29:01",2302400
28.9,0.8,700,"sd","10:28:46",2302300
28.9,0.8,100,"sd","10:28:28",2301600
28.9,0.8,200,"sd","10:28:07",2301500
28.9,0.8,100,"sd","10:28:07",2301300
28.9,0.8,200,"sd","10:28:07",2301200
28.9,0.8,200,"sd","10:28:07",2301000
28.9,0.8,100,"sd","10:28:07",2300800
28.9,0.8,2000,"sd","10:28:07",2300700
28.9,0.8,500,"sd","10:28:07",2298700
28.9,0.8,2000,"sd","10:28:07",2298200
28.9,0.8,1700,"sd","10:28:06",2296200
28.9,0.8,100,"sd","10:28:06",2294500
28.9,0.8,1000,"sd","10:28:06",2294400
28.9,0.8,2000,"sd","10:28:06",2293400
28.9,0.8,200,"sd","10:28:06",2291400
28.9,0.8,500,"sd","10:28:06",2291200
28.9,0.8,800,"sd","10:28:06",2290700
28.9,0.8,500,"sd","10:28:06",2289900
28.9,0.8,100,"sd","10:28:06",2289400
28.9,0.8,300,"sd","10:28:06",2289300
28.9,0.8,1000,"sd","10:28:06",2289000
28.9,0.8,1500,"sd","10:28:06",2288000
28.9,0.8,100,"sd","10:28:06",2286500
28.9,0.8,1500,"sd","10:27:57",2286400
28.95,0.85,100,"bu","10:27:44",2284900
28.9,0.8,100,"sd","10:27:42",2284800
28.9,0.8,20800,"sd","10:27:31",2284700
28.9,0.8,2000,"sd","10:27:31",2263900
28.9,0.8,1000,"sd","10:27:31",2261900
28.9,0.8,200,"sd","10:27:31",2260900
28.9,0.8,100,"sd","10:27:31",2260700
28.9,0.8,900,"sd","10:27:31",2260600
28.95,0.85,200,"bu","10:27:26",2259700
28.95,0.85,300,"bu","10:26:51",2259500
28.9,0.8,100,"sd","10:26:41",2259200
28.95,0.85,100,"bu","10:26:26",2259100
28.95,0.85,300,"bu","10:26:15",2259000
28.9,0.8,1000,"sd","10:25:36",2258700
28.9,0.8,100,"sd","10:25:36",2257700
28.9,0.8,200,"sd","10:25:36",2257600
28.9,0.8,3700,"sd","10:25:36",2257400
28.95,0.85,500,"bu","10:25:20",2253700
28.9,0.8,100,"sd","10:25:13",2253200
28.9,0.8,100,"sd","10:24:51",2253100
28.9,0.8,200,"sd","10:23:46",2253000
28.9,0.8,300,"sd","10:23:46",2252800
28.9,0.8,1500,"sd","10:23:46",2252500
28.9,0.8,7200,"sd","10:23:46",2251000
28.9,0.8,5700,"sd","10:23:46",2243800
28.9,0.8,200,"sd","10:23:46",2238100
28.9,0.8,13000,"sd","10:23:46",2237900
28.9,0.8,300,"sd","10:23:46",2224900
28.9,0.8,1000,"sd","10:23:46",2224600
28.9,0.8,600,"sd","10:23:46",2223600
28.95,0.85,3000,"bu","10:23:44",2223000
28.95,0.85,200,"bu","10:23:26",2220000
28.9,0.8,100,"sd","10:22:45",2219800
28.9,0.8,2700,"sd","10:22:29",2219700
28.9,0.8,100,"sd","10:22:29",2217000
28.9,0.8,1000,"sd","10:22:29",2216900
28.9,0.8,5000,"sd","10:22:29",2215900
28.9,0.8,1000,"sd","10:22:29",2210900
28.9,0.8,200,"sd","10:22:29",2209900
28.95,0.85,1700,"bu","10:22:29",2209700
28.9,0.8,400,"sd","10:22:18",2208000
28.9,0.8,200,"sd","10:22:07",2207600
28.9,0.8,900,"sd","10:21:30",2207400
28.9,0.8,300,"sd","10:20:58",2206500
28.9,0.8,100,"sd","10:20:20",2206200
28.9,0.8,7000,"sd","10:20:10",2206100
28.9,0.8,300,"sd","10:20:08",2199100
28.9,0.8,100,"sd","10:19:48",2198800
28.9,0.8,200,"sd","10:19:25",2198700
28.95,0.85,100,"bu","10:19:25",2198500
28.9,0.8,500,"sd","10:19:22",2198400
28.9,0.8,100,"sd","10:19:22",2197900
28.9,0.8,200,"sd","10:19:18",2197800
28.95,0.85,300,"bu","10:19:08",2197600
28.9,0.8,100,"sd","10:19:05",2197300
28.9,0.8,100,"sd","10:18:29",2197200
28.9,0.8,200,"sd","10:18:29",2197100
28.9,0.8,200,"sd","10:18:29",2196900
28.95,0.85,9700,"bu","10:18:00",2196700
28.95,0.85,100,"bu","10:18:00",2187000
28.95,0.85,200,"bu","10:18:00",2186900
28.95,0.85,100,"bu","10:17:59",2186700
28.95,0.85,100,"bu","10:17:59",2186600
28.95,0.85,100,"bu","10:17:52",2186500
28.95,0.85,500,"bu","10:17:47",2186400
28.95,0.85,200,"bu","10:17:47",2185900
28.95,0.85,100,"bu","10:17:47",2185700
28.95,0.85,200,"bu","10:17:47",2185600
28.9,0.8,500,"sd","10:17:47",2185400
28.95,0.85,300,"bu","10:17:44",2184900
28.95,0.85,400,"bu","10:17:44",2184600
28.95,0.85,100,"bu","10:17:44",2184200
28.95,0.85,200,"bu","10:17:44",2184100
28.95,0.85,1900,"bu","10:17:33",2183900
28.95,0.85,100,"bu","10:17:33",2182000
28.95,0.85,100,"bu","10:17:32",2181900
28.95,0.85,100,"bu","10:17:02",2181800
28.9,0.8,300,"sd","10:16:55",2181700
28.9,0.8,100,"sd","10:16:55",2181400
28.9,0.8,1000,"sd","10:16:55",2181300
28.9,0.8,500,"sd","10:16:55",2180300
28.9,0.8,100,"sd","10:16:55",2179800
28.9,0.8,1000,"sd","10:16:55",2179700
28.95,0.85,100,"bu","10:16:53",2178700
28.9,0.8,2000,"sd","10:16:48",2178600
28.9,0.8,100,"sd","10:16:47",2176600
28.9,0.8,1500,"sd","10:16:06",2176500
28.95,0.85,100,"bu","10:16:01",2175000
28.95,0.85,100,"bu","10:15:57",2174900
28.95,0.85,600,"bu","10:15:15",2174800
28.95,0.85,400,"bu","10:15:15",2174200
28.95,0.85,100,"bu","10:15:07",2173800
28.95,0.85,300,"bu","10:15:07",2173700
28.95,0.85,2000,"bu","10:15:07",2173400
28.95,0.85,1100,"bu","10:15:07",2171400
28.95,0.85,100,"bu","10:15:02",2170300
28.95,0.85,800,"bu","10:14:40",2170200
28.95,0.85,200,"bu","10:14:40",2169400
28.95,0.85,800,"bu","10:14:26",2169200
28.95,0.85,100,"bu","10:14:23",2168400
28.95,0.85,200,"bu","10:14:23",2168300
28.9,0.8,10000,"sd","10:14:21",2168100
28.95,0.85,100,"bu","10:14:01",2158100
28.95,0.85,200,"bu","10:13:52",2158000
28.95,0.85,500,"bu","10:13:52",2157800
28.95,0.85,100,"bu","10:13:48",2157300
28.95,0.85,100,"bu","10:13:44",2157200
28.95,0.85,300,"bu","10:13:25",2157100
28.95,0.85,100,"bu","10:13:25",2156800
28.9,0.8,5400,"sd","10:13:17",2156700
28.9,0.8,200,"sd","10:13:17",2151300
28.9,0.8,4400,"sd","10:13:17",2151100
28.95,0.85,500,"bu","10:13:11",2146700
28.95,0.85,500,"bu","10:12:41",2146200
28.95,0.85,300,"bu","10:12:41",2145700
28.95,0.85,900,"bu","10:12:23",2145400
28.95,0.85,1000,"bu","10:11:40",2144500
28.9,0.8,100,"sd","10:11:38",2143500
28.95,0.85,3000,"bu","10:11:35",2143400
28.9,0.8,100,"sd","10:11:30",2140400
28.9,0.8,2000,"sd","10:11:08",2140300
28.9,0.8,500,"sd","10:11:05",2138300
28.9,0.8,100,"sd","10:10:42",2137800
28.95,0.85,100,"bu","10:10:14",2137700
28.9,0.8,100,"sd","10:10:13",2137600
28.95,0.85,400,"bu","10:09:59",2137500
28.9,0.8,700,"sd","10:09:49",2137100
28.95,0.85,2200,"bu","10:09:47",2136400
28.95,0.85,800,"bu","10:09:47",2134200
28.9,0.8,200,"sd","10:09:36",2133400
28.95,0.85,100,"bu","10:09:33",2133200
28.9,0.8,100,"sd","10:09:17",2133100
28.9,0.8,100,"sd","10:09:06",2133000
28.95,0.85,1000,"sd","10:07:50",2132900
28.95,0.85,1100,"sd","10:07:50",2131900
28.95,0.85,400,"sd","10:07:48",2130800
28.95,0.85,600,"sd","10:07:48",2130400
28.95,0.85,100,"bu","10:07:19",2129800
28.95,0.85,200,"sd","10:07:06",2129700
28.95,0.85,200,"sd","10:07:06",2129500
28.95,0.85,100,"sd","10:07:06",2129300
28.95,0.85,700,"sd","10:07:05",2129200
28.95,0.85,1000,"sd","10:07:05",2128500
28.95,0.85,700,"sd","10:07:05",2127500
28.95,0.85,12600,"sd","10:07:05",2126800
28.95,0.85,1000,"sd","10:06:43",2114200
28.95,0.85,3000,"sd","10:06:24",2113200
28.95,0.85,300,"sd","10:06:08",2110200
28.95,0.85,500,"sd","10:05:53",2109900
28.95,0.85,2200,"sd","10:05:53",2109400
29,0.9,600,"bu","10:05:53",2107200
29,0.9,200,"bu","10:05:53",2106600
29,0.9,200,"bu","10:05:53",2106400
28.95,0.85,400,"sd","10:05:42",2106200
28.95,0.85,1000,"sd","10:05:42",2105800
28.95,0.85,300,"sd","10:05:42",2104800
28.95,0.85,100,"sd","10:05:42",2104500
28.95,0.85,100,"sd","10:05:42",2104400
28.95,0.85,1100,"sd","10:05:42",2104300
28.95,0.85,8900,"sd","10:05:26",2103200
28.95,0.85,16100,"sd","10:05:26",2094300
29,0.9,200,"bu","10:05:19",2078200
29,0.9,1000,"bu","10:05:17",2078000
29,0.9,900,"bu","10:05:00",2077000
28.95,0.85,100,"sd","10:04:51",2076100
28.95,0.85,100,"sd","10:04:50",2076000
28.95,0.85,200,"sd","10:04:40",2075900
28.95,0.85,100,"sd","10:04:34",2075700
28.95,0.85,100,"sd","10:04:18",2075600
28.95,0.85,500,"sd","10:04:01",2075500
28.95,0.85,2800,"sd","10:03:52",2075000
28.95,0.85,500,"sd","10:03:52",2072200
28.95,0.85,700,"sd","10:03:52",2071700
29,0.9,700,"bu","10:03:48",2071000
29,0.9,4300,"bu","10:03:48",2070300
28.95,0.85,500,"sd","10:03:47",2066000
28.95,0.85,200,"sd","10:03:39",2065500
28.95,0.85,600,"sd","10:03:30",2065300
28.95,0.85,500,"sd","10:03:30",2064700
28.95,0.85,400,"sd","10:03:30",2064200
28.95,0.85,1100,"sd","10:03:24",2063800
28.95,0.85,100,"sd","10:02:58",2062700
28.95,0.85,400,"sd","10:02:38",2062600
28.95,0.85,100,"sd","10:02:38",2062200
29,0.9,2000,"bu","10:02:27",2062100
28.95,0.85,900,"sd","10:02:20",2060100
28.95,0.85,17100,"sd","10:02:20",2059200
29,0.9,2600,"bu","10:02:06",2042100
29,0.9,1000,"bu","10:02:05",2039500
29,0.9,1000,"sd","10:01:23",2038500
29,0.9,10000,"sd","10:01:23",2037500
29,0.9,1000,"sd","10:01:23",2027500
29,0.9,300,"sd","10:01:23",2026500
29,0.9,1900,"sd","10:01:23",2026200
29,0.9,1000,"sd","10:01:23",2024300
29,0.9,1500,"sd","10:01:23",2023300
29,0.9,1400,"sd","10:01:23",2021800
29,0.9,3600,"sd","10:00:57",2020400
29,0.9,1400,"sd","10:00:57",2016800
29.05,0.95,300,"bu","10:00:55",2015400
29,0.9,100,"sd","10:00:37",2015100
29,0.9,2000,"sd","10:00:25",2015000
29,0.9,8000,"sd","10:00:25",2013000
29,0.9,100,"sd","10:00:16",2005000
29.05,0.95,8700,"bu","10:00:15",2004900
29.05,0.95,100,"bu","10:00:15",1996200
29.05,0.95,1000,"bu","10:00:15",1996100
29.05,0.95,200,"bu","10:00:15",1995100
29.05,0.95,100,"bu","10:00:13",1994900
29,0.9,25900,"sd","10:00:08",1994800
29,0.9,100,"sd","10:00:08",1968900
29,0.9,3000,"sd","10:00:08",1968800
29,0.9,3000,"sd","10:00:08",1965800
29,0.9,2100,"sd","10:00:08",1962800
29,0.9,200,"sd","10:00:08",1960700
29,0.9,300,"sd","10:00:08",1960500
29,0.9,500,"sd","10:00:08",1960200
29,0.9,2000,"sd","10:00:08",1959700
29,0.9,200,"sd","10:00:08",1957700
29,0.9,200,"sd","10:00:08",1957500
29,0.9,500,"sd","10:00:08",1957300
29,0.9,6400,"sd","10:00:08",1956800
29,0.9,200,"sd","10:00:08",1950400
29,0.9,1400,"sd","10:00:08",1950200
29,0.9,100,"sd","10:00:08",1948800
29,0.9,100,"sd","10:00:08",1948700
29,0.9,50000,"sd","10:00:08",1948600
29,0.9,400,"sd","10:00:08",1898600
29,0.9,200,"sd","10:00:08",1898200
29,0.9,1800,"sd","10:00:08",1898000
29,0.9,1400,"sd","10:00:08",1896200
29.05,0.95,100,"bu","09:59:37",1894800
29.05,0.95,400,"sd","09:59:28",1894700
29.05,0.95,200,"sd","09:59:28",1894300
29.05,0.95,300,"sd","09:59:19",1894100
29.05,0.95,200,"sd","09:59:19",1893800
29.05,0.95,600,"sd","09:59:19",1893600
29.05,0.95,1200,"sd","09:59:19",1893000
29.05,0.95,300,"sd","09:59:19",1891800
29.05,0.95,100,"sd","09:59:19",1891500
29.05,0.95,600,"sd","09:59:19",1891400
29.05,0.95,700,"sd","09:59:19",1890800
29.05,0.95,1000,"sd","09:59:15",1890100
29.05,0.95,1000,"sd","09:58:40",1889100
29.05,0.95,100,"sd","09:58:38",1888100
29.05,0.95,1000,"sd","09:58:22",1888000
29.05,0.95,100,"sd","09:58:22",1887000
29.05,0.95,600,"sd","09:58:22",1886900
29.05,0.95,3400,"sd","09:58:14",1886300
29.05,0.95,1600,"sd","09:58:14",1882900
29.05,0.95,400,"sd","09:58:11",1881300
29.05,0.95,1000,"sd","09:58:11",1880900
29.05,0.95,100,"sd","09:58:11",1879900
29.05,0.95,500,"sd","09:58:11",1879800
29.1,1,500,"bu","09:58:08",1879300
29.1,1,500,"bu","09:58:08",1878800
29.05,0.95,100,"sd","09:58:01",1878300
29.1,1,100,"bu","09:57:59",1878200
29.05,0.95,200,"sd","09:57:54",1878100
29.1,1,1400,"bu","09:57:43",1877900
29.1,1,100,"bu","09:57:43",1876500
29.1,1,200,"bu","09:57:43",1876400
29.1,1,700,"bu","09:57:43",1876200
29.1,1,1500,"bu","09:57:43",1875500
29.1,1,10000,"bu","09:57:43",1874000
29.1,1,100,"bu","09:57:43",1864000
29.05,0.95,200,"sd","09:57:26",1863900
29.05,0.95,100,"sd","09:57:26",1863700
29.05,0.95,200,"sd","09:56:37",1863600
29.05,0.95,100,"sd","09:56:35",1863400
29.05,0.95,400,"sd","09:55:37",1863300
29.05,0.95,500,"sd","09:55:31",1862900
29.05,0.95,1700,"sd","09:55:21",1862400
29.05,0.95,200,"sd","09:55:21",1860700
29.05,0.95,1000,"sd","09:55:19",1860500
29.05,0.95,100,"sd","09:55:16",1859500
29.05,0.95,100,"sd","09:54:44",1859400
29.05,0.95,500,"sd","09:54:44",1859300
29.05,0.95,200,"sd","09:54:44",1858800
29.05,0.95,1000,"bu","09:54:44",1858600
29.05,0.95,500,"bu","09:54:44",1857600
29.05,0.95,500,"bu","09:54:44",1857100
29.05,0.95,100,"bu","09:54:44",1856600
29.05,0.95,800,"bu","09:54:44",1856500
29.05,0.95,1000,"bu","09:54:41",1855700
29.05,0.95,100,"bu","09:54:41",1854700
29.05,0.95,200,"bu","09:54:41",1854600
29.05,0.95,500,"bu","09:54:41",1854400
29.05,0.95,200,"bu","09:54:41",1853900
29.05,0.95,300,"bu","09:54:41",1853700
29.05,0.95,100,"bu","09:54:41",1853400
29.05,0.95,100,"bu","09:54:41",1853300
29.05,0.95,2000,"bu","09:54:41",1853200
29.05,0.95,1000,"bu","09:54:41",1851200
29.05,0.95,100,"bu","09:54:41",1850200
29.05,0.95,4000,"bu","09:54:41",1850100
29.05,0.95,100,"bu","09:54:41",1846100
29.05,0.95,1000,"bu","09:54:41",1846000
29.05,0.95,500,"bu","09:54:41",1845000
29.05,0.95,300,"bu","09:54:41",1844500
29.05,0.95,1000,"bu","09:54:41",1844200
29.05,0.95,5300,"bu","09:54:41",1843200
29.05,0.95,500,"bu","09:54:41",1837900
29.05,0.95,100,"bu","09:54:41",1837400
29.05,0.95,10400,"bu","09:54:41",1837300
29.05,0.95,100,"bu","09:54:41",1826900
29.05,0.95,400,"bu","09:54:41",1826800
29.05,0.95,300,"bu","09:54:41",1826400
29.05,0.95,400,"bu","09:54:41",1826100
29.05,0.95,1600,"bu","09:54:38",1825700
29.05,0.95,300,"bu","09:54:38",1824100
29.05,0.95,100,"bu","09:54:35",1823800
29.05,0.95,1600,"bu","09:54:29",1823700
29.05,0.95,300,"bu","09:54:29",1822100
29.05,0.95,1500,"bu","09:54:29",1821800
29.05,0.95,100,"bu","09:54:27",1820300
29.05,0.95,400,"bu","09:54:26",1820200
29.05,0.95,100,"bu","09:54:26",1819800
29.05,0.95,900,"bu","09:54:26",1819700
29.05,0.95,100,"bu","09:54:26",1818800
29.05,0.95,3500,"bu","09:54:26",1818700
29.05,0.95,500,"bu","09:54:26",1815200
29.05,0.95,7000,"bu","09:54:21",1814700
29,0.9,4900,"sd","09:54:03",1807700
29.05,0.95,200,"bu","09:53:38",1802800
29.05,0.95,100,"bu","09:53:38",1802600
29.05,0.95,700,"bu","09:53:38",1802500
29.05,0.95,900,"bu","09:53:38",1801800
29.05,0.95,400,"bu","09:53:38",1800900
29.05,0.95,100,"bu","09:53:38",1800500
29.05,0.95,7800,"bu","09:53:38",1800400
29.05,0.95,100,"bu","09:53:38",1792600
29.05,0.95,100,"bu","09:53:38",1792500
29.05,0.95,1000,"bu","09:53:38",1792400
29.05,0.95,100,"bu","09:53:38",1791400
29.05,0.95,500,"bu","09:53:38",1791300
29.05,0.95,500,"bu","09:53:38",1790800
29.05,0.95,500,"bu","09:53:38",1790300
29.05,0.95,2000,"bu","09:53:07",1789800
29.05,0.95,200,"bu","09:52:47",1787800
29.05,0.95,200,"bu","09:52:47",1787600
29,0.9,100,"sd","09:52:34",1787400
29,0.9,200,"sd","09:52:23",1787300
29,0.9,1400,"sd","09:52:21",1787100
29,0.9,900,"sd","09:52:15",1785700
29,0.9,10000,"sd","09:52:14",1784800
29,0.9,5000,"sd","09:52:03",1774800
29,0.9,100,"sd","09:51:53",1769800
29.05,0.95,1200,"bu","09:51:40",1769700
29.05,0.95,2000,"bu","09:51:40",1768500
29.05,0.95,100,"bu","09:51:40",1766500
29.05,0.95,1700,"bu","09:51:40",1766400
29,0.9,500,"sd","09:51:34",1764700
29.05,0.95,300,"bu","09:51:31",1764200
29.05,0.95,5600,"bu","09:51:31",1763900
29.05,0.95,500,"bu","09:51:31",1758300
29.05,0.95,1600,"bu","09:51:31",1757800
29.05,0.95,1600,"bu","09:51:29",1756200
29,0.9,1000,"sd","09:51:27",1754600
29,0.9,1000,"sd","09:51:05",1753600
29,0.9,2100,"sd","09:50:58",1752600
29,0.9,900,"sd","09:50:52",1750500
29,0.9,100,"sd","09:50:27",1749600
29,0.9,400,"sd","09:50:06",1749500
29,0.9,200,"sd","09:49:54",1749100
29,0.9,100,"sd","09:49:53",1748900
29.05,0.95,100,"bu","09:49:46",1748800
29,0.9,1000,"sd","09:49:38",1748700
29,0.9,8700,"sd","09:49:24",1747700
29.05,0.95,700,"bu","09:49:16",1739000
29,0.9,5000,"sd","09:49:15",1738300
29,0.9,500,"sd","09:49:14",1733300
29,0.9,26000,"sd","09:49:06",1732800
29,0.9,700,"sd","09:49:06",1706800
29,0.9,1000,"sd","09:49:01",1706100
29,0.9,1000,"sd","09:49:00",1705100
29,0.9,1600,"sd","09:48:59",1704100
29,0.9,100,"sd","09:48:51",1702500
29,0.9,100,"sd","09:48:45",1702400
29,0.9,700,"sd","09:48:44",1702300
29,0.9,500,"sd","09:48:44",1701600
29,0.9,1000,"sd","09:48:31",1701100
29,0.9,2000,"sd","09:48:25",1700100
29,0.9,100,"sd","09:48:05",1698100
29,0.9,200,"sd","09:47:38",1698000
29,0.9,1000,"sd","09:47:38",1697800
29,0.9,200,"sd","09:47:38",1696800
29,0.9,100,"sd","09:47:37",1696600
29,0.9,100,"sd","09:47:20",1696500
29,0.9,100,"sd","09:47:19",1696400
29,0.9,100,"sd","09:47:17",1696300
29,0.9,500,"sd","09:47:14",1696200
29,0.9,300,"sd","09:47:12",1695700
29,0.9,100,"sd","09:47:10",1695400
29,0.9,300,"sd","09:47:10",1695300
29,0.9,100,"bu","09:47:08",1695000
29,0.9,400,"bu","09:47:08",1694900
29,0.9,1000,"bu","09:47:08",1694500
29,0.9,1000,"bu","09:47:08",1693500
29,0.9,100,"bu","09:47:08",1692500
29,0.9,100,"bu","09:47:08",1692400
29,0.9,4000,"bu","09:47:08",1692300
29,0.9,1500,"bu","09:47:08",1688300
28.95,0.85,800,"sd","09:47:08",1686800
29,0.9,500,"bu","09:46:54",1686000
29,0.9,5000,"bu","09:46:33",1685500
29,0.9,15000,"bu","09:46:33",1680500
29,0.9,1000,"bu","09:46:30",1665500
29,0.9,1000,"bu","09:46:28",1664500
29,0.9,1000,"sd","09:46:26",1663500
29,0.9,200,"bu","09:46:24",1662500
29,0.9,100,"bu","09:46:24",1662300
29,0.9,800,"bu","09:46:24",1662200
29,0.9,1200,"bu","09:46:16",1661400
29,0.9,1100,"bu","09:46:16",1660200
29,0.9,2700,"bu","09:46:16",1659100
29,0.9,200,"bu","09:46:10",1656400
29,0.9,400,"bu","09:46:09",1656200
28.95,0.85,100,"sd","09:46:05",1655800
29,0.9,2000,"bu","09:46:01",1655700
29,0.9,100,"bu","09:45:59",1653700
29,0.9,200,"bu","09:45:59",1653600
29,0.9,2600,"bu","09:45:59",1653400
29,0.9,4700,"bu","09:45:59",1650800
29,0.9,2000,"bu","09:45:59",1646100
29,0.9,200,"bu","09:45:59",1644100
29,0.9,200,"bu","09:45:59",1643900
29,0.9,10000,"bu","09:45:59",1643700
29,0.9,100,"bu","09:45:39",1633700
29,0.9,700,"bu","09:45:32",1633600
29,0.9,200,"bu","09:45:32",1632900
29,0.9,100,"bu","09:45:08",1632700
29,0.9,500,"bu","09:45:08",1632600
29,0.9,100,"bu","09:45:03",1632100
29,0.9,1000,"bu","09:45:03",1632000
29,0.9,300,"bu","09:45:03",1631000
29,0.9,100,"bu","09:45:03",1630700
29,0.9,100,"bu","09:45:03",1630600
29,0.9,6400,"bu","09:45:03",1630500
29,0.9,300,"bu","09:45:02",1624100
29,0.9,1700,"bu","09:44:59",1623800
29,0.9,1300,"bu","09:44:41",1622100
29,0.9,300,"bu","09:44:25",1620800
29,0.9,500,"bu","09:44:25",1620500
29,0.9,1200,"bu","09:44:25",1620000
29,0.9,1300,"sd","09:44:16",1618800
29,0.9,1000,"sd","09:44:14",1617500
29,0.9,1000,"sd","09:44:14",1616500
29,0.9,100,"sd","09:44:07",1615500
29.05,0.95,1000,"bu","09:44:02",1615400
29,0.9,1000,"bu","09:44:02",1614400
29,0.9,500,"bu","09:44:02",1613400
29,0.9,500,"bu","09:44:02",1612900
29,0.9,1500,"bu","09:44:02",1612400
29,0.9,200,"bu","09:43:54",1610900
29,0.9,300,"bu","09:43:54",1610700
29,0.9,1000,"bu","09:43:54",1610400
29,0.9,200,"sd","09:43:47",1609400
29,0.9,100,"sd","09:43:47",1609200
29,0.9,100,"sd","09:43:37",1609100
29,0.9,2600,"sd","09:43:36",1609000
29,0.9,7400,"sd","09:43:36",1606400
29,0.9,100,"sd","09:43:23",1599000
29.05,0.95,1000,"bu","09:43:17",1598900
29,0.9,2500,"sd","09:43:15",1597900
29,0.9,200,"sd","09:43:15",1595400
29,0.9,2300,"sd","09:43:15",1595200
29,0.9,100,"sd","09:43:08",1592900
29,0.9,100,"sd","09:43:07",1592800
29,0.9,500,"sd","09:43:00",1592700
29,0.9,500,"sd","09:42:58",1592200
29,0.9,5000,"bu","09:42:55",1591700
29,0.9,11500,"bu","09:42:55",1586700
29,0.9,2500,"sd","09:42:34",1575200
29,0.9,200,"sd","09:42:34",1572700
29,0.9,5800,"sd","09:42:34",1572500
29,0.9,200,"bu","09:42:21",1566700
29,0.9,1000,"bu","09:42:20",1566500
29,0.9,600,"sd","09:42:19",1565500
29,0.9,5000,"sd","09:42:19",1564900
29,0.9,25200,"sd","09:42:19",1559900
29,0.9,500,"sd","09:42:16",1534700
29,0.9,1800,"sd","09:42:01",1534200
29,0.9,2000,"sd","09:42:00",1532400
29,0.9,200,"unknown","09:42:00",1530400
29,0.9,300,"unknown","09:42:00",1530200
29,0.9,4700,"bu","09:41:57",1529900
29,0.9,300,"bu","09:41:57",1525200
29,0.9,200,"bu","09:41:53",1524900
29,0.9,1000,"bu","09:41:53",1524700
29,0.9,200,"bu","09:41:53",1523700
29,0.9,5000,"bu","09:41:53",1523500
29,0.9,600,"bu","09:41:53",1518500
29,0.9,400,"bu","09:41:48",1517900
29,0.9,100,"bu","09:41:48",1517500
29,0.9,400,"bu","09:41:44",1517400
29,0.9,400,"bu","09:41:44",1517000
29,0.9,500,"bu","09:41:32",1516600
29,0.9,300,"bu","09:41:32",1516100
29,0.9,5800,"bu","09:41:32",1515800
29,0.9,500,"bu","09:41:32",1510000
29,0.9,9800,"bu","09:41:32",1509500
29,0.9,400,"bu","09:41:32",1499700
29,0.9,2700,"bu","09:41:32",1499300
29,0.9,3000,"bu","09:41:32",1496600
29,0.9,200,"bu","09:41:22",1493600
28.95,0.85,4000,"sd","09:41:00",1493400
29,0.9,800,"bu","09:40:57",1489400
29,0.9,100,"sd","09:40:51",1488600
29,0.9,900,"sd","09:40:50",1488500
29,0.9,200,"sd","09:40:44",1487600
28.95,0.85,8500,"sd","09:40:40",1487400
29,0.9,200,"sd","09:40:40",1478900
29,0.9,10000,"sd","09:40:40",1478700
29,0.9,300,"sd","09:40:40",1468700
29,0.9,500,"sd","09:40:40",1468400
29,0.9,400,"sd","09:40:40",1467900
29,0.9,1000,"sd","09:40:40",1467500
29,0.9,60000,"sd","09:40:40",1466500
29,0.9,100,"sd","09:40:40",1406500
29,0.9,500,"sd","09:40:40",1406400
29,0.9,5000,"sd","09:40:40",1405900
29,0.9,200,"sd","09:40:40",1400900
29,0.9,100,"sd","09:40:40",1400700
29,0.9,200,"sd","09:40:40",1400600
29,0.9,200,"sd","09:40:40",1400400
29,0.9,2800,"sd","09:40:40",1400200
29,0.9,1000,"sd","09:40:21",1397400
29,0.9,6200,"sd","09:40:19",1396400
29,0.9,300,"sd","09:40:19",1390200
29,0.9,1000,"sd","09:40:19",1389900
29,0.9,1500,"sd","09:40:19",1388900
29,0.9,100,"sd","09:40:19",1387400
29,0.9,500,"sd","09:40:19",1387300
29,0.9,20000,"sd","09:40:19",1386800
29,0.9,200,"sd","09:40:19",1366800
29,0.9,100,"sd","09:40:19",1366600
29,0.9,100,"sd","09:40:19",1366500
29,0.9,100,"sd","09:40:19",1366400
29,0.9,300,"sd","09:40:12",1366300
29,0.9,500,"sd","09:40:11",1366000
29,0.9,4000,"sd","09:40:02",1365500
29,0.9,4000,"sd","09:40:02",1361500
29,0.9,2500,"sd","09:39:55",1357500
29,0.9,1500,"sd","09:39:54",1355000
29,0.9,100,"sd","09:39:50",1353500
29,0.9,300,"sd","09:39:46",1353400
29,0.9,100,"sd","09:39:38",1353100
29,0.9,1000,"sd","09:39:34",1353000
29,0.9,100,"sd","09:39:34",1352000
29,0.9,1000,"sd","09:39:31",1351900
29,0.9,1000,"sd","09:39:18",1350900
29,0.9,300,"sd","09:39:02",1349900
29.05,0.95,100,"bu","09:38:41",1349600
29,0.9,4000,"sd","09:38:35",1349500
29.05,0.95,1600,"bu","09:38:34",1345500
29.05,0.95,500,"bu","09:38:34",1343900
29.05,0.95,100,"bu","09:38:34",1343400
29.05,0.95,1000,"bu","09:38:34",1343300
29.05,0.95,300,"bu","09:38:34",1342300
29.05,0.95,900,"bu","09:38:34",1342000
29.05,0.95,400,"bu","09:38:34",1341100
29.05,0.95,200,"bu","09:38:34",1340700
29.05,0.95,300,"bu","09:38:04",1340500
29.05,0.95,500,"bu","09:37:53",1340200
29.05,0.95,500,"bu","09:37:53",1339700
29.05,0.95,500,"bu","09:37:48",1339200
29.05,0.95,5000,"bu","09:37:43",1338700
29.05,0.95,200,"bu","09:37:43",1333700
29.05,0.95,500,"bu","09:37:35",1333500
29,0.9,100,"sd","09:37:31",1333000
29.05,0.95,100,"bu","09:37:18",1332900
29.05,0.95,100,"sd","09:37:12",1332800
29.05,0.95,2000,"sd","09:37:12",1332700
29.05,0.95,100,"sd","09:37:12",1330700
29.05,0.95,2800,"sd","09:37:09",1330600
29.05,0.95,300,"sd","09:37:05",1327800
29.05,0.95,6100,"sd","09:37:00",1327500
29.05,0.95,100,"sd","09:36:58",1321400
29.05,0.95,3000,"sd","09:36:54",1321300
29.05,0.95,7700,"sd","09:36:52",1318300
29.05,0.95,10000,"sd","09:36:52",1310600
29.05,0.95,2300,"sd","09:36:52",1300600
29.05,0.95,500,"sd","09:36:48",1298300
29.05,0.95,1200,"sd","09:36:40",1297800
29.05,0.95,1000,"sd","09:36:26",1296600
29.05,0.95,5000,"sd","09:36:18",1295600
29.05,0.95,1000,"sd","09:36:13",1290600
29.05,0.95,500,"sd","09:36:12",1289600
29.1,1,100,"bu","09:36:11",1289100
29.05,0.95,100,"bu","09:36:06",1289000
29.05,0.95,1000,"bu","09:36:06",1288900
29.05,0.95,200,"bu","09:36:06",1287900
29.05,0.95,2100,"bu","09:36:06",1287700
29.05,0.95,1000,"bu","09:36:06",1285600
29.05,0.95,500,"bu","09:36:06",1284600
29.05,0.95,800,"bu","09:36:06",1284100
29.05,0.95,2800,"bu","09:36:06",1283300
29,0.9,200,"sd","09:35:55",1280500
29.05,0.95,1500,"bu","09:35:53",1280300
29,0.9,2000,"sd","09:35:51",1278800
29,0.9,200,"sd","09:35:50",1276800
29.05,0.95,500,"bu","09:35:46",1276600
29.05,0.95,200,"bu","09:35:42",1276100
29,0.9,1600,"sd","09:35:29",1275900
29,0.9,18000,"sd","09:35:29",1274300
29,0.9,11100,"sd","09:35:29",1256300
29.05,0.95,100,"sd","09:35:29",1245200
29.05,0.95,200,"sd","09:35:29",1245100
29.05,0.95,19000,"sd","09:35:29",1244900
29.05,0.95,100,"sd","09:35:23",1225900
29.05,0.95,200,"sd","09:35:23",1225800
29.05,0.95,1500,"sd","09:35:23",1225600
29.05,0.95,1000,"sd","09:35:23",1224100
29.05,0.95,200,"sd","09:35:23",1223100
29.05,0.95,1000,"sd","09:35:23",1222900
29.05,0.95,100,"sd","09:35:19",1221900
29.05,0.95,100,"sd","09:35:19",1221800
29.05,0.95,100,"sd","09:35:16",1221700
29.05,0.95,1000,"sd","09:35:15",1221600
29.05,0.95,300,"sd","09:35:12",1220600
29.05,0.95,700,"sd","09:35:10",1220300
29.05,0.95,10000,"sd","09:35:08",1219600
29.05,0.95,300,"sd","09:34:45",1209600
29.1,1,1800,"bu","09:34:31",1209300
29.1,1,300,"bu","09:34:31",1207500
29.05,0.95,10000,"sd","09:34:28",1207200
29.05,0.95,100,"sd","09:34:22",1197200
29.05,0.95,100,"sd","09:34:18",1197100
29.05,0.95,5000,"sd","09:33:59",1197000
29.05,0.95,100,"sd","09:33:56",1192000
29.05,0.95,5600,"bu","09:33:46",1191900
29.05,0.95,1700,"bu","09:33:46",1186300
29.05,0.95,100,"bu","09:33:46",1184600
29.05,0.95,200,"bu","09:33:46",1184500
29.05,0.95,500,"sd","09:33:46",1184300
29.05,0.95,1900,"sd","09:33:46",1183800
29.05,0.95,1000,"sd","09:33:44",1181900
29.05,0.95,1000,"sd","09:33:40",1180900
29.05,0.95,200,"sd","09:33:36",1179900
29.05,0.95,100,"sd","09:33:34",1179700
29.05,0.95,100,"sd","09:33:26",1179600
29.05,0.95,1000,"sd","09:33:23",1179500
29.05,0.95,200,"sd","09:33:18",1178500
29.05,0.95,100,"sd","09:33:16",1178300
29.05,0.95,300,"sd","09:33:12",1178200
29.05,0.95,2000,"sd","09:33:05",1177900
29.1,1,200,"bu","09:33:00",1175900
29.05,0.95,11100,"sd","09:32:46",1175700
29.05,0.95,1400,"sd","09:32:46",1164600
29.05,0.95,1500,"sd","09:32:41",1163200
29.05,0.95,1600,"sd","09:32:37",1161700
29.05,0.95,100,"sd","09:32:25",1160100
29.1,1,1100,"bu","09:32:11",1160000
29.1,1,2100,"bu","09:32:11",1158900
29.1,1,2900,"bu","09:32:11",1156800
29.1,1,100,"bu","09:32:11",1153900
29.05,0.95,5000,"sd","09:32:07",1153800
29.05,0.95,300,"sd","09:32:05",1148800
29.05,0.95,200,"bu","09:32:02",1148500
29.05,0.95,500,"bu","09:32:02",1148300
29.05,0.95,1000,"bu","09:32:02",1147800
29.05,0.95,100,"bu","09:32:02",1146800
29.05,0.95,2000,"bu","09:32:02",1146700
29.05,0.95,200,"bu","09:32:02",1144700
29.05,0.95,2000,"bu","09:32:02",1144500
29.05,0.95,1000,"bu","09:32:02",1142500
29.05,0.95,3100,"bu","09:32:02",1141500
29,0.9,100,"sd","09:31:57",1138400
29,0.9,2000,"sd","09:31:56",1138300
29,0.9,200,"sd","09:31:56",1136300
29,0.9,500,"sd","09:31:56",1136100
29,0.9,200,"sd","09:31:56",1135600
29,0.9,1000,"sd","09:31:56",1135400
29,0.9,100,"sd","09:31:56",1134400
29,0.9,100,"sd","09:31:56",1134300
29,0.9,100,"sd","09:31:56",1134200
29,0.9,200,"sd","09:31:56",1134100
29,0.9,1000,"sd","09:31:56",1133900
29,0.9,500,"bu","09:31:56",1132900
29,0.9,100,"bu","09:31:56",1132400
29,0.9,300,"bu","09:31:56",1132300
29,0.9,200,"bu","09:31:56",1132000
29,0.9,500,"bu","09:31:56",1131800
29,0.9,9000,"bu","09:31:56",1131300
29,0.9,5600,"bu","09:31:56",1122300
29,0.9,8500,"bu","09:31:56",1116700
29,0.9,5000,"bu","09:31:56",1108200
29,0.9,1400,"bu","09:31:56",1103200
29,0.9,50000,"bu","09:31:56",1101800
29,0.9,20000,"bu","09:31:56",1051800
29,0.9,2000,"bu","09:31:56",1031800
29,0.9,200,"bu","09:31:56",1029800
29,0.9,100,"bu","09:31:56",1029600
28.95,0.85,800,"sd","09:31:51",1029500
28.95,0.85,1000,"sd","09:31:51",1028700
28.95,0.85,100,"sd","09:31:51",1027700
28.95,0.85,1000,"sd","09:31:51",1027600
28.95,0.85,1100,"sd","09:31:51",1026600
29,0.9,10000,"bu","09:31:49",1025500
29,0.9,2000,"bu","09:31:46",1015500
29,0.9,1000,"bu","09:31:45",1013500
29,0.9,11600,"bu","09:31:44",1012500
29,0.9,100,"bu","09:31:44",1000900
29,0.9,200,"bu","09:31:44",1000800
29,0.9,100,"bu","09:31:44",1000600
29,0.9,500,"bu","09:31:44",1000500
29,0.9,10000,"bu","09:31:44",1000000
29,0.9,1500,"bu","09:31:44",990000
29,0.9,4000,"bu","09:31:44",988500
29,0.9,600,"bu","09:31:44",984500
29,0.9,1400,"bu","09:31:44",983900
29,0.9,100,"bu","09:31:35",982500
29,0.9,200,"bu","09:31:23",982400
29,0.9,400,"bu","09:31:08",982200
29,0.9,200,"bu","09:31:06",981800
28.95,0.85,900,"bu","09:31:02",981600
28.95,0.85,100,"sd","09:30:59",980700
28.95,0.85,100,"bu","09:30:52",980600
28.95,0.85,100,"bu","09:30:52",980500
28.95,0.85,500,"bu","09:30:52",980400
28.95,0.85,700,"bu","09:30:52",979900
28.95,0.85,500,"bu","09:30:52",979200
28.95,0.85,2500,"bu","09:30:52",978700
28.95,0.85,6600,"bu","09:30:52",976200
28.95,0.85,200,"bu","09:30:52",969600
28.95,0.85,1000,"bu","09:30:52",969400
28.95,0.85,400,"bu","09:30:52",968400
28.95,0.85,2300,"bu","09:30:52",968000
28.95,0.85,100,"bu","09:30:51",965700
28.9,0.8,1600,"sd","09:30:50",965600
28.9,0.8,1400,"sd","09:30:50",964000
28.95,0.85,200,"bu","09:30:47",962600
28.9,0.8,1700,"sd","09:30:45",962400
28.95,0.85,200,"bu","09:30:32",960700
28.9,0.8,200,"sd","09:30:32",960500
28.95,0.85,200,"bu","09:30:06",960300
28.95,0.85,1000,"bu","09:29:55",960100
28.95,0.85,2100,"bu","09:29:51",959100
28.95,0.85,1000,"sd","09:29:43",957000
28.95,0.85,500,"sd","09:29:43",956000
28.95,0.85,500,"sd","09:29:43",955500
28.95,0.85,500,"sd","09:29:43",955000
28.95,0.85,100,"sd","09:29:39",954500
28.95,0.85,100,"sd","09:29:39",954400
28.95,0.85,2800,"sd","09:29:33",954300
28.95,0.85,200,"sd","09:29:33",951500
28.95,0.85,100,"sd","09:29:29",951300
28.95,0.85,200,"sd","09:29:21",951200
28.95,0.85,100,"sd","09:29:21",951000
28.95,0.85,100,"sd","09:29:21",950900
28.95,0.85,600,"sd","09:29:21",950800
28.95,0.85,200,"sd","09:29:20",950200
28.95,0.85,800,"sd","09:29:20",950000
28.95,0.85,200,"sd","09:29:18",949200
28.95,0.85,4800,"sd","09:29:18",949000
28.95,0.85,1500,"sd","09:29:18",944200
28.95,0.85,2000,"sd","09:29:17",942700
28.95,0.85,1100,"sd","09:29:15",940700
28.95,0.85,1000,"sd","09:29:13",939600
28.95,0.85,9600,"sd","09:29:10",938600
28.95,0.85,14800,"sd","09:29:10",929000
28.95,0.85,1000,"sd","09:29:07",914200
28.95,0.85,2000,"sd","09:29:02",913200
28.95,0.85,3500,"sd","09:29:02",911200
28.95,0.85,5000,"sd","09:29:00",907700
28.95,0.85,1000,"sd","09:28:59",902700
28.95,0.85,100,"sd","09:28:59",901700
28.95,0.85,2000,"sd","09:28:56",901600
28.95,0.85,200,"sd","09:28:48",899600
28.95,0.85,400,"sd","09:28:39",899400
28.95,0.85,500,"sd","09:28:39",899000
28.95,0.85,100,"sd","09:28:39",898500
29,0.9,100,"bu","09:28:31",898400
29,0.9,900,"bu","09:28:26",898300
29,0.9,600,"bu","09:28:26",897400
29,0.9,800,"bu","09:28:24",896800
29,0.9,3000,"bu","09:28:22",896000
29,0.9,100,"bu","09:28:21",893000
29,0.9,700,"sd","09:28:03",892900
29,0.9,2000,"sd","09:28:03",892200
29,0.9,300,"sd","09:28:03",890200
29,0.9,2200,"sd","09:28:03",889900
29,0.9,1500,"sd","09:28:02",887700
29,0.9,200,"sd","09:28:02",886200
29,0.9,500,"sd","09:28:00",886000
29,0.9,1000,"sd","09:27:53",885500
29,0.9,100,"sd","09:27:52",884500
29,0.9,300,"sd","09:27:52",884400
29,0.9,1000,"sd","09:27:52",884100
29,0.9,1000,"sd","09:27:52",883100
29,0.9,500,"sd","09:27:52",882100
29,0.9,1000,"sd","09:27:52",881600
29,0.9,5000,"sd","09:27:52",880600
29,0.9,1000,"sd","09:27:52",875600
29,0.9,100,"sd","09:27:52",874600
29,0.9,100,"sd","09:27:52",874500
29,0.9,9900,"sd","09:27:49",874400
29,0.9,9900,"sd","09:27:49",864500
29,0.9,500,"sd","09:27:49",854600
29,0.9,3900,"sd","09:27:49",854100
29,0.9,100,"sd","09:27:49",850200
29,0.9,100,"sd","09:27:49",850100
29,0.9,4000,"sd","09:27:46",850000
29,0.9,100,"sd","09:27:46",846000
29,0.9,2000,"sd","09:27:39",845900
29,0.9,3800,"sd","09:27:36",843900
29,0.9,200,"sd","09:27:36",840100
29,0.9,1000,"sd","09:27:36",839900
29,0.9,2000,"sd","09:27:35",838900
29,0.9,100,"sd","09:27:30",836900
29,0.9,200,"sd","09:27:20",836800
29.05,0.95,900,"bu","09:27:20",836600
29.05,0.95,100,"bu","09:27:19",835700
29,0.9,300,"sd","09:27:17",835600
29,0.9,2000,"sd","09:27:17",835300
29,0.9,400,"sd","09:27:17",833300
29,0.9,200,"sd","09:27:10",832900
29.05,0.95,500,"bu","09:27:09",832700
29.1,1,5000,"bu","09:27:04",832200
29,0.9,100,"sd","09:27:01",827200
29.1,1,1600,"bu","09:26:49",827100
29.05,0.95,500,"bu","09:26:47",825500
29.1,1,100,"bu","09:26:42",825000
29.1,1,2000,"bu","09:26:40",824900
29,0.9,300,"sd","09:26:37",822900
29.05,0.95,14700,"sd","09:26:37",822600
29.1,1,13500,"bu","09:26:35",807900
29.05,0.95,30000,"sd","09:26:35",794400
29.05,0.95,100,"sd","09:26:30",764400
29.05,0.95,5000,"sd","09:26:28",764300
29.05,0.95,200,"bu","09:26:25",759300
29.1,1,3600,"bu","09:26:14",759100
29.1,1,300,"bu","09:26:14",755500
29.1,1,400,"bu","09:26:14",755200
29.05,0.95,700,"bu","09:26:14",754800
29.05,0.95,300,"sd","09:26:10",754100
29.1,1,100,"bu","09:26:10",753800
29.1,1,100,"bu","09:26:10",753700
29.1,1,1600,"bu","09:26:10",753600
29.05,0.95,100,"sd","09:26:08",752000
29.05,0.95,500,"sd","09:26:07",751900
29.05,0.95,100,"sd","09:26:07",751400
29.1,1,100,"bu","09:26:02",751300
29.1,1,5000,"bu","09:25:51",751200
29.1,1,2000,"bu","09:25:50",746200
29,0.9,500,"sd","09:25:49",744200
29,0.9,200,"sd","09:25:42",743700
29.1,1,1000,"bu","09:25:42",743500
29.1,1,2000,"bu","09:25:41",742500
29.1,1,3100,"sd","09:25:40",740500
29.1,1,2200,"sd","09:25:40",737400
29.15,1.05,500,"sd","09:25:40",735200
29.15,1.05,2000,"sd","09:25:40",734700
29.15,1.05,500,"sd","09:25:40",732700
29.2,1.1,500,"bu","09:25:39",732200
29.2,1.1,500,"bu","09:25:39",731700
29.15,1.05,500,"bu","09:25:30",731200
29.1,1,200,"sd","09:25:28",730700
29.1,1,100,"sd","09:25:28",730500
29.1,1,3000,"sd","09:25:28",730400
29.1,1,700,"sd","09:25:28",727400
29.15,1.05,100,"bu","09:25:25",726700
29.15,1.05,400,"bu","09:25:23",726600
29.2,1.1,100,"sd","09:25:22",726200
29.2,1.1,100,"sd","09:25:21",726100
29.2,1.1,1000,"sd","09:25:17",726000
29.2,1.1,1000,"bu","09:25:17",725000
29.2,1.1,100,"bu","09:25:17",724000
29.2,1.1,100,"bu","09:25:17",723900
29.2,1.1,100,"bu","09:25:17",723800
29.2,1.1,2500,"bu","09:25:17",723700
29.2,1.1,17500,"bu","09:25:14",721200
29.2,1.1,1500,"bu","09:25:14",703700
29.15,1.05,200,"bu","09:25:14",702200
29.15,1.05,100,"bu","09:25:14",702000
29.15,1.05,700,"bu","09:25:14",701900
29.1,1,1000,"sd","09:25:12",701200
29.15,1.05,200,"bu","09:25:11",700200
29.15,1.05,1000,"bu","09:25:09",700000
29.15,1.05,600,"bu","09:25:07",699000
29.1,1,200,"sd","09:24:57",698400
29.1,1,100,"sd","09:24:53",698200
29.25,1.15,500,"sd","09:24:53",698100
29.2,1.1,100,"bu","09:24:53",697600
29.25,1.15,6300,"bu","09:24:53",697500
29.2,1.1,100,"bu","09:24:53",691200
29,0.9,100,"sd","09:24:42",691100
29.3,1.2,3600,"bu","09:24:39",691000
29.3,1.2,600,"bu","09:24:39",687400
29.25,1.15,1200,"bu","09:24:39",686800
29.25,1.15,300,"bu","09:24:39",685600
29.25,1.15,500,"bu","09:24:39",685300
29.25,1.15,600,"bu","09:24:39",684800
29.2,1.1,3000,"bu","09:24:39",684200
29.2,1.1,100,"bu","09:24:39",681200
29.2,1.1,1000,"bu","09:24:39",681100
29.2,1.1,500,"bu","09:24:39",680100
29.2,1.1,1500,"bu","09:24:39",679600
29.2,1.1,100,"bu","09:24:39",678100
29.2,1.1,200,"bu","09:24:39",678000
29.2,1.1,100,"bu","09:24:39",677800
29.2,1.1,500,"bu","09:24:39",677700
29.2,1.1,1000,"bu","09:24:39",677200
29.2,1.1,500,"bu","09:24:39",676200
29.15,1.05,100,"bu","09:24:38",675700
29.15,1.05,200,"bu","09:24:38",675600
29.15,1.05,100,"bu","09:24:38",675400
29.1,1,1000,"bu","09:24:38",675100
29.1,1,200,"bu","09:24:38",675300
29.05,0.95,2000,"bu","09:24:38",674100
29.05,0.95,800,"bu","09:24:38",672100
29.05,0.95,100,"bu","09:24:38",671300
29.05,0.95,100,"bu","09:24:38",671200
29.05,0.95,100,"bu","09:24:38",671100
29,0.9,300,"sd","09:24:35",671000
29,0.9,100,"sd","09:24:32",670700
29,0.9,4800,"sd","09:24:32",670600
29,0.9,500,"bu","09:24:31",665800
29,0.9,300,"bu","09:24:31",665300
29,0.9,100,"bu","09:24:31",665000
29,0.9,200,"bu","09:24:31",664900
29,0.9,1500,"bu","09:24:31",664700
29,0.9,400,"bu","09:24:31",663200
29,0.9,1000,"bu","09:24:31",662800
29,0.9,100,"bu","09:24:31",661800
29,0.9,100,"bu","09:24:31",661700
29,0.9,5000,"bu","09:24:31",661600
29,0.9,1000,"bu","09:24:31",656600
29,0.9,100,"bu","09:24:31",655600
29,0.9,100,"bu","09:24:31",655500
29,0.9,200,"bu","09:24:31",655400
29,0.9,300,"bu","09:24:31",655200
29,0.9,100,"bu","09:24:31",654900
29,0.9,3000,"bu","09:24:31",654800
29,0.9,100,"bu","09:24:31",651800
29,0.9,500,"bu","09:24:31",651700
29,0.9,500,"bu","09:24:31",651200
29,0.9,6000,"bu","09:24:31",650700
29,0.9,5000,"bu","09:24:31",644700
29,0.9,100,"bu","09:24:31",639700
29,0.9,200,"bu","09:24:31",639600
29,0.9,500,"bu","09:24:31",639400
29,0.9,4000,"bu","09:24:31",638900
29,0.9,300,"bu","09:24:31",634900
29,0.9,700,"bu","09:24:31",634600
29,0.9,400,"bu","09:24:31",633900
29,0.9,100,"bu","09:24:31",633500
29,0.9,100,"bu","09:24:31",633400
29,0.9,100,"bu","09:24:31",633300
29,0.9,100,"bu","09:24:31",633200
29,0.9,1000,"bu","09:24:31",633100
29,0.9,400,"bu","09:24:31",632100
29,0.9,500,"bu","09:24:31",631700
29,0.9,500,"bu","09:24:31",631200
29,0.9,1000,"bu","09:24:31",630700
29,0.9,800,"bu","09:24:31",629700
29,0.9,2000,"bu","09:24:31",628900
29,0.9,100,"bu","09:24:31",626900
29,0.9,2000,"bu","09:24:31",626800
29,0.9,100,"bu","09:24:31",624800
29,0.9,1700,"bu","09:24:31",624700
29,0.9,10000,"bu","09:24:31",623000
29,0.9,300,"bu","09:24:31",613000
28.95,0.85,5000,"bu","09:24:31",612700
29,0.9,3000,"bu","09:24:31",607700
28.95,0.85,1000,"bu","09:24:31",604700
29,0.9,1000,"bu","09:24:31",603700
28.95,0.85,500,"bu","09:24:31",602700
29,0.9,100,"bu","09:24:31",602200
28.95,0.85,16300,"bu","09:24:31",602100
29,0.9,500,"bu","09:24:31",585800
28.95,0.85,300,"bu","09:24:30",585300
28.9,0.8,100,"sd","09:24:28",585000
28.9,0.8,100,"sd","09:24:25",584900
28.95,0.85,3400,"bu","09:24:23",584800
28.95,0.85,10000,"bu","09:24:23",581400
28.95,0.85,3000,"bu","09:24:23",571400
28.95,0.85,200,"bu","09:24:23",568400
28.95,0.85,500,"bu","09:24:23",568200
28.95,0.85,100,"bu","09:24:23",567700
28.95,0.85,2000,"bu","09:24:23",567600
28.95,0.85,200,"bu","09:24:23",565600
28.95,0.85,500,"bu","09:24:23",565400
28.95,0.85,100,"bu","09:24:23",564900
28.9,0.8,100,"bu","09:24:15",564800
28.9,0.8,1000,"bu","09:24:14",564700
28.9,0.8,500,"bu","09:24:13",563700
28.9,0.8,500,"sd","09:24:12",563200
28.9,0.8,300,"sd","09:24:12",562700
28.9,0.8,900,"sd","09:24:12",562400
28.9,0.8,5800,"sd","09:24:12",561500
28.9,0.8,900,"sd","09:24:12",555700
28.9,0.8,100,"sd","09:24:08",554800
28.9,0.8,500,"bu","09:24:07",554700
28.9,0.8,100,"bu","09:24:07",554200
28.9,0.8,100,"bu","09:24:07",554100
28.9,0.8,300,"bu","09:24:07",554000
28.9,0.8,100,"bu","09:24:06",553700
28.9,0.8,100,"bu","09:24:06",553600
28.9,0.8,500,"bu","09:24:06",553500
28.9,0.8,4000,"bu","09:24:06",553000
28.9,0.8,200,"bu","09:24:06",549000
28.9,0.8,100,"bu","09:24:06",548800
28.9,0.8,5000,"bu","09:24:06",548700
28.9,0.8,2000,"bu","09:24:02",543700
28.9,0.8,500,"bu","09:24:02",541700
28.9,0.8,1000,"bu","09:24:00",541200
28.9,0.8,100,"bu","09:23:59",540200
28.9,0.8,2400,"bu","09:23:54",540100
28.9,0.8,500,"bu","09:23:54",537700
28.9,0.8,500,"bu","09:23:54",537200
28.9,0.8,10000,"bu","09:23:54",536700
28.9,0.8,100,"bu","09:23:54",526700
28.9,0.8,200,"bu","09:23:54",526600
28.9,0.8,300,"bu","09:23:54",526400
28.9,0.8,200,"bu","09:23:54",526100
28.9,0.8,100,"bu","09:23:54",525900
28.9,0.8,700,"bu","09:23:54",525800
28.9,0.8,1500,"bu","09:23:52",525100
28.9,0.8,300,"bu","09:23:50",523600
28.9,0.8,500,"bu","09:23:48",523300
28.9,0.8,300,"bu","09:23:48",522800
28.9,0.8,200,"bu","09:23:48",522500
28.85,0.75,10000,"sd","09:23:48",522300
28.85,0.75,100,"sd","09:23:42",512300
28.9,0.8,9800,"bu","09:23:41",512200
28.9,0.8,200,"bu","09:23:41",502400
28.85,0.75,300,"sd","09:23:41",502200
28.85,0.75,1000,"bu","09:23:40",501900
28.85,0.75,600,"bu","09:23:40",500900
28.85,0.75,500,"bu","09:23:40",500300
28.85,0.75,100,"bu","09:23:40",499800
28.85,0.75,300,"bu","09:23:40",499700
28.85,0.75,10000,"bu","09:23:40",499400
28.85,0.75,100,"bu","09:23:40",489400
28.85,0.75,200,"bu","09:23:40",489300
28.85,0.75,2000,"bu","09:23:40",489100
28.85,0.75,500,"bu","09:23:40",487100
28.85,0.75,300,"bu","09:23:40",486600
28.85,0.75,2700,"bu","09:23:34",486300
28.85,0.75,300,"bu","09:23:34",483600
28.85,0.75,2700,"bu","09:23:33",483300
28.8,0.7,500,"sd","09:23:30",480600
28.8,0.7,200,"sd","09:23:30",480100
28.8,0.7,300,"sd","09:23:30",479900
28.8,0.7,200,"sd","09:23:28",479600
28.8,0.7,100,"sd","09:23:28",479400
28.85,0.75,300,"bu","09:23:27",479300
28.8,0.7,500,"sd","09:23:17",479000
28.85,0.75,1000,"bu","09:23:12",478500
28.8,0.7,200,"sd","09:23:10",477500
28.85,0.75,500,"bu","09:23:03",477300
28.85,0.75,5200,"bu","09:22:42",476800
28.8,0.7,200,"unknown","09:22:42",471600
28.8,0.7,100,"bu","09:22:42",471400
28.8,0.7,10000,"bu","09:22:42",471300
28.8,0.7,100,"bu","09:22:42",461300
28.8,0.7,100,"bu","09:22:42",461200
28.8,0.7,100,"bu","09:22:42",461100
28.8,0.7,100,"bu","09:22:42",461000
28.8,0.7,100,"bu","09:22:42",460900
28.8,0.7,5000,"bu","09:22:42",460800
28.8,0.7,500,"bu","09:22:42",455800
28.8,0.7,100,"bu","09:22:42",455300
28.8,0.7,2000,"bu","09:22:42",455200
28.8,0.7,300,"bu","09:22:42",453200
28.8,0.7,5000,"bu","09:22:42",452900
28.8,0.7,300,"bu","09:22:42",447900
28.8,0.7,200,"bu","09:22:42",447600
28.8,0.7,500,"bu","09:22:42",447400
28.8,0.7,100,"bu","09:22:42",446900
28.75,0.65,500,"sd","09:22:39",446800
28.75,0.65,100,"sd","09:22:33",446300
28.75,0.65,600,"sd","09:22:33",446200
28.75,0.65,900,"sd","09:22:33",445600
28.75,0.65,100,"bu","09:22:23",444700
28.7,0.6,5000,"sd","09:22:23",444600
28.7,0.6,300,"sd","09:22:17",439600
28.75,0.65,100,"bu","09:22:16",439300
28.75,0.65,2800,"bu","09:22:16",439200
28.75,0.65,500,"bu","09:22:16",436400
28.75,0.65,100,"bu","09:22:16",435900
28.75,0.65,500,"bu","09:22:16",435800
28.75,0.65,200,"bu","09:22:16",435300
28.75,0.65,500,"bu","09:22:16",435100
28.75,0.65,100,"bu","09:22:16",434600
28.75,0.65,5300,"bu","09:22:16",434500
28.75,0.65,100,"bu","09:22:15",429200
28.75,0.65,100,"bu","09:22:13",429100
28.75,0.65,1000,"bu","09:22:10",429000
28.75,0.65,200,"bu","09:22:08",428000
28.75,0.65,200,"bu","09:22:05",427800
28.75,0.65,2000,"bu","09:22:05",427600
28.75,0.65,500,"bu","09:22:03",425600
28.7,0.6,100,"sd","09:21:52",425100
28.7,0.6,200,"sd","09:21:51",425000
28.75,0.65,600,"bu","09:21:50",424800
28.75,0.65,100,"bu","09:21:50",424200
28.75,0.65,10000,"bu","09:21:50",424100
28.75,0.65,9300,"bu","09:21:50",414100
28.75,0.65,700,"bu","09:21:50",404800
28.75,0.65,100,"bu","09:21:50",404100
28.75,0.65,200,"bu","09:21:50",404000
28.7,0.6,100,"sd","09:21:48",403800
28.7,0.6,900,"sd","09:21:46",403700
28.7,0.6,5000,"sd","09:21:42",402800
28.7,0.6,200,"bu","09:21:42",397800
28.7,0.6,8600,"bu","09:21:41",397600
28.7,0.6,200,"sd","09:21:37",389000
28.7,0.6,1000,"sd","09:21:37",388800
28.7,0.6,200,"sd","09:21:37",387800
28.7,0.6,1000,"sd","09:21:37",387600
28.7,0.6,2000,"sd","09:21:37",386600
28.7,0.6,2000,"sd","09:21:37",384600
28.7,0.6,300,"sd","09:21:37",382600
28.7,0.6,200,"sd","09:21:37",382300
28.7,0.6,1500,"sd","09:21:37",382100
28.7,0.6,200,"sd","09:21:37",380600
28.7,0.6,300,"sd","09:21:31",380400
28.7,0.6,100,"sd","09:21:28",380100
28.7,0.6,200,"sd","09:21:28",380000
28.7,0.6,100,"sd","09:21:24",379800
28.7,0.6,1000,"sd","09:21:22",379700
28.7,0.6,200,"sd","09:21:10",378700
28.7,0.6,100,"bu","09:20:59",378500
28.7,0.6,1000,"bu","09:20:59",378400
28.7,0.6,2400,"bu","09:20:59",377400
28.7,0.6,500,"bu","09:20:58",375000
28.7,0.6,100,"bu","09:20:47",374500
28.7,0.6,100,"bu","09:20:44",374400
28.7,0.6,1900,"bu","09:20:42",374300
28.7,0.6,100,"bu","09:20:42",372400
28.7,0.6,100,"bu","09:20:42",372300
28.7,0.6,5000,"bu","09:20:42",372200
28.7,0.6,500,"bu","09:20:42",367200
28.7,0.6,10000,"bu","09:20:42",366700
28.7,0.6,100,"bu","09:20:42",356700
28.7,0.6,300,"bu","09:20:42",356600
28.7,0.6,100,"bu","09:20:42",356300
28.7,0.6,500,"bu","09:20:42",356200
28.7,0.6,1000,"bu","09:20:42",355700
28.7,0.6,400,"bu","09:20:42",354700
28.6,0.5,11700,"sd","09:20:40",354300
28.65,0.55,9800,"sd","09:20:40",342600
28.65,0.55,1600,"sd","09:20:40",332800
28.65,0.55,6900,"sd","09:20:40",331200
28.65,0.55,1700,"bu","09:20:39",324300
28.65,0.55,1400,"bu","09:20:39",322600
28.65,0.55,1000,"sd","09:20:38",321200
28.65,0.55,100,"sd","09:20:38",320200
28.65,0.55,100,"sd","09:20:38",320100
28.65,0.55,100,"sd","09:20:38",320000
28.65,0.55,1000,"sd","09:20:38",319900
28.65,0.55,1300,"sd","09:20:38",318900
28.65,0.55,200,"sd","09:20:31",317600
28.65,0.55,400,"sd","09:20:23",317400
28.65,0.55,1100,"sd","09:20:19",317000
28.65,0.55,300,"sd","09:20:19",315900
28.65,0.55,3600,"sd","09:20:19",315600
28.65,0.55,200,"sd","09:20:04",312000
28.65,0.55,10000,"sd","09:19:52",311800
28.65,0.55,10000,"sd","09:19:52",301800
28.65,0.55,2000,"sd","09:19:52",291800
28.65,0.55,500,"sd","09:19:52",289800
28.65,0.55,10000,"sd","09:19:52",289300
28.65,0.55,100,"sd","09:19:52",279300
28.65,0.55,200,"bu","09:19:52",279200
28.6,0.5,500,"bu","09:19:52",279000
28.65,0.55,3000,"bu","09:19:52",278500
28.6,0.5,500,"bu","09:19:52",275500
28.65,0.55,100,"bu","09:19:52",275000
28.6,0.5,300,"bu","09:19:52",274900
28.6,0.5,1000,"bu","09:19:52",274600
28.6,0.5,200,"bu","09:19:52",273600
28.6,0.5,100,"bu","09:19:52",273400
28.6,0.5,5000,"bu","09:19:52",273300
28.6,0.5,2700,"bu","09:19:52",268300
28.6,0.5,2300,"bu","09:19:51",265600
28.6,0.5,200,"bu","09:19:51",263300
28.55,0.45,100,"bu","09:19:36",263100
28.55,0.45,200,"bu","09:19:36",263000
28.55,0.45,100,"bu","09:19:22",262800
28.55,0.45,200,"sd","09:19:18",262700
28.55,0.45,800,"bu","09:19:15",262500
28.5,0.4,1000,"sd","09:19:14",261700
28.55,0.45,200,"sd","09:19:12",260700
28.55,0.45,2000,"sd","09:19:12",260500
28.55,0.45,1000,"sd","09:19:09",258500
28.5,0.4,6800,"sd","09:19:09",257500
28.55,0.45,1000,"sd","09:19:09",250700
28.5,0.4,300,"sd","09:19:09",249700
28.55,0.45,1000,"sd","09:19:09",249400
28.5,0.4,2000,"sd","09:19:09",248400
28.55,0.45,2600,"sd","09:19:09",246400
28.5,0.4,200,"sd","09:19:09",243800
28.5,0.4,5000,"sd","09:19:09",243600
