"price","change","match_qtty","side","time","total_vol"
8900,0,1000,"bu","14:59:38",1328700
8900,0,100,"bu","14:57:48",1327700
8900,0,200,"bu","14:57:46",1327600
8900,0,5000,"bu","14:57:07",1327400
8900,0,2000,"bu","14:56:49",1322400
8900,0,10000,"bu","14:56:28",1320400
8900,0,700,"bu","14:55:06",1310400
8900,0,300,"bu","14:55:00",1309700
8900,0,3100,"bu","14:53:50",1309400
8900,0,500,"bu","14:53:45",1306300
8900,0,2800,"bu","14:53:43",1305800
8900,0,20000,"bu","14:53:31",1303000
8900,0,20000,"bu","14:53:15",1283000
8900,0,500,"bu","14:52:32",1263000
8900,0,500,"bu","14:52:18",1262500
8900,0,2000,"bu","14:51:48",1262000
8900,0,100,"bu","14:51:36",1260000
8900,0,2000,"bu","14:51:17",1259900
8900,0,1000,"bu","14:50:17",1257900
8900,0,100,"bu","14:49:13",1256900
8900,0,2000,"bu","14:48:10",1256800
8900,0,300,"bu","14:47:11",1254800
8800,-100,4400,"sd","14:46:09",1254500
8800,-100,100,"sd","14:43:21",1250100
8800,-100,1100,"sd","14:34:10",1250000
8800,-100,3000,"sd","14:29:24",1248900
8800,-100,1000,"sd","14:27:43",1245900
8900,0,4000,"bu","14:26:46",1244900
8900,0,100,"bu","14:25:55",1240900
8900,0,300,"bu","14:22:07",1240800
8900,0,600,"bu","14:21:56",1240500
8900,0,400,"bu","14:21:47",1239900
8900,0,400,"bu","14:21:33",1239500
8900,0,1000,"bu","14:20:54",1239100
8900,0,2000,"bu","14:20:45",1238100
8900,0,5000,"bu","14:20:29",1236100
8900,0,100,"bu","14:20:13",1231100
8900,0,5000,"bu","14:19:57",1231000
8900,0,8600,"sd","14:18:33",1226000
8900,0,100,"sd","14:17:33",1217400
8900,0,2200,"bu","14:17:21",1217300
8900,0,1000,"bu","14:17:18",1215100
8900,0,300,"bu","14:17:16",1214100
8900,0,1200,"bu","14:17:15",1213800
8900,0,500,"bu","14:17:11",1212600
8900,0,1000,"bu","14:17:10",1212100
8900,0,2000,"bu","14:17:09",1211100
8900,0,10000,"bu","14:17:05",1209100
8900,0,15000,"bu","14:16:57",1199100
8900,0,10000,"bu","14:16:53",1184100
8900,0,10000,"bu","14:16:45",1174100
8900,0,1000,"bu","14:16:30",1164100
8900,0,200,"bu","14:16:03",1163100
8900,0,1000,"bu","14:15:40",1162900
8900,0,2100,"bu","14:15:34",1161900
8900,0,5000,"bu","14:15:24",1159800
8900,0,2000,"bu","14:14:57",1154800
8900,0,500,"bu","14:14:45",1152800
8900,0,300,"bu","14:14:35",1152300
8900,0,5000,"bu","14:14:21",1152000
8900,0,2000,"bu","14:14:08",1147000
8900,0,100,"bu","14:13:41",1145000
8900,0,10000,"bu","14:13:29",1144900
8900,0,100,"bu","14:13:23",1134900
8900,0,400,"bu","14:11:50",1134800
8900,0,1000,"bu","14:09:48",1134400
8900,0,1000,"bu","14:09:35",1133400
8900,0,2000,"bu","14:09:27",1132400
8900,0,500,"bu","14:09:21",1130400
8900,0,5000,"bu","14:09:01",1129900
8900,0,10000,"bu","14:09:00",1124900
8800,-100,2000,"sd","14:04:28",1114900
8900,0,100,"bu","14:03:35",1112900
8900,0,200,"bu","14:00:24",1112800
8800,-100,50000,"sd","14:00:23",1112600
8900,0,100,"bu","13:55:06",1062600
8900,0,200,"bu","13:54:33",1062500
8900,0,100,"bu","13:54:03",1062300
8900,0,100,"bu","13:53:55",1062200
8900,0,2000,"bu","13:53:50",1062100
8900,0,2300,"bu","13:53:02",1060100
8900,0,1000,"bu","13:52:59",1057800
8900,0,100,"bu","13:52:36",1056800
8900,0,1000,"bu","13:52:27",1056700
8900,0,5000,"bu","13:52:06",1055700
8900,0,21200,"bu","13:48:14",1050700
8900,0,5200,"sd","13:47:24",1029500
8900,0,10000,"bu","13:47:22",1024300
8900,0,200,"bu","13:46:55",1014300
8900,0,14600,"bu","13:46:40",1014100
8900,0,1100,"bu","13:45:47",999500
8900,0,15000,"bu","13:45:37",998400
8900,0,4100,"bu","13:45:12",983400
8900,0,9800,"bu","13:44:30",979300
8900,0,30000,"sd","13:43:59",969500
8900,0,1000,"sd","13:42:11",939500
8900,0,5000,"bu","13:42:08",938500
8900,0,1000,"bu","13:42:04",933500
8900,0,200,"bu","13:42:02",932500
8900,0,700,"bu","13:41:51",932300
8900,0,20000,"bu","13:41:49",931600
8900,0,2000,"bu","13:41:35",911600
8900,0,200,"bu","13:41:26",909600
8900,0,100,"bu","13:41:21",909400
8900,0,1000,"bu","13:41:20",909300
8900,0,3000,"bu","13:41:16",908300
8900,0,4100,"bu","13:41:15",905300
8900,0,100,"bu","13:40:01",901200
8900,0,1000,"bu","13:39:36",901100
8900,0,3800,"bu","13:39:20",900100
8900,0,20000,"sd","13:38:32",896300
8900,0,29600,"sd","13:37:58",876300
8900,0,2000,"bu","13:37:41",846700
8900,0,2000,"bu","13:37:35",844700
8900,0,100,"bu","13:37:03",842700
8800,-100,50000,"sd","13:36:26",842600
8800,-100,30000,"sd","13:34:20",792600
8900,0,200,"bu","13:33:57",762600
8900,0,3000,"bu","13:28:55",762400
8900,0,24300,"bu","13:28:12",759400
8900,0,300,"sd","13:27:28",735100
8900,0,200,"sd","13:27:20",734800
8900,0,200,"sd","13:27:01",734600
8900,0,1000,"sd","13:25:29",734400
8900,0,100,"sd","13:24:57",733400
8900,0,1000,"sd","13:24:35",733300
8900,0,200,"sd","13:22:32",732300
8900,0,100,"bu","13:22:21",732100
8900,0,300,"bu","13:22:00",732000
8900,0,1000,"sd","13:21:53",731700
8900,0,1300,"sd","13:21:13",730700
8900,0,2500,"sd","13:19:52",729400
8900,0,100,"sd","13:19:16",726900
8900,0,100,"sd","13:19:02",726800
8900,0,500,"sd","13:18:18",726700
8900,0,10000,"sd","13:16:25",726200
8900,0,1000,"sd","13:16:14",716200
8900,0,1200,"sd","13:15:32",715200
8900,0,7700,"sd","13:13:10",714000
8900,0,100,"sd","13:13:05",706300
8900,0,1000,"sd","13:11:30",706200
8900,0,1000,"sd","13:11:19",705200
9000,100,200,"bu","13:06:49",704200
8900,0,200,"bu","13:06:35",704000
8900,0,85000,"bu","13:06:25",703800
8900,0,100,"bu","13:06:12",618800
8900,0,10000,"bu","13:05:38",618700
8900,0,1000,"bu","13:04:54",608700
8900,0,1000,"bu","13:04:15",607700
8900,0,300,"bu","13:00:07",606700
8900,0,200,"bu","13:00:04",606400
8800,-100,27000,"sd","13:00:03",606200
8900,0,15100,"sd","13:00:02",579200
8900,0,500,"sd","13:00:01",564100
8900,0,200,"sd","11:27:57",563600
8900,0,1000,"sd","11:23:53",563400
8900,0,1900,"sd","11:22:55",562400
8900,0,2400,"sd","11:21:45",560500
8900,0,700,"sd","11:17:52",558100
8900,0,6200,"sd","11:17:16",557400
8900,0,800,"sd","11:17:04",551200
8900,0,800,"sd","11:16:28",550400
8900,0,100,"sd","11:13:43",549600
8900,0,2000,"sd","11:09:51",549500
9000,100,500,"bu","11:07:28",547500
9000,100,100,"bu","11:06:05",547000
9000,100,1500,"bu","11:05:48",546900
9000,100,2000,"bu","11:00:50",545400
9000,100,400,"bu","11:00:08",543400
9000,100,100,"sd","10:59:26",543000
9000,100,300,"sd","10:59:08",542900
9000,100,1000,"sd","10:58:16",542600
9000,100,3000,"sd","10:57:59",541600
9000,100,5000,"sd","10:57:29",538600
9000,100,500,"sd","10:57:22",533600
9000,100,2000,"sd","10:56:52",533100
9000,100,300,"bu","10:55:37",531100
9000,100,700,"bu","10:55:29",530800
9000,100,1000,"sd","10:54:35",530100
9000,100,5000,"sd","10:53:23",529100
9000,100,5000,"sd","10:52:30",524100
9000,100,100,"sd","10:52:11",519100
9000,100,5000,"sd","10:52:10",519000
9000,100,10000,"sd","10:52:06",514000
9000,100,100,"sd","10:50:18",504000
9000,100,500,"sd","10:48:53",503900
9000,100,3700,"bu","10:47:33",503400
9000,100,1000,"bu","10:47:25",499700
9000,100,10000,"bu","10:47:17",498700
9000,100,14700,"bu","10:46:20",488700
9000,100,200,"bu","10:43:52",474000
9000,100,1000,"bu","10:43:29",473800
9000,100,59500,"bu","10:43:18",472800
9000,100,100,"sd","10:43:08",413300
9000,100,2000,"sd","10:42:56",413200
9000,100,5000,"sd","10:42:07",411200
9000,100,1000,"sd","10:41:25",406200
9000,100,500,"sd","10:39:50",405200
9100,200,500,"bu","10:36:21",404700
9100,200,500,"bu","10:35:10",404200
9100,200,100,"bu","10:32:59",403700
9100,200,300,"bu","10:30:30",403600
9100,200,1000,"bu","10:30:23",403300
9100,200,100,"bu","10:29:49",402300
9100,200,1000,"bu","10:29:32",402200
9000,100,200,"sd","10:28:56",401200
9100,200,3000,"bu","10:28:41",401000
9100,200,1000,"bu","10:28:33",398000
9100,200,10000,"bu","10:28:25",397000
9100,200,500,"bu","10:27:47",387000
9000,100,800,"sd","10:27:44",386500
9000,100,3000,"sd","10:24:17",385700
9000,100,16400,"sd","10:23:38",382700
9000,100,2600,"bu","10:20:07",366300
9000,100,3000,"sd","10:19:25",363700
9000,100,100,"sd","10:16:00",360700
9000,100,1000,"sd","10:15:28",360600
9000,100,100,"sd","10:15:05",359600
9000,100,500,"sd","10:14:53",359500
9000,100,800,"sd","10:14:22",359000
9000,100,13700,"sd","10:14:07",358200
9000,100,100,"sd","10:14:00",344500
9000,100,2000,"sd","10:13:57",344400
9000,100,1000,"sd","10:13:39",342400
9000,100,1500,"sd","10:12:05",341400
9100,200,100,"bu","10:02:53",339900
9000,100,500,"sd","10:02:19",339800
9000,100,4200,"sd","10:01:49",339300
9000,100,5000,"sd","09:58:53",335100
9100,200,12000,"bu","09:58:45",330100
9100,200,100,"bu","09:57:49",318100
9100,200,200,"bu","09:48:50",318000
9100,200,2200,"bu","09:48:47",317800
9100,200,600,"bu","09:46:20",315600
9100,200,200,"bu","09:44:38",315000
9100,200,500,"bu","09:44:33",314800
9100,200,1100,"bu","09:44:21",314300
9100,200,1100,"bu","09:44:08",313200
9100,200,2000,"bu","09:43:30",312100
9100,200,9000,"bu","09:43:24",310100
9100,200,1000,"bu","09:43:19",301100
9100,200,700,"bu","09:43:18",300100
9100,200,38000,"bu","09:42:48",299400
9100,200,2000,"bu","09:42:40",261400
9100,200,1900,"bu","09:42:23",259400
9100,200,200,"bu","09:41:57",257500
9100,200,100,"bu","09:41:54",257300
9100,200,1000,"bu","09:41:14",257200
9100,200,600,"bu","09:40:41",256200
9000,100,7000,"sd","09:40:36",255600
9000,100,1000,"sd","09:38:10",248600
9000,100,1000,"sd","09:37:47",247600
9000,100,44100,"bu","09:37:33",246600
9000,100,1000,"bu","09:37:18",202500
9000,100,200,"bu","09:35:39",201500
8900,0,200,"sd","09:34:16",201300
8900,0,20100,"sd","09:33:20",201100
9000,100,100,"bu","09:30:59",181000
9000,100,300,"bu","09:30:20",180900
9000,100,100,"sd","09:29:22",180600
9000,100,3000,"sd","09:29:05",180500
9000,100,500,"sd","09:29:04",177500
9000,100,1000,"sd","09:29:01",177000
9000,100,1000,"sd","09:28:47",176000
9000,100,400,"sd","09:28:20",175000
9000,100,400,"sd","09:28:13",174600
9000,100,500,"sd","09:27:34",174200
9000,100,200,"bu","09:27:12",173700
9000,100,1000,"bu","09:27:06",173500
9000,100,200,"bu","09:26:57",172500
9000,100,1000,"bu","09:26:43",172300
9000,100,5000,"bu","09:26:26",171300
9000,100,3500,"bu","09:26:13",166300
9000,100,1000,"bu","09:26:09",162800
9000,100,100,"bu","09:26:01",161800
9000,100,35000,"bu","09:25:24",161700
9000,100,700,"bu","09:25:01",126700
9000,100,200,"bu","09:24:31",126000
9000,100,200,"bu","09:24:28",125800
8900,0,1000,"sd","09:23:17",125600
8900,0,300,"sd","09:22:51",124600
8900,0,1000,"sd","09:22:32",124300
8900,0,200,"sd","09:22:06",123300
8900,0,3100,"sd","09:21:56",123100
8900,0,27500,"bu","09:21:49",120000
8800,-100,5000,"sd","09:21:48",92500
8800,-100,1000,"sd","09:21:06",87500
8900,0,400,"bu","09:20:59",86500
8800,-100,500,"sd","09:20:48",86100
8800,-100,8000,"sd","09:20:30",85600
8800,-100,500,"sd","09:20:01",77600
8800,-100,4000,"sd","09:19:45",77100
8800,-100,400,"sd","09:19:42",73100
8800,-100,1300,"sd","09:19:23",72700
8800,-100,6000,"sd","09:19:22",71400
8800,-100,2300,"sd","09:19:13",65400
8800,-100,500,"sd","09:19:04",63100
8800,-100,6000,"sd","09:18:59",62600
8800,-100,11500,"sd","09:18:51",56600
8800,-100,2600,"sd","09:18:10",45100
8800,-100,2200,"sd","09:17:59",42500
8800,-100,2000,"sd","09:17:44",40300
8900,0,500,"bu","09:16:22",38300
8900,0,2100,"sd","09:16:20",37800
8900,0,10900,"sd","09:16:10",35700
8900,0,500,"sd","09:14:17",24800
8900,0,500,"sd","09:14:12",24300
8900,0,500,"sd","09:11:32",23800
8900,0,1000,"sd","09:10:53",23300
8900,0,500,"sd","09:10:43",22300
8900,0,1800,"sd","09:06:36",21800
8900,0,2000,"sd","09:06:20",20000
8900,0,100,"sd","09:05:35",18000
9000,100,2200,"bu","09:03:15",17900
9000,100,100,"bu","09:02:52",15700
9000,100,4900,"bu","09:02:01",15600
9100,200,700,"bu","09:01:48",10700
9000,100,2000,"sd","09:01:14",10000
9100,200,100,"bu","09:01:11",8000
9000,100,2100,"sd","09:01:09",7900
9000,100,5000,"sd","09:00:17",5800
9000,100,100,"sd","09:00:12",800
9100,200,500,"bu","09:00:11",700
9100,200,100,"bu","09:00:06",200
9200,300,100,"bu","09:00:05",100
