"price","change","match_qtty","side","time","total_vol"
10000,-200,14500,"sd","14:45:00",207800
10000,-200,3000,"sd","14:28:45",193300
10000,-200,500,"sd","14:28:45",190300
10000,-200,2000,"sd","14:28:45",189800
10000,-200,1000,"sd","14:28:45",187800
10000,-200,1000,"sd","14:28:45",186800
10000,-200,10000,"sd","14:28:45",185800
10000,-200,5000,"sd","14:28:45",175800
10000,-200,1000,"sd","14:28:45",170800
10000,-200,200,"sd","14:28:45",169800
10000,-200,1000,"sd","14:28:45",169600
10000,-200,500,"sd","14:28:45",168600
10000,-200,700,"sd","14:28:45",168100
10000,-200,300,"sd","14:28:45",167400
10000,-200,100,"sd","14:28:45",167100
10000,-200,10000,"sd","14:28:45",167000
10000,-200,7000,"sd","14:28:45",157000
10000,-200,1000,"sd","14:28:45",150000
10000,-200,100,"sd","14:28:45",149000
10000,-200,2100,"sd","14:28:45",148900
10050,-150,1000,"sd","14:28:03",146800
10050,-150,400,"sd","14:28:03",145800
10100,-100,500,"bu","14:16:12",145400
10050,-150,500,"sd","14:14:33",144900
10050,-150,100,"sd","14:12:13",144400
10050,-150,2900,"sd","14:12:13",144300
10050,-150,100,"sd","14:10:51",141400
10050,-150,400,"sd","14:10:51",141300
10050,-150,300,"sd","14:00:26",140900
10050,-150,300,"sd","13:59:19",140600
10050,-150,200,"sd","13:59:19",140300
10050,-150,800,"sd","13:58:11",140100
10050,-150,200,"sd","13:58:11",139300
10050,-150,200,"bu","13:50:24",139100
10050,-150,800,"sd","13:49:27",138900
10050,-150,200,"sd","13:49:23",138100
10000,-200,3900,"sd","13:48:15",137900
10050,-150,200,"sd","13:48:15",134000
10050,-150,1900,"sd","13:48:15",133800
10100,-100,500,"bu","13:46:54",131900
10000,-200,2000,"sd","13:41:34",131400
10000,-200,700,"sd","13:41:34",129400
10000,-200,5000,"sd","13:41:34",128700
10000,-200,1000,"sd","13:41:34",123700
10000,-200,300,"sd","13:41:34",122700
10000,-200,3000,"sd","13:41:34",122400
10000,-200,1000,"sd","13:41:34",119400
10000,-200,1000,"sd","13:41:34",118400
10050,-150,4000,"sd","13:41:34",117400
10050,-150,2000,"sd","13:41:34",113400
10100,-100,300,"sd","13:27:26",111400
10100,-100,700,"sd","13:27:26",111100
10100,-100,300,"sd","13:24:42",110400
10100,-100,2000,"sd","13:24:42",110100
10100,-100,2000,"sd","13:24:42",108100
10100,-100,500,"sd","13:24:42",106100
10100,-100,1000,"sd","13:24:42",105600
10100,-100,3000,"sd","13:24:42",104600
10100,-100,700,"sd","13:24:42",101600
10100,-100,500,"sd","13:24:42",100900
10150,-50,200,"bu","13:20:36",100400
10150,-50,1800,"bu","13:20:36",100200
10150,-50,100,"bu","13:02:44",98400
10150,-50,1000,"bu","11:27:03",98300
10150,-50,100,"bu","11:22:58",97300
10150,-50,1000,"bu","11:09:23",97200
10150,-50,2000,"bu","10:59:46",96200
10150,-50,5000,"bu","10:59:33",94200
10150,-50,1000,"bu","10:58:49",89200
10150,-50,5000,"bu","10:51:01",88200
10150,-50,2000,"bu","10:50:46",83200
10150,-50,400,"sd","10:50:37",81200
10150,-50,10000,"sd","10:50:37",80800
10150,-50,600,"sd","10:50:37",70800
10200,0,4000,"bu","10:48:27",70200
10200,0,1000,"bu","10:48:27",66200
10200,0,2000,"bu","10:48:11",65200
10200,0,1000,"bu","10:48:04",63200
10150,-50,400,"bu","10:47:58",62200
10150,-50,1000,"bu","10:46:15",61800
10150,-50,200,"bu","10:44:38",60800
10150,-50,4000,"bu","10:44:24",60600
10150,-50,3000,"bu","10:38:42",56600
10150,-50,2000,"bu","10:34:45",53600
10150,-50,1000,"bu","10:31:59",51600
10150,-50,1500,"bu","10:30:29",50600
10100,-100,5000,"sd","10:30:00",49100
10150,-50,1500,"bu","10:28:51",44100
10150,-50,1000,"bu","10:28:12",42600
10150,-50,900,"bu","10:28:04",41600
10150,-50,2000,"bu","10:28:03",40700
10150,-50,3000,"bu","10:27:57",38700
10150,-50,1000,"bu","10:27:52",35700
10150,-50,200,"sd","10:27:44",34700
10150,-50,2000,"sd","10:27:44",34500
10150,-50,300,"sd","10:27:44",32500
10200,0,1000,"bu","10:08:23",32200
10150,-50,200,"bu","10:07:52",31200
10150,-50,300,"sd","10:04:21",31000
10150,-50,4500,"sd","10:04:21",30700
10150,-50,500,"sd","10:02:06",26200
10200,0,1000,"bu","09:59:30",25700
10200,0,100,"bu","09:56:49",24700
10200,0,400,"bu","09:53:15",24600
10200,0,1000,"bu","09:51:54",24200
10200,0,1500,"bu","09:49:32",23200
10200,0,2000,"bu","09:46:12",21700
10200,0,4000,"bu","09:44:17",19700
10200,0,500,"bu","09:44:12",15700
10200,0,500,"bu","09:38:56",15200
10200,0,1500,"bu","09:38:35",14700
10200,0,2000,"bu","09:33:59",13200
10200,0,1500,"bu","09:26:58",11200
10200,0,2000,"bu","09:25:27",9700
10200,0,500,"bu","09:23:58",7700
10200,0,500,"bu","09:22:47",7200
10200,0,3000,"bu","09:21:26",6700
10200,0,2000,"bu","09:21:03",3700
10200,0,500,"bu","09:20:33",1700
10200,0,1000,"bu","09:20:22",1200
10200,0,200,"bu","09:15:00",200
