"price","change","match_qtty","side","time","total_vol"
6.1,0.01,54200,"unknown","14:45:02",216300
6.09,0,1200,"bu","14:29:55",162100
6.09,0,100,"bu","14:29:47",160900
6.09,0,8700,"sd","14:27:05",160800
6.09,0,100,"sd","14:26:54",152100
6.09,0,100,"sd","14:25:43",152000
6.09,0,200,"bu","14:24:34",151900
6.09,0,3900,"bu","14:24:34",151700
6.09,0,100,"bu","14:24:12",147800
6.09,0,200,"bu","14:23:54",147700
6.09,0,300,"bu","14:23:35",147500
6.09,0,200,"bu","14:23:16",147200
6.09,0,200,"bu","14:22:50",147000
6.1,0.01,100,"bu","14:20:28",146800
5.75,-0.34,2900,"sd","14:17:49",146700
5.8,-0.29,2000,"sd","14:17:49",143800
5.8,-0.29,500,"sd","14:17:49",141800
5.8,-0.29,3500,"sd","14:17:49",141300
5.8,-0.29,100,"sd","14:17:49",137800
5.9,-0.19,100,"sd","14:17:49",137700
5.9,-0.19,100,"sd","14:17:49",137600
5.99,-0.1,1000,"sd","14:17:49",137500
6,-0.09,100,"sd","14:17:49",136500
6,-0.09,9000,"sd","14:17:49",136400
6,-0.09,100,"sd","14:17:49",127000
6.01,-0.08,400,"sd","14:17:49",126900
6,-0.09,400,"sd","14:17:49",127400
6.02,-0.07,400,"sd","14:17:49",126500
6.05,-0.04,1000,"sd","14:17:49",126100
6.07,-0.02,500,"sd","14:17:49",125100
6.08,-0.01,5000,"sd","14:17:49",124600
6.08,-0.01,200,"sd","14:17:49",119600
6.09,0,1500,"sd","14:17:49",119400
6.09,0,2000,"bu","14:17:02",117900
6.09,0,200,"sd","14:16:34",115900
6.1,0.01,1800,"sd","14:16:34",115700
6.09,0,100,"sd","14:16:34",113900
6.09,0,1000,"sd","14:16:34",113800
6.09,0,3400,"sd","14:16:34",112800
6.09,0,1000,"sd","14:16:34",109400
6.09,0,500,"sd","14:16:34",108400
6.1,0.01,200,"sd","14:16:15",107900
6.1,0.01,300,"sd","14:16:15",107700
6.1,0.01,100,"sd","14:15:56",107400
6.1,0.01,500,"sd","14:15:45",107300
6.1,0.01,100,"sd","14:15:22",106800
6.1,0.01,100,"sd","14:15:22",106700
6.1,0.01,200,"sd","14:14:28",106600
6.1,0.01,1500,"bu","14:14:06",106400
6.1,0.01,200,"bu","14:13:39",104900
6.1,0.01,200,"bu","14:13:20",104700
6.1,0.01,500,"sd","14:13:17",104500
6.1,0.01,3100,"bu","14:12:55",104000
6.09,0,100,"sd","14:11:35",100900
6.12,0.03,5000,"sd","14:07:30",100800
6.18,0.09,2900,"bu","14:05:35",95800
6.15,0.06,100,"sd","14:05:23",92900
6.12,0.03,100,"sd","14:04:34",92800
6.12,0.03,500,"bu","14:03:51",92700
6.09,0,200,"bu","14:02:02",92200
6.09,0,300,"bu","14:01:47",92000
6.09,0,400,"bu","14:00:18",91700
6.09,0,100,"sd","13:59:25",91300
6.09,0,100,"sd","13:59:25",91200
6.09,0,400,"sd","13:59:25",91100
6.09,0,500,"sd","13:59:23",90700
6.09,0,500,"sd","13:59:11",90200
6.09,0,500,"sd","13:58:45",89700
6.09,0,100,"bu","13:57:37",89200
6.09,0,1000,"sd","13:56:17",89100
6.09,0,500,"sd","13:56:17",88100
6.09,0,1000,"sd","13:56:17",87600
6.09,0,1900,"sd","13:56:17",86600
6.1,0.01,100,"sd","13:56:17",84700
6.18,0.09,800,"bu","13:53:09",84600
6.09,0,3100,"sd","13:52:46",83800
6.09,0,100,"sd","13:52:46",80700
6.09,0,500,"sd","13:52:46",80600
6.09,0,600,"sd","13:52:46",80100
6.09,0,700,"sd","13:52:46",79500
6.09,0,300,"bu","13:49:37",78800
6.09,0,1000,"bu","13:49:33",78500
6.09,0,700,"bu","13:49:12",77500
6.09,0,4000,"bu","13:49:12",76800
6.09,0,2000,"bu","13:49:09",72800
6.09,0,100,"bu","13:49:00",70800
6.09,0,5000,"bu","13:48:53",70700
6.09,0,2000,"bu","13:47:57",65700
6.09,0,1000,"bu","13:47:04",63700
6.09,0,200,"bu","13:46:59",62700
6.09,0,200,"bu","13:46:06",62500
6.09,0,200,"bu","13:45:42",62300
6.09,0,1000,"bu","13:45:28",62100
6.09,0,100,"bu","13:40:53",61100
6.09,0,600,"bu","13:40:53",61000
6.09,0,100,"bu","13:40:53",60400
6.09,0,1000,"unknown","13:40:53",60300
6.09,0,1000,"sd","13:40:53",59300
6.09,0,300,"sd","13:40:53",58300
6.1,0.01,200,"sd","13:40:53",58000
6.09,0,1700,"sd","13:39:01",57800
6.09,0,700,"sd","13:39:01",56100
6.09,0,900,"sd","13:39:01",55400
6.1,0.01,1000,"sd","13:39:01",54500
6.1,0.01,100,"sd","13:39:01",53500
6.18,0.09,600,"sd","13:39:01",53400
6.18,0.09,400,"sd","13:38:47",52800
6.18,0.09,100,"sd","13:38:47",52400
6.2,0.11,200,"sd","13:37:52",52300
6.2,0.11,2800,"sd","13:37:40",52100
6.2,0.11,100,"sd","13:37:40",49300
6.2,0.11,100,"sd","13:37:40",49200
6.2,0.11,3000,"sd","13:37:19",49100
6.2,0.11,2000,"sd","13:37:19",46100
6.21,0.12,1900,"sd","13:36:33",44100
6.21,0.12,100,"sd","13:36:02",42200
6.2,0.11,500,"sd","13:35:50",42100
6.21,0.12,500,"sd","13:35:50",41600
6.23,0.14,500,"bu","13:35:18",41100
6.24,0.15,1300,"bu","13:34:23",40600
6.24,0.15,1000,"bu","13:34:05",39300
6.2,0.11,100,"bu","13:32:34",38300
6.2,0.11,100,"bu","13:32:34",38200
6.2,0.11,300,"bu","13:32:34",38100
6.2,0.11,100,"bu","13:32:06",37800
6.2,0.11,100,"bu","13:31:49",37700
6.2,0.11,100,"bu","13:31:49",37600
6.2,0.11,100,"bu","13:31:49",37500
6.2,0.11,500,"bu","13:31:32",37400
6.18,0.09,100,"sd","13:26:30",36900
6.23,0.14,1000,"bu","13:26:27",36800
6.22,0.13,2000,"bu","13:26:27",35800
6.2,0.11,200,"bu","13:26:27",33800
6.2,0.11,1000,"bu","13:26:27",33600
6.2,0.11,200,"bu","13:26:27",32600
6.2,0.11,100,"bu","13:26:27",32400
6.2,0.11,1000,"bu","13:26:27",32300
6.19,0.1,100,"bu","13:26:25",31300
6.19,0.1,900,"bu","13:26:25",31200
6.18,0.09,800,"bu","13:25:48",30300
6.18,0.09,200,"bu","13:25:27",29500
6.1,0.01,100,"sd","13:24:35",29300
6.1,0.01,200,"sd","13:23:03",29200
6.1,0.01,200,"sd","13:23:03",29000
6.1,0.01,100,"bu","13:22:50",28800
6.1,0.01,1000,"bu","13:22:01",28700
6.1,0.01,500,"bu","13:21:28",27700
6.1,0.01,400,"sd","13:21:01",27200
6.09,0,100,"sd","13:19:34",26800
6.2,0.11,1000,"bu","13:17:04",26700
6.2,0.11,100,"bu","13:16:22",25700
6.2,0.11,2000,"bu","13:16:09",25600
6.2,0.11,900,"sd","13:15:32",23600
6.2,0.11,400,"sd","13:15:11",22700
6.2,0.11,100,"sd","13:14:53",22300
6.2,0.11,100,"sd","13:14:08",22200
6.2,0.11,200,"bu","13:13:36",22100
6.2,0.11,100,"bu","13:13:36",21900
6.2,0.11,200,"bu","13:13:36",21800
6.2,0.11,3900,"bu","13:13:36",21600
6.2,0.11,9000,"bu","13:13:36",17700
6.2,0.11,1000,"bu","13:13:36",8700
6.2,0.11,100,"bu","13:13:36",7700
6.2,0.11,1000,"bu","13:11:31",7600
6.2,0.11,2000,"sd","13:10:01",6600
6.2,0.11,300,"sd","13:09:23",4600
6.2,0.11,100,"sd","13:09:14",4300
6.2,0.11,200,"sd","13:09:09",4200
6.2,0.11,200,"sd","13:09:07",4000
6.2,0.11,1200,"sd","13:08:49",3800
6.2,0.11,100,"bu","13:08:19",2600
6.2,0.11,900,"bu","13:08:10",2500
6.2,0.11,100,"bu","13:08:10",1600
6.2,0.11,900,"sd","13:07:46",1500
6.2,0.11,100,"sd","13:07:44",600
6.2,0.11,100,"sd","13:07:44",500
6.2,0.11,300,"sd","13:07:34",400
6.2,0.11,100,"bu","13:07:09",100
