"price","change","match_qtty","side","time","total_vol"
"price","change","match_qtty","side","time","total_vol"
14.75,0,700,"bu","13:52:39",1908000
14.75,0,3000,"bu","13:52:14",1907300
14.75,0,1100,"bu","13:52:02",1904300
14.7,-0.05,100,"bu","13:52:02",1903200
14.7,-0.05,1000,"bu","13:52:02",1903100
14.7,-0.05,400,"bu","13:52:02",1902100
14.7,-0.05,2000,"bu","13:52:02",1901700
14.7,-0.05,200,"bu","13:52:02",1899700
14.7,-0.05,5000,"bu","13:52:02",1899500
14.7,-0.05,200,"bu","13:52:02",1894500
14.6,-0.15,500,"sd","13:51:35",1894300
14.6,-0.15,5000,"bu","13:50:44",1893800
14.7,-0.05,800,"bu","13:49:34",1888800
14.7,-0.05,1200,"bu","13:49:34",1888000
14.7,-0.05,500,"bu","13:49:22",1886800
14.7,-0.05,2500,"bu","13:49:22",1886300
14.7,-0.05,2500,"bu","13:48:44",1883800
14.7,-0.05,1500,"bu","13:48:44",1881300
14.7,-0.05,2500,"bu","13:48:36",1879800
14.6,-0.15,500,"unknown","13:48:36",1877300
14.7,-0.05,100,"bu","13:48:03",1876800
14.7,-0.05,900,"sd","13:47:24",1876700
14.7,-0.05,600,"sd","13:47:23",1875800
14.7,-0.05,300,"sd","13:47:13",1875200
14.7,-0.05,3000,"sd","13:47:13",1874900
14.7,-0.05,200,"sd","13:47:13",1871900
14.7,-0.05,1000,"sd","13:47:13",1871700
14.7,-0.05,1000,"sd","13:47:13",1870700
14.65,-0.1,100,"sd","13:47:13",1869700
14.65,-0.1,100,"sd","13:47:13",1869600
14.65,-0.1,800,"sd","13:47:13",1869500
14.65,-0.1,1100,"bu","13:47:04",1868700
14.65,-0.1,1700,"bu","13:47:04",1867600
14.6,-0.15,200,"bu","13:47:04",1865900
14.6,-0.15,1300,"bu","13:47:04",1865700
14.6,-0.15,1000,"bu","13:47:04",1864400
14.6,-0.15,1000,"bu","13:47:04",1863400
14.6,-0.15,200,"bu","13:47:04",1862400
14.6,-0.15,1000,"bu","13:47:04",1862200
14.6,-0.15,1000,"bu","13:47:04",1861200
14.6,-0.15,1500,"bu","13:47:04",1860200
14.6,-0.15,300,"bu","13:46:54",1858700
14.6,-0.15,200,"bu","13:46:44",1858400
14.6,-0.15,300,"bu","13:46:44",1858200
14.6,-0.15,500,"bu","13:46:35",1857900
14.55,-0.2,1000,"sd","13:46:04",1857400
14.6,-0.15,100,"bu","13:45:58",1856400
14.6,-0.15,900,"bu","13:45:45",1856300
14.55,-0.2,1100,"bu","13:45:45",1855400
14.55,-0.2,3900,"bu","13:44:53",1854300
14.55,-0.2,200,"bu","13:44:53",1850400
14.55,-0.2,900,"bu","13:44:53",1850200
14.5,-0.25,1500,"sd","13:44:31",1849300
14.55,-0.2,100,"bu","13:44:17",1847800
14.55,-0.2,1000,"bu","13:44:06",1847700
14.6,-0.15,200,"bu","13:43:52",1846700
14.6,-0.15,500,"bu","13:43:36",1846500
14.6,-0.15,1800,"bu","13:43:22",1846000
14.55,-0.2,200,"bu","13:43:22",1844200
14.55,-0.2,800,"bu","13:43:17",1844000
14.55,-0.2,100,"bu","13:43:17",1843200
14.55,-0.2,600,"bu","13:43:16",1843100
14.55,-0.2,100,"bu","13:43:16",1842500
14.5,-0.25,500,"sd","13:43:09",1842400
14.55,-0.2,1000,"bu","13:43:09",1841900
14.55,-0.2,500,"bu","13:42:55",1840900
14.55,-0.2,100,"bu","13:42:43",1840400
14.55,-0.2,2000,"bu","13:42:32",1840300
14.55,-0.2,200,"bu","13:42:19",1838300
14.5,-0.25,800,"bu","13:42:19",1838100
14.5,-0.25,200,"bu","13:42:08",1837300
14.5,-0.25,1000,"sd","13:42:08",1837100
14.55,-0.2,500,"bu","13:41:56",1836100
14.6,-0.15,3000,"bu","13:41:12",1835600
14.5,-0.25,5000,"sd","13:41:12",1832600
14.5,-0.25,10000,"sd","13:41:12",1827600
14.6,-0.15,2900,"bu","13:40:33",1817600
14.55,-0.2,100,"unknown","13:40:33",1814700
14.55,-0.2,200,"bu","13:39:47",1814600
14.55,-0.2,1000,"bu","13:39:47",1814400
14.55,-0.2,3800,"bu","13:39:47",1813400
14.55,-0.2,100,"bu","13:39:00",1809600
14.55,-0.2,100,"bu","13:38:13",1809500
14.6,-0.15,500,"bu","13:37:23",1809400
14.6,-0.15,1000,"bu","13:37:23",1808900
14.4,-0.35,1900,"sd","13:36:25",1807900
14.4,-0.35,5000,"sd","13:36:25",1806000
14.4,-0.35,1100,"sd","13:36:25",1801000
14.4,-0.35,3900,"sd","13:36:18",1799900
14.4,-0.35,1000,"sd","13:36:18",1796000
14.4,-0.35,500,"sd","13:36:18",1795000
14.4,-0.35,100,"sd","13:36:18",1794500
14.5,-0.25,2200,"sd","13:36:18",1794400
14.6,-0.15,1300,"sd","13:36:18",1792200
14.6,-0.15,200,"sd","13:36:12",1790900
14.65,-0.1,300,"bu","13:34:36",1790700
14.65,-0.1,200,"bu","13:34:36",1790400
14.6,-0.15,1000,"bu","13:34:36",1790200
14.6,-0.15,300,"bu","13:34:36",1789200
14.6,-0.15,200,"bu","13:34:36",1788900
14.5,-0.25,1000,"sd","13:34:22",1788700
14.5,-0.25,800,"sd","13:34:14",1787700
14.5,-0.25,1000,"sd","13:32:51",1786900
14.6,-0.15,1000,"bu","13:32:46",1785900
14.5,-0.25,500,"bu","13:32:02",1784900
14.4,-0.35,400,"bu","13:31:04",1784400
14.4,-0.35,100,"bu","13:31:00",1784000
14.4,-0.35,1800,"bu","13:30:22",1783900
14.4,-0.35,1000,"bu","13:30:06",1782100
14.4,-0.35,300,"bu","13:30:06",1781100
14.4,-0.35,600,"bu","13:30:01",1780800
14.5,-0.25,1800,"sd","13:28:39",1780200
14.5,-0.25,4000,"sd","13:28:27",1778400
14.5,-0.25,200,"sd","13:28:04",1774400
14.5,-0.25,8600,"bu","13:27:58",1774200
14.5,-0.25,1000,"bu","13:27:58",1765600
14.4,-0.35,4400,"bu","13:27:58",1764600
14.4,-0.35,600,"bu","13:27:49",1760200
14.4,-0.35,4000,"sd","13:27:41",1759600
14.45,-0.3,500,"sd","13:26:24",1755600
14.45,-0.3,500,"bu","13:26:23",1755100
14.4,-0.35,2100,"sd","13:25:25",1754600
14.4,-0.35,100,"sd","13:25:25",1752500
14.4,-0.35,800,"sd","13:25:25",1752400
14.45,-0.3,200,"bu","13:25:22",1751600
14.4,-0.35,900,"sd","13:24:52",1751400
14.45,-0.3,700,"bu","13:23:53",1750500
14.45,-0.3,1000,"bu","13:23:18",1749800
14.4,-0.35,1000,"sd","13:22:13",1748800
14.4,-0.35,200,"bu","13:22:05",1747800
14.4,-0.35,2000,"bu","13:22:05",1747600
14.4,-0.35,100,"bu","13:22:05",1745600
14.4,-0.35,200,"bu","13:22:02",1745500
14.4,-0.35,700,"bu","13:21:46",1745300
14.3,-0.45,800,"sd","13:21:18",1744600
14.3,-0.45,5000,"sd","13:21:18",1743800
14.3,-0.45,700,"sd","13:21:18",1738800
14.3,-0.45,300,"sd","13:21:12",1738100
14.3,-0.45,300,"sd","13:21:12",1737800
14.3,-0.45,400,"sd","13:21:12",1737500
14.3,-0.45,1000,"sd","13:21:10",1737100
14.3,-0.45,2000,"sd","13:21:10",1736100
14.3,-0.45,5000,"sd","13:21:10",1734100
14.3,-0.45,2000,"sd","13:21:04",1729100
14.3,-0.45,1000,"sd","13:21:04",1727100
14.3,-0.45,100,"sd","13:21:04",1726100
14.3,-0.45,5000,"sd","13:21:04",1726000
14.3,-0.45,1900,"sd","13:21:04",1721000
14.3,-0.45,200,"sd","13:21:01",1719100
14.3,-0.45,4700,"sd","13:20:52",1718900
14.35,-0.4,300,"sd","13:20:52",1714200
14.3,-0.45,12000,"sd","13:20:44",1713900
14.3,-0.45,11200,"sd","13:20:09",1701900
14.3,-0.45,800,"sd","13:20:09",1690700
14.3,-0.45,1200,"sd","13:20:03",1689900
14.3,-0.45,5000,"sd","13:20:03",1688700
14.3,-0.45,13800,"sd","13:20:03",1683700
14.3,-0.45,100,"sd","13:19:37",1669900
14.3,-0.45,1000,"sd","13:19:28",1669800
14.3,-0.45,16000,"sd","13:19:26",1668800
14.3,-0.45,15000,"sd","13:19:14",1652800
14.3,-0.45,4100,"sd","13:19:04",1637800
14.3,-0.45,10000,"sd","13:19:04",1633700
14.3,-0.45,900,"sd","13:19:04",1623700
14.3,-0.45,4100,"sd","13:18:54",1622800
14.3,-0.45,1000,"sd","13:18:54",1618700
14.3,-0.45,5000,"sd","13:18:54",1617700
14.3,-0.45,4900,"sd","13:18:54",1612700
14.3,-0.45,5100,"sd","13:18:44",1607800
14.3,-0.45,2300,"sd","13:18:44",1602700
14.4,-0.35,3600,"sd","13:18:44",1600400
14.4,-0.35,4500,"sd","13:18:36",1596800
14.4,-0.35,19700,"sd","13:18:36",1592300
14.3,-0.45,15000,"sd","13:18:28",1572600
14.3,-0.45,1700,"sd","13:18:27",1557600
14.3,-0.45,400,"sd","13:18:27",1555900
14.3,-0.45,4600,"sd","13:18:20",1555500
14.3,-0.45,5000,"sd","13:18:20",1550900
14.3,-0.45,1000,"sd","13:18:20",1545900
14.3,-0.45,9400,"sd","13:18:20",1544900
14.3,-0.45,13000,"sd","13:18:14",1535500
14.3,-0.45,19000,"sd","13:18:07",1522500
14.35,-0.4,1000,"sd","13:18:07",1503500
14.3,-0.45,12000,"sd","13:18:00",1502500
14.3,-0.45,15000,"sd","13:17:53",1490500
14.3,-0.45,20000,"sd","13:17:47",1475500
14.3,-0.45,11600,"sd","13:17:39",1455500
14.3,-0.45,3400,"sd","13:17:39",1443900
14.3,-0.45,6600,"sd","13:17:35",1440500
14.3,-0.45,600,"sd","13:17:35",1433900
14.35,-0.4,800,"sd","13:17:35",1433300
14.3,-0.45,9400,"sd","13:17:34",1432500
14.3,-0.45,10000,"sd","13:17:34",1423100
14.3,-0.45,600,"sd","13:17:34",1413100
14.3,-0.45,2000,"sd","13:17:30",1412500
14.35,-0.4,4000,"sd","13:17:30",1410500
14.35,-0.4,10000,"sd","13:17:27",1406500
14.35,-0.4,10000,"unknown","13:17:22",1396500
14.3,-0.45,15000,"sd","13:17:19",1386500
14.3,-0.45,12400,"sd","13:17:13",1371500
14.3,-0.45,7600,"sd","13:17:13",1359100
14.3,-0.45,2000,"sd","13:17:10",1351500
14.3,-0.45,400,"sd","13:17:06",1349500
14.3,-0.45,10000,"sd","13:17:06",1349100
14.3,-0.45,200,"sd","13:17:06",1339100
14.3,-0.45,1000,"sd","13:17:06",1338900
14.3,-0.45,3400,"sd","13:17:06",1337900
14.4,-0.35,500,"bu","13:17:04",1334500
14.3,-0.45,1600,"sd","13:17:00",1334000
14.3,-0.45,500,"sd","13:17:00",1332400
14.3,-0.45,3500,"sd","13:17:00",1331900
14.3,-0.45,1500,"sd","13:16:54",1328400
14.3,-0.45,500,"sd","13:16:54",1326900
14.3,-0.45,1500,"sd","13:16:48",1326400
14.3,-0.45,400,"sd","13:16:48",1324900
14.3,-0.45,100,"sd","13:16:48",1324500
14.3,-0.45,900,"sd","13:16:43",1324400
14.3,-0.45,1000,"sd","13:16:43",1323500
14.3,-0.45,200,"sd","13:16:43",1322500
14.35,-0.4,200,"sd","13:16:43",1322300
14.35,-0.4,10000,"sd","13:16:43",1322100
14.35,-0.4,2700,"sd","13:16:43",1312100
14.35,-0.4,2300,"sd","13:16:41",1309400
14.35,-0.4,1000,"sd","13:16:41",1307100
14.35,-0.4,100,"sd","13:16:41",1306100
14.35,-0.4,500,"sd","13:16:41",1306000
14.35,-0.4,1400,"sd","13:16:41",1305500
14.35,-0.4,300,"sd","13:16:41",1304100
14.35,-0.4,2400,"sd","13:16:41",1303800
14.35,-0.4,600,"sd","13:16:36",1301400
14.35,-0.4,100,"sd","13:16:36",1300800
14.35,-0.4,1000,"sd","13:16:36",1300700
14.35,-0.4,200,"sd","13:16:36",1299700
14.35,-0.4,100,"sd","13:16:36",1299500
14.35,-0.4,4000,"sd","13:16:30",1299400
14.35,-0.4,1000,"sd","13:16:30",1295400
14.35,-0.4,800,"sd","13:16:26",1294400
14.35,-0.4,1400,"sd","13:16:25",1293600
14.35,-0.4,2000,"sd","13:16:14",1292200
14.35,-0.4,2000,"sd","13:16:09",1290200
14.35,-0.4,800,"sd","13:15:21",1288200
14.35,-0.4,200,"sd","13:15:21",1287400
14.35,-0.4,1800,"sd","13:15:13",1287200
14.35,-0.4,500,"sd","13:15:13",1285400
14.35,-0.4,300,"sd","13:15:13",1284900
14.35,-0.4,1000,"sd","13:15:13",1284600
14.35,-0.4,500,"sd","13:15:13",1283600
14.35,-0.4,100,"sd","13:15:13",1283100
14.35,-0.4,1200,"sd","13:15:13",1283000
14.35,-0.4,2000,"sd","13:15:12",1281800
14.35,-0.4,1800,"sd","13:15:05",1279800
14.35,-0.4,200,"sd","13:15:05",1278000
14.35,-0.4,1000,"sd","13:14:58",1277800
14.35,-0.4,2000,"sd","13:14:53",1276800
14.35,-0.4,2500,"sd","13:14:50",1274800
14.35,-0.4,3000,"sd","13:14:46",1272300
14.35,-0.4,6000,"sd","13:14:40",1269300
14.35,-0.4,3000,"sd","13:14:37",1263300
14.35,-0.4,2300,"sd","13:14:31",1260300
14.35,-0.4,2700,"sd","13:14:31",1258000
14.35,-0.4,15000,"sd","13:13:57",1255300
14.35,-0.4,1700,"sd","13:13:45",1240300
14.4,-0.35,3300,"sd","13:13:45",1238600
14.35,-0.4,15000,"sd","13:13:10",1235300
14.35,-0.4,6500,"sd","13:12:58",1220300
14.35,-0.4,5500,"sd","13:12:43",1213800
14.35,-0.4,3600,"sd","13:12:42",1208300
14.35,-0.4,4400,"sd","13:12:42",1204700
14.35,-0.4,3500,"sd","13:12:34",1200300
14.35,-0.4,2100,"sd","13:12:29",1196800
14.35,-0.4,200,"sd","13:12:29",1194700
14.4,-0.35,1000,"sd","13:12:29",1194500
14.4,-0.35,200,"sd","13:12:29",1193500
14.4,-0.35,3000,"sd","13:12:29",1193300
14.4,-0.35,500,"sd","13:12:29",1190300
14.4,-0.35,500,"sd","13:12:24",1189800
14.4,-0.35,1000,"sd","13:12:24",1189300
14.4,-0.35,2300,"sd","13:12:24",1188300
14.4,-0.35,500,"sd","13:12:24",1186000
14.4,-0.35,100,"sd","13:12:24",1185500
14.4,-0.35,600,"sd","13:12:24",1185400
14.4,-0.35,2500,"sd","13:11:19",1184800
14.4,-0.35,6900,"sd","13:11:09",1182300
14.4,-0.35,1100,"sd","13:11:09",1175400
14.4,-0.35,900,"sd","13:11:00",1174300
14.4,-0.35,3000,"sd","13:11:00",1173400
14.45,-0.3,3600,"unknown","13:11:00",1170400
14.5,-0.25,500,"unknown","13:11:00",1166800
14.45,-0.3,1900,"sd","13:10:52",1166300
14.45,-0.3,5100,"sd","13:10:52",1164400
14.45,-0.3,4800,"sd","13:10:40",1159300
14.5,-0.25,1000,"sd","13:10:40",1154500
14.5,-0.25,5000,"sd","13:10:34",1153500
14.5,-0.25,4000,"bu","13:10:33",1148500
14.45,-0.3,100,"sd","13:10:18",1144500
14.45,-0.3,4900,"sd","13:10:18",1144400
14.45,-0.3,100,"sd","13:10:11",1139500
14.45,-0.3,4600,"sd","13:10:11",1139400
14.5,-0.25,2300,"unknown","13:10:11",1134800
14.5,-0.25,5000,"sd","13:10:05",1132500
14.5,-0.25,700,"sd","13:09:57",1127500
14.5,-0.25,5300,"sd","13:09:57",1126800
14.5,-0.25,4700,"sd","13:09:52",1121500
14.5,-0.25,1000,"sd","13:09:52",1116800
14.55,-0.2,500,"sd","13:09:52",1115800
14.55,-0.2,800,"sd","13:09:52",1115300
14.55,-0.2,4200,"sd","13:09:46",1114500
14.55,-0.2,100,"sd","13:09:46",1110300
14.55,-0.2,700,"sd","13:09:46",1110200
14.55,-0.2,1800,"sd","13:09:40",1109500
14.6,-0.15,1000,"sd","13:09:40",1107700
14.6,-0.15,700,"sd","13:09:40",1106700
14.6,-0.15,4300,"sd","13:09:34",1106000
14.6,-0.15,700,"sd","13:09:34",1101700
14.6,-0.15,300,"sd","13:09:28",1101000
14.65,-0.1,2700,"sd","13:09:28",1100700
14.65,-0.1,2300,"sd","13:09:20",1098000
14.7,-0.05,300,"sd","13:08:45",1095700
14.7,-0.05,100,"sd","13:08:45",1095400
14.7,-0.05,300,"sd","13:08:43",1095300
14.7,-0.05,800,"sd","13:08:24",1095000
14.75,0,700,"bu","13:07:45",1094200
14.75,0,100,"bu","13:07:37",1093500
14.75,0,5000,"bu","13:07:25",1093400
14.75,0,6000,"bu","13:07:25",1088400
14.75,0,4900,"bu","13:07:25",1082400
14.75,0,2600,"bu","13:07:25",1077500
14.75,0,500,"bu","13:07:25",1074900
14.7,-0.05,500,"sd","13:06:51",1074400
14.7,-0.05,5000,"sd","13:06:38",1073900
14.75,0,2000,"bu","13:06:22",1068900
14.7,-0.05,3000,"bu","13:06:17",1066900
14.75,0,1000,"bu","13:05:09",1063900
14.7,-0.05,2500,"bu","13:05:09",1062900
14.65,-0.1,2000,"sd","13:05:07",1060400
14.65,-0.1,200,"bu","13:04:42",1058400
14.65,-0.1,300,"bu","13:04:42",1058200
14.65,-0.1,4000,"bu","13:04:28",1057900
14.65,-0.1,5000,"bu","13:04:18",1053900
14.7,-0.05,200,"bu","13:04:01",1048900
14.7,-0.05,100,"bu","13:03:54",1048700
14.7,-0.05,300,"bu","13:03:30",1048600
14.75,0,2100,"bu","13:02:37",1048300
14.75,0,1000,"bu","13:02:37",1046200
14.75,0,1000,"bu","13:02:37",1045200
14.7,-0.05,500,"bu","13:02:37",1044200
14.7,-0.05,600,"bu","13:02:37",1043700
14.7,-0.05,200,"bu","13:02:37",1043100
14.7,-0.05,200,"bu","13:02:37",1042900
14.7,-0.05,300,"bu","13:02:37",1042700
14.7,-0.05,1000,"bu","13:02:37",1042400
14.7,-0.05,3100,"bu","13:02:37",1041400
14.55,-0.2,2500,"sd","13:02:10",1038300
14.55,-0.2,2500,"sd","13:02:10",1035800
14.55,-0.2,500,"sd","13:01:23",1033300
14.65,-0.1,100,"sd","13:01:14",1032800
14.7,-0.05,3000,"bu","13:00:59",1032700
14.65,-0.1,1200,"bu","13:00:56",1029700
14.65,-0.1,100,"bu","13:00:33",1028500
14.7,-0.05,300,"bu","13:00:09",1028400
14.7,-0.05,1900,"bu","11:29:43",1028100
14.6,-0.15,100,"bu","11:29:43",1026200
14.7,-0.05,700,"bu","11:28:49",1026100
14.65,-0.1,200,"bu","11:28:49",1025400
14.65,-0.1,400,"bu","11:28:49",1025200
14.6,-0.15,800,"bu","11:28:49",1024800
14.6,-0.15,2900,"bu","11:28:49",1024000
14.6,-0.15,100,"bu","11:28:27",1021100
14.6,-0.15,2000,"bu","11:28:27",1021000
14.6,-0.15,1100,"bu","11:28:27",1019000
14.55,-0.2,1800,"bu","11:28:27",1017900
14.55,-0.2,5000,"bu","11:28:06",1016100
14.55,-0.2,200,"sd","11:28:00",1011100
14.6,-0.15,1100,"bu","11:27:58",1010900
14.6,-0.15,2800,"bu","11:27:49",1009800
14.6,-0.15,200,"bu","11:27:49",1007000
14.6,-0.15,2000,"bu","11:27:20",1006800
14.55,-0.2,1000,"bu","11:26:45",1004800
14.55,-0.2,2400,"bu","11:26:45",1003800
14.5,-0.25,200,"bu","11:26:45",1001400
14.5,-0.25,2000,"bu","11:26:45",1001200
14.5,-0.25,4200,"bu","11:26:45",999200
14.5,-0.25,800,"bu","11:25:46",995000
14.5,-0.25,100,"bu","11:25:46",994200
14.5,-0.25,200,"bu","11:25:46",994100
14.5,-0.25,3900,"bu","11:25:46",993900
14.5,-0.25,1100,"bu","11:24:50",990000
14.5,-0.25,400,"bu","11:24:50",988900
14.4,-0.35,2000,"bu","11:24:19",988500
14.4,-0.35,1500,"bu","11:24:19",986500
14.4,-0.35,4000,"bu","11:24:19",985000
14.35,-0.4,900,"bu","11:24:19",981000
14.45,-0.3,2000,"bu","11:24:19",980100
14.45,-0.3,5000,"bu","11:24:19",978100
14.35,-0.4,2600,"bu","11:24:17",973100
14.3,-0.45,1000,"sd","11:24:12",970500
14.3,-0.45,5000,"sd","11:24:12",969500
14.3,-0.45,1000,"sd","11:24:12",964500
14.3,-0.45,1000,"sd","11:24:12",963500
14.3,-0.45,1000,"sd","11:24:12",962500
14.3,-0.45,100,"sd","11:24:12",961500
14.3,-0.45,900,"sd","11:22:42",961400
14.3,-0.45,1000,"sd","11:22:42",960500
14.3,-0.45,1100,"sd","11:22:42",959500
14.3,-0.45,900,"sd","11:22:26",958400
14.3,-0.45,1100,"sd","11:22:26",957500
14.3,-0.45,900,"sd","11:21:50",956400
14.3,-0.45,300,"sd","11:21:50",955500
14.3,-0.45,1900,"sd","11:21:43",955200
14.3,-0.45,1100,"sd","11:21:36",953300
14.3,-0.45,1500,"sd","11:21:30",952200
14.3,-0.45,200,"sd","11:21:24",950700
14.3,-0.45,1000,"sd","11:21:24",950500
14.3,-0.45,800,"sd","11:21:24",949500
14.3,-0.45,1100,"sd","11:21:15",948700
14.3,-0.45,100,"sd","11:21:10",947600
14.3,-0.45,1000,"sd","11:21:10",947500
14.3,-0.45,200,"sd","11:21:10",946500
14.3,-0.45,800,"sd","11:21:04",946300
14.3,-0.45,1000,"sd","11:21:04",945500
14.3,-0.45,200,"sd","11:21:04",944500
14.3,-0.45,1500,"sd","11:20:58",944300
14.3,-0.45,1300,"sd","11:20:48",942800
14.3,-0.45,100,"sd","11:20:48",941500
14.3,-0.45,600,"sd","11:20:48",941400
14.3,-0.45,200,"sd","11:20:28",940800
14.3,-0.45,200,"sd","11:20:07",940600
14.3,-0.45,1000,"sd","11:20:07",940400
14.3,-0.45,1000,"sd","11:20:07",939400
14.3,-0.45,100,"sd","11:20:07",938400
14.3,-0.45,500,"sd","11:20:07",938300
14.3,-0.45,200,"sd","11:20:07",937800
14.3,-0.45,800,"sd","11:20:00",937600
14.3,-0.45,4200,"sd","11:20:00",936800
14.3,-0.45,800,"sd","11:19:30",932600
14.3,-0.45,500,"sd","11:19:30",931800
14.3,-0.45,300,"sd","11:19:30",931300
14.35,-0.4,500,"sd","11:19:30",931000
14.4,-0.35,2900,"sd","11:19:30",930500
14.4,-0.35,100,"sd","11:19:29",927600
14.4,-0.35,400,"sd","11:19:23",927500
14.4,-0.35,700,"bu","11:19:03",927100
14.4,-0.35,3500,"bu","11:19:03",926400
14.4,-0.35,2300,"bu","11:19:03",922900
14.3,-0.45,200,"sd","11:18:48",920600
14.3,-0.45,100,"sd","11:18:48",920400
14.3,-0.45,100,"sd","11:18:48",920300
14.3,-0.45,400,"sd","11:18:48",920200
14.3,-0.45,1000,"sd","11:18:48",919800
14.3,-0.45,3200,"sd","11:18:48",918800
14.3,-0.45,1800,"sd","11:18:35",915600
14.35,-0.4,100,"unknown","11:18:35",913800
14.35,-0.4,100,"unknown","11:18:35",913700
14.35,-0.4,1000,"unknown","11:18:35",913600
14.35,-0.4,2000,"unknown","11:18:35",912600
14.35,-0.4,100,"sd","11:18:08",910600
14.35,-0.4,10000,"sd","11:18:00",910500
14.4,-0.35,100,"bu","11:17:08",900500
14.4,-0.35,300,"bu","11:16:57",900400
14.4,-0.35,1000,"bu","11:16:40",900100
14.4,-0.35,1300,"bu","11:16:37",899100
14.4,-0.35,500,"bu","11:16:37",897800
14.35,-0.4,900,"bu","11:15:32",897300
14.35,-0.4,1000,"bu","11:15:30",896400
14.35,-0.4,100,"bu","11:15:14",895400
14.35,-0.4,100,"bu","11:15:14",895300
14.35,-0.4,2000,"bu","11:15:06",895200
14.35,-0.4,500,"bu","11:14:19",893200
14.35,-0.4,1000,"bu","11:14:00",892700
14.35,-0.4,500,"sd","11:13:59",891700
14.35,-0.4,500,"bu","11:13:50",891200
14.35,-0.4,200,"bu","11:13:22",890700
14.35,-0.4,700,"bu","11:12:28",890500
14.35,-0.4,4900,"bu","11:11:30",889800
14.3,-0.45,100,"bu","11:11:30",884900
14.3,-0.45,900,"bu","11:10:54",884800
14.3,-0.45,100,"bu","11:10:54",883900
14.3,-0.45,100,"bu","11:10:28",883800
14.3,-0.45,500,"bu","11:10:12",883700
14.3,-0.45,100,"bu","11:10:01",883200
14.3,-0.45,100,"bu","11:09:35",883100
14.3,-0.45,500,"sd","11:09:15",883000
14.3,-0.45,100,"sd","11:09:15",882500
14.35,-0.4,800,"bu","11:08:47",882400
14.3,-0.45,100,"sd","11:07:53",881600
14.3,-0.45,800,"bu","11:06:40",881500
14.25,-0.5,800,"sd","11:06:32",880700
14.3,-0.45,1000,"sd","11:06:28",879900
14.3,-0.45,400,"sd","11:06:28",878900
14.3,-0.45,600,"bu","11:06:15",878500
14.3,-0.45,1500,"sd","11:06:15",877900
14.3,-0.45,1200,"sd","11:06:02",876400
14.3,-0.45,900,"bu","11:05:49",875200
14.3,-0.45,500,"bu","11:05:18",874300
14.3,-0.45,1000,"bu","11:05:18",873800
14.3,-0.45,600,"bu","11:05:18",872800
14.3,-0.45,400,"sd","11:05:06",872200
14.3,-0.45,100,"sd","11:04:45",871800
14.3,-0.45,300,"sd","11:04:45",871700
14.3,-0.45,1000,"sd","11:04:45",871400
14.3,-0.45,200,"sd","11:04:45",870400
14.3,-0.45,1000,"sd","11:04:45",870200
14.3,-0.45,1000,"sd","11:04:45",869200
14.35,-0.4,1600,"bu","11:03:39",868200
14.35,-0.4,400,"bu","11:03:39",866600
14.3,-0.45,100,"sd","11:02:42",866200
14.3,-0.45,400,"sd","11:02:32",866100
14.3,-0.45,300,"sd","11:02:31",865700
14.3,-0.45,2600,"sd","11:02:29",865400
14.3,-0.45,900,"sd","11:02:29",862800
14.3,-0.45,1100,"sd","11:02:15",861900
14.3,-0.45,1000,"sd","11:02:15",860800
14.3,-0.45,900,"sd","11:02:15",859800
14.3,-0.45,2300,"sd","11:02:01",858900
14.3,-0.45,1800,"sd","11:01:48",856600
14.3,-0.45,1000,"sd","11:01:48",854800
14.3,-0.45,200,"sd","11:01:48",853800
14.35,-0.4,100,"bu","11:01:48",853600
14.35,-0.4,500,"bu","11:01:47",853500
14.3,-0.45,800,"sd","11:01:44",853000
14.3,-0.45,4200,"sd","11:01:44",852200
14.3,-0.45,800,"sd","11:01:40",848000
14.3,-0.45,600,"sd","11:01:40",847200
14.3,-0.45,2300,"sd","11:01:34",846600
14.3,-0.45,2300,"sd","11:01:20",844300
14.3,-0.45,800,"sd","11:01:08",842000
14.3,-0.45,1700,"sd","11:01:08",841200
14.4,-0.35,1000,"bu","10:59:57",839500
14.4,-0.35,500,"sd","10:59:55",838500
14.4,-0.35,800,"bu","10:59:41",838000
14.3,-0.45,300,"sd","10:59:38",837200
14.3,-0.45,1000,"sd","10:59:38",836900
14.3,-0.45,200,"sd","10:59:38",835900
14.3,-0.45,2300,"sd","10:59:26",835700
14.3,-0.45,600,"sd","10:59:25",833400
14.3,-0.45,2500,"sd","10:59:12",832800
14.35,-0.4,500,"bu","10:58:59",830300
14.3,-0.45,1500,"sd","10:58:33",829800
14.3,-0.45,2500,"sd","10:58:20",828300
14.35,-0.4,3000,"sd","10:58:03",825800
14.4,-0.35,2100,"sd","10:57:28",822800
14.45,-0.3,100,"sd","10:57:28",820700
14.45,-0.3,200,"sd","10:57:10",820600
14.45,-0.3,200,"bu","10:57:01",820400
14.45,-0.3,800,"sd","10:56:52",820200
14.5,-0.25,100,"bu","10:56:02",819400
14.5,-0.25,2000,"bu","10:55:40",819300
14.45,-0.3,1000,"bu","10:54:04",817300
14.45,-0.3,1200,"bu","10:54:04",816300
14.4,-0.35,2100,"bu","10:53:39",815100
14.4,-0.35,800,"bu","10:53:39",813000
14.3,-0.45,400,"sd","10:52:50",812200
14.3,-0.45,1100,"bu","10:52:43",811800
14.3,-0.45,1000,"bu","10:52:37",810700
14.3,-0.45,300,"sd","10:52:25",809700
14.3,-0.45,400,"sd","10:52:25",809400
14.3,-0.45,100,"bu","10:51:56",809000
14.3,-0.45,500,"bu","10:51:56",808900
14.3,-0.45,500,"bu","10:51:51",808400
14.3,-0.45,100,"sd","10:51:29",807900
14.3,-0.45,500,"sd","10:51:29",807800
14.3,-0.45,100,"sd","10:51:29",807300
14.3,-0.45,500,"sd","10:51:29",807200
14.3,-0.45,700,"sd","10:51:29",806700
14.3,-0.45,1000,"bu","10:51:08",806000
14.3,-0.45,4000,"bu","10:50:57",805000
14.3,-0.45,500,"bu","10:50:55",801000
14.3,-0.45,300,"bu","10:50:48",800500
14.3,-0.45,500,"sd","10:50:38",800200
14.3,-0.45,100,"sd","10:50:38",799700
14.3,-0.45,500,"sd","10:50:38",799600
14.3,-0.45,600,"sd","10:50:38",799100
14.3,-0.45,200,"bu","10:50:31",798500
14.3,-0.45,500,"bu","10:50:29",798300
14.3,-0.45,100,"bu","10:50:27",797800
14.3,-0.45,500,"bu","10:50:23",797700
14.3,-0.45,10000,"bu","10:50:20",797200
14.3,-0.45,1000,"bu","10:50:13",787200
14.3,-0.45,200,"bu","10:50:11",786200
14.3,-0.45,10000,"bu","10:50:05",786000
14.3,-0.45,2000,"sd","10:49:54",776000
14.3,-0.45,5000,"sd","10:49:54",774000
14.3,-0.45,800,"sd","10:49:54",769000
14.3,-0.45,1400,"sd","10:49:54",768200
14.3,-0.45,1600,"sd","10:49:49",766800
14.3,-0.45,100,"sd","10:49:49",765200
14.45,-0.3,300,"bu","10:49:41",765100
14.4,-0.35,1200,"bu","10:49:41",764800
14.3,-0.45,400,"bu","10:48:35",763600
14.3,-0.45,1000,"bu","10:48:15",763200
14.3,-0.45,500,"sd","10:48:03",762200
14.3,-0.45,200,"sd","10:48:03",761700
14.3,-0.45,800,"sd","10:47:48",761500
14.3,-0.45,200,"sd","10:47:48",760700
14.3,-0.45,100,"sd","10:47:48",760500
14.3,-0.45,1000,"sd","10:47:48",760400
14.3,-0.45,200,"sd","10:47:35",759400
14.3,-0.45,1000,"sd","10:47:35",759200
14.3,-0.45,100,"sd","10:46:50",758200
14.3,-0.45,500,"sd","10:46:50",758100
14.3,-0.45,600,"sd","10:46:50",757600
14.3,-0.45,1000,"sd","10:46:50",757000
14.45,-0.3,1000,"bu","10:46:37",756000
14.3,-0.45,2100,"sd","10:45:57",755000
14.3,-0.45,2100,"sd","10:45:42",752900
14.3,-0.45,2100,"sd","10:45:25",750800
14.3,-0.45,2300,"sd","10:45:12",748700
14.3,-0.45,800,"sd","10:45:00",746400
14.3,-0.45,400,"sd","10:45:00",745600
14.3,-0.45,100,"sd","10:44:43",745200
14.3,-0.45,100,"sd","10:44:43",745100
14.3,-0.45,500,"sd","10:44:43",745000
14.3,-0.45,300,"sd","10:44:43",744500
14.3,-0.45,200,"sd","10:44:36",744200
14.3,-0.45,1900,"sd","10:44:36",744000
14.3,-0.45,100,"sd","10:44:28",742100
14.3,-0.45,2000,"sd","10:44:28",742000
14.3,-0.45,1000,"sd","10:44:16",740000
14.3,-0.45,500,"sd","10:44:16",739000
14.3,-0.45,1700,"sd","10:44:16",738500
14.3,-0.45,100,"sd","10:44:15",736800
14.3,-0.45,200,"sd","10:44:07",736700
14.3,-0.45,200,"sd","10:44:07",736500
14.3,-0.45,200,"sd","10:44:07",736300
14.3,-0.45,100,"sd","10:44:07",736100
14.3,-0.45,1800,"sd","10:44:07",736000
14.3,-0.45,1500,"sd","10:44:01",734200
14.3,-0.45,2500,"sd","10:43:54",732700
14.3,-0.45,3200,"sd","10:43:39",730200
14.35,-0.4,500,"unknown","10:43:39",727000
14.35,-0.4,1000,"unknown","10:43:39",726500
14.4,-0.35,100,"unknown","10:43:39",725500
14.4,-0.35,200,"unknown","10:43:39",725400
14.35,-0.4,1300,"bu","10:42:48",725200
14.35,-0.4,200,"sd","10:42:33",723900
14.35,-0.4,3500,"sd","10:42:33",723700
14.35,-0.4,1500,"sd","10:42:21",720200
14.35,-0.4,2000,"sd","10:42:21",718700
14.35,-0.4,100,"unknown","10:41:20",716700
14.35,-0.4,900,"unknown","10:41:20",716600
14.35,-0.4,1000,"bu","10:40:54",715700
14.35,-0.4,100,"bu","10:40:52",714700
14.35,-0.4,900,"bu","10:40:52",714600
14.35,-0.4,1000,"bu","10:40:45",713700
14.35,-0.4,100,"bu","10:40:21",712700
14.3,-0.45,1000,"sd","10:40:18",712600
14.35,-0.4,100,"bu","10:40:06",711600
14.35,-0.4,500,"sd","10:39:57",711500
14.35,-0.4,1400,"bu","10:39:51",711000
14.35,-0.4,1000,"bu","10:39:49",709600
14.35,-0.4,2300,"sd","10:39:35",708600
14.35,-0.4,3000,"sd","10:39:35",706300
14.35,-0.4,1300,"sd","10:39:22",703300
14.35,-0.4,6000,"sd","10:39:22",702000
14.35,-0.4,500,"sd","10:39:18",696000
14.35,-0.4,100,"sd","10:38:40",695500
14.35,-0.4,500,"sd","10:38:40",695400
14.35,-0.4,400,"sd","10:38:40",694900
14.35,-0.4,6900,"sd","10:38:40",694500
14.35,-0.4,2000,"sd","10:38:40",687600
14.35,-0.4,5000,"sd","10:38:40",685600
14.35,-0.4,600,"sd","10:37:24",680600
14.35,-0.4,1100,"sd","10:37:24",680000
14.4,-0.35,1600,"sd","10:37:24",678900
14.4,-0.35,1000,"sd","10:37:24",677300
14.4,-0.35,700,"sd","10:37:24",676300
14.4,-0.35,300,"sd","10:37:10",675600
14.4,-0.35,100,"sd","10:37:10",675300
14.4,-0.35,2000,"sd","10:37:10",675200
14.4,-0.35,500,"sd","10:37:10",673200
14.4,-0.35,2100,"sd","10:37:10",672700
14.4,-0.35,500,"bu","10:35:35",670600
14.4,-0.35,400,"bu","10:35:35",670100
14.4,-0.35,100,"bu","10:35:19",669700
14.4,-0.35,2000,"bu","10:35:19",669600
14.4,-0.35,500,"bu","10:35:01",667600
14.4,-0.35,500,"bu","10:34:43",667100
14.5,-0.25,2000,"bu","10:33:47",666600
14.35,-0.4,900,"sd","10:32:20",664600
14.35,-0.4,100,"sd","10:32:20",663700
14.35,-0.4,400,"sd","10:32:19",663600
14.35,-0.4,500,"sd","10:31:40",663200
14.35,-0.4,3000,"sd","10:31:40",662700
14.35,-0.4,1000,"sd","10:31:40",659700
14.35,-0.4,1000,"sd","10:31:15",658700
14.35,-0.4,100,"unknown","10:29:52",657700
14.35,-0.4,1000,"unknown","10:29:41",657600
14.35,-0.4,500,"sd","10:29:26",656600
14.4,-0.35,100,"sd","10:28:26",656100
14.4,-0.35,400,"sd","10:28:26",656000
14.4,-0.35,100,"sd","10:27:52",655600
14.4,-0.35,9900,"sd","10:27:52",655500
14.55,-0.2,600,"bu","10:27:44",645600
14.5,-0.25,500,"bu","10:27:44",645000
14.5,-0.25,2000,"bu","10:27:44",644500
14.5,-0.25,600,"bu","10:27:44",642500
14.5,-0.25,1300,"bu","10:27:44",641900
14.4,-0.35,100,"sd","10:27:13",640600
14.4,-0.35,100,"sd","10:27:12",640500
14.4,-0.35,200,"sd","10:27:12",640400
14.4,-0.35,100,"sd","10:26:06",640200
14.4,-0.35,700,"sd","10:25:56",640100
14.4,-0.35,8000,"sd","10:25:56",639400
14.4,-0.35,200,"sd","10:25:56",631400
14.4,-0.35,500,"sd","10:25:56",631200
14.45,-0.3,2000,"unknown","10:25:56",630700
14.45,-0.3,4900,"unknown","10:25:56",628700
14.45,-0.3,5000,"unknown","10:25:56",623800
14.45,-0.3,12000,"sd","10:25:56",618800
14.5,-0.25,100,"sd","10:25:51",606800
14.5,-0.25,5000,"sd","10:25:51",606700
14.5,-0.25,100,"sd","10:25:51",601700
14.5,-0.25,3500,"sd","10:25:51",601600
14.5,-0.25,900,"sd","10:25:47",598100
14.5,-0.25,600,"sd","10:25:41",597200
14.5,-0.25,200,"sd","10:25:41",596600
14.5,-0.25,200,"sd","10:25:41",596400
14.5,-0.25,600,"sd","10:25:38",596200
14.5,-0.25,3500,"sd","10:25:36",595600
14.5,-0.25,3200,"sd","10:25:22",592100
14.5,-0.25,1000,"sd","10:25:12",588900
14.5,-0.25,3500,"sd","10:25:11",587900
14.5,-0.25,3000,"sd","10:24:59",584400
14.5,-0.25,1500,"sd","10:24:59",581400
14.5,-0.25,500,"sd","10:24:47",579900
14.5,-0.25,700,"sd","10:24:47",579400
14.5,-0.25,200,"sd","10:24:47",578700
14.5,-0.25,500,"sd","10:24:47",578500
14.5,-0.25,100,"sd","10:24:47",578000
14.5,-0.25,1500,"sd","10:24:47",577900
14.5,-0.25,3500,"sd","10:24:36",576400
14.5,-0.25,900,"sd","10:24:36",572900
14.5,-0.25,100,"sd","10:24:36",572000
14.5,-0.25,500,"sd","10:24:36",571900
14.55,-0.2,600,"sd","10:24:34",571400
14.55,-0.2,400,"sd","10:24:22",570800
14.55,-0.2,800,"sd","10:24:21",570400
14.55,-0.2,400,"sd","10:24:12",569600
14.55,-0.2,2800,"sd","10:24:01",569200
14.55,-0.2,500,"sd","10:24:01",566400
14.55,-0.2,5800,"sd","10:24:01",565900
14.55,-0.2,100,"sd","10:24:01",560100
14.55,-0.2,800,"sd","10:24:01",560000
14.6,-0.15,2000,"bu","10:22:53",559200
14.55,-0.2,700,"sd","10:21:49",557200
14.55,-0.2,500,"sd","10:21:25",556500
14.55,-0.2,500,"sd","10:21:25",556000
14.6,-0.15,3000,"bu","10:21:24",555500
14.6,-0.15,2500,"bu","10:21:01",552500
14.55,-0.2,500,"sd","10:20:52",550000
14.55,-0.2,1000,"sd","10:20:44",549500
14.55,-0.2,8000,"sd","10:20:23",548500
14.6,-0.15,300,"sd","10:19:26",540500
14.6,-0.15,700,"sd","10:19:21",540200
14.6,-0.15,900,"bu","10:19:02",539500
14.6,-0.15,1000,"bu","10:18:51",538600
14.6,-0.15,300,"unknown","10:18:39",537600
14.6,-0.15,2000,"sd","10:18:39",537300
14.6,-0.15,1500,"sd","10:18:39",535300
14.6,-0.15,200,"sd","10:18:39",533800
14.65,-0.1,500,"bu","10:18:24",533600
14.65,-0.1,1000,"bu","10:18:19",533100
14.65,-0.1,200,"bu","10:17:44",532100
14.65,-0.1,600,"bu","10:16:59",531900
14.65,-0.1,100,"bu","10:16:58",531300
14.65,-0.1,200,"bu","10:16:49",531200
14.65,-0.1,200,"bu","10:16:35",531000
14.65,-0.1,200,"bu","10:15:56",530800
14.65,-0.1,200,"bu","10:15:49",530600
14.65,-0.1,200,"bu","10:15:13",530400
14.65,-0.1,100,"bu","10:15:08",530200
14.65,-0.1,300,"bu","10:15:07",530100
14.65,-0.1,100,"bu","10:14:44",529800
14.65,-0.1,200,"bu","10:14:38",529700
14.65,-0.1,500,"sd","10:13:53",529500
14.65,-0.1,1000,"sd","10:13:48",529000
14.7,-0.05,100,"bu","10:12:23",528000
14.7,-0.05,1000,"bu","10:12:23",527900
14.6,-0.15,900,"bu","10:12:23",526900
14.6,-0.15,3000,"sd","10:12:18",526000
14.6,-0.15,200,"sd","10:12:18",523000
14.6,-0.15,300,"sd","10:12:18",522800
14.6,-0.15,1800,"sd","10:12:18",522500
14.65,-0.1,1800,"sd","10:12:18",520700
14.65,-0.1,2400,"unknown","10:12:13",518900
14.65,-0.1,800,"unknown","10:12:13",516500
14.6,-0.15,2500,"sd","10:12:04",515700
14.6,-0.15,600,"sd","10:12:02",513200
14.6,-0.15,200,"sd","10:11:45",512600
14.6,-0.15,1000,"sd","10:11:21",512400
14.6,-0.15,1000,"sd","10:10:53",511400
14.65,-0.1,1200,"bu","10:10:50",510400
14.65,-0.1,800,"bu","10:10:50",509200
14.6,-0.15,1000,"sd","10:10:45",508400
14.6,-0.15,2000,"sd","10:10:33",507400
14.6,-0.15,5000,"sd","10:10:28",505400
14.6,-0.15,15000,"sd","10:10:20",500400
14.6,-0.15,8000,"sd","10:10:04",485400
14.6,-0.15,6000,"sd","10:09:53",477400
14.6,-0.15,15000,"sd","10:09:40",471400
14.6,-0.15,10000,"sd","10:09:24",456400
14.6,-0.15,20000,"sd","10:09:13",446400
14.6,-0.15,900,"bu","10:08:30",426400
14.6,-0.15,9100,"bu","10:08:21",425500
14.6,-0.15,400,"bu","10:08:21",416400
14.6,-0.15,500,"bu","10:08:21",416000
14.6,-0.15,100,"bu","10:08:03",415500
14.6,-0.15,1000,"sd","10:07:16",415400
14.6,-0.15,100,"sd","10:07:16",414400
14.6,-0.15,200,"sd","10:07:16",414300
14.6,-0.15,1000,"sd","10:07:16",414100
14.6,-0.15,500,"sd","10:07:16",413100
14.6,-0.15,600,"sd","10:07:16",412600
14.6,-0.15,1400,"sd","10:07:00",412000
14.6,-0.15,400,"sd","10:05:20",410600
14.65,-0.1,200,"sd","10:05:20",410200
14.65,-0.1,800,"sd","10:05:15",410000
14.65,-0.1,100,"sd","10:05:15",409200
14.65,-0.1,1000,"sd","10:05:15",409100
14.65,-0.1,5000,"sd","10:04:53",408100
14.7,-0.05,200,"sd","10:04:32",403100
14.7,-0.05,1000,"sd","10:04:32",402900
14.7,-0.05,100,"sd","10:04:32",401900
14.7,-0.05,100,"sd","10:04:32",401800
14.7,-0.05,200,"sd","10:04:32",401700
14.7,-0.05,100,"sd","10:04:32",401500
14.7,-0.05,100,"sd","10:04:32",401400
14.75,0,100,"bu","10:04:31",401300
14.75,0,1000,"bu","10:04:31",401200
14.75,0,700,"bu","10:04:31",400200
14.75,0,1000,"sd","10:04:30",399500
14.75,0,3000,"sd","10:04:20",398500
14.75,0,500,"sd","10:03:45",395500
14.75,0,500,"sd","10:03:34",395000
14.75,0,100,"sd","10:03:04",394500
14.8,0.05,200,"bu","10:02:00",394400
14.8,0.05,300,"sd","10:00:56",394200
14.8,0.05,2000,"sd","10:00:52",393900
14.8,0.05,500,"bu","10:00:42",391900
14.8,0.05,200,"bu","10:00:42",391400
14.75,0,400,"sd","10:00:19",391200
14.8,0.05,100,"bu","09:59:20",390800
14.8,0.05,300,"unknown","09:59:20",390700
14.8,0.05,100,"sd","09:59:20",390400
14.8,0.05,400,"sd","09:59:20",390300
14.8,0.05,200,"sd","09:58:13",389900
14.85,0.1,500,"bu","09:58:09",389700
14.8,0.05,500,"bu","09:57:32",389200
14.8,0.05,900,"bu","09:57:32",388700
14.75,0,5000,"sd","09:56:50",387800
14.8,0.05,1500,"bu","09:56:11",382800
14.8,0.05,100,"bu","09:56:02",381300
14.8,0.05,100,"sd","09:55:36",381200
14.8,0.05,300,"bu","09:54:36",381100
14.8,0.05,100,"bu","09:54:36",380800
14.8,0.05,1400,"bu","09:54:36",380700
14.8,0.05,8600,"bu","09:54:14",379300
14.8,0.05,1400,"bu","09:54:14",370700
14.8,0.05,600,"bu","09:53:21",369300
14.8,0.05,2400,"bu","09:53:21",368700
14.8,0.05,100,"sd","09:51:47",366300
14.8,0.05,100,"sd","09:51:37",366200
14.8,0.05,300,"sd","09:51:37",366100
14.8,0.05,1000,"sd","09:51:37",365800
14.8,0.05,500,"sd","09:51:37",364800
14.8,0.05,1000,"bu","09:50:51",364300
14.8,0.05,100,"bu","09:50:13",363300
14.8,0.05,2500,"bu","09:50:13",363200
14.8,0.05,2500,"sd","09:50:11",360700
14.8,0.05,1000,"sd","09:50:11",358200
14.85,0.1,100,"bu","09:49:52",357200
14.85,0.1,400,"bu","09:49:52",357100
14.85,0.1,1600,"bu","09:48:56",356700
14.85,0.1,1000,"bu","09:48:07",355100
14.85,0.1,1000,"bu","09:46:59",354100
14.85,0.1,6000,"sd","09:46:38",353100
14.9,0.15,1500,"bu","09:46:37",347100
14.9,0.15,500,"bu","09:46:37",345600
14.85,0.1,4000,"sd","09:46:33",345100
14.85,0.1,1000,"sd","09:46:33",341100
14.85,0.1,5000,"bu","09:46:24",340100
14.9,0.15,500,"bu","09:45:30",335100
14.9,0.15,800,"bu","09:45:30",334600
14.8,0.05,700,"bu","09:45:30",333800
14.8,0.05,3100,"bu","09:45:12",333100
14.8,0.05,100,"bu","09:45:12",330000
14.8,0.05,1800,"bu","09:45:12",329900
14.8,0.05,1800,"bu","09:44:50",328100
14.8,0.05,3200,"bu","09:44:50",326300
14.8,0.05,5000,"bu","09:44:50",323100
14.7,-0.05,2300,"sd","09:44:47",318100
14.7,-0.05,300,"sd","09:44:47",315800
14.7,-0.05,500,"sd","09:44:47",315500
14.7,-0.05,500,"sd","09:44:47",315000
14.7,-0.05,15000,"sd","09:44:47",314500
14.7,-0.05,3300,"sd","09:44:47",299500
14.75,0,400,"bu","09:44:47",296200
14.75,0,2500,"bu","09:44:46",295800
14.75,0,200,"sd","09:44:02",293300
14.75,0,5000,"sd","09:44:02",293100
14.8,0.05,200,"bu","09:43:30",288100
14.75,0,1300,"bu","09:43:30",287900
14.75,0,300,"bu","09:43:24",286600
14.75,0,1900,"sd","09:43:18",286300
14.75,0,3100,"bu","09:43:04",284400
14.75,0,1000,"bu","09:43:02",281300
14.75,0,900,"sd","09:42:51",280300
14.75,0,3000,"sd","09:42:45",279400
14.75,0,100,"bu","09:42:40",276400
14.75,0,2000,"unknown","09:41:59",276300
14.75,0,5000,"sd","09:41:48",274300
14.8,0.05,400,"bu","09:40:53",269300
14.75,0,100,"bu","09:40:53",268900
14.75,0,2500,"bu","09:40:53",268800
14.75,0,500,"bu","09:39:31",266300
14.75,0,1000,"bu","09:39:04",265800
14.75,0,2000,"bu","09:38:22",264800
14.75,0,1000,"bu","09:38:06",262800
14.75,0,1000,"sd","09:37:50",261800
14.8,0.05,300,"bu","09:37:41",260800
14.8,0.05,200,"bu","09:37:35",260500
14.75,0,4000,"bu","09:37:15",260300
14.75,0,1000,"sd","09:37:13",256300
14.8,0.05,1000,"bu","09:37:12",255300
14.8,0.05,200,"bu","09:36:59",254300
14.8,0.05,300,"bu","09:36:53",254100
14.75,0,2000,"bu","09:36:49",253800
14.75,0,300,"bu","09:36:46",251800
14.75,0,100,"bu","09:36:40",251500
14.75,0,200,"bu","09:36:34",251400
14.75,0,900,"bu","09:36:01",251200
14.75,0,1100,"bu","09:36:01",250300
14.7,-0.05,400,"sd","09:35:27",249200
14.75,0,100,"bu","09:34:46",248800
14.75,0,500,"bu","09:34:31",248700
14.75,0,1300,"sd","09:34:25",248200
14.75,0,1700,"bu","09:34:19",246900
14.75,0,500,"bu","09:34:04",245200
14.75,0,2000,"bu","09:33:03",244700
14.75,0,800,"sd","09:32:16",242700
14.75,0,2000,"sd","09:32:16",241900
14.75,0,3000,"sd","09:32:16",239900
14.75,0,2000,"sd","09:32:04",236900
14.75,0,2000,"sd","09:32:04",234900
14.75,0,6000,"sd","09:32:04",232900
14.8,0.05,500,"bu","09:32:03",226900
14.8,0.05,100,"sd","09:31:34",226400
14.9,0.15,4000,"bu","09:30:45",226300
14.9,0.15,100,"bu","09:30:33",222300
14.95,0.2,1300,"bu","09:30:13",222200
14.9,0.15,1700,"bu","09:30:13",220900
14.9,0.15,3300,"bu","09:30:06",219200
14.8,0.05,2700,"bu","09:30:06",215900
14.8,0.05,5000,"bu","09:29:33",213200
14.8,0.05,1000,"bu","09:29:33",208200
14.8,0.05,1300,"sd","09:29:24",207200
14.8,0.05,500,"sd","09:29:12",205900
14.95,0.2,5300,"bu","09:29:08",205400
14.95,0.2,1000,"bu","09:29:08",200100
14.9,0.15,500,"bu","09:29:08",199100
14.9,0.15,2200,"bu","09:29:08",198600
14.85,0.1,1000,"bu","09:29:08",196400
14.9,0.15,200,"bu","09:28:38",195400
14.9,0.15,2800,"bu","09:28:38",195200
14.8,0.05,200,"bu","09:28:28",192400
14.8,0.05,100,"bu","09:28:28",192200
14.8,0.05,1900,"bu","09:28:28",192100
14.8,0.05,2000,"bu","09:28:18",190200
14.8,0.05,500,"bu","09:27:40",188200
14.8,0.05,200,"bu","09:27:21",187700
14.8,0.05,400,"bu","09:27:13",187500
14.9,0.15,2200,"bu","09:26:55",187100
14.8,0.05,300,"bu","09:26:55",184900
14.8,0.05,500,"bu","09:26:03",184600
14.8,0.05,4800,"bu","09:26:03",184100
14.8,0.05,700,"bu","09:26:03",179300
14.8,0.05,1000,"bu","09:26:03",178600
14.8,0.05,300,"bu","09:25:32",177600
14.8,0.05,200,"bu","09:25:26",177300
14.8,0.05,100,"bu","09:25:22",177100
14.8,0.05,200,"bu","09:25:19",177000
14.8,0.05,100,"bu","09:25:13",176800
14.8,0.05,200,"bu","09:25:08",176700
14.8,0.05,200,"bu","09:24:47",176500
14.8,0.05,100,"bu","09:24:33",176300
14.8,0.05,300,"bu","09:24:27",176200
14.8,0.05,200,"bu","09:24:21",175900
14.8,0.05,2000,"bu","09:23:31",175700
14.7,-0.05,300,"sd","09:23:25",173700
14.7,-0.05,1000,"sd","09:23:23",173400
14.7,-0.05,4000,"sd","09:23:23",172400
14.7,-0.05,1000,"sd","09:23:22",168400
14.7,-0.05,10000,"sd","09:22:56",167400
14.75,0,200,"sd","09:22:52",157400
14.75,0,100,"sd","09:22:52",157200
14.75,0,900,"sd","09:22:52",157100
14.75,0,500,"sd","09:22:52",156200
14.75,0,2000,"sd","09:22:44",155700
14.75,0,100,"sd","09:22:44",153700
14.75,0,1200,"sd","09:22:44",153600
14.75,0,200,"sd","09:22:44",152400
14.75,0,1800,"sd","09:22:44",152200
14.75,0,300,"sd","09:22:44",150400
14.8,0.05,1300,"sd","09:22:32",150100
14.8,0.05,2100,"sd","09:22:32",148800
14.8,0.05,500,"sd","09:22:30",146700
14.8,0.05,1200,"sd","09:22:24",146200
14.8,0.05,2000,"sd","09:22:24",145000
14.9,0.15,5000,"sd","09:21:19",143000
15,0.25,1000,"bu","09:21:03",138000
14.8,0.05,2900,"sd","09:20:45",137000
14.8,0.05,100,"sd","09:20:45",134100
14.8,0.05,3000,"sd","09:20:45",134000
15,0.25,100,"bu","09:19:50",131000
15,0.25,3000,"bu","09:19:12",130900
15.1,0.35,1600,"sd","09:18:00",127900
15.1,0.35,6000,"bu","09:17:34",126300
15,0.25,400,"bu","09:17:34",120300
15.1,0.35,4000,"bu","09:17:24",119900
15,0.25,2000,"bu","09:17:24",115900
14.75,0,3200,"sd","09:16:13",113900
14.8,0.05,1000,"sd","09:16:13",110700
14.8,0.05,1000,"sd","09:16:13",109700
14.85,0.1,1500,"sd","09:16:13",108700
14.9,0.15,200,"sd","09:16:13",107200
15,0.25,100,"sd","09:16:13",107000
15.2,0.45,2500,"bu","09:15:49",106900
15.15,0.4,500,"bu","09:15:49",104400
15.2,0.45,103900,"unknown","09:15:03",103900
