"price","change","match_qtty","side","time","total_vol"
6220,400,51300,"unknown","14:45:00",12622800
6220,400,1000,"sd","14:29:56",12571500
6220,400,300,"sd","14:29:30",12570500
6220,400,500,"sd","14:29:29",12570200
6220,400,100,"sd","14:28:42",12569700
6220,400,1500,"sd","14:28:35",12569600
6220,400,4300,"sd","14:28:35",12568100
6220,400,700,"sd","14:28:35",12563800
6220,400,1300,"sd","14:27:52",12563100
6220,400,300,"sd","14:27:52",12561800
6220,400,5000,"sd","14:27:51",12561500
6220,400,900,"sd","14:27:51",12556500
6220,400,3100,"sd","14:27:07",12555600
6220,400,1200,"sd","14:27:07",12552500
6220,400,5700,"sd","14:27:06",12551300
6220,400,500,"sd","14:26:45",12545600
6220,400,2500,"sd","14:26:44",12545100
6220,400,1300,"sd","14:26:35",12542600
6220,400,2000,"sd","14:25:57",12541300
6220,400,200,"sd","14:25:45",12539300
6220,400,1200,"sd","14:25:45",12539100
6220,400,1000,"sd","14:25:45",12537900
6220,400,200,"sd","14:25:45",12536900
6220,400,1500,"sd","14:25:45",12536700
6220,400,200,"sd","14:25:45",12535200
6220,400,1500,"sd","14:25:44",12535000
6220,400,3000,"sd","14:25:44",12533500
6220,400,1200,"sd","14:25:44",12530500
6220,400,3800,"sd","14:25:04",12529300
6220,400,1200,"sd","14:25:04",12525500
6220,400,100,"sd","14:23:12",12524300
6220,400,600,"sd","14:22:22",12524200
6220,400,800,"sd","14:22:21",12523600
6220,400,1000,"sd","14:22:19",12522800
6220,400,300,"sd","14:22:17",12521800
6220,400,100,"sd","14:22:12",12521500
6220,400,200,"sd","14:22:10",12521400
6220,400,1700,"sd","14:22:09",12521200
6220,400,300,"sd","14:22:03",12519500
6220,400,100,"sd","14:21:51",12519200
6220,400,400,"sd","14:20:38",12519100
6220,400,700,"sd","14:20:38",12518700
6220,400,1900,"sd","14:20:37",12518000
6220,400,100,"sd","14:18:35",12516100
6220,400,2000,"sd","14:17:59",12516000
6220,400,1800,"sd","14:16:09",12514000
6220,400,1300,"sd","14:16:09",12512200
6220,400,100,"sd","14:15:27",12510900
6220,400,100,"sd","14:13:43",12510800
6220,400,100,"sd","14:13:41",12510700
6220,400,200,"sd","14:13:12",12510600
6220,400,1500,"sd","14:13:01",12510400
6220,400,1000,"sd","14:12:20",12508900
6220,400,2000,"sd","14:12:10",12507900
6220,400,3700,"sd","14:11:57",12505900
6220,400,1300,"sd","14:11:57",12502200
6220,400,900,"sd","14:11:23",12500900
6220,400,100,"sd","14:10:49",12500000
6220,400,1500,"sd","14:08:53",12499900
6220,400,1000,"sd","14:07:54",12498400
6220,400,500,"sd","14:07:05",12497400
6220,400,3300,"sd","14:06:59",12496900
6220,400,700,"sd","14:06:59",12493600
6220,400,1000,"sd","14:04:43",12492900
6220,400,1000,"sd","14:04:34",12491900
6220,400,800,"sd","14:04:12",12490900
6220,400,300,"sd","14:03:21",12490100
6220,400,1000,"sd","14:03:03",12489800
6220,400,200,"sd","14:02:54",12488800
6220,400,500,"sd","14:01:40",12488600
6220,400,500,"sd","14:01:40",12488100
6220,400,1000,"sd","14:01:40",12487600
6220,400,7000,"sd","14:01:40",12486600
6220,400,1000,"sd","14:01:35",12479600
6220,400,100,"sd","14:01:29",12478600
6220,400,1000,"sd","14:01:17",12478500
6220,400,500,"sd","14:00:16",12477500
6220,400,1000,"sd","13:57:30",12477000
6220,400,200,"sd","13:56:15",12476000
6220,400,700,"sd","13:56:11",12475800
6220,400,500,"sd","13:56:05",12475100
6220,400,500,"sd","13:55:53",12474600
6220,400,2300,"sd","13:55:03",12474100
6220,400,2700,"sd","13:55:02",12471800
6220,400,200,"sd","13:55:02",12469100
6220,400,200,"sd","13:54:22",12468900
6220,400,300,"sd","13:54:19",12468700
6220,400,100,"sd","13:54:18",12468400
6220,400,600,"sd","13:54:17",12468300
6220,400,300,"sd","13:54:03",12467700
6220,400,100,"sd","13:54:00",12467400
6220,400,900,"sd","13:53:57",12467300
6220,400,900,"sd","13:53:54",12466400
6220,400,7400,"sd","13:53:40",12465500
6220,400,100,"sd","13:53:36",12458100
6220,400,100,"sd","13:53:32",12458000
6220,400,100,"sd","13:53:29",12457900
6220,400,1200,"sd","13:53:27",12457800
6220,400,100,"sd","13:53:26",12456600
6220,400,100,"sd","13:53:25",12456500
6220,400,700,"sd","13:53:24",12456400
6220,400,700,"sd","13:53:22",12455700
6220,400,300,"sd","13:53:21",12455000
6220,400,1000,"sd","13:53:14",12454700
6220,400,2700,"sd","13:53:14",12453700
6220,400,300,"sd","13:53:11",12451000
6220,400,2000,"sd","13:52:55",12450700
6220,400,500,"sd","13:52:45",12448700
6220,400,1800,"sd","13:52:18",12448200
6220,400,3200,"sd","13:52:15",12446400
6220,400,100,"sd","13:52:05",12443200
6220,400,500,"sd","13:52:05",12443100
6220,400,500,"sd","13:51:56",12442600
6220,400,1000,"sd","13:51:45",12442100
6220,400,100,"sd","13:51:00",12441100
6220,400,100,"sd","13:50:57",12441000
6220,400,400,"sd","13:49:27",12440900
6220,400,5000,"sd","13:49:26",12440500
6220,400,9600,"sd","13:49:26",12435500
6220,400,400,"sd","13:48:28",12425900
6220,400,500,"sd","13:48:28",12425500
6220,400,1100,"sd","13:48:28",12425000
6220,400,500,"sd","13:47:59",12423900
6220,400,1400,"sd","13:47:41",12423400
6220,400,3000,"sd","13:47:41",12422000
6220,400,500,"sd","13:47:41",12419000
6220,400,100,"sd","13:47:41",12418500
6220,400,400,"sd","13:47:41",12418400
6220,400,800,"sd","13:47:41",12418000
6220,400,500,"sd","13:47:41",12417200
6220,400,3700,"sd","13:47:41",12416700
6220,400,2000,"sd","13:47:41",12413000
6220,400,100,"sd","13:47:41",12411000
6220,400,33800,"sd","13:47:41",12410900
6220,400,100,"sd","13:47:23",12377100
6220,400,1000,"sd","13:45:41",12377000
6220,400,100,"sd","13:45:32",12376000
6220,400,2000,"sd","13:44:51",12375900
6220,400,11800,"sd","13:44:40",12373900
6220,400,3400,"sd","13:44:29",12362100
6220,400,1600,"sd","13:44:29",12358700
6220,400,1000,"sd","13:44:08",12357100
6220,400,500,"sd","13:44:00",12356100
6220,400,1500,"sd","13:43:39",12355600
6220,400,500,"sd","13:43:06",12354100
6220,400,100,"sd","13:42:35",12353600
6220,400,6000,"sd","13:41:46",12353500
6220,400,900,"sd","13:41:28",12347500
6220,400,300,"sd","13:41:18",12346600
6220,400,200,"sd","13:40:40",12346300
6220,400,2400,"sd","13:40:14",12346100
6220,400,3200,"sd","13:40:13",12343700
6220,400,500,"sd","13:39:27",12340500
6220,400,900,"sd","13:39:18",12340000
6220,400,1000,"sd","13:39:14",12339100
6220,400,700,"sd","13:38:11",12338100
6220,400,1000,"sd","13:37:01",12337400
6220,400,800,"sd","13:36:57",12336400
6220,400,100,"sd","13:35:58",12335600
6220,400,1000,"sd","13:35:51",12335500
6220,400,100,"sd","13:35:49",12334500
6220,400,5000,"sd","13:35:47",12334400
6220,400,100,"sd","13:35:08",12329400
6220,400,3300,"sd","13:35:05",12329300
6220,400,4300,"sd","13:34:08",12326000
6220,400,500,"sd","13:34:08",12321700
6220,400,1000,"sd","13:34:08",12321200
6220,400,2900,"sd","13:34:08",12320200
6220,400,1000,"sd","13:34:06",12317300
6220,400,1000,"sd","13:33:43",12316300
6220,400,1000,"sd","13:30:36",12315300
6220,400,300,"sd","13:30:23",12314300
6220,400,2000,"sd","13:30:19",12314000
6220,400,2000,"sd","13:30:06",12312000
6220,400,5900,"sd","13:29:47",12310000
6220,400,200,"sd","13:29:45",12304100
6220,400,500,"sd","13:28:59",12303900
6220,400,5000,"sd","13:27:48",12303400
6220,400,1900,"sd","13:27:40",12298400
6220,400,200,"sd","13:27:10",12296500
6220,400,1000,"sd","13:27:10",12296300
6220,400,100,"sd","13:26:40",12295300
6220,400,1500,"sd","13:26:36",12295200
6220,400,2000,"sd","13:26:35",12293700
6220,400,1000,"sd","13:26:14",12291700
6220,400,2800,"sd","13:25:23",12290700
6220,400,100,"sd","13:25:19",12287900
6220,400,100,"sd","13:25:02",12287800
6220,400,100,"sd","13:24:16",12287700
6220,400,700,"sd","13:23:40",12287600
6220,400,2000,"sd","13:23:38",12286900
6220,400,5000,"sd","13:23:32",12284900
6220,400,900,"sd","13:23:24",12279900
6220,400,300,"sd","13:23:04",12279000
6220,400,500,"sd","13:23:03",12278700
6220,400,1000,"sd","13:22:56",12278200
6220,400,400,"sd","13:22:51",12277200
6220,400,100,"sd","13:21:49",12276800
6220,400,10000,"sd","13:21:47",12276700
6220,400,500,"sd","13:21:27",12266700
6220,400,100,"sd","13:21:15",12266200
6220,400,100,"sd","13:20:58",12266100
6220,400,100,"sd","13:19:41",12266000
6220,400,100,"sd","13:19:28",12265900
6220,400,5200,"sd","13:19:26",12265800
6220,400,800,"sd","13:19:18",12260600
6220,400,8900,"sd","13:19:16",12259800
6220,400,100,"sd","13:18:48",12250900
6220,400,700,"sd","13:17:42",12250800
6220,400,400,"sd","13:17:30",12250100
6220,400,1000,"sd","13:17:07",12249700
6220,400,1000,"sd","13:17:00",12248700
6220,400,100,"sd","13:16:29",12247700
6220,400,200,"sd","13:15:50",12247600
6220,400,300,"sd","13:15:44",12247400
6220,400,1500,"sd","13:15:42",12247100
6220,400,3400,"sd","13:15:34",12245600
6220,400,2000,"sd","13:15:23",12242200
6220,400,4000,"sd","13:15:10",12240200
6220,400,2200,"sd","13:14:04",12236200
6220,400,500,"sd","13:13:54",12234000
6220,400,10000,"sd","13:13:00",12233500
6220,400,1000,"sd","13:12:59",12223500
6220,400,100,"sd","13:12:53",12222500
6220,400,500,"sd","13:12:43",12222400
6220,400,200,"sd","13:12:03",12221900
6220,400,600,"sd","13:11:41",12221700
6220,400,900,"sd","13:10:57",12221100
6220,400,1100,"sd","13:10:57",12220200
6220,400,500,"sd","13:10:56",12219100
6220,400,4700,"sd","13:10:44",12218600
6220,400,300,"sd","13:10:20",12213900
6220,400,100,"sd","13:09:42",12213600
6220,400,2200,"sd","13:09:13",12213500
6220,400,1900,"sd","13:09:05",12211300
6220,400,11000,"sd","13:09:01",12209400
6220,400,200,"sd","13:08:30",12198400
6220,400,100,"sd","13:08:16",12198200
6220,400,2000,"sd","13:08:11",12198100
6220,400,100,"sd","13:08:07",12196100
6220,400,1000,"sd","13:08:01",12196000
6220,400,200,"sd","13:08:00",12195000
6220,400,1000,"sd","13:07:59",12194800
6220,400,300,"sd","13:07:46",12193800
6220,400,400,"sd","13:07:44",12193500
6220,400,1000,"sd","13:07:30",12193100
6220,400,200,"sd","13:07:00",12192100
6220,400,1700,"sd","13:06:53",12191900
6220,400,300,"sd","13:06:53",12190200
6220,400,100,"sd","13:06:46",12189900
6220,400,500,"sd","13:06:46",12189800
6220,400,1000,"sd","13:06:46",12189300
6220,400,400,"sd","13:06:46",12188300
6220,400,1000,"sd","13:06:35",12187900
6220,400,5000,"sd","13:06:34",12186900
6220,400,200,"sd","13:06:28",12181900
6220,400,100,"sd","13:06:22",12181700
6220,400,100,"sd","13:06:19",12181600
6220,400,700,"sd","13:05:44",12181500
6220,400,100,"sd","13:05:43",12180800
6220,400,400,"sd","13:05:39",12180700
6220,400,100,"sd","13:05:33",12180300
6220,400,200,"sd","13:05:32",12180200
6220,400,1000,"sd","13:05:32",12180000
6220,400,100,"sd","13:05:32",12179000
6220,400,100,"sd","13:05:32",12178900
6220,400,1000,"sd","13:04:48",12178800
6220,400,900,"sd","13:04:40",12177800
6220,400,100,"sd","13:04:40",12176900
6220,400,300,"sd","13:04:40",12176800
6220,400,100,"sd","13:04:40",12176500
6220,400,10000,"sd","13:04:40",12176400
6220,400,1600,"sd","13:04:40",12166400
6220,400,700,"sd","13:04:40",12164800
6220,400,600,"sd","13:04:40",12164100
6220,400,40700,"sd","13:04:40",12163500
6220,400,3000,"sd","13:04:34",12122800
6220,400,500,"sd","13:04:31",12119800
6220,400,300,"sd","13:03:50",12119300
6220,400,1000,"sd","13:03:10",12119000
6220,400,800,"sd","13:03:07",12118000
6220,400,5000,"sd","13:03:07",12117200
6220,400,800,"sd","13:03:03",12112200
6220,400,500,"sd","13:02:42",12111400
6220,400,1000,"sd","13:02:35",12110900
6220,400,200,"sd","13:02:32",12109900
6220,400,1000,"sd","13:02:31",12109700
6220,400,1500,"sd","13:02:24",12108700
6220,400,1000,"sd","13:02:23",12107200
6220,400,100,"sd","13:02:19",12106200
6220,400,10000,"sd","13:02:01",12106100
6220,400,2000,"sd","13:01:58",12096100
6220,400,100,"sd","13:01:56",12094100
6220,400,2000,"sd","13:01:55",12094000
6220,400,500,"sd","13:01:54",12092000
6220,400,1000,"sd","13:01:36",12091500
6220,400,100,"sd","13:01:34",12090500
6220,400,500,"sd","13:01:31",12090400
6220,400,100,"sd","13:01:31",12089900
6220,400,35000,"sd","13:01:31",12089800
6220,400,5000,"sd","13:01:29",12054800
6220,400,1000,"sd","13:01:27",12049800
6220,400,100,"sd","13:01:27",12048800
6220,400,300,"sd","13:01:27",12048700
6220,400,1600,"sd","13:01:26",12048400
6220,400,100,"sd","13:01:24",12046800
6220,400,300,"sd","13:01:23",12046700
6220,400,2600,"sd","13:01:17",12046400
6220,400,200,"sd","13:01:15",12043800
6220,400,400,"sd","13:01:14",12043600
6220,400,300,"sd","13:01:11",12043200
6220,400,1300,"sd","13:01:09",12042900
6220,400,200,"sd","13:01:08",12041600
6220,400,400,"sd","13:01:03",12041400
6220,400,200,"sd","13:01:01",12041000
6220,400,100,"sd","13:01:00",12040800
6220,400,100,"sd","13:01:00",12040700
6220,400,200,"sd","13:00:59",12040600
6220,400,500,"sd","13:00:58",12040400
6220,400,200,"sd","13:00:58",12039900
6220,400,100,"sd","13:00:58",12039700
6220,400,700,"sd","13:00:57",12039600
6220,400,3700,"sd","13:00:55",12038900
6220,400,1200,"sd","13:00:54",12035200
6220,400,2700,"sd","13:00:54",12034000
6220,400,1000,"sd","13:00:54",12031300
6220,400,1000,"sd","13:00:54",12030300
6220,400,500,"sd","13:00:53",12029300
6220,400,500,"sd","13:00:52",12028800
6220,400,2000,"sd","13:00:51",12028300
6220,400,100,"sd","13:00:50",12026300
6220,400,2000,"sd","13:00:48",12026200
6220,400,100,"sd","13:00:48",12024200
6220,400,500,"sd","13:00:47",12024100
6220,400,2000,"sd","13:00:46",12023600
6220,400,100,"sd","13:00:43",12021600
6220,400,1700,"sd","13:00:41",12021500
6220,400,100,"sd","13:00:38",12019800
6220,400,500,"sd","13:00:38",12019700
6220,400,6000,"sd","13:00:37",12019200
6220,400,100,"sd","13:00:36",12013200
6220,400,500,"sd","13:00:36",12013100
6220,400,1100,"sd","13:00:34",12012600
6220,400,8600,"sd","13:00:34",12011500
6220,400,100,"sd","13:00:33",12002900
6220,400,800,"sd","13:00:32",12002800
6220,400,1500,"sd","13:00:32",12002000
6220,400,1200,"sd","13:00:31",12000500
6220,400,1500,"sd","13:00:30",11999300
6220,400,300,"sd","13:00:30",11997800
6220,400,1400,"sd","13:00:27",11997500
6220,400,800,"sd","13:00:25",11996100
6220,400,100,"sd","13:00:25",11995300
6220,400,500,"sd","13:00:25",11995200
6220,400,500,"sd","13:00:24",11994700
6220,400,200,"sd","13:00:24",11994200
6220,400,7000,"sd","13:00:23",11994000
6220,400,1000,"sd","13:00:23",11987000
6220,400,400,"sd","13:00:22",11986000
6220,400,100,"sd","13:00:21",11985600
6220,400,20000,"sd","13:00:20",11985500
6220,400,500,"sd","13:00:20",11965500
6220,400,1000,"sd","13:00:07",11965000
6220,400,2000,"sd","13:00:03",11964000
6220,400,300,"sd","13:00:02",11962000
6220,400,500,"sd","13:00:01",11961700
6220,400,100,"sd","13:00:01",11961200
6220,400,600,"sd","11:29:33",11961100
6220,400,2500,"sd","11:29:33",11960500
6220,400,500,"sd","11:29:33",11958000
6220,400,500,"sd","11:29:33",11957500
6220,400,200,"sd","11:29:22",11957000
6220,400,100,"sd","11:29:22",11956800
6220,400,1000,"sd","11:29:18",11956700
6220,400,400,"sd","11:27:50",11955700
6220,400,100,"sd","11:26:57",11955300
6220,400,600,"sd","11:26:42",11955200
6220,400,1500,"sd","11:26:20",11954600
6220,400,600,"sd","11:25:50",11953100
6220,400,200,"sd","11:25:44",11952500
6220,400,500,"sd","11:24:42",11952300
6220,400,1000,"sd","11:24:42",11951800
6220,400,500,"sd","11:24:42",11950800
6220,400,300,"sd","11:24:06",11950300
6220,400,1000,"sd","11:24:06",11950000
6220,400,200,"sd","11:24:06",11949000
6220,400,100,"sd","11:24:06",11948800
6220,400,8400,"sd","11:24:06",11948700
6220,400,1000,"sd","11:21:39",11940300
6220,400,8000,"sd","11:21:01",11939300
6220,400,100,"sd","11:20:37",11931300
6220,400,2500,"sd","11:20:36",11931200
6220,400,100,"sd","11:20:36",11928700
6220,400,200,"sd","11:20:36",11928600
6220,400,1000,"sd","11:20:36",11928400
6220,400,100,"sd","11:20:36",11927400
6220,400,100,"sd","11:20:36",11927300
6220,400,500,"sd","11:20:36",11927200
6220,400,200,"sd","11:20:36",11926700
6220,400,200,"sd","11:20:36",11926500
6220,400,2700,"sd","11:20:36",11926300
6220,400,7400,"sd","11:20:36",11923600
6220,400,100,"sd","11:20:17",11916200
6220,400,1000,"sd","11:19:57",11916100
6220,400,1500,"sd","11:18:58",11915100
6220,400,100,"sd","11:18:58",11913600
6220,400,8400,"sd","11:18:58",11913500
6220,400,4000,"sd","11:18:52",11905100
6220,400,10000,"sd","11:17:55",11901100
6220,400,3400,"sd","11:16:35",11891100
6220,400,4800,"sd","11:16:35",11887700
6220,400,500,"sd","11:16:35",11882900
6220,400,1300,"sd","11:16:35",11882400
6220,400,500,"sd","11:16:34",11881100
6220,400,200,"sd","11:16:27",11880600
6220,400,1000,"sd","11:15:40",11880400
6220,400,2000,"sd","11:15:33",11879400
6220,400,100,"sd","11:15:21",11877400
6220,400,11800,"sd","11:15:00",11877300
6220,400,500,"sd","11:13:39",11865500
6220,400,500,"sd","11:12:54",11865000
6220,400,3400,"sd","11:12:18",11864500
6220,400,600,"sd","11:12:18",11861100
6220,400,200,"sd","11:12:03",11860500
6220,400,200,"sd","11:11:29",11860300
6220,400,500,"sd","11:11:29",11860100
6220,400,100,"sd","11:11:29",11859600
6220,400,4700,"sd","11:11:29",11859500
6220,400,1700,"sd","11:11:29",11854800
6220,400,100,"sd","11:11:29",11853100
6220,400,2000,"sd","11:11:28",11853000
6220,400,1400,"sd","11:11:28",11851000
6220,400,1100,"sd","11:11:28",11849600
6220,400,100,"sd","11:11:28",11848500
6220,400,500,"sd","11:11:28",11848400
6220,400,100,"sd","11:11:28",11847900
6220,400,3000,"sd","11:11:28",11847800
6220,400,100,"sd","11:11:28",11844800
6220,400,1700,"sd","11:11:28",11844700
6220,400,500,"sd","11:11:28",11843000
6220,400,300,"sd","11:11:28",11842500
6220,400,4000,"sd","11:11:28",11842200
6220,400,200,"sd","11:11:25",11838200
6220,400,100,"sd","11:11:15",11838000
6220,400,400,"sd","11:10:27",11837900
6220,400,600,"sd","11:10:08",11837500
6220,400,500,"sd","11:09:53",11836900
6220,400,2000,"sd","11:09:48",11836400
6220,400,3200,"sd","11:09:32",11834400
6220,400,5000,"sd","11:08:57",11831200
6220,400,2200,"sd","11:08:33",11826200
6220,400,10000,"sd","11:07:54",11824000
6220,400,800,"sd","11:07:53",11814000
6220,400,100,"sd","11:07:02",11813200
6220,400,1400,"sd","11:06:50",11813100
6220,400,4000,"sd","11:06:12",11811700
6220,400,600,"sd","11:05:54",11807700
6220,400,6100,"sd","11:05:32",11807100
6220,400,8800,"sd","11:05:00",11801000
6220,400,500,"sd","11:05:00",11792200
6220,400,100,"sd","11:05:00",11791700
6220,400,500,"sd","11:05:00",11791600
6220,400,100,"sd","11:05:00",11791100
6220,400,900,"sd","11:04:54",11791000
6220,400,24900,"sd","11:04:54",11790100
6220,400,2200,"sd","11:04:54",11765200
6220,400,2000,"sd","11:04:54",11763000
6220,400,1000,"sd","11:04:54",11761000
6220,400,2200,"sd","11:04:54",11760000
6220,400,3000,"sd","11:04:54",11757800
6220,400,1000,"sd","11:04:06",11754800
6220,400,10000,"sd","11:04:01",11753800
6220,400,100,"sd","11:03:38",11743800
6220,400,6000,"sd","11:03:33",11743700
6220,400,100,"sd","11:03:32",11737700
6220,400,1800,"sd","11:02:54",11737600
6220,400,1700,"sd","11:02:40",11735800
6220,400,2300,"sd","11:02:38",11734100
6220,400,4000,"sd","11:02:36",11731800
6220,400,100,"sd","11:02:15",11727800
6220,400,1800,"sd","11:02:12",11727700
6220,400,200,"sd","11:02:01",11725900
6220,400,100,"sd","11:01:55",11725700
6220,400,2000,"sd","11:01:52",11725600
6220,400,200,"sd","11:01:43",11723600
6220,400,800,"sd","11:01:43",11723400
6220,400,200,"sd","11:01:37",11722600
6220,400,100,"sd","11:01:17",11722400
6220,400,200,"sd","11:00:45",11722300
6220,400,500,"sd","11:00:25",11722100
6220,400,600,"sd","11:00:23",11721600
6220,400,100,"sd","10:59:49",11721000
6220,400,100,"sd","10:59:19",11720900
6220,400,100,"sd","10:58:27",11720800
6220,400,4000,"sd","10:58:21",11720700
6220,400,6000,"sd","10:58:13",11716700
6220,400,500,"sd","10:57:52",11710700
6220,400,1000,"sd","10:57:50",11710200
6220,400,100,"sd","10:57:44",11709200
6220,400,100,"sd","10:57:41",11709100
6220,400,500,"sd","10:57:38",11709000
6220,400,1000,"sd","10:57:36",11708500
6220,400,1000,"sd","10:57:32",11707500
6220,400,100,"sd","10:57:29",11706500
6220,400,1000,"sd","10:57:08",11706400
6220,400,100,"sd","10:56:57",11705400
6220,400,4000,"sd","10:56:54",11705300
6220,400,100,"sd","10:56:29",11701300
6220,400,8000,"sd","10:56:28",11701200
6220,400,400,"sd","10:56:00",11693200
6220,400,900,"sd","10:55:54",11692800
6220,400,100,"sd","10:55:51",11691900
6220,400,1000,"sd","10:55:46",11691800
6220,400,500,"sd","10:55:44",11690800
6220,400,2200,"sd","10:55:30",11690300
6220,400,1000,"sd","10:54:47",11688100
6220,400,1000,"sd","10:54:41",11687100
6220,400,1000,"sd","10:54:22",11686100
6220,400,100,"sd","10:54:01",11685100
6220,400,1000,"sd","10:53:33",11685000
6220,400,500,"sd","10:53:17",11684000
6220,400,1000,"sd","10:52:41",11683500
6220,400,2500,"sd","10:52:08",11682500
6220,400,300,"sd","10:52:04",11680000
6220,400,500,"sd","10:52:00",11679700
6220,400,1100,"sd","10:51:52",11679200
6220,400,1000,"sd","10:51:40",11678100
6220,400,300,"sd","10:51:27",11677100
6220,400,500,"sd","10:51:26",11676800
6220,400,1000,"sd","10:50:50",11676300
6220,400,500,"sd","10:50:27",11675300
6220,400,500,"sd","10:49:48",11674800
6220,400,100,"sd","10:49:37",11674300
6220,400,10000,"sd","10:49:24",11674200
6220,400,6400,"sd","10:49:19",11664200
6220,400,1000,"sd","10:49:19",11657800
6220,400,2600,"sd","10:49:19",11656800
6220,400,1600,"sd","10:49:16",11654200
6220,400,2100,"sd","10:49:13",11652600
6220,400,1000,"sd","10:49:05",11650500
6220,400,100,"sd","10:49:04",11649500
6220,400,100,"sd","10:49:02",11649400
6220,400,400,"sd","10:48:57",11649300
6220,400,5000,"sd","10:48:47",11648900
6220,400,1000,"sd","10:48:44",11643900
6220,400,1500,"sd","10:48:42",11642900
6220,400,100,"sd","10:48:41",11641400
6220,400,100,"sd","10:48:36",11641300
6220,400,200,"sd","10:48:30",11641200
6220,400,100,"sd","10:48:27",11641000
6220,400,100,"bu","10:48:26",11640900
6220,400,200,"bu","10:48:26",11640800
6220,400,70000,"bu","10:48:26",11640600
6220,400,1000,"bu","10:48:26",11570600
6220,400,2100,"bu","10:48:26",11569600
6220,400,800,"bu","10:48:26",11567500
6220,400,1100,"bu","10:48:26",11566700
6220,400,200,"bu","10:48:26",11565600
6220,400,500,"bu","10:48:26",11565400
6220,400,2500,"bu","10:48:26",11564900
6220,400,12000,"bu","10:48:26",11562400
6220,400,10000,"bu","10:48:26",11550400
6220,400,500,"bu","10:48:26",11540400
6220,400,500,"bu","10:48:26",11539900
6220,400,500,"bu","10:48:26",11539400
6220,400,10000,"bu","10:48:26",11538900
6220,400,42800,"bu","10:48:26",11528900
6220,400,60000,"bu","10:48:26",11486100
6220,400,1000,"bu","10:48:26",11426100
6220,400,500,"bu","10:48:26",11425100
6220,400,500,"bu","10:48:26",11424600
6220,400,20900,"bu","10:48:26",11424100
6220,400,1400,"bu","10:48:26",11403200
6220,400,1000,"bu","10:48:26",11401800
6220,400,600,"bu","10:48:26",11400800
6220,400,3000,"bu","10:48:26",11400200
6220,400,100,"bu","10:48:26",11397200
6220,400,5000,"bu","10:48:26",11397100
6220,400,3300,"bu","10:48:26",11392100
6220,400,100,"bu","10:48:26",11388800
6220,400,1000,"bu","10:48:26",11388700
6220,400,5000,"bu","10:48:26",11387700
6220,400,10500,"bu","10:48:26",11382700
6220,400,6000,"bu","10:48:26",11372200
6220,400,400,"bu","10:48:26",11366200
6220,400,5000,"bu","10:48:26",11365800
6220,400,2000,"bu","10:48:26",11360800
6220,400,2000,"bu","10:48:26",11358800
6220,400,1700,"bu","10:48:17",11356800
6220,400,100,"bu","10:48:17",11355100
6220,400,8200,"bu","10:48:17",11355000
6210,390,2000,"sd","10:48:16",11346800
6220,400,500,"bu","10:47:55",11344800
6220,400,2000,"bu","10:47:55",11344300
6220,400,800,"bu","10:47:55",11342300
6220,400,1700,"bu","10:47:55",11341500
6220,400,1300,"bu","10:47:48",11339800
6220,400,1000,"bu","10:47:34",11338500
6210,390,1000,"sd","10:47:23",11337500
6220,400,100,"bu","10:47:15",11336500
6220,400,1000,"bu","10:47:09",11336400
6220,400,3900,"bu","10:47:05",11335400
6220,400,100,"bu","10:47:05",11331500
6220,400,2000,"bu","10:47:05",11331400
6220,400,500,"bu","10:47:05",11329400
6220,400,10000,"bu","10:47:05",11328900
6220,400,500,"bu","10:47:05",11318900
6220,400,1000,"bu","10:47:05",11318400
6220,400,2000,"bu","10:47:05",11317400
6210,390,2000,"sd","10:47:01",11315400
6210,390,100,"sd","10:46:55",11313400
6210,390,200,"sd","10:46:49",11313300
6210,390,800,"sd","10:46:49",11313100
6220,400,400,"bu","10:46:36",11312300
6220,400,600,"bu","10:46:36",11311900
6220,400,1400,"bu","10:46:31",11311300
6210,390,300,"sd","10:46:29",11309900
6210,390,100,"sd","10:46:27",11309600
6210,390,100,"sd","10:45:51",11309500
6210,390,5000,"sd","10:45:47",11309400
6210,390,5000,"sd","10:45:41",11304400
6220,400,200,"bu","10:45:28",11299400
6220,400,200,"bu","10:45:28",11299200
6220,400,100,"bu","10:45:28",11299000
6210,390,500,"sd","10:45:23",11298900
6210,390,2300,"sd","10:45:12",11298400
6210,390,1000,"sd","10:45:07",11296100
6220,400,400,"bu","10:44:08",11295100
6210,390,4000,"sd","10:44:01",11294700
6220,400,26700,"bu","10:43:50",11290700
6220,400,2800,"bu","10:43:49",11264000
6220,400,1100,"bu","10:43:49",11261200
6220,400,1000,"bu","10:43:28",11260100
6220,400,1700,"bu","10:43:27",11259100
6220,400,500,"bu","10:43:23",11257400
6220,400,100,"bu","10:43:18",11256900
6220,400,100,"bu","10:43:17",11256800
6220,400,100,"bu","10:43:17",11256700
6220,400,100,"bu","10:43:13",11256600
6220,400,200,"bu","10:43:03",11256500
6220,400,800,"sd","10:42:57",11256300
6220,400,300,"sd","10:42:57",11255500
6220,400,700,"bu","10:42:53",11255200
6210,390,100,"sd","10:42:53",11254500
6210,390,100,"sd","10:42:53",11254400
6210,390,100,"sd","10:42:53",11254300
6210,390,1300,"sd","10:42:53",11254200
6210,390,4000,"sd","10:42:53",11252900
6210,390,1000,"sd","10:42:53",11248900
6210,390,100,"sd","10:42:53",11247900
6210,390,7700,"sd","10:42:53",11247800
6210,390,200,"sd","10:42:53",11240100
6210,390,100,"sd","10:42:53",11239900
6210,390,100,"sd","10:42:53",11239800
6210,390,300,"sd","10:42:52",11239700
6210,390,8100,"sd","10:42:52",11239400
6210,390,500,"sd","10:42:52",11231300
6210,390,500,"sd","10:42:52",11230800
6210,390,1000,"sd","10:42:52",11230300
6210,390,2000,"sd","10:42:52",11229300
6210,390,1000,"sd","10:42:52",11227300
6210,390,1000,"sd","10:42:52",11226300
6210,390,800,"sd","10:42:52",11225300
6210,390,200,"sd","10:42:50",11224500
6210,390,800,"sd","10:42:50",11224300
6210,390,1600,"sd","10:42:47",11223500
6210,390,100,"sd","10:42:47",11221900
6210,390,1000,"sd","10:42:47",11221800
6210,390,1600,"sd","10:42:47",11220800
6210,390,500,"sd","10:42:47",11219200
6210,390,300,"sd","10:42:47",11218700
6210,390,5000,"sd","10:42:47",11218400
6220,400,100,"bu","10:42:47",11213400
6220,400,100,"bu","10:42:47",11213300
6220,400,2000,"bu","10:42:47",11213200
6220,400,2000,"bu","10:42:47",11211200
6220,400,100,"bu","10:42:47",11209200
6220,400,200,"bu","10:42:47",11209100
6220,400,500,"bu","10:42:47",11208900
6220,400,1800,"bu","10:42:43",11208400
6220,400,4000,"bu","10:42:43",11206600
6220,400,4200,"bu","10:42:43",11202600
6220,400,400,"bu","10:42:40",11198400
6220,400,1000,"bu","10:42:18",11198000
6220,400,5000,"sd","10:42:11",11197000
6220,400,100,"sd","10:42:10",11192000
6220,400,300,"sd","10:42:10",11191900
6220,400,1700,"sd","10:42:09",11191600
6220,400,500,"sd","10:42:09",11189900
6220,400,100,"sd","10:42:09",11189400
6220,400,200,"sd","10:42:09",11189300
6220,400,1000,"sd","10:42:08",11189100
6220,400,500,"sd","10:42:08",11188100
6220,400,300,"sd","10:41:56",11187600
6220,400,10000,"sd","10:41:55",11187300
6220,400,200,"sd","10:41:54",11177300
6220,400,100,"sd","10:41:52",11177100
6220,400,2000,"sd","10:41:49",11177000
6220,400,2000,"bu","10:41:48",11175000
6220,400,200,"bu","10:41:48",11173000
6220,400,3500,"bu","10:41:48",11172800
6220,400,500,"bu","10:41:48",11169300
6220,400,500,"bu","10:41:48",11168800
6220,400,500,"bu","10:41:40",11168300
6220,400,100,"bu","10:41:40",11167800
6220,400,1000,"bu","10:41:40",11167700
6220,400,3000,"bu","10:41:40",11166700
6220,400,400,"bu","10:41:40",11163700
6220,400,5000,"bu","10:41:39",11163300
6220,400,500,"bu","10:41:35",11158300
6210,390,10000,"sd","10:41:34",11157800
6220,400,1600,"bu","10:41:32",11147800
6220,400,2900,"sd","10:41:31",11146200
6220,400,4600,"sd","10:41:31",11143300
6220,400,10000,"sd","10:41:29",11138700
6220,400,3400,"sd","10:41:29",11128700
6220,400,5000,"sd","10:41:29",11125300
6220,400,500,"sd","10:41:27",11120300
6220,400,2000,"bu","10:41:26",11119800
6220,400,5000,"bu","10:41:26",11117800
6220,400,1000,"bu","10:41:26",11112800
6220,400,500,"bu","10:41:26",11111800
6220,400,1000,"bu","10:41:26",11111300
6220,400,8000,"bu","10:41:26",11110300
6220,400,2000,"bu","10:41:26",11102300
6220,400,7000,"bu","10:41:26",11100300
6220,400,2000,"bu","10:41:25",11093300
6220,400,8000,"bu","10:41:25",11091300
6220,400,400,"bu","10:41:21",11083300
6210,390,500,"sd","10:41:19",11082900
6220,400,3400,"bu","10:41:17",11082400
6220,400,100,"bu","10:41:17",11079000
6220,400,5800,"bu","10:41:17",11078900
6220,400,2000,"bu","10:41:17",11073100
6220,400,10000,"bu","10:41:17",11071100
6220,400,20000,"bu","10:41:17",11061100
6220,400,500,"bu","10:41:17",11041100
6220,400,8200,"bu","10:41:17",11040600
6210,390,800,"sd","10:41:17",11032400
6220,400,1800,"bu","10:41:13",11031600
6220,400,500,"bu","10:41:13",11029800
6220,400,5000,"bu","10:41:13",11029300
6220,400,32700,"bu","10:41:13",11024300
6210,390,600,"sd","10:41:10",10991600
6210,390,100,"sd","10:41:06",10991000
6210,390,300,"sd","10:41:01",10990900
6220,400,28800,"bu","10:41:00",10990600
6210,390,400,"sd","10:40:45",10961800
6220,400,3900,"bu","10:40:38",10961400
6220,400,300,"bu","10:40:38",10957500
6220,400,100,"bu","10:40:38",10957200
6220,400,500,"bu","10:40:38",10957100
6220,400,3000,"bu","10:40:38",10956600
6220,400,1800,"bu","10:40:38",10953600
6220,400,3000,"bu","10:40:38",10951800
6220,400,1000,"bu","10:40:38",10948800
6220,400,1400,"bu","10:40:38",10947800
6220,400,400,"bu","10:40:38",10946400
6220,400,500,"unknown","10:40:38",10946000
6220,400,1700,"sd","10:40:38",10945500
6220,400,5500,"sd","10:40:38",10943800
6220,400,300,"sd","10:40:38",10938300
6220,400,600,"sd","10:40:38",10938000
6220,400,11000,"sd","10:40:38",10937400
6220,400,300,"sd","10:40:38",10926400
6220,400,100,"sd","10:40:38",10926100
6220,400,2000,"sd","10:40:38",10926000
6220,400,300,"sd","10:40:38",10924000
6220,400,100,"sd","10:40:38",10923700
6220,400,1000,"sd","10:40:38",10923600
6220,400,400,"sd","10:40:38",10922600
6220,400,900,"sd","10:40:38",10922200
6220,400,1200,"sd","10:40:38",10921300
6220,400,800,"sd","10:40:38",10920100
6220,400,6100,"sd","10:40:38",10919300
6220,400,100,"sd","10:40:38",10913200
6220,400,9400,"sd","10:40:37",10913100
6220,400,300,"sd","10:40:37",10903700
6220,400,800,"sd","10:40:37",10903400
6220,400,600,"sd","10:40:37",10902600
6220,400,1700,"sd","10:40:36",10902000
6220,400,1900,"sd","10:40:34",10900300
6220,400,100,"sd","10:40:34",10898400
6220,400,900,"sd","10:40:32",10898300
6220,400,1000,"sd","10:40:32",10897400
6220,400,300,"sd","10:40:32",10896400
6220,400,1500,"sd","10:40:32",10896100
6220,400,600,"sd","10:40:32",10894600
6220,400,500,"sd","10:40:32",10894000
6220,400,1000,"sd","10:40:32",10893500
6220,400,2000,"sd","10:40:31",10892500
6220,400,6000,"sd","10:40:30",10890500
6220,400,9000,"sd","10:40:30",10884500
6220,400,2000,"sd","10:40:27",10875500
6220,400,500,"sd","10:40:26",10873500
6220,400,100,"sd","10:40:26",10873000
6220,400,42800,"sd","10:40:26",10872900
6220,400,19000,"sd","10:40:26",10830100
6220,400,600,"sd","10:40:26",10811100
6220,400,500,"sd","10:40:26",10810500
6220,400,500,"sd","10:40:26",10810000
6220,400,6000,"sd","10:40:26",10809500
6220,400,4000,"sd","10:40:23",10803500
6220,400,4000,"sd","10:40:22",10799500
6220,400,25000,"sd","10:40:21",10795500
6220,400,100,"sd","10:40:21",10770500
6220,400,4200,"sd","10:40:19",10770400
6220,400,1000,"sd","10:40:16",10766200
6220,400,300,"sd","10:40:16",10765200
6220,400,4900,"sd","10:40:16",10764900
6220,400,1700,"sd","10:40:16",10760000
6220,400,500,"sd","10:40:16",10758300
6220,400,500,"sd","10:40:16",10757800
6220,400,1000,"sd","10:40:16",10757300
6220,400,19900,"sd","10:40:16",10756300
6220,400,200,"sd","10:40:16",10736400
6220,400,1200,"sd","10:40:11",10736200
6220,400,4300,"sd","10:40:10",10735000
6220,400,3400,"sd","10:40:10",10730700
6220,400,1000,"sd","10:40:10",10727300
6220,400,300,"sd","10:40:10",10726300
6220,400,4700,"sd","10:40:10",10726000
6220,400,9500,"sd","10:40:10",10721300
6220,400,500,"sd","10:40:10",10711800
6220,400,100,"sd","10:40:10",10711300
6220,400,500,"sd","10:40:10",10711200
6220,400,500,"sd","10:40:10",10710700
6220,400,5000,"sd","10:40:10",10710200
6220,400,300,"sd","10:40:10",10705200
6220,400,200,"sd","10:40:10",10704900
6220,400,1000,"sd","10:40:10",10704700
6220,400,1700,"sd","10:40:10",10703700
6220,400,8000,"sd","10:40:10",10702000
6220,400,5000,"sd","10:40:10",10694000
6220,400,13000,"sd","10:40:10",10689000
6220,400,2000,"sd","10:40:04",10676000
6220,400,1600,"sd","10:39:54",10674000
6220,400,200,"sd","10:39:54",10672400
6220,400,7000,"sd","10:39:54",10672200
6220,400,11200,"sd","10:39:54",10665200
6220,400,200,"sd","10:39:46",10654000
6220,400,2000,"sd","10:39:35",10653800
6220,400,2500,"sd","10:39:31",10651800
6220,400,1200,"sd","10:39:31",10649300
6220,400,1300,"sd","10:39:31",10648100
6220,400,1000,"sd","10:39:30",10646800
6220,400,1400,"sd","10:39:26",10645800
6220,400,100,"sd","10:39:26",10644400
6220,400,2900,"sd","10:39:21",10644300
6220,400,100,"sd","10:39:21",10641400
6220,400,6000,"sd","10:39:21",10641300
6220,400,10000,"sd","10:39:15",10635300
6220,400,1200,"sd","10:39:04",10625300
6220,400,5000,"sd","10:39:01",10624100
6220,400,3000,"sd","10:39:01",10619100
6220,400,9000,"sd","10:38:55",10616100
6220,400,25000,"sd","10:38:52",10607100
6220,400,100,"sd","10:38:49",10582100
6220,400,20000,"sd","10:38:44",10582000
6220,400,1000,"sd","10:38:41",10562000
6220,400,1000,"sd","10:38:41",10561000
6220,400,1000,"sd","10:38:36",10560000
6220,400,1800,"sd","10:38:35",10559000
6220,400,400,"sd","10:38:35",10557200
6220,400,200,"sd","10:38:32",10556800
6220,400,3000,"sd","10:38:32",10556600
6220,400,4800,"sd","10:38:32",10553600
6220,400,21500,"sd","10:38:32",10548800
6220,400,300,"sd","10:38:32",10527300
6220,400,200,"sd","10:38:32",10527000
6220,400,1700,"sd","10:38:21",10526800
6220,400,300,"sd","10:38:21",10525100
6220,400,27700,"sd","10:38:20",10524800
6220,400,2300,"sd","10:38:20",10497100
6220,400,700,"sd","10:38:08",10494800
6220,400,300,"sd","10:38:08",10494100
6220,400,700,"sd","10:38:08",10493800
6220,400,2000,"sd","10:38:08",10493100
6220,400,1000,"sd","10:38:08",10491100
6220,400,300,"sd","10:38:08",10490100
6220,400,3400,"sd","10:38:04",10489800
6220,400,1600,"sd","10:38:04",10486400
6220,400,10000,"sd","10:37:57",10484800
6220,400,100,"sd","10:37:56",10474800
6220,400,500,"sd","10:37:30",10474700
6220,400,1000,"sd","10:37:29",10474200
6220,400,1000,"sd","10:37:18",10473200
6220,400,500,"sd","10:37:13",10472200
6220,400,1000,"sd","10:37:13",10471700
6220,400,2200,"sd","10:37:13",10470700
6220,400,2000,"sd","10:37:13",10468500
6220,400,18500,"sd","10:37:13",10466500
6220,400,5800,"sd","10:37:13",10448000
6220,400,1500,"sd","10:36:47",10442200
6220,400,2500,"sd","10:36:47",10440700
6220,400,200,"sd","10:36:47",10438200
6220,400,300,"sd","10:36:47",10438000
6220,400,2500,"sd","10:36:47",10437700
6220,400,100,"sd","10:36:33",10435200
6220,400,1000,"sd","10:36:31",10435100
6220,400,2000,"sd","10:36:31",10434100
6220,400,100,"sd","10:36:31",10432100
6220,400,4000,"sd","10:36:31",10432000
6220,400,1000,"sd","10:36:31",10428000
6220,400,1900,"sd","10:36:31",10427000
6220,400,500,"sd","10:36:31",10425100
6220,400,2000,"sd","10:36:31",10424600
6220,400,5000,"sd","10:36:31",10422600
6220,400,900,"sd","10:36:31",10417600
6220,400,500,"sd","10:36:31",10416700
6220,400,6500,"sd","10:36:31",10416200
6220,400,800,"sd","10:36:31",10409700
6220,400,5000,"sd","10:36:31",10408900
6220,400,100,"sd","10:36:31",10403900
6220,400,6200,"sd","10:36:31",10403800
6220,400,600,"sd","10:36:31",10397600
6220,400,700,"sd","10:36:31",10397000
6220,400,500,"sd","10:36:31",10396300
6220,400,200,"sd","10:36:31",10395800
6220,400,500,"sd","10:36:31",10395600
6220,400,10000,"sd","10:36:31",10395100
6220,400,300,"sd","10:36:07",10385100
6220,400,500,"sd","10:35:40",10384800
6220,400,500,"sd","10:35:26",10384300
6220,400,9600,"sd","10:35:26",10383800
6220,400,5000,"sd","10:35:11",10374200
6220,400,1000,"sd","10:35:02",10369200
6220,400,1000,"sd","10:34:59",10368200
6220,400,100,"sd","10:34:55",10367200
6220,400,3000,"sd","10:34:47",10367100
6220,400,200,"sd","10:34:32",10364100
6220,400,5000,"sd","10:34:22",10363900
6220,400,600,"sd","10:34:17",10358900
6220,400,300,"sd","10:33:52",10358300
6220,400,300,"sd","10:33:44",10358000
6220,400,20000,"sd","10:33:19",10357700
6220,400,500,"sd","10:33:11",10337700
6220,400,3000,"sd","10:33:06",10337200
6220,400,1000,"sd","10:32:36",10334200
6220,400,400,"sd","10:32:22",10333200
6220,400,2000,"sd","10:31:57",10332800
6220,400,100,"sd","10:31:57",10330800
6220,400,2400,"sd","10:31:57",10330700
6220,400,200,"sd","10:31:50",10328300
6220,400,100,"sd","10:31:38",10328100
6220,400,5700,"sd","10:31:36",10328000
6220,400,400,"sd","10:31:36",10322300
6220,400,1000,"sd","10:31:36",10321900
6220,400,7900,"sd","10:31:36",10320900
6220,400,500,"sd","10:31:23",10313000
6220,400,1000,"sd","10:30:49",10312500
6220,400,100,"sd","10:30:38",10311500
6220,400,200,"sd","10:30:17",10311400
6220,400,300,"sd","10:29:49",10311200
6220,400,5000,"sd","10:29:49",10310900
6220,400,800,"sd","10:29:44",10305900
6220,400,400,"sd","10:29:44",10305100
6220,400,100,"sd","10:29:44",10304700
6220,400,300,"sd","10:29:44",10304600
6220,400,1000,"sd","10:29:44",10304300
6220,400,2400,"sd","10:29:44",10303300
6220,400,2000,"sd","10:28:53",10300900
6220,400,500,"sd","10:28:50",10298900
6220,400,300,"sd","10:28:21",10298400
6220,400,500,"sd","10:28:21",10298100
6220,400,200,"sd","10:28:15",10297600
6220,400,200,"sd","10:27:50",10297400
6220,400,500,"sd","10:27:48",10297200
6220,400,3000,"sd","10:26:55",10296700
6220,400,400,"sd","10:26:48",10293700
6220,400,1500,"sd","10:26:48",10293300
6220,400,600,"sd","10:26:48",10291800
6220,400,2800,"sd","10:26:48",10291200
6220,400,200,"sd","10:26:42",10288400
6220,400,500,"sd","10:26:39",10288200
6220,400,1000,"sd","10:26:02",10287700
6220,400,200,"sd","10:25:39",10286700
6220,400,300,"sd","10:25:25",10286500
6220,400,2000,"sd","10:25:25",10286200
6220,400,1100,"sd","10:25:25",10284200
6220,400,1700,"sd","10:25:25",10283100
6220,400,900,"sd","10:25:25",10281400
6220,400,400,"sd","10:25:15",10280500
6220,400,100,"sd","10:25:11",10280100
6220,400,200,"sd","10:24:19",10280000
6220,400,400,"sd","10:24:15",10279800
6220,400,500,"sd","10:24:08",10279400
6220,400,1500,"sd","10:23:53",10278900
6220,400,2000,"sd","10:23:53",10277400
6220,400,500,"sd","10:23:53",10275400
6220,400,800,"sd","10:23:53",10274900
6220,400,100,"sd","10:23:38",10274100
6220,400,100,"sd","10:23:26",10274000
6220,400,3000,"sd","10:23:26",10273900
6220,400,100,"sd","10:23:26",10270900
6220,400,200,"sd","10:23:26",10270800
6220,400,6300,"sd","10:23:26",10270600
6220,400,4000,"sd","10:23:26",10264300
6220,400,1000,"sd","10:23:26",10260300
6220,400,900,"sd","10:23:26",10259300
6220,400,1000,"sd","10:23:26",10258400
6220,400,1000,"sd","10:23:26",10257400
6220,400,10000,"sd","10:23:26",10256400
6220,400,2400,"sd","10:23:26",10246400
6220,400,4000,"sd","10:23:24",10244000
6220,400,1000,"sd","10:23:24",10240000
6220,400,500,"sd","10:23:10",10239000
6220,400,1800,"sd","10:23:05",10238500
6220,400,700,"sd","10:23:04",10236700
6220,400,1300,"sd","10:23:04",10236000
6220,400,500,"sd","10:22:57",10234700
6220,400,200,"sd","10:22:54",10234200
6220,400,1000,"sd","10:22:45",10234000
6220,400,600,"sd","10:22:30",10233000
6220,400,1000,"sd","10:21:56",10232400
6220,400,500,"sd","10:21:52",10231400
6220,400,1000,"sd","10:21:08",10230900
6220,400,5000,"sd","10:21:02",10229900
6220,400,500,"sd","10:20:41",10224900
6220,400,48400,"sd","10:20:31",10224400
6220,400,100,"sd","10:20:31",10176000
6220,400,1500,"sd","10:20:31",10175900
6220,400,200,"sd","10:20:28",10174400
6220,400,400,"sd","10:20:24",10174200
6220,400,600,"sd","10:20:14",10173800
6220,400,300,"sd","10:20:12",10173200
6220,400,100,"sd","10:20:08",10172900
6220,400,5000,"sd","10:20:01",10172800
6220,400,70000,"sd","10:19:47",10167800
6220,400,100,"sd","10:19:33",10097800
6220,400,1000,"sd","10:19:25",10097700
6220,400,36000,"sd","10:19:10",10096700
6220,400,1000,"sd","10:19:09",10060700
6220,400,200,"sd","10:19:08",10059700
6220,400,100,"sd","10:19:02",10059500
6220,400,2000,"sd","10:18:55",10059400
6220,400,500,"sd","10:18:27",10057400
6220,400,5000,"sd","10:18:18",10056900
6220,400,1000,"sd","10:18:10",10051900
6220,400,20000,"sd","10:18:06",10050900
6220,400,700,"sd","10:17:59",10030900
6220,400,400,"sd","10:17:57",10030200
6220,400,900,"sd","10:17:54",10029800
6220,400,600,"sd","10:17:53",10028900
6220,400,600,"sd","10:17:44",10028300
6220,400,1000,"sd","10:17:35",10027700
6220,400,500,"sd","10:17:20",10026700
6220,400,50000,"sd","10:17:20",10026200
6220,400,100,"sd","10:17:08",9976200
6220,400,600,"sd","10:16:58",9976100
6220,400,200,"sd","10:16:58",9975500
6220,400,200,"sd","10:16:58",9975300
6220,400,9800,"sd","10:16:55",9975100
6220,400,9500,"sd","10:16:55",9965300
6220,400,500,"sd","10:16:54",9955800
6220,400,10000,"sd","10:16:54",9955300
6220,400,200,"sd","10:16:54",9945300
6220,400,2000,"sd","10:16:48",9945100
6220,400,1000,"sd","10:16:47",9943100
6220,400,1800,"sd","10:16:33",9942100
6220,400,1200,"sd","10:16:33",9940300
6220,400,6000,"sd","10:16:33",9939100
6220,400,3000,"sd","10:16:33",9933100
6220,400,1600,"sd","10:16:25",9930100
6220,400,1400,"sd","10:16:25",9928500
6220,400,600,"sd","10:16:04",9927100
6220,400,1000,"sd","10:15:42",9926500
6220,400,3000,"sd","10:15:03",9925500
6220,400,5000,"sd","10:15:03",9922500
6220,400,4800,"sd","10:15:03",9917500
6220,400,1200,"sd","10:14:45",9912700
6220,400,400,"sd","10:14:26",9911500
6220,400,100,"sd","10:14:16",9911100
6220,400,500,"sd","10:14:11",9911000
6220,400,200,"sd","10:14:04",9910500
6220,400,200,"sd","10:14:04",9910300
6220,400,2800,"sd","10:14:04",9910100
6220,400,600,"sd","10:14:04",9907300
6220,400,4000,"sd","10:14:04",9906700
6220,400,1800,"sd","10:14:04",9902700
6220,400,300,"sd","10:14:04",9900900
6220,400,5000,"sd","10:14:04",9900600
6220,400,4000,"sd","10:14:04",9895600
6220,400,10000,"sd","10:14:04",9891600
6220,400,5000,"sd","10:14:04",9881600
6220,400,1000,"sd","10:14:04",9876600
6220,400,15100,"sd","10:14:04",9875600
6220,400,4000,"sd","10:13:54",9860500
6220,400,200,"sd","10:13:48",9856500
6220,400,4500,"sd","10:13:47",9856300
6220,400,100,"sd","10:13:40",9851800
6220,400,1100,"sd","10:13:37",9851700
6220,400,100,"sd","10:13:30",9850600
6220,400,900,"sd","10:13:30",9850500
6220,400,100,"sd","10:13:18",9849600
6220,400,1000,"sd","10:13:14",9849500
6220,400,3000,"sd","10:12:40",9848500
6220,400,2000,"sd","10:12:40",9845500
6220,400,8000,"sd","10:12:33",9843500
6220,400,4000,"sd","10:12:33",9835500
6220,400,1800,"sd","10:12:33",9831500
6220,400,1000,"sd","10:12:33",9829700
6220,400,1500,"sd","10:12:33",9828700
6220,400,1800,"sd","10:12:33",9827200
6220,400,1900,"sd","10:12:33",9825400
6220,400,2000,"sd","10:12:24",9823500
6220,400,1200,"sd","10:11:57",9821500
6220,400,2800,"sd","10:11:57",9820300
6220,400,100,"sd","10:11:56",9817500
6220,400,500,"sd","10:11:50",9817400
6220,400,500,"sd","10:11:47",9816900
6220,400,4500,"sd","10:11:47",9816400
6220,400,1000,"sd","10:11:44",9811900
6220,400,200,"sd","10:11:15",9810900
6220,400,700,"sd","10:10:18",9810700
6220,400,200,"sd","10:10:07",9810000
6220,400,500,"sd","10:09:52",9809800
6220,400,100,"sd","10:09:51",9809300
6220,400,1000,"sd","10:09:45",9809200
6220,400,100,"sd","10:09:45",9808200
6220,400,3000,"sd","10:09:44",9808100
6220,400,100,"sd","10:09:43",9805100
6220,400,11000,"sd","10:09:33",9805000
6220,400,100,"sd","10:09:33",9794000
6220,400,100,"sd","10:09:25",9793900
6220,400,2000,"sd","10:09:24",9793800
6220,400,500,"sd","10:09:16",9791800
6220,400,1500,"sd","10:09:00",9791300
6220,400,400,"sd","10:08:38",9789800
6220,400,100,"sd","10:08:31",9789400
6220,400,1000,"sd","10:08:04",9789300
6220,400,100,"bu","10:08:00",9788300
6220,400,1800,"bu","10:08:00",9788200
6220,400,3200,"bu","10:07:59",9786400
6220,400,1000,"bu","10:07:59",9783200
6220,400,500,"bu","10:07:59",9782200
6220,400,5000,"bu","10:07:59",9781700
6220,400,200,"bu","10:07:59",9776700
6220,400,100,"bu","10:07:59",9776500
6220,400,900,"bu","10:07:58",9776400
6220,400,700,"bu","10:07:58",9775500
6220,400,200,"bu","10:07:58",9774800
6220,400,8200,"bu","10:07:58",9774600
6220,400,200,"bu","10:07:57",9766400
6220,400,100,"bu","10:07:57",9766200
6220,400,1000,"bu","10:07:57",9766100
6220,400,300,"bu","10:07:57",9765100
6220,400,100,"bu","10:07:57",9764800
6220,400,400,"bu","10:07:57",9764700
6220,400,600,"bu","10:07:57",9764300
6220,400,5500,"bu","10:07:57",9763700
6220,400,10700,"bu","10:07:57",9758200
6220,400,500,"bu","10:07:57",9747500
6220,400,100,"bu","10:07:57",9747000
6220,400,1000,"bu","10:07:57",9746900
6220,400,3000,"bu","10:07:57",9745900
6220,400,100,"bu","10:07:57",9742900
6220,400,2400,"bu","10:07:56",9742800
6220,400,5000,"bu","10:07:56",9740400
6220,400,1600,"bu","10:07:56",9735400
6220,400,3900,"bu","10:07:56",9733800
6220,400,300,"bu","10:07:56",9729900
6220,400,1400,"bu","10:07:56",9729600
6220,400,100,"bu","10:07:56",9728200
6220,400,600,"bu","10:07:56",9728100
6220,400,7500,"bu","10:07:56",9727500
6220,400,100,"bu","10:07:56",9720000
6220,400,1000,"bu","10:07:56",9719900
6220,400,200,"bu","10:07:56",9718900
6220,400,3400,"bu","10:07:56",9718700
6220,400,500,"bu","10:07:56",9715300
6220,400,3600,"bu","10:07:56",9714800
6220,400,900,"bu","10:07:56",9711200
6220,400,1000,"bu","10:07:56",9710300
6220,400,5000,"bu","10:07:53",9709300
6220,400,3000,"bu","10:07:52",9704300
6220,400,500,"bu","10:07:52",9701300
6220,400,1000,"bu","10:07:52",9700800
6220,400,200,"bu","10:07:52",9699800
6220,400,500,"bu","10:07:51",9699600
6220,400,300,"bu","10:07:50",9699100
6220,400,700,"bu","10:07:48",9698800
6220,400,12000,"bu","10:07:48",9698100
6220,400,300,"bu","10:07:48",9686100
6220,400,1000,"bu","10:07:48",9685800
6220,400,1000,"bu","10:07:48",9684800
6220,400,200,"bu","10:07:48",9683800
6220,400,2500,"bu","10:07:48",9683600
6220,400,100,"bu","10:07:48",9681100
6220,400,4000,"bu","10:07:48",9681000
6220,400,2000,"bu","10:07:48",9677000
6220,400,500,"bu","10:07:48",9675000
6220,400,500,"bu","10:07:48",9674500
6220,400,3100,"bu","10:07:48",9674000
6220,400,300,"bu","10:07:47",9670900
6220,400,16400,"bu","10:07:47",9670600
6220,400,900,"bu","10:07:47",9654200
6220,400,400,"bu","10:07:47",9653300
6220,400,2300,"bu","10:07:47",9652900
6220,400,1000,"bu","10:07:47",9650600
6220,400,1000,"bu","10:07:47",9649600
6220,400,500,"bu","10:07:47",9648600
6220,400,700,"bu","10:07:47",9648100
6220,400,100,"bu","10:07:47",9647400
6220,400,200,"bu","10:07:47",9647300
6220,400,1000,"bu","10:07:47",9647100
6220,400,1000,"bu","10:07:47",9646100
6220,400,8000,"bu","10:07:47",9645100
6220,400,2000,"bu","10:07:46",9637100
6220,400,500,"bu","10:07:46",9635100
6220,400,2500,"bu","10:07:46",9634600
6220,400,2000,"bu","10:07:45",9632100
6220,400,100,"bu","10:07:45",9630100
6220,400,100,"bu","10:07:45",9630000
6220,400,1000,"bu","10:07:45",9629900
6220,400,1500,"bu","10:07:45",9628900
6220,400,100,"bu","10:07:45",9627400
6220,400,1400,"bu","10:07:45",9627300
6220,400,1000,"bu","10:07:45",9625900
6220,400,5000,"bu","10:07:45",9624900
6220,400,2200,"bu","10:07:45",9619900
6220,400,500,"bu","10:07:45",9617700
6220,400,300,"bu","10:07:45",9617200
6220,400,10000,"bu","10:07:45",9616900
6220,400,800,"bu","10:07:45",9606900
6220,400,7500,"bu","10:07:45",9606100
6220,400,1200,"bu","10:07:45",9598600
6220,400,2000,"bu","10:07:45",9597400
6220,400,6000,"bu","10:07:45",9595400
6220,400,500,"bu","10:07:44",9589400
6220,400,1500,"bu","10:07:44",9588900
6220,400,1000,"bu","10:07:44",9587400
6220,400,1000,"bu","10:07:44",9586400
6220,400,3500,"bu","10:07:44",9585400
6220,400,400,"bu","10:07:44",9581900
6220,400,5500,"bu","10:07:44",9581500
6220,400,2000,"bu","10:07:44",9576000
6220,400,200,"bu","10:07:44",9574000
6220,400,200,"bu","10:07:44",9573800
6220,400,1000,"bu","10:07:44",9573600
6220,400,2000,"bu","10:07:44",9572600
6220,400,2500,"bu","10:07:44",9570600
6220,400,3700,"bu","10:07:43",9568100
6220,400,16300,"bu","10:07:43",9564400
6220,400,900,"bu","10:07:43",9548100
6220,400,2800,"bu","10:07:42",9547200
6220,400,100,"bu","10:07:42",9544400
6220,400,500,"bu","10:07:42",9544300
6220,400,1000,"bu","10:07:42",9543800
6220,400,200,"bu","10:07:42",9542800
6220,400,100,"bu","10:07:42",9542600
6220,400,10000,"bu","10:07:42",9542500
6220,400,200,"bu","10:07:42",9532500
6220,400,6000,"bu","10:07:42",9532300
6220,400,800,"bu","10:07:42",9526300
6220,400,1000,"bu","10:07:42",9525500
6220,400,300,"bu","10:07:42",9524500
6220,400,300,"bu","10:07:42",9524200
6220,400,1000,"bu","10:07:42",9523900
6220,400,500,"bu","10:07:42",9522900
6220,400,100,"bu","10:07:42",9522400
6220,400,2100,"bu","10:07:42",9522300
6220,400,1400,"bu","10:07:40",9520200
6220,400,100,"bu","10:07:40",9518800
6220,400,3900,"bu","10:07:40",9518700
6220,400,200,"bu","10:07:40",9514800
6220,400,100,"bu","10:07:40",9514600
6220,400,200,"bu","10:07:40",9514500
6220,400,1000,"bu","10:07:40",9514300
6220,400,2000,"bu","10:07:40",9513300
6220,400,2000,"bu","10:07:40",9511300
6220,400,400,"bu","10:07:40",9509300
6220,400,1000,"bu","10:07:40",9508900
6220,400,200,"bu","10:07:40",9507900
6220,400,100,"bu","10:07:40",9507700
6220,400,25000,"bu","10:07:40",9507600
6220,400,2000,"bu","10:07:40",9482600
6220,400,100,"bu","10:07:40",9480600
6220,400,200,"bu","10:07:40",9480500
6220,400,100,"bu","10:07:40",9480300
6220,400,3900,"bu","10:07:39",9480200
6220,400,200,"bu","10:07:39",9476300
6220,400,300,"bu","10:07:39",9476100
6220,400,400,"bu","10:07:39",9475800
6220,400,200,"bu","10:07:39",9475400
6220,400,200,"bu","10:07:37",9475200
6220,400,4800,"bu","10:07:37",9475000
6220,400,200,"bu","10:07:37",9470200
6220,400,1800,"bu","10:07:37",9470000
6220,400,200,"bu","10:07:36",9468200
6220,400,500,"bu","10:07:36",9468000
6220,400,200,"bu","10:07:36",9467500
6220,400,100,"bu","10:07:36",9467300
6220,400,3100,"bu","10:07:36",9467200
6220,400,200,"bu","10:07:36",9464100
6220,400,1100,"bu","10:07:36",9463900
6220,400,200,"bu","10:07:36",9462800
6220,400,200,"bu","10:07:36",9462600
6220,400,600,"bu","10:07:36",9462400
6220,400,500,"bu","10:07:36",9461800
6220,400,500,"bu","10:07:36",9461300
6220,400,1000,"bu","10:07:36",9460800
6220,400,2000,"bu","10:07:36",9459800
6220,400,4600,"bu","10:07:36",9457800
6220,400,400,"bu","10:07:34",9453200
6220,400,600,"bu","10:07:34",9452800
6220,400,800,"bu","10:07:33",9452200
6220,400,600,"bu","10:07:33",9451400
6220,400,3700,"bu","10:07:33",9450800
6220,400,500,"bu","10:07:31",9447100
6220,400,300,"bu","10:07:29",9446600
6220,400,1500,"bu","10:07:08",9446300
6220,400,1000,"bu","10:07:08",9444800
6220,400,1000,"bu","10:07:08",9443800
6220,400,400,"bu","10:07:08",9442800
6220,400,20000,"bu","10:07:08",9442400
6220,400,500,"bu","10:07:08",9422400
6220,400,300,"bu","10:07:08",9421900
6220,400,200,"bu","10:07:08",9421600
6220,400,20000,"bu","10:07:08",9421400
6220,400,500,"bu","10:07:07",9401400
6220,400,20000,"bu","10:07:07",9400900
6220,400,300,"bu","10:07:07",9380900
6220,400,5000,"bu","10:07:07",9380600
6220,400,1000,"bu","10:07:07",9375600
6220,400,2500,"bu","10:07:07",9374600
6220,400,2000,"bu","10:07:07",9372100
6220,400,1000,"bu","10:07:07",9370100
6220,400,13700,"bu","10:07:07",9369100
6220,400,2700,"bu","10:07:07",9355400
6220,400,500,"bu","10:07:07",9352700
6220,400,100,"bu","10:07:07",9352200
6220,400,1000,"bu","10:07:07",9352100
6220,400,4400,"bu","10:07:07",9351100
6220,400,400,"bu","10:07:07",9346700
6220,400,300,"bu","10:06:53",9346300
6220,400,8000,"bu","10:06:49",9346000
6220,400,100,"bu","10:06:46",9338000
6210,390,1000,"sd","10:06:41",9337900
6210,390,100,"sd","10:06:36",9336900
6220,400,4000,"bu","10:06:33",9336800
6220,400,100,"bu","10:06:33",9332800
6220,400,1000,"bu","10:06:32",9332700
6220,400,2100,"bu","10:06:31",9331700
6220,400,500,"bu","10:06:31",9329600
6220,400,2000,"bu","10:06:31",9329100
6220,400,400,"bu","10:06:31",9327100
6220,400,1000,"bu","10:06:31",9326700
6220,400,1400,"bu","10:06:22",9325700
6220,400,200,"bu","10:06:17",9324300
6220,400,4900,"bu","10:06:16",9324100
6220,400,2100,"bu","10:06:16",9319200
6220,400,43200,"bu","10:06:16",9317100
6220,400,8000,"bu","10:06:16",9273900
6220,400,500,"bu","10:06:15",9265900
6220,400,2000,"bu","10:06:15",9265400
6220,400,5000,"bu","10:06:15",9263400
6220,400,100,"bu","10:06:15",9258400
6220,400,17800,"bu","10:06:15",9258300
6220,400,100,"bu","10:06:15",9240500
6220,400,1600,"bu","10:06:15",9240400
6220,400,3000,"bu","10:06:15",9238800
6220,400,5000,"bu","10:06:15",9235800
6220,400,600,"bu","10:06:15",9230800
6220,400,4000,"bu","10:06:15",9230200
6220,400,2000,"bu","10:06:15",9226200
6210,390,600,"sd","10:06:13",9224200
6220,400,2000,"bu","10:06:11",9223600
6220,400,400,"bu","10:06:11",9221600
6220,400,2000,"bu","10:06:11",9221200
6220,400,400,"bu","10:06:11",9219200
6220,400,10000,"bu","10:06:11",9218800
6220,400,100,"bu","10:06:11",9208800
6220,400,6000,"bu","10:06:11",9208700
6220,400,200,"bu","10:06:11",9202700
6220,400,5900,"bu","10:06:11",9202500
6210,390,500,"sd","10:06:05",9196600
6210,390,100,"sd","10:06:00",9196100
6210,390,500,"sd","10:06:00",9196000
6210,390,1200,"sd","10:06:00",9195500
6210,390,500,"sd","10:05:54",9194300
6210,390,100,"sd","10:05:46",9193800
6220,400,100,"bu","10:05:41",9193700
6210,390,1000,"sd","10:05:39",9193600
6220,400,200,"bu","10:05:36",9192600
6220,400,2800,"bu","10:05:25",9192400
6220,400,1000,"bu","10:05:25",9189600
6220,400,500,"bu","10:05:25",9188600
6220,400,500,"bu","10:05:25",9188100
6220,400,2000,"bu","10:05:25",9187600
6220,400,400,"bu","10:05:25",9185600
6220,400,300,"bu","10:05:16",9185200
6220,400,300,"bu","10:05:10",9184900
6220,400,1000,"bu","10:05:10",9184600
6220,400,500,"bu","10:05:10",9183600
6220,400,200,"bu","10:05:10",9183100
6210,390,400,"sd","10:05:08",9182900
6220,400,500,"bu","10:05:08",9182500
6220,400,1000,"bu","10:05:08",9182000
6220,400,3400,"bu","10:05:08",9181000
6220,400,6600,"bu","10:05:07",9177600
6220,400,600,"bu","10:05:07",9171000
6220,400,100,"bu","10:05:07",9170400
6220,400,400,"bu","10:05:07",9170300
6220,400,200,"bu","10:05:07",9169900
6220,400,100,"bu","10:05:07",9169700
6220,400,2000,"bu","10:05:07",9169600
6220,400,4000,"bu","10:05:05",9167600
6220,400,100,"bu","10:05:04",9163600
6210,390,1800,"sd","10:05:01",9163500
6210,390,1200,"sd","10:05:01",9161700
6220,400,17700,"bu","10:04:54",9160500
6220,400,6500,"bu","10:04:36",9142800
6210,390,1000,"sd","10:04:28",9136300
6220,400,700,"bu","10:04:22",9135300
6220,400,100,"bu","10:04:00",9134600
6210,390,800,"sd","10:03:59",9134500
6210,390,700,"sd","10:03:59",9133700
6220,400,1900,"bu","10:03:59",9133000
6220,400,300,"bu","10:03:59",9131100
6220,400,4000,"bu","10:03:59",9130800
6220,400,300,"bu","10:03:59",9126800
6220,400,5000,"bu","10:03:59",9126500
6220,400,1000,"bu","10:03:59",9121500
6220,400,500,"bu","10:03:59",9120500
6220,400,100,"bu","10:03:59",9120000
6220,400,2000,"bu","10:03:59",9119900
6220,400,2000,"bu","10:03:59",9117900
6220,400,2900,"bu","10:03:59",9115900
6210,390,500,"sd","10:03:57",9113000
6210,390,4500,"sd","10:03:52",9112500
6210,390,500,"sd","10:03:52",9108000
6210,390,100,"sd","10:03:52",9107500
6210,390,600,"sd","10:03:52",9107400
6210,390,1000,"sd","10:03:52",9106800
6210,390,2300,"sd","10:03:52",9105800
6220,400,2100,"bu","10:03:39",9103500
6220,400,600,"bu","10:03:39",9101400
6220,400,2000,"bu","10:03:39",9100800
6220,400,1000,"bu","10:03:39",9098800
6220,400,1000,"bu","10:03:39",9097800
6220,400,200,"bu","10:03:39",9096800
6220,400,1000,"bu","10:03:39",9096600
6220,400,1000,"bu","10:03:39",9095600
6220,400,200,"bu","10:03:39",9094600
6220,400,200,"bu","10:03:39",9094400
6220,400,700,"bu","10:03:39",9094200
6220,400,500,"bu","10:03:30",9093500
6220,400,1000,"bu","10:03:30",9093000
6220,400,3500,"bu","10:03:30",9092000
6210,390,100,"sd","10:03:23",9088500
6220,400,3300,"bu","10:03:18",9088400
6210,390,300,"sd","10:03:11",9085100
6210,390,400,"sd","10:03:07",9084800
6220,400,500,"bu","10:03:00",9084400
6220,400,100,"bu","10:03:00",9083900
6210,390,1000,"sd","10:02:43",9083800
6210,390,1000,"sd","10:02:33",9082800
6210,390,3000,"sd","10:02:31",9081800
6220,400,2200,"bu","10:02:11",9078800
6220,400,200,"bu","10:02:11",9076600
6220,400,600,"bu","10:02:10",9076400
6210,390,1400,"sd","10:01:45",9075800
6210,390,300,"sd","10:01:37",9074400
6220,400,5000,"bu","10:01:35",9074100
6220,400,200,"bu","10:01:15",9069100
6220,400,100,"bu","10:01:15",9068900
6220,400,800,"bu","10:01:14",9068800
6210,390,100,"sd","10:01:02",9068000
6210,390,100,"sd","10:01:02",9067900
6210,390,100,"sd","10:01:02",9067800
6210,390,300,"sd","10:01:02",9067700
6220,400,400,"bu","10:00:54",9067400
6220,400,100,"bu","10:00:45",9067000
6210,390,100,"sd","10:00:41",9066900
6220,400,200,"bu","10:00:37",9066800
6220,400,1500,"bu","10:00:36",9066600
6220,400,500,"bu","10:00:36",9065100
6220,400,200,"bu","10:00:28",9064600
6220,400,9300,"bu","10:00:26",9064400
6220,400,600,"bu","10:00:26",9055100
6220,400,100,"bu","10:00:26",9054500
6210,390,100,"sd","10:00:25",9054400
6220,400,300,"bu","10:00:23",9054300
6220,400,9600,"bu","10:00:18",9054000
6220,400,100,"bu","10:00:18",9044400
6220,400,1000,"bu","10:00:18",9044300
6220,400,6000,"bu","10:00:18",9043300
6220,400,500,"bu","10:00:18",9037300
6220,400,1000,"bu","10:00:18",9036800
6220,400,1200,"bu","10:00:18",9035800
6220,400,14000,"bu","10:00:18",9034600
6220,400,1600,"bu","10:00:18",9020600
6220,400,100,"bu","10:00:18",9019000
6220,400,1000,"bu","10:00:17",9018900
6220,400,10000,"bu","10:00:17",9017900
6220,400,100,"bu","10:00:17",9007900
6220,400,3800,"bu","10:00:17",9007800
6220,400,200,"bu","10:00:15",9004000
6220,400,1000,"bu","10:00:15",9003800
6220,400,900,"bu","10:00:15",9002800
6220,400,1000,"bu","10:00:14",9001900
6220,400,1900,"bu","10:00:14",9000900
6210,390,200,"sd","10:00:13",8999000
6210,390,600,"sd","10:00:13",8998800
6210,390,800,"sd","10:00:13",8998200
6210,390,1000,"sd","10:00:13",8997400
6210,390,500,"sd","10:00:13",8996400
6210,390,100,"sd","10:00:13",8995900
6210,390,1000,"sd","10:00:13",8995800
6210,390,1000,"sd","10:00:13",8994800
6210,390,9200,"sd","10:00:13",8993800
6210,390,400,"sd","10:00:09",8984600
6210,390,400,"sd","09:59:46",8984200
6210,390,100,"sd","09:59:46",8983800
6210,390,200,"sd","09:59:46",8983700
6210,390,400,"sd","09:59:46",8983500
6210,390,200,"sd","09:59:46",8983100
6210,390,200,"sd","09:59:46",8982900
6210,390,2000,"sd","09:59:29",8982700
6220,400,1100,"bu","09:59:24",8980700
6220,400,2700,"bu","09:59:24",8979600
6210,390,400,"sd","09:59:19",8976900
6220,400,500,"bu","09:59:18",8976500
6220,400,300,"bu","09:59:15",8976000
6220,400,2400,"bu","09:59:12",8975700
6220,400,100,"bu","09:59:12",8973300
6220,400,400,"bu","09:59:12",8973200
6220,400,600,"bu","09:59:05",8972800
6220,400,3000,"bu","09:59:02",8972200
6220,400,5000,"bu","09:58:58",8969200
6220,400,600,"bu","09:58:53",8964200
6210,390,1000,"sd","09:58:46",8963600
6210,390,200,"sd","09:58:32",8962600
6220,400,200,"bu","09:58:22",8962400
6210,390,8500,"sd","09:58:19",8962200
6210,390,400,"sd","09:58:10",8953700
6220,400,1800,"bu","09:58:07",8953300
6220,400,200,"bu","09:58:07",8951500
6210,390,100,"sd","09:58:06",8951300
6220,400,300,"bu","09:58:03",8951200
6220,400,200,"bu","09:58:03",8950900
6210,390,5000,"sd","09:57:55",8950700
6210,390,100,"sd","09:57:55",8945700
6210,390,2000,"sd","09:57:48",8945600
6210,390,1000,"sd","09:57:42",8943600
6220,400,1000,"bu","09:57:40",8942600
6220,400,1800,"bu","09:57:36",8941600
6220,400,1000,"bu","09:57:36",8939800
6220,400,5200,"bu","09:57:36",8938800
6210,390,200,"sd","09:57:27",8933600
6220,400,2000,"bu","09:57:25",8933400
6210,390,200,"sd","09:57:23",8931400
6220,400,2000,"bu","09:57:15",8931200
6210,390,18800,"sd","09:57:15",8929200
6220,400,1000,"bu","09:57:06",8910400
6220,400,5000,"bu","09:57:00",8909400
6220,400,2100,"bu","09:56:57",8904400
6220,400,1000,"bu","09:56:56",8902300
6220,400,1700,"bu","09:56:52",8901300
6220,400,5000,"bu","09:56:52",8899600
6220,400,100,"bu","09:56:52",8894600
6220,400,2000,"bu","09:56:52",8894500
6220,400,1200,"bu","09:56:52",8892500
6220,400,400,"bu","09:56:49",8891300
6220,400,100,"bu","09:56:17",8890900
6210,390,3300,"sd","09:56:16",8890800
6220,400,3000,"bu","09:56:06",8887500
6210,390,2000,"sd","09:56:05",8884500
6210,390,800,"sd","09:56:04",8882500
6210,390,800,"sd","09:56:03",8881700
6210,390,300,"sd","09:56:00",8880900
6220,400,100,"bu","09:55:59",8880600
6220,400,100,"bu","09:55:58",8880500
6220,400,200,"bu","09:55:56",8880400
6210,390,1100,"sd","09:55:52",8880200
6210,390,2000,"sd","09:55:49",8879100
6210,390,200,"sd","09:55:43",8877100
6220,400,300,"bu","09:55:39",8876900
6210,390,6000,"sd","09:55:30",8876600
6220,400,3500,"bu","09:55:29",8870600
6210,390,500,"sd","09:55:23",8867100
6220,400,1100,"bu","09:55:20",8866600
6210,390,5000,"sd","09:55:19",8865500
6210,390,700,"sd","09:55:14",8860500
6210,390,400,"sd","09:55:00",8859800
6210,390,200,"sd","09:54:41",8859400
6220,400,2900,"bu","09:54:41",8859200
6220,400,500,"bu","09:54:41",8856300
6220,400,1600,"bu","09:54:41",8855800
6220,400,100,"bu","09:54:30",8854200
6210,390,1700,"sd","09:54:22",8854100
6210,390,100,"sd","09:54:22",8852400
6210,390,500,"sd","09:54:22",8852300
6210,390,100,"sd","09:54:22",8851800
6210,390,100,"sd","09:54:22",8851700
6210,390,3700,"sd","09:54:22",8851600
6220,400,200,"bu","09:54:21",8847900
6220,400,1000,"bu","09:54:21",8847700
6220,400,100,"bu","09:54:21",8846700
6220,400,400,"bu","09:54:21",8846600
6220,400,2000,"bu","09:54:21",8846200
6220,400,6200,"bu","09:54:21",8844200
6220,400,1800,"bu","09:54:19",8838000
6220,400,1000,"bu","09:54:19",8836200
6210,390,9000,"sd","09:54:18",8835200
6220,400,200,"bu","09:54:15",8826200
6210,390,200,"sd","09:54:08",8826000
6210,390,1000,"sd","09:54:08",8825800
6210,390,400,"sd","09:54:07",8824800
6220,400,100,"bu","09:54:07",8824400
6220,400,200,"bu","09:54:07",8824300
6220,400,300,"bu","09:54:05",8824100
6220,400,1500,"bu","09:54:05",8823800
6220,400,200,"bu","09:54:05",8822300
6210,390,4700,"sd","09:54:00",8822100
6210,390,300,"sd","09:54:00",8817400
6210,390,500,"sd","09:53:58",8817100
6220,400,1800,"bu","09:53:58",8816600
6220,400,100,"bu","09:53:58",8814800
6220,400,200,"bu","09:53:58",8814700
6220,400,900,"bu","09:53:58",8814500
6210,390,500,"sd","09:53:55",8813600
6220,400,100,"bu","09:53:45",8813100
6220,400,1000,"bu","09:53:39",8813000
6220,400,2500,"bu","09:53:39",8812000
6220,400,17500,"bu","09:53:27",8809500
6220,400,15000,"bu","09:53:27",8792000
6220,400,300,"bu","09:53:27",8777000
6220,400,1500,"bu","09:53:27",8776700
6210,390,1000,"sd","09:53:24",8775200
6210,390,100,"sd","09:53:24",8774200
6210,390,2000,"sd","09:53:10",8774100
6210,390,200,"sd","09:53:05",8772100
6210,390,1000,"sd","09:52:59",8771900
6210,390,1200,"sd","09:52:59",8770900
6210,390,500,"sd","09:52:40",8769700
6220,400,100,"bu","09:52:40",8769200
6210,390,1000,"sd","09:52:38",8769100
6210,390,7000,"sd","09:52:37",8768100
6210,390,2000,"sd","09:52:36",8761100
6210,390,1800,"sd","09:52:33",8759100
6210,390,900,"sd","09:52:28",8757300
6210,390,200,"sd","09:52:28",8756400
6210,390,200,"sd","09:52:28",8756200
6210,390,1000,"sd","09:52:28",8756000
6210,390,1700,"sd","09:52:28",8755000
6210,390,100,"sd","09:52:28",8753300
6210,390,200,"sd","09:52:28",8753200
6210,390,700,"sd","09:52:28",8753000
6220,400,1000,"bu","09:52:15",8752300
6210,390,300,"sd","09:52:14",8751300
6210,390,2700,"sd","09:52:14",8751000
6210,390,600,"sd","09:52:13",8748300
6210,390,9500,"sd","09:52:12",8747700
6210,390,1400,"sd","09:52:12",8738200
6210,390,1000,"sd","09:52:06",8736800
6210,390,6200,"sd","09:52:06",8735800
6210,390,100,"sd","09:52:06",8729600
6210,390,2000,"bu","09:52:03",8729500
6200,380,1000,"sd","09:52:00",8727500
6210,390,900,"sd","09:51:58",8726500
6210,390,100,"sd","09:51:58",8725600
6200,380,13800,"sd","09:51:50",8725500
6200,380,500,"sd","09:51:50",8711700
6200,380,15000,"sd","09:51:50",8711200
6200,380,700,"sd","09:51:50",8696200
6210,390,2000,"sd","09:51:50",8695500
6210,390,7100,"sd","09:51:50",8693500
6210,390,100,"sd","09:51:47",8686400
6210,390,3000,"sd","09:51:46",8686300
6210,390,20000,"sd","09:51:45",8683300
6210,390,1000,"bu","09:51:42",8663300
6210,390,5000,"bu","09:51:42",8662300
6210,390,5000,"bu","09:51:42",8657300
6210,390,2700,"bu","09:51:42",8652300
6210,390,40000,"bu","09:51:42",8649600
6210,390,500,"bu","09:51:42",8609600
6210,390,1000,"bu","09:51:41",8609100
6210,390,1000,"bu","09:51:41",8608100
6210,390,700,"bu","09:51:41",8607100
6210,390,2900,"bu","09:51:41",8606400
6210,390,400,"bu","09:51:27",8603500
6210,390,500,"bu","09:51:17",8603100
6210,390,100,"bu","09:51:15",8602600
6210,390,1000,"sd","09:51:14",8602500
6210,390,100,"sd","09:51:14",8601500
6210,390,900,"sd","09:51:13",8601400
6210,390,100,"sd","09:51:13",8600500
6210,390,500,"sd","09:51:05",8600400
6210,390,3000,"sd","09:51:05",8599900
6210,390,200,"sd","09:50:57",8596900
6210,390,3800,"sd","09:50:57",8596700
6210,390,1000,"sd","09:50:57",8592900
6210,390,100,"sd","09:50:57",8591900
6210,390,100,"sd","09:50:57",8591800
6210,390,1400,"sd","09:50:57",8591700
6210,390,5000,"sd","09:50:57",8590300
6210,390,2600,"sd","09:50:57",8585300
6210,390,1000,"sd","09:50:57",8582700
6210,390,500,"sd","09:50:57",8581700
6210,390,200,"sd","09:50:57",8581200
6210,390,1000,"sd","09:50:57",8581000
6210,390,500,"sd","09:50:57",8580000
6210,390,200,"sd","09:50:57",8579500
6210,390,3400,"sd","09:50:57",8579300
6210,390,100,"sd","09:50:57",8575900
6210,390,2000,"sd","09:50:56",8575800
6210,390,800,"sd","09:50:56",8573800
6210,390,200,"sd","09:50:56",8573000
6210,390,1000,"sd","09:50:56",8572800
6210,390,1700,"sd","09:50:56",8571800
6210,390,100,"sd","09:50:56",8570100
6210,390,900,"sd","09:50:56",8570000
6210,390,5000,"sd","09:50:56",8569100
6210,390,200,"sd","09:50:56",8564100
6210,390,16000,"sd","09:50:56",8563900
6210,390,1000,"sd","09:50:56",8547900
6210,390,100,"sd","09:50:55",8546900
6210,390,1900,"sd","09:50:55",8546800
6210,390,300,"sd","09:50:47",8544900
6210,390,800,"sd","09:50:34",8544600
6210,390,1200,"sd","09:50:34",8543800
6210,390,500,"sd","09:50:34",8542600
6210,390,1100,"sd","09:50:23",8542100
6220,400,300,"bu","09:49:52",8541000
6220,400,5000,"bu","09:49:48",8540700
6210,390,2000,"sd","09:49:45",8535700
6210,390,200,"sd","09:49:41",8533700
6210,390,1200,"sd","09:49:41",8533500
6220,400,2000,"bu","09:49:20",8532300
6210,390,600,"sd","09:49:18",8530300
6210,390,200,"sd","09:49:13",8529700
6210,390,200,"sd","09:49:13",8529500
6210,390,200,"sd","09:49:13",8529300
6210,390,200,"sd","09:49:13",8529100
6210,390,800,"sd","09:49:05",8528900
6210,390,4600,"sd","09:49:05",8528100
6210,390,300,"sd","09:48:56",8523500
6210,390,100,"sd","09:48:55",8523200
6210,390,100,"sd","09:48:55",8523100
6210,390,800,"sd","09:48:54",8523000
6210,390,200,"sd","09:48:52",8522200
6210,390,1400,"sd","09:48:52",8522000
6220,400,100,"bu","09:48:48",8520600
6210,390,300,"sd","09:48:48",8520500
6220,400,2000,"bu","09:48:47",8520200
6220,400,700,"bu","09:48:47",8518200
6220,400,600,"bu","09:48:47",8517500
6220,400,1700,"bu","09:48:47",8516900
6220,400,100,"bu","09:48:46",8515200
6220,400,100,"bu","09:48:46",8515100
6210,390,300,"sd","09:48:45",8515000
6210,390,1000,"sd","09:48:45",8514700
6220,400,2000,"bu","09:48:45",8513700
6210,390,2000,"sd","09:48:45",8511700
6220,400,1000,"bu","09:48:36",8509700
6220,400,600,"bu","09:48:34",8508700
6220,400,4500,"bu","09:48:25",8508100
6220,400,500,"bu","09:48:25",8503600
6220,400,1500,"bu","09:48:25",8503100
6220,400,300,"bu","09:48:25",8501600
6220,400,200,"bu","09:48:25",8501300
6210,390,1000,"sd","09:48:25",8501100
6210,390,800,"sd","09:48:24",8500100
6220,400,300,"bu","09:48:19",8499300
6220,400,500,"bu","09:48:10",8499000
6220,400,300,"bu","09:48:09",8498500
6220,400,200,"bu","09:48:04",8498200
6220,400,9800,"bu","09:48:04",8498000
6220,400,5000,"bu","09:48:03",8488200
6220,400,100,"bu","09:47:57",8483200
6220,400,9000,"bu","09:47:47",8483100
6220,400,1000,"bu","09:47:44",8474100
6210,390,200,"sd","09:47:41",8473100
6210,390,100,"sd","09:47:41",8472900
6210,390,100,"sd","09:47:40",8472800
6210,390,5000,"sd","09:47:40",8472700
6210,390,5200,"sd","09:47:38",8467700
6220,400,1600,"bu","09:47:35",8462500
6220,400,800,"bu","09:47:35",8460900
6220,400,4400,"bu","09:47:35",8460100
6220,400,3200,"bu","09:47:35",8455700
6210,390,300,"sd","09:47:34",8452500
6210,390,1000,"sd","09:47:30",8452200
6220,400,400,"bu","09:47:28",8451200
6220,400,200,"bu","09:47:23",8450800
6210,390,2000,"sd","09:47:20",8450600
6210,390,1000,"sd","09:47:17",8448600
6210,390,200,"sd","09:47:17",8447600
6210,390,100,"sd","09:47:09",8447400
6210,390,1700,"sd","09:47:07",8447300
6210,390,4100,"sd","09:47:07",8445600
6220,400,3400,"bu","09:47:05",8441500
6220,400,100,"bu","09:47:04",8438100
6210,390,900,"sd","09:47:02",8438000
6210,390,200,"sd","09:47:02",8437100
6210,390,300,"sd","09:47:02",8436900
6210,390,700,"sd","09:47:01",8436600
6210,390,1300,"sd","09:47:01",8435900
6220,400,2700,"bu","09:47:01",8434600
6220,400,6300,"bu","09:47:01",8431900
6210,390,700,"sd","09:46:51",8425600
6210,390,300,"sd","09:46:51",8424900
6210,390,1000,"sd","09:46:51",8424600
6220,400,1300,"bu","09:46:47",8423600
6220,400,800,"bu","09:46:47",8422300
6220,400,1000,"bu","09:46:47",8421500
6220,400,8400,"bu","09:46:47",8420500
6220,400,1700,"bu","09:46:47",8412100
6220,400,600,"bu","09:46:47",8410400
6220,400,4000,"bu","09:46:47",8409800
6220,400,5000,"bu","09:46:47",8405800
6220,400,200,"bu","09:46:47",8400800
6220,400,300,"bu","09:46:47",8400600
6220,400,1300,"bu","09:46:47",8400300
6220,400,100,"bu","09:46:47",8399000
6220,400,1000,"bu","09:46:47",8398900
6220,400,1000,"bu","09:46:47",8397900
6220,400,700,"bu","09:46:47",8396900
6220,400,4700,"bu","09:46:47",8396200
6220,400,2000,"bu","09:46:47",8391500
6220,400,1500,"bu","09:46:47",8389500
6220,400,200,"bu","09:46:47",8388000
6220,400,3300,"bu","09:46:47",8387800
6220,400,100,"bu","09:46:47",8384500
6220,400,4000,"bu","09:46:47",8384400
6220,400,3000,"bu","09:46:47",8380400
6220,400,300,"bu","09:46:47",8377400
6220,400,7000,"bu","09:46:47",8377100
6220,400,1600,"bu","09:46:47",8370100
6220,400,400,"bu","09:46:47",8368500
6220,400,500,"bu","09:46:47",8368100
6220,400,10000,"bu","09:46:47",8367600
6220,400,5000,"bu","09:46:47",8357600
6220,400,200,"bu","09:46:47",8352600
6220,400,2000,"bu","09:46:47",8352400
6220,400,8900,"bu","09:46:47",8350400
6220,400,1000,"bu","09:46:47",8341500
6220,400,100,"bu","09:46:47",8340500
6220,400,500,"bu","09:46:46",8340400
6220,400,7000,"bu","09:46:46",8339900
6210,390,200,"sd","09:46:46",8332900
6210,390,800,"sd","09:46:46",8332700
6210,390,1000,"sd","09:46:46",8331900
6210,390,10000,"sd","09:46:46",8330900
6210,390,300,"sd","09:46:45",8320900
6210,390,2000,"sd","09:46:45",8320600
6210,390,100,"sd","09:46:45",8318600
6210,390,3000,"sd","09:46:45",8318500
6210,390,22600,"sd","09:46:45",8315500
6210,390,3000,"sd","09:46:40",8292900
6210,390,2000,"sd","09:46:40",8289900
6220,400,700,"bu","09:46:39",8287900
6220,400,4700,"bu","09:46:39",8287200
6220,400,500,"bu","09:46:31",8282500
6220,400,100,"bu","09:46:30",8282000
6210,390,1400,"sd","09:46:23",8281900
6210,390,1000,"sd","09:46:23",8280500
6220,400,5100,"bu","09:46:21",8279500
6220,400,5000,"bu","09:46:21",8274400
6220,400,400,"bu","09:46:21",8269400
6220,400,1100,"bu","09:46:21",8269000
6210,390,600,"sd","09:46:21",8267900
6220,400,100,"bu","09:46:17",8267300
6210,390,200,"sd","09:46:16",8267200
6210,390,200,"sd","09:46:05",8267000
6210,390,1000,"sd","09:46:05",8266800
6210,390,100,"sd","09:46:05",8265800
6210,390,700,"sd","09:46:05",8265700
6210,390,500,"sd","09:46:05",8265000
6210,390,100,"sd","09:46:05",8264500
6210,390,1400,"sd","09:46:05",8264400
6210,390,2000,"sd","09:46:05",8263000
6210,390,1000,"sd","09:46:05",8261000
6210,390,1500,"sd","09:46:05",8260000
6210,390,400,"sd","09:46:05",8258500
6210,390,300,"sd","09:46:05",8258100
6210,390,400,"sd","09:46:05",8257800
6210,390,2900,"sd","09:46:05",8257400
6210,390,5000,"sd","09:46:05",8254500
6210,390,1300,"sd","09:46:05",8249500
6210,390,100,"sd","09:46:05",8248200
6210,390,200,"sd","09:46:05",8248100
6210,390,300,"sd","09:46:05",8247900
6210,390,200,"sd","09:46:05",8247600
6210,390,500,"sd","09:46:05",8247400
6210,390,500,"sd","09:46:00",8246900
6210,390,4500,"sd","09:46:00",8246400
6220,400,600,"bu","09:45:54",8241900
6220,400,2200,"bu","09:45:49",8241300
6220,400,100,"bu","09:45:49",8239100
6220,400,100,"bu","09:45:49",8239000
6220,400,200,"bu","09:45:49",8238900
6220,400,1200,"bu","09:45:49",8238700
6220,400,200,"bu","09:45:49",8237500
6220,400,1000,"bu","09:45:49",8237300
6220,400,100,"bu","09:45:47",8236300
6220,400,100,"bu","09:45:43",8236200
6220,400,300,"bu","09:45:39",8236100
6210,390,1000,"sd","09:45:37",8235800
6210,390,300,"sd","09:45:36",8234800
6210,390,200,"sd","09:45:33",8234500
6210,390,600,"sd","09:45:31",8234300
6210,390,100,"sd","09:45:28",8233700
6220,400,600,"bu","09:45:23",8233600
6210,390,3000,"sd","09:45:20",8233000
6210,390,1000,"sd","09:45:15",8230000
6210,390,200,"sd","09:45:14",8229000
6210,390,1000,"sd","09:45:14",8228800
6220,400,800,"bu","09:45:13",8227800
6220,400,1000,"bu","09:45:13",8227000
6220,400,200,"bu","09:45:13",8226000
6210,390,300,"sd","09:45:11",8225800
6210,390,1000,"sd","09:45:10",8225500
6220,400,2800,"bu","09:45:07",8224500
6220,400,5800,"bu","09:45:07",8221700
6210,390,1000,"sd","09:45:06",8215900
6210,390,3400,"sd","09:45:06",8214900
6210,390,1000,"sd","09:45:02",8211500
6210,390,200,"sd","09:45:01",8210500
6210,390,300,"sd","09:44:54",8210300
6220,400,1000,"bu","09:44:51",8210000
6220,400,100,"bu","09:44:50",8209000
6210,390,400,"sd","09:44:42",8208900
6210,390,5000,"sd","09:44:41",8208500
6210,390,7300,"sd","09:44:38",8203500
6210,390,17200,"sd","09:44:38",8196200
6210,390,500,"sd","09:44:38",8179000
6210,390,100,"sd","09:44:37",8178500
6220,400,2000,"bu","09:44:28",8178400
6210,390,500,"bu","09:44:26",8176400
6210,390,200,"bu","09:44:26",8175900
6210,390,1000,"bu","09:44:25",8175700
6210,390,300,"bu","09:44:24",8174700
6210,390,200,"bu","09:44:24",8174400
6210,390,200,"bu","09:44:19",8174200
6210,390,100,"bu","09:44:18",8174000
6210,390,800,"sd","09:44:12",8173900
6210,390,1200,"sd","09:44:10",8173100
6210,390,100,"sd","09:44:10",8171900
6210,390,100,"sd","09:44:10",8171800
6210,390,1100,"sd","09:44:10",8171700
6210,390,100,"sd","09:44:09",8170600
6210,390,800,"sd","09:44:07",8170500
6210,390,100,"sd","09:44:07",8169700
6210,390,500,"sd","09:44:07",8169600
6210,390,100,"sd","09:44:06",8169100
6210,390,300,"sd","09:44:06",8169000
6210,390,200,"sd","09:44:06",8168700
6220,400,100,"bu","09:44:01",8168500
6220,400,3000,"bu","09:43:59",8168400
6220,400,8000,"bu","09:43:55",8165400
6220,400,200,"bu","09:43:55",8157400
6220,400,5000,"bu","09:43:55",8157200
6220,400,500,"bu","09:43:55",8152200
6220,400,300,"bu","09:43:55",8151700
6220,400,900,"bu","09:43:55",8151400
6220,400,200,"bu","09:43:55",8150500
6220,400,2600,"bu","09:43:55",8150300
6220,400,3100,"bu","09:43:55",8147700
6220,400,1000,"bu","09:43:55",8144600
6220,400,5000,"bu","09:43:55",8143600
6220,400,1600,"bu","09:43:55",8138600
6220,400,400,"bu","09:43:55",8137000
6220,400,20000,"bu","09:43:55",8136600
6220,400,200,"bu","09:43:55",8116600
6220,400,500,"bu","09:43:55",8116400
6220,400,1000,"bu","09:43:55",8115900
6220,400,200,"bu","09:43:55",8114900
6220,400,3000,"bu","09:43:55",8114700
6220,400,9000,"bu","09:43:55",8111700
6220,400,400,"bu","09:43:55",8102700
6220,400,2000,"bu","09:43:55",8102300
6220,400,200,"bu","09:43:55",8100300
6220,400,3000,"bu","09:43:55",8100100
6220,400,2000,"bu","09:43:55",8097100
6220,400,4000,"bu","09:43:55",8095100
6220,400,300,"bu","09:43:55",8091100
6220,400,25400,"bu","09:43:55",8090800
6210,390,2000,"sd","09:43:55",8065400
6210,390,800,"sd","09:43:47",8063400
6220,400,200,"bu","09:43:46",8062600
6210,390,2000,"sd","09:43:44",8062400
6220,400,5000,"bu","09:43:40",8060400
6220,400,300,"bu","09:43:36",8055400
6220,400,3300,"bu","09:43:34",8055100
6210,390,200,"unknown","09:43:34",8051800
6210,390,500,"unknown","09:43:34",8051600
6210,390,3000,"unknown","09:43:34",8051100
6220,400,500,"bu","09:43:34",8048100
6220,400,500,"bu","09:43:34",8047600
6220,400,500,"bu","09:43:34",8047100
6220,400,1000,"bu","09:43:34",8046600
6220,400,5000,"bu","09:43:34",8045600
6200,380,500,"sd","09:43:29",8040600
6200,380,100,"sd","09:43:29",8040100
6200,380,100,"sd","09:43:29",8040000
6200,380,1800,"sd","09:43:29",8039900
6200,380,4500,"sd","09:43:29",8038100
6200,380,100,"sd","09:43:29",8033600
6200,380,11500,"sd","09:43:29",8033500
6200,380,1000,"sd","09:43:29",8022000
6200,380,400,"sd","09:43:29",8021000
6210,390,200,"unknown","09:43:22",8020600
6210,390,800,"sd","09:43:20",8020400
6200,380,500,"sd","09:43:14",8019600
6200,380,100,"sd","09:43:14",8019100
6200,380,2000,"sd","09:43:14",8019000
6200,380,3000,"sd","09:43:14",8017000
6220,400,1000,"bu","09:43:14",8014000
6200,380,100,"sd","09:43:14",8013000
6210,390,7500,"unknown","09:43:14",8012900
6200,380,100,"sd","09:43:14",8005400
6200,380,1000,"sd","09:43:14",8005300
6200,380,800,"sd","09:43:14",8004300
6200,380,1000,"sd","09:43:14",8003500
6200,380,700,"sd","09:43:13",8002500
6210,390,300,"sd","09:43:12",8001800
6210,390,200,"sd","09:43:10",8001500
6200,380,300,"sd","09:43:08",8001300
6200,380,300,"sd","09:43:08",8001000
6210,390,100,"sd","09:43:08",8000700
6210,390,200,"sd","09:43:08",8000600
6200,380,200,"sd","09:43:02",8000400
6200,380,1100,"sd","09:43:02",8000200
6200,380,1000,"sd","09:43:02",7999100
6210,390,700,"sd","09:43:02",7998100
6210,390,300,"sd","09:43:02",7997400
6220,400,2000,"bu","09:43:02",7997100
6210,390,1000,"bu","09:43:01",7995100
6220,400,19000,"bu","09:42:53",7994100
6210,390,2000,"bu","09:42:53",7975100
6210,390,100,"bu","09:42:52",7973100
6210,390,400,"bu","09:42:52",7973000
6210,390,1000,"unknown","09:42:52",7972600
6210,390,100,"sd","09:42:52",7971600
6210,390,1000,"sd","09:42:52",7971500
6210,390,100,"sd","09:42:52",7970500
6210,390,100,"sd","09:42:52",7970400
6210,390,800,"sd","09:42:52",7970300
6210,390,400,"sd","09:42:52",7969500
6210,390,100,"sd","09:42:52",7969100
6210,390,1000,"sd","09:42:52",7969000
6210,390,100,"sd","09:42:52",7968000
6210,390,10000,"sd","09:42:52",7967900
6210,390,100,"sd","09:42:52",7957900
6210,390,2000,"sd","09:42:52",7957800
6210,390,800,"sd","09:42:52",7955800
6220,400,2000,"bu","09:42:51",7955000
6220,400,2000,"bu","09:42:50",7953000
6210,390,2300,"sd","09:42:48",7951000
6210,390,6900,"sd","09:42:48",7948700
6210,390,1000,"sd","09:42:48",7941800
6220,400,200,"bu","09:42:46",7940800
6210,390,2500,"sd","09:42:46",7940600
6210,390,1500,"sd","09:42:43",7938100
6210,390,500,"sd","09:42:43",7936600
6210,390,800,"sd","09:42:43",7936100
6210,390,200,"sd","09:42:43",7935300
6210,390,100,"sd","09:42:43",7935100
6210,390,500,"sd","09:42:43",7935000
6210,390,5000,"sd","09:42:43",7934500
6210,390,1400,"sd","09:42:43",7929500
6220,400,5000,"bu","09:42:39",7928100
6210,390,100,"sd","09:42:36",7923100
6210,390,900,"sd","09:42:36",7923000
6210,390,100,"sd","09:42:35",7922100
6210,390,900,"sd","09:42:35",7922000
6210,390,300,"sd","09:42:32",7921100
6210,390,3800,"sd","09:42:32",7920800
6210,390,300,"sd","09:42:32",7917000
6210,390,100,"sd","09:42:32",7916700
6210,390,1400,"sd","09:42:32",7916600
6210,390,200,"sd","09:42:32",7915200
6210,390,1000,"sd","09:42:31",7915000
6210,390,200,"sd","09:42:31",7914000
6210,390,100,"sd","09:42:31",7913800
6210,390,2900,"sd","09:42:31",7913700
6210,390,1400,"sd","09:42:29",7910800
6210,390,1000,"sd","09:42:29",7909400
6210,390,5000,"sd","09:42:29",7908400
6210,390,600,"sd","09:42:29",7903400
6210,390,3700,"sd","09:42:28",7902800
6220,400,16200,"bu","09:42:27",7899100
6210,390,13300,"sd","09:42:27",7882900
6210,390,100,"sd","09:42:24",7869600
6220,400,800,"bu","09:42:24",7869500
6210,390,5000,"sd","09:42:22",7868700
6210,390,1000,"sd","09:42:19",7863700
6210,390,11000,"sd","09:42:19",7862700
6210,390,2900,"sd","09:42:18",7851700
6220,400,400,"bu","09:42:17",7848800
6220,400,3200,"bu","09:42:17",7848400
6210,390,200,"sd","09:42:13",7845200
6210,390,1500,"sd","09:42:13",7845000
6210,390,200,"sd","09:42:13",7843500
6210,390,100,"sd","09:42:13",7843300
6210,390,2400,"sd","09:42:13",7843200
6210,390,100,"sd","09:42:13",7840800
6210,390,100,"sd","09:42:13",7840700
6210,390,2400,"sd","09:42:13",7840600
6210,390,600,"sd","09:42:13",7838200
6210,390,1000,"sd","09:42:13",7837600
6210,390,100,"sd","09:42:13",7836600
6210,390,100,"sd","09:42:13",7836500
6210,390,1000,"sd","09:42:13",7836400
6210,390,100,"sd","09:42:13",7835400
6210,390,700,"sd","09:42:13",7835300
6210,390,1000,"sd","09:42:13",7834600
6210,390,1000,"sd","09:42:13",7833600
6210,390,100,"sd","09:42:13",7832600
6210,390,600,"sd","09:42:12",7832500
6210,390,300,"sd","09:42:12",7831900
6210,390,2000,"sd","09:42:12",7831600
6210,390,6600,"sd","09:42:12",7829600
6210,390,1400,"sd","09:42:12",7823000
6210,390,600,"sd","09:42:12",7821600
6210,390,3000,"sd","09:42:11",7821000
6210,390,2900,"sd","09:42:10",7818000
6220,400,1000,"bu","09:42:10",7815100
6210,390,2500,"sd","09:42:09",7814100
6210,390,500,"sd","09:42:09",7811600
6210,390,500,"sd","09:42:08",7811100
6210,390,5000,"sd","09:42:08",7810600
6210,390,4500,"sd","09:42:08",7805600
6210,390,500,"sd","09:42:04",7801100
6210,390,100,"sd","09:42:04",7800600
6210,390,300,"sd","09:42:02",7800500
6210,390,300,"sd","09:42:02",7800200
6210,390,1300,"sd","09:41:59",7799900
6220,400,500,"bu","09:41:56",7798600
6210,390,1000,"sd","09:41:50",7798100
6210,390,4000,"sd","09:41:48",7797100
6210,390,4000,"sd","09:41:48",7793100
6210,390,3500,"sd","09:41:46",7789100
6210,390,1000,"sd","09:41:45",7785600
6210,390,500,"sd","09:41:45",7784600
6210,390,1000,"sd","09:41:44",7784100
6210,390,500,"sd","09:41:42",7783100
6210,390,2000,"sd","09:41:42",7782600
6210,390,5000,"sd","09:41:42",7780600
6210,390,400,"sd","09:41:42",7775600
6210,390,300,"sd","09:41:41",7775200
6210,390,1100,"sd","09:41:41",7774900
6210,390,700,"sd","09:41:41",7773800
6210,390,100,"sd","09:41:41",7773100
6210,390,1000,"sd","09:41:41",7773000
6210,390,4900,"sd","09:41:41",7772000
6210,390,2000,"sd","09:41:40",7767100
6210,390,1200,"sd","09:41:38",7765100
6220,400,1700,"bu","09:41:33",7763900
6210,390,500,"sd","09:41:30",7762200
6220,400,800,"bu","09:41:28",7761700
6210,390,1000,"sd","09:41:27",7760900
6210,390,30000,"sd","09:41:23",7759900
6210,390,1000,"sd","09:41:16",7729900
6210,390,400,"sd","09:41:16",7728900
6210,390,300,"sd","09:41:16",7728500
6220,400,300,"bu","09:41:03",7728200
6210,390,300,"sd","09:41:02",7727900
6210,390,100,"sd","09:40:51",7727600
6220,400,600,"bu","09:40:45",7727500
6220,400,1000,"bu","09:40:45",7726900
6220,400,1300,"bu","09:40:41",7725900
6220,400,2000,"bu","09:40:38",7724600
6210,390,500,"sd","09:40:36",7722600
6220,400,700,"bu","09:40:28",7722100
6220,400,100,"bu","09:40:28",7721400
6220,400,400,"bu","09:40:21",7721300
6220,400,1000,"bu","09:40:21",7720900
6220,400,1600,"bu","09:40:21",7719900
6220,400,200,"bu","09:40:21",7718300
6210,390,2500,"sd","09:40:20",7718100
6210,390,100,"sd","09:40:20",7715600
6210,390,1900,"sd","09:40:20",7715500
6220,400,900,"bu","09:40:18",7713600
6210,390,100,"sd","09:40:18",7712700
6210,390,1900,"sd","09:40:18",7712600
6220,400,2000,"bu","09:40:16",7710700
6220,400,200,"bu","09:40:12",7708700
6210,390,3000,"sd","09:40:12",7708500
6220,400,100,"bu","09:40:09",7705500
6220,400,2000,"bu","09:40:06",7705400
6220,400,100,"bu","09:40:02",7703400
6210,390,100,"sd","09:40:00",7703300
6210,390,1200,"sd","09:40:00",7703200
6220,400,1000,"bu","09:39:53",7702000
6220,400,500,"bu","09:39:53",7701000
6220,400,200,"bu","09:39:52",7700500
6220,400,1200,"bu","09:39:51",7700300
6220,400,400,"bu","09:39:51",7699100
6220,400,100,"bu","09:39:50",7698700
6220,400,1000,"bu","09:39:50",7698600
6220,400,300,"bu","09:39:44",7697600
6220,400,2000,"bu","09:39:35",7697300
6220,400,1100,"bu","09:39:28",7695300
6220,400,5000,"bu","09:39:25",7694200
6220,400,800,"bu","09:39:17",7689200
6220,400,50000,"bu","09:39:17",7688400
6220,400,800,"bu","09:39:14",7638400
6220,400,2100,"bu","09:39:11",7637600
6220,400,3000,"bu","09:39:10",7635500
6220,400,4900,"bu","09:39:10",7632500
6220,400,100,"bu","09:39:10",7627600
6220,400,6600,"bu","09:39:09",7627500
6220,400,600,"bu","09:39:09",7620900
6220,400,800,"bu","09:39:09",7620300
6220,400,4000,"bu","09:39:05",7619500
6220,400,100,"bu","09:38:59",7615500
6220,400,3000,"bu","09:38:57",7615400
6220,400,300,"bu","09:38:52",7612400
6220,400,1000,"bu","09:38:52",7612100
6220,400,2000,"bu","09:38:39",7611100
6220,400,2000,"bu","09:38:30",7609100
6220,400,2500,"bu","09:38:28",7607100
6220,400,5000,"bu","09:38:28",7604600
6220,400,3000,"bu","09:38:25",7599600
6220,400,1500,"bu","09:38:21",7596600
6210,390,200,"sd","09:38:21",7595100
6210,390,200,"sd","09:38:21",7594900
6210,390,800,"sd","09:38:21",7594700
6210,390,3800,"sd","09:38:21",7593900
6220,400,200,"bu","09:38:20",7590100
6220,400,100,"bu","09:38:18",7589900
6220,400,1300,"bu","09:38:17",7589800
6220,400,1000,"bu","09:38:10",7588500
6220,400,1000,"bu","09:38:07",7587500
6220,400,5000,"bu","09:38:05",7586500
6220,400,600,"bu","09:38:01",7581500
6220,400,500,"bu","09:37:58",7580900
6220,400,300,"bu","09:37:57",7580400
6220,400,100,"bu","09:37:57",7580100
6220,400,200,"bu","09:37:57",7580000
6220,400,800,"bu","09:37:57",7579800
6220,400,2000,"bu","09:37:57",7579000
6220,400,1500,"bu","09:37:57",7577000
6220,400,10000,"bu","09:37:57",7575500
6220,400,400,"unknown","09:37:57",7565500
6220,400,3100,"sd","09:37:57",7565100
6220,400,1500,"sd","09:37:57",7562000
6220,400,3200,"sd","09:37:57",7560500
6220,400,200,"sd","09:37:57",7557300
6220,400,11000,"sd","09:37:57",7557100
6220,400,600,"sd","09:37:57",7546100
6220,400,1000,"sd","09:37:57",7545500
6220,400,14000,"sd","09:37:57",7544500
6220,400,1000,"sd","09:37:57",7530500
6220,400,15000,"sd","09:37:57",7529500
6220,400,5100,"sd","09:37:57",7514500
6220,400,5000,"sd","09:37:57",7509400
6220,400,10000,"sd","09:37:57",7504400
6220,400,6000,"sd","09:37:57",7494400
6220,400,100,"sd","09:37:57",7488400
6220,400,3000,"sd","09:37:57",7488300
6220,400,500,"sd","09:37:57",7485300
6220,400,1400,"sd","09:37:57",7484800
6220,400,30000,"sd","09:37:57",7483400
6220,400,1600,"sd","09:37:57",7453400
6220,400,1000,"sd","09:37:57",7451800
6220,400,1100,"sd","09:37:57",7450800
6220,400,31900,"sd","09:37:57",7449700
6220,400,500,"sd","09:37:57",7417800
6220,400,800,"sd","09:37:57",7417300
6220,400,1000,"sd","09:37:56",7416500
6220,400,100,"sd","09:37:56",7415500
6220,400,100,"sd","09:37:56",7415400
6220,400,5000,"sd","09:37:55",7415300
6220,400,4000,"sd","09:37:48",7410300
6220,400,6000,"sd","09:37:43",7406300
6220,400,200,"sd","09:37:42",7400300
6220,400,100,"sd","09:37:38",7400100
6220,400,3000,"sd","09:37:37",7400000
6220,400,1000,"sd","09:37:35",7397000
6220,400,500,"sd","09:37:30",7396000
6220,400,700,"sd","09:37:23",7395500
6220,400,1000,"sd","09:37:21",7394800
6220,400,1000,"sd","09:37:20",7393800
6220,400,10000,"sd","09:37:13",7392800
6220,400,5000,"sd","09:37:12",7382800
6220,400,1200,"sd","09:37:11",7377800
6220,400,2500,"sd","09:37:10",7376600
6220,400,200,"sd","09:37:06",7374100
6220,400,100,"sd","09:37:02",7373900
6220,400,2000,"sd","09:37:00",7373800
6220,400,300,"sd","09:36:58",7371800
6220,400,3000,"sd","09:36:55",7371500
6220,400,1500,"sd","09:36:54",7368500
6220,400,1000,"sd","09:36:39",7367000
6220,400,2000,"sd","09:36:37",7366000
6220,400,900,"sd","09:36:22",7364000
6220,400,500,"sd","09:36:19",7363100
6220,400,5000,"sd","09:36:18",7362600
6220,400,1000,"sd","09:36:14",7357600
6220,400,100,"sd","09:36:12",7356600
6220,400,300,"bu","09:36:10",7356500
6220,400,500,"bu","09:36:10",7356200
6220,400,100,"bu","09:36:10",7355700
6220,400,2000,"bu","09:36:10",7355600
6220,400,400,"bu","09:36:10",7353600
6210,390,5600,"sd","09:36:10",7353200
6220,400,600,"bu","09:36:10",7347600
6220,400,1000,"bu","09:36:10",7347000
6220,400,500,"bu","09:36:09",7346000
6220,400,400,"bu","09:36:09",7345500
6220,400,200,"bu","09:36:09",7345100
6220,400,4400,"bu","09:36:09",7344900
6220,400,600,"bu","09:36:06",7340500
6220,400,400,"bu","09:36:05",7339900
6220,400,200,"bu","09:36:05",7339500
6220,400,300,"bu","09:36:05",7339300
6220,400,1100,"bu","09:36:05",7339000
6220,400,100,"bu","09:36:02",7337900
6220,400,900,"bu","09:36:02",7337800
6220,400,100,"bu","09:36:02",7336900
6220,400,400,"bu","09:36:00",7336800
6220,400,600,"bu","09:36:00",7336400
6220,400,100,"bu","09:35:57",7335800
6220,400,100,"bu","09:35:57",7335700
6220,400,900,"bu","09:35:56",7335600
6220,400,2500,"bu","09:35:56",7334700
6220,400,500,"bu","09:35:55",7332200
6220,400,2000,"bu","09:35:53",7331700
6220,400,2000,"bu","09:35:53",7329700
6220,400,6000,"bu","09:35:53",7327700
6220,400,100,"bu","09:35:49",7321700
6220,400,1000,"bu","09:35:48",7321600
6220,400,2000,"bu","09:35:43",7320600
6220,400,1000,"bu","09:35:42",7318600
6220,400,200,"bu","09:35:42",7317600
6220,400,1600,"bu","09:35:42",7317400
6220,400,300,"bu","09:35:42",7315800
6220,400,6200,"bu","09:35:42",7315500
6220,400,200,"sd","09:35:42",7309300
6220,400,600,"sd","09:35:42",7309100
6220,400,500,"sd","09:35:41",7308500
6220,400,1600,"sd","09:35:41",7308000
6220,400,100,"sd","09:35:41",7306400
6220,400,100,"sd","09:35:41",7306300
6220,400,4000,"sd","09:35:38",7306200
6220,400,1000,"sd","09:35:37",7302200
6220,400,1500,"sd","09:35:36",7301200
6220,400,300,"sd","09:35:35",7299700
6220,400,5200,"sd","09:35:35",7299400
6220,400,1000,"sd","09:35:35",7294200
6220,400,100,"sd","09:35:35",7293200
6220,400,3400,"sd","09:35:35",7293100
6220,400,1000,"sd","09:35:35",7289700
6220,400,1600,"sd","09:35:31",7288700
6220,400,1000,"sd","09:35:30",7287100
6220,400,1000,"sd","09:35:30",7286100
6220,400,1000,"sd","09:35:30",7285100
6220,400,200,"sd","09:35:30",7284100
6220,400,2000,"sd","09:35:30",7283900
6220,400,200,"sd","09:35:30",7281900
6220,400,2000,"sd","09:35:30",7281700
6220,400,200,"sd","09:35:30",7279700
6220,400,3000,"sd","09:35:30",7279500
6220,400,1800,"sd","09:35:30",7276500
6220,400,500,"sd","09:35:26",7274700
6220,400,100,"sd","09:35:25",7274200
6220,400,1000,"sd","09:35:24",7274100
6220,400,6500,"sd","09:35:21",7273100
6220,400,2000,"sd","09:35:13",7266600
6220,400,100,"sd","09:35:09",7264600
6220,400,7000,"sd","09:35:09",7264500
6220,400,1000,"sd","09:35:05",7257500
6220,400,1000,"sd","09:35:05",7256500
6220,400,2200,"sd","09:35:05",7255500
6220,400,6300,"sd","09:35:05",7253300
6220,400,2000,"sd","09:35:05",7247000
6220,400,100,"sd","09:35:05",7245000
6220,400,900,"sd","09:35:05",7244900
6220,400,3500,"sd","09:35:05",7244000
6220,400,100,"sd","09:35:05",7240500
6220,400,4000,"sd","09:35:05",7240400
6220,400,1400,"sd","09:35:05",7236400
6220,400,1700,"sd","09:35:05",7235000
6220,400,1000,"sd","09:35:00",7233300
6220,400,400,"sd","09:34:59",7232300
6220,400,2800,"sd","09:34:59",7231900
6220,400,1000,"sd","09:34:59",7229100
6220,400,4800,"sd","09:34:59",7228100
6220,400,100,"sd","09:34:59",7223300
6220,400,200,"sd","09:34:59",7223200
6220,400,1300,"sd","09:34:59",7223000
6220,400,1000,"sd","09:34:57",7221700
6220,400,700,"sd","09:34:55",7220700
6220,400,300,"sd","09:34:55",7220000
6220,400,19000,"sd","09:34:53",7219700
6220,400,500,"sd","09:34:48",7200700
6220,400,200,"bu","09:34:45",7200200
6220,400,100,"sd","09:34:45",7200000
6220,400,1700,"sd","09:34:45",7199900
6220,400,200,"sd","09:34:44",7198200
6220,400,8100,"bu","09:34:43",7198000
6220,400,3000,"sd","09:34:43",7189900
6220,400,100,"sd","09:34:43",7186900
6220,400,2000,"sd","09:34:43",7186800
6220,400,1000,"sd","09:34:43",7184800
6220,400,29600,"sd","09:34:43",7183800
6220,400,10000,"sd","09:34:42",7154200
6220,400,100,"sd","09:34:41",7144200
6220,400,2000,"sd","09:34:40",7144100
6220,400,500,"sd","09:34:39",7142100
6220,400,100,"sd","09:34:34",7141600
6220,400,500,"sd","09:34:33",7141500
6220,400,400,"sd","09:34:32",7141000
6220,400,800,"sd","09:34:31",7140600
6220,400,5000,"sd","09:34:31",7139800
6220,400,500,"sd","09:34:31",7134800
6220,400,100,"sd","09:34:31",7134300
6220,400,4400,"sd","09:34:31",7134200
6220,400,500,"sd","09:34:31",7129800
6220,400,5000,"sd","09:34:31",7129300
6220,400,1000,"sd","09:34:31",7124300
6220,400,300,"sd","09:34:31",7123300
6220,400,15100,"bu","09:34:31",7123000
6220,400,100,"bu","09:34:30",7107900
6220,400,3000,"bu","09:34:30",7107800
6220,400,500,"bu","09:34:30",7104800
6220,400,1000,"bu","09:34:30",7104300
6220,400,500,"bu","09:34:26",7103300
6220,400,7700,"bu","09:34:26",7102800
6220,400,400,"bu","09:34:26",7095100
6220,400,1000,"bu","09:34:26",7094700
6220,400,900,"bu","09:34:26",7093700
6210,390,100,"sd","09:34:23",7092800
6220,400,1100,"bu","09:34:23",7092700
6220,400,500,"bu","09:34:23",7091600
6220,400,28500,"bu","09:34:23",7091100
6220,400,100,"bu","09:34:23",7062600
6220,400,12000,"bu","09:34:22",7062500
6220,400,2500,"bu","09:34:22",7050500
6220,400,3300,"bu","09:34:22",7048000
6220,400,2000,"bu","09:34:22",7044700
6210,390,500,"sd","09:34:19",7042700
6220,400,1000,"bu","09:34:18",7042200
6220,400,5000,"bu","09:34:16",7041200
6210,390,100,"sd","09:34:16",7036200
6220,400,1600,"bu","09:34:13",7036100
6220,400,10000,"bu","09:34:13",7034500
6220,400,500,"bu","09:34:13",7024500
6220,400,1000,"bu","09:34:13",7024000
6220,400,1500,"bu","09:34:13",7023000
6220,400,300,"bu","09:34:13",7021500
6220,400,128200,"bu","09:34:13",7021200
6220,400,1000,"bu","09:34:13",6893000
6220,400,10400,"bu","09:34:13",6892000
6220,400,100,"bu","09:34:13",6881600
6220,400,5000,"bu","09:34:13",6881500
6220,400,200,"bu","09:34:13",6876500
6220,400,1000,"bu","09:34:13",6876300
6220,400,16400,"bu","09:34:13",6875300
6220,400,100,"bu","09:34:13",6858900
6220,400,1000,"bu","09:34:13",6858800
6220,400,5000,"bu","09:34:13",6857800
6220,400,500,"bu","09:34:13",6852800
6220,400,200,"bu","09:34:13",6852300
6220,400,9100,"bu","09:34:13",6852100
6220,400,5000,"bu","09:34:13",6843000
6220,400,500,"bu","09:34:13",6838000
6220,400,900,"bu","09:34:13",6837500
6220,400,500,"bu","09:34:13",6836600
6220,400,1000,"bu","09:34:07",6836100
6210,390,2000,"sd","09:34:06",6835100
6220,400,100,"bu","09:34:03",6833100
6210,390,800,"sd","09:34:00",6833000
6210,390,1000,"sd","09:33:57",6832200
6210,390,5000,"sd","09:33:55",6831200
6220,400,300,"bu","09:33:50",6826200
6210,390,100,"sd","09:33:48",6825900
6220,400,100,"bu","09:33:42",6825800
6220,400,100,"bu","09:33:42",6825700
6220,400,10000,"bu","09:33:37",6825600
6220,400,500,"bu","09:33:36",6815600
6220,400,20000,"bu","09:33:36",6815100
6220,400,3000,"bu","09:33:27",6795100
6220,400,500,"bu","09:33:26",6792100
6220,400,1000,"bu","09:33:25",6791600
6220,400,100,"bu","09:33:20",6790600
6220,400,500,"bu","09:33:17",6790500
6220,400,300,"bu","09:33:16",6790000
6220,400,3000,"bu","09:33:16",6789700
6220,400,5000,"bu","09:33:14",6786700
6210,390,400,"sd","09:33:13",6781700
6210,390,600,"sd","09:33:13",6781300
6220,400,4000,"bu","09:33:10",6780700
6220,400,200,"bu","09:33:07",6776700
6210,390,500,"sd","09:33:05",6776500
6220,400,5000,"bu","09:33:01",6776000
6220,400,6200,"bu","09:32:59",6771000
6220,400,1000,"sd","09:32:59",6764800
6220,400,300,"sd","09:32:59",6763800
6220,400,900,"sd","09:32:59",6763500
6220,400,500,"sd","09:32:59",6762600
6220,400,1000,"sd","09:32:56",6762100
6220,400,500,"sd","09:32:56",6761100
6220,400,1000,"bu","09:32:56",6760600
6220,400,21300,"bu","09:32:56",6759600
6220,400,1000,"sd","09:32:52",6738300
6220,400,2000,"sd","09:32:52",6737300
6220,400,500,"sd","09:32:52",6735300
6220,400,1000,"sd","09:32:50",6734800
6220,400,500,"sd","09:32:50",6733800
6220,400,200,"sd","09:32:49",6733300
6220,400,800,"sd","09:32:49",6733100
6220,400,1200,"sd","09:32:49",6732300
6220,400,100,"sd","09:32:44",6731100
6220,400,1000,"sd","09:32:43",6731000
6220,400,1000,"sd","09:32:39",6730000
6220,400,2900,"sd","09:32:39",6729000
6220,400,2000,"sd","09:32:38",6726100
6220,400,100,"sd","09:32:38",6724100
6220,400,1700,"bu","09:32:33",6724000
6220,400,500,"sd","09:32:33",6722300
6220,400,2100,"bu","09:32:28",6721800
6220,400,300,"bu","09:32:28",6719700
6220,400,500,"bu","09:32:28",6719400
6220,400,100,"bu","09:32:28",6718900
6220,400,3000,"bu","09:32:28",6718800
6220,400,100,"bu","09:32:27",6715800
6220,400,5000,"bu","09:32:25",6715700
6220,400,200,"bu","09:32:19",6710700
6220,400,1000,"bu","09:32:19",6710500
6220,400,200,"bu","09:32:16",6709500
6220,400,1000,"bu","09:32:16",6709300
6220,400,10000,"sd","09:32:16",6708300
6220,400,1200,"sd","09:32:16",6698300
6220,400,3500,"sd","09:32:16",6697100
6220,400,1300,"sd","09:32:16",6693600
6220,400,2600,"sd","09:32:16",6692300
6220,400,1000,"sd","09:32:16",6689700
6220,400,1000,"sd","09:32:16",6688700
6220,400,600,"sd","09:32:16",6687700
6220,400,5000,"sd","09:32:16",6687100
6220,400,600,"sd","09:32:16",6682100
6220,400,100,"sd","09:32:16",6681500
6220,400,1000,"sd","09:32:16",6681400
6220,400,2500,"sd","09:32:16",6680400
6220,400,1500,"sd","09:32:14",6677900
6220,400,6000,"sd","09:32:14",6676400
6220,400,100,"sd","09:32:14",6670400
6220,400,300,"sd","09:32:14",6670300
6220,400,500,"sd","09:32:14",6670000
6220,400,1600,"sd","09:32:14",6669500
6220,400,2000,"sd","09:32:13",6667900
6220,400,500,"sd","09:32:13",6665900
6220,400,1500,"sd","09:32:12",6665400
6220,400,500,"sd","09:32:12",6663900
6220,400,200,"sd","09:32:04",6663400
6220,400,100,"sd","09:32:04",6663200
6220,400,3000,"sd","09:32:03",6663100
6220,400,700,"sd","09:32:03",6660100
6220,400,2000,"sd","09:32:03",6659400
6220,400,1000,"sd","09:32:03",6657400
6220,400,1300,"sd","09:32:03",6656400
6220,400,100,"sd","09:31:59",6655100
6220,400,2600,"sd","09:31:56",6655000
6220,400,500,"sd","09:31:56",6652400
6220,400,2000,"sd","09:31:56",6651900
6220,400,3000,"sd","09:31:56",6649900
6220,400,2000,"sd","09:31:54",6646900
6220,400,2000,"sd","09:31:42",6644900
6220,400,1200,"sd","09:31:42",6642900
6220,400,200,"sd","09:31:37",6641700
6220,400,4600,"sd","09:31:36",6641500
6220,400,400,"sd","09:31:35",6636900
6220,400,1500,"sd","09:31:35",6636500
6220,400,3500,"sd","09:31:34",6635000
6220,400,5000,"sd","09:31:34",6631500
6220,400,8400,"sd","09:31:32",6626500
6220,400,1000,"sd","09:31:32",6618100
6220,400,3000,"sd","09:31:32",6617100
6220,400,500,"sd","09:31:32",6614100
6220,400,500,"sd","09:31:32",6613600
6220,400,100,"sd","09:31:32",6613100
6220,400,800,"sd","09:31:32",6613000
6220,400,1000,"sd","09:31:32",6612200
6220,400,2400,"sd","09:31:32",6611200
6220,400,7300,"sd","09:31:31",6608800
6220,400,500,"sd","09:31:31",6601500
6220,400,2200,"sd","09:31:26",6601000
6220,400,2800,"sd","09:31:26",6598800
6220,400,3000,"sd","09:31:26",6596000
6220,400,600,"sd","09:31:23",6593000
6220,400,500,"sd","09:31:22",6592400
6220,400,1100,"sd","09:31:20",6591900
6220,400,2800,"sd","09:31:20",6590800
6220,400,6600,"sd","09:31:20",6588000
6220,400,9500,"sd","09:31:19",6581400
6220,400,900,"sd","09:31:19",6571900
6220,400,1100,"sd","09:31:17",6571000
6220,400,2000,"sd","09:31:07",6569900
6220,400,4500,"sd","09:31:01",6567900
6220,400,2500,"sd","09:30:59",6563400
6220,400,46000,"sd","09:30:58",6560900
6220,400,500,"sd","09:30:57",6514900
6220,400,2500,"sd","09:30:54",6514400
6220,400,1000,"sd","09:30:53",6511900
6220,400,1000,"sd","09:30:53",6510900
6220,400,1500,"sd","09:30:52",6509900
6220,400,2000,"sd","09:30:47",6508400
6220,400,1000,"sd","09:30:44",6506400
6220,400,500,"sd","09:30:44",6505400
6220,400,1000,"sd","09:30:43",6504900
6220,400,300,"sd","09:30:42",6503900
6220,400,3000,"sd","09:30:39",6503600
6220,400,1000,"sd","09:30:36",6500600
6220,400,300,"sd","09:30:36",6499600
6220,400,100,"sd","09:30:34",6499300
6220,400,900,"bu","09:30:34",6499200
6220,400,8600,"bu","09:30:34",6498300
6220,400,1000,"bu","09:30:34",6489700
6220,400,200,"bu","09:30:34",6488700
6220,400,5000,"bu","09:30:34",6488500
6220,400,1000,"bu","09:30:34",6483500
6220,400,100,"bu","09:30:34",6482500
6220,400,900,"bu","09:30:34",6482400
6220,400,2000,"bu","09:30:33",6481500
6220,400,400,"bu","09:30:33",6479500
6220,400,200,"bu","09:30:33",6479100
6220,400,8800,"bu","09:30:33",6478900
6220,400,1000,"bu","09:30:33",6470100
6220,400,1000,"bu","09:30:33",6469100
6220,400,1300,"bu","09:30:33",6468100
6220,400,2000,"bu","09:30:33",6466800
6220,400,600,"bu","09:30:33",6464800
6220,400,2000,"bu","09:30:33",6464200
6220,400,1400,"bu","09:30:33",6462200
6220,400,400,"bu","09:30:32",6460800
6220,400,100,"bu","09:30:30",6460400
