"price","change","match_qtty","side","time","total_vol"
4390,90,62500,"unknown","14:45:06",3184200
4390,90,300,"bu","14:30:02",3121700
4390,90,100,"sd","14:29:46",3121400
4390,90,600,"sd","14:29:45",3121300
4390,90,1000,"bu","14:29:36",3120700
4380,80,1800,"sd","14:29:11",3119700
4380,80,2200,"sd","14:29:11",3117900
4390,90,400,"sd","14:29:05",3115700
4390,90,4600,"bu","14:29:04",3115300
4390,90,3000,"bu","14:28:58",3110700
4390,90,1000,"bu","14:28:56",3107700
4390,90,1000,"bu","14:28:43",3106700
4390,90,300,"sd","14:28:38",3105700
4390,90,100,"sd","14:28:38",3105400
4390,90,100,"sd","14:28:07",3105300
4390,90,100,"bu","14:27:57",3105200
4380,80,9800,"sd","14:27:53",3105100
4380,80,200,"sd","14:27:53",3095300
4390,90,200,"bu","14:27:42",3095100
4390,90,500,"bu","14:27:23",3094900
4390,90,100,"bu","14:27:16",3094400
4380,80,300,"sd","14:27:03",3094300
4380,80,1000,"sd","14:26:55",3094000
4380,80,1000,"sd","14:26:55",3093000
4380,80,500,"sd","14:26:54",3092000
4390,90,1000,"bu","14:26:53",3091500
4380,80,500,"sd","14:26:53",3090500
4380,80,1000,"sd","14:26:52",3090000
4380,80,1000,"sd","14:26:52",3089000
4390,90,500,"unknown","14:26:40",3088000
4390,90,5000,"sd","14:26:20",3087500
4390,90,900,"bu","14:25:39",3082500
4390,90,3600,"bu","14:25:39",3081600
4380,80,2700,"sd","14:25:25",3078000
4380,80,4400,"sd","14:25:09",3075300
4380,80,5000,"sd","14:25:08",3070900
4380,80,900,"sd","14:24:53",3065900
4380,80,3000,"sd","14:24:42",3065000
4390,90,1000,"bu","14:24:41",3062000
4380,80,3500,"sd","14:24:35",3061000
4380,80,100,"sd","14:24:35",3057500
4380,80,200,"sd","14:24:35",3057400
4380,80,2300,"sd","14:24:34",3057200
4380,80,100,"sd","14:24:32",3054900
4380,80,200,"sd","14:24:16",3054800
4390,90,400,"bu","14:23:58",3054600
4380,80,12500,"sd","14:23:49",3054200
4390,90,4500,"bu","14:23:35",3041700
4390,90,300,"bu","14:22:59",3037200
4380,80,15700,"sd","14:22:58",3036900
4390,90,200,"unknown","14:22:50",3021200
4400,100,19100,"bu","14:22:42",3021000
4390,90,7000,"unknown","14:22:41",3001900
4390,90,12900,"unknown","14:22:39",2994900
4390,90,300,"sd","14:22:35",2982000
4380,80,19200,"sd","14:22:33",2981700
4390,90,600,"sd","14:22:33",2962500
4390,90,1000,"sd","14:22:31",2961900
4390,90,5200,"bu","14:22:30",2960900
4390,90,14800,"sd","14:22:13",2955700
4390,90,200,"sd","14:22:11",2940900
4390,90,4800,"sd","14:22:02",2940700
4390,90,200,"sd","14:22:00",2935900
4400,100,1000,"bu","14:21:48",2935700
4390,90,100,"sd","14:21:42",2934700
4400,100,2000,"bu","14:21:29",2934600
4400,100,1000,"bu","14:21:27",2932600
4390,90,700,"sd","14:21:23",2931600
4390,90,1700,"sd","14:21:21",2930900
4400,100,600,"bu","14:21:17",2929200
4390,90,5000,"sd","14:21:13",2928600
4390,90,3500,"sd","14:21:04",2923600
4390,90,100,"sd","14:21:03",2920100
4390,90,3000,"sd","14:21:02",2920000
4390,90,4000,"sd","14:21:01",2917000
4400,100,200,"bu","14:21:00",2913000
4400,100,1000,"bu","14:20:51",2912800
4400,100,500,"bu","14:20:48",2911800
4400,100,100,"bu","14:20:46",2911300
4400,100,2000,"bu","14:20:19",2911200
4390,90,1000,"sd","14:20:14",2909200
4390,90,3000,"sd","14:19:48",2908200
4390,90,2000,"sd","14:19:48",2905200
4400,100,5000,"sd","14:19:37",2903200
4400,100,5000,"sd","14:19:37",2898200
4400,100,1000,"sd","14:19:37",2893200
4400,100,500,"sd","14:19:37",2892200
4400,100,1300,"sd","14:19:37",2891700
4400,100,40000,"sd","14:19:37",2890400
4410,110,500,"sd","14:19:26",2850400
4410,110,4300,"sd","14:19:26",2849900
4420,120,1000,"bu","14:19:17",2845600
4420,120,2000,"bu","14:19:06",2844600
4420,120,500,"bu","14:18:57",2842600
4420,120,5900,"bu","14:18:43",2842100
4440,140,500,"bu","14:18:41",2836200
4410,110,1700,"sd","14:18:36",2835700
4430,130,500,"unknown","14:18:36",2834000
4430,130,3000,"unknown","14:18:36",2833500
4430,130,300,"unknown","14:18:36",2830500
4430,130,700,"unknown","14:18:36",2830200
4430,130,5000,"unknown","14:18:36",2829500
4430,130,2000,"unknown","14:18:36",2824500
4430,130,800,"unknown","14:18:36",2822500
4430,130,4300,"unknown","14:18:36",2821700
4430,130,1700,"unknown","14:18:36",2817400
4440,140,5800,"sd","14:18:34",2815700
4440,140,500,"sd","14:18:34",2809900
4440,140,1000,"sd","14:18:34",2809400
4440,140,2200,"sd","14:18:34",2808400
4440,140,300,"sd","14:18:34",2806200
4440,140,700,"sd","14:18:27",2805900
4440,140,1300,"sd","14:18:27",2805200
4440,140,1100,"sd","14:18:20",2803900
4440,140,500,"sd","14:18:18",2802800
4440,140,100,"sd","14:18:14",2802300
4440,140,500,"bu","14:18:06",2802200
4440,140,2100,"sd","14:18:03",2801700
4440,140,500,"sd","14:18:03",2799600
4440,140,1900,"sd","14:18:03",2799100
4440,140,300,"sd","14:18:03",2797200
4440,140,2800,"sd","14:18:00",2796900
4440,140,5000,"sd","14:18:00",2794100
4440,140,2400,"sd","14:18:00",2789100
4440,140,500,"sd","14:17:58",2786700
4440,140,500,"sd","14:17:55",2786200
4440,140,2000,"sd","14:17:43",2785700
4450,150,200,"bu","14:17:35",2783700
4450,150,300,"bu","14:17:35",2783500
4450,150,500,"bu","14:17:09",2783200
4450,150,4200,"bu","14:17:07",2782700
4450,150,200,"bu","14:17:07",2778500
4450,150,600,"bu","14:17:07",2778300
4440,140,1000,"sd","14:17:02",2777700
4440,140,2000,"sd","14:17:00",2776700
4440,140,500,"sd","14:16:54",2774700
4450,150,9400,"bu","14:16:48",2774200
4450,150,600,"bu","14:16:48",2764800
4440,140,1100,"sd","14:16:40",2764200
4440,140,900,"sd","14:16:40",2763100
4450,150,200,"bu","14:16:19",2762200
4440,140,100,"sd","14:16:17",2762000
4450,150,100,"bu","14:16:13",2761900
4440,140,4000,"sd","14:16:10",2761800
4440,140,1000,"sd","14:16:10",2757800
4440,140,1000,"sd","14:16:06",2756800
4440,140,1000,"sd","14:16:06",2755800
4450,150,500,"bu","14:16:04",2754800
4450,150,3600,"bu","14:16:03",2754300
4450,150,300,"bu","14:16:03",2750700
4450,150,100,"bu","14:16:03",2750400
4450,150,1000,"bu","14:16:03",2750300
4440,140,1000,"sd","14:16:02",2749300
4440,140,1000,"sd","14:15:51",2748300
4450,150,600,"bu","14:15:51",2747300
4450,150,3400,"bu","14:15:49",2746700
4450,150,1000,"bu","14:15:49",2743300
4450,150,500,"bu","14:15:49",2742300
4450,150,400,"bu","14:15:49",2741800
4450,150,1700,"bu","14:15:49",2741400
4450,150,6100,"bu","14:15:46",2739700
4440,140,1000,"sd","14:15:44",2733600
4450,150,3000,"bu","14:15:42",2732600
4450,150,5000,"bu","14:15:36",2729600
4440,140,100,"sd","14:15:32",2724600
4450,150,4200,"bu","14:15:26",2724500
4450,150,500,"bu","14:15:26",2720300
4450,150,2000,"bu","14:15:26",2719800
4450,150,3300,"bu","14:15:26",2717800
4440,140,5000,"bu","14:15:25",2714500
4450,150,500,"bu","14:15:20",2709500
4450,150,1200,"bu","14:15:15",2709000
4450,150,100,"bu","14:15:15",2707800
4450,150,5000,"bu","14:15:15",2707700
4450,150,3700,"bu","14:15:15",2702700
4430,130,200,"sd","14:15:13",2699000
4450,150,1300,"bu","14:15:13",2698800
4450,150,1000,"bu","14:15:13",2697500
4450,150,700,"bu","14:15:13",2696500
4450,150,5000,"bu","14:15:03",2695800
4450,150,500,"bu","14:14:56",2690800
4450,150,13800,"bu","14:14:48",2690300
4450,150,100,"bu","14:14:48",2676500
4450,150,100,"bu","14:14:48",2676400
4450,150,2000,"bu","14:14:48",2676300
4450,150,30000,"bu","14:14:48",2674300
4450,150,200,"bu","14:14:48",2644300
4450,150,5000,"bu","14:14:48",2644100
4440,140,800,"sd","14:14:46",2639100
4440,140,1200,"sd","14:14:46",2638300
4440,140,3800,"bu","14:14:44",2637100
4440,140,500,"bu","14:14:37",2633300
4440,140,1000,"bu","14:14:37",2632800
4440,140,1500,"bu","14:14:37",2631800
4440,140,3000,"bu","14:14:37",2630300
4440,140,2000,"bu","14:14:28",2627300
4440,140,1000,"bu","14:14:28",2625300
4430,130,1000,"sd","14:14:28",2624300
4430,130,100,"sd","14:14:27",2623300
4430,130,2700,"sd","14:14:10",2623200
4430,130,100,"bu","14:14:09",2620500
4430,130,500,"bu","14:14:09",2620400
4430,130,200,"bu","14:14:09",2619900
4430,130,10400,"bu","14:14:09",2619700
4420,120,1500,"bu","14:14:09",2609300
4420,120,100,"bu","14:14:09",2607800
4420,120,1500,"bu","14:14:09",2607700
4420,120,200,"bu","14:14:08",2606200
4420,120,1300,"bu","14:13:56",2606000
4420,120,200,"bu","14:13:55",2604700
4420,120,1000,"bu","14:13:55",2604500
4410,110,6000,"sd","14:13:55",2603500
4410,110,500,"sd","14:13:55",2597500
4410,110,4000,"sd","14:13:55",2597000
4410,110,5000,"sd","14:13:55",2593000
4410,110,1000,"sd","14:13:55",2588000
4410,110,1000,"bu","14:13:45",2587000
4410,110,3000,"bu","14:13:45",2586000
4410,110,7900,"bu","14:13:45",2583000
4410,110,100,"bu","14:13:45",2575100
4410,110,2000,"bu","14:13:45",2575000
4410,110,2000,"bu","14:13:44",2573000
4400,100,1200,"sd","14:13:33",2571000
4400,100,1000,"sd","14:13:33",2569800
4400,100,100,"sd","14:13:33",2568800
4400,100,7000,"sd","14:13:33",2568700
4400,100,400,"sd","14:13:33",2561700
4400,100,100,"sd","14:13:33",2561300
4400,100,1000,"sd","14:13:33",2561200
4400,100,3000,"bu","14:13:33",2560200
4400,100,100,"bu","14:13:32",2557200
4400,100,200,"bu","14:13:32",2557100
4400,100,100,"bu","14:13:32",2556900
4400,100,10000,"bu","14:13:32",2556800
4400,100,5000,"bu","14:13:32",2546800
4400,100,1000,"bu","14:13:32",2541800
4400,100,3000,"bu","14:13:32",2540800
4400,100,200,"bu","14:13:32",2537800
4400,100,200,"bu","14:13:32",2537600
4400,100,2000,"bu","14:13:32",2537400
4400,100,10300,"bu","14:13:32",2535400
4400,100,100,"bu","14:13:32",2525100
4400,100,500,"bu","14:13:32",2525000
4400,100,1000,"bu","14:13:32",2524500
4400,100,8500,"bu","14:13:32",2523500
4400,100,11200,"bu","14:13:30",2515000
4400,100,6500,"bu","14:13:30",2503800
4400,100,400,"bu","14:13:30",2497300
4400,100,500,"bu","14:13:30",2496900
4400,100,1000,"bu","14:13:30",2496400
4400,100,2000,"bu","14:13:30",2495400
4400,100,1000,"bu","14:13:30",2493400
4400,100,7600,"bu","14:13:30",2492400
4400,100,2400,"bu","14:13:27",2484800
4400,100,100,"bu","14:13:27",2482400
4400,100,500,"bu","14:13:27",2482300
4400,100,100,"bu","14:13:27",2481800
4400,100,1900,"bu","14:13:27",2481700
4400,100,300,"bu","14:13:26",2479800
4400,100,4700,"bu","14:13:25",2479500
4400,100,3200,"bu","14:13:25",2474800
4400,100,5000,"bu","14:13:25",2471600
4400,100,1800,"bu","14:13:25",2466600
4400,100,10000,"bu","14:13:25",2464800
4400,100,1200,"bu","14:13:25",2454800
4400,100,2800,"bu","14:13:24",2453600
4400,100,500,"bu","14:13:24",2450800
4400,100,100,"bu","14:13:24",2450300
4400,100,1600,"bu","14:13:24",2450200
4400,100,700,"bu","14:13:22",2448600
4400,100,5000,"bu","14:13:22",2447900
4400,100,400,"bu","14:13:22",2442900
4400,100,20000,"bu","14:13:22",2442500
4400,100,3400,"bu","14:13:22",2422500
4400,100,500,"bu","14:13:22",2419100
4400,100,3000,"bu","14:13:21",2418600
4400,100,5000,"bu","14:13:21",2415600
4400,100,5000,"bu","14:13:17",2410600
4400,100,1600,"bu","14:13:14",2405600
4400,100,2000,"bu","14:13:14",2404000
4400,100,1500,"bu","14:13:14",2402000
4400,100,100,"bu","14:13:14",2400500
4400,100,100,"bu","14:13:14",2400400
4400,100,500,"bu","14:13:14",2400300
4400,100,200,"bu","14:13:14",2399800
4400,100,4000,"bu","14:13:14",2399600
4400,100,100,"bu","14:13:12",2395600
4400,100,1000,"bu","14:13:12",2395500
4400,100,5500,"bu","14:13:12",2394500
4400,100,6000,"bu","14:13:12",2389000
4400,100,11000,"bu","14:13:04",2383000
4400,100,3500,"bu","14:12:56",2372000
4400,100,4400,"bu","14:12:56",2368500
4400,100,2100,"bu","14:12:56",2364100
4400,100,2900,"bu","14:12:56",2362000
4400,100,300,"bu","14:12:56",2359100
4400,100,1200,"bu","14:12:56",2358800
4400,100,6000,"bu","14:12:56",2357600
4400,100,100,"bu","14:12:56",2351600
4400,100,1000,"bu","14:12:56",2351500
4400,100,1000,"bu","14:12:56",2350500
4400,100,16000,"bu","14:12:47",2349500
4400,100,2000,"bu","14:12:47",2333500
4400,100,2100,"bu","14:12:47",2331500
4400,100,2200,"bu","14:12:47",2329400
4400,100,1000,"bu","14:12:47",2327200
4400,100,2000,"bu","14:12:47",2326200
4400,100,5000,"bu","14:12:47",2324200
4400,100,100,"bu","14:12:47",2319200
4400,100,1400,"bu","14:12:47",2319100
4400,100,5000,"bu","14:12:47",2317700
4390,90,5500,"sd","14:12:15",2312700
4390,90,4500,"sd","14:12:15",2307200
4400,100,300,"bu","14:12:08",2302700
4400,100,100,"bu","14:12:08",2302400
4390,90,100,"sd","14:11:56",2302300
4390,90,100,"sd","14:11:54",2302200
4390,90,100,"sd","14:11:49",2302100
4390,90,1000,"bu","14:11:37",2302000
4390,90,4200,"bu","14:11:37",2301000
4390,90,700,"bu","14:11:35",2296800
4390,90,10700,"bu","14:11:31",2296100
4390,90,1000,"bu","14:11:31",2285400
4390,90,2000,"bu","14:11:31",2284400
4390,90,3000,"bu","14:11:29",2282400
4390,90,2000,"bu","14:11:29",2279400
4390,90,5000,"bu","14:11:28",2277400
4390,90,2200,"bu","14:11:27",2272400
4390,90,800,"bu","14:11:24",2270200
4390,90,4200,"bu","14:11:24",2269400
4390,90,2200,"bu","14:11:23",2265200
4380,80,4900,"sd","14:11:16",2263000
4390,90,1000,"bu","14:11:14",2258100
4390,90,200,"bu","14:11:11",2257100
4380,80,1300,"sd","14:11:11",2256900
4390,90,500,"bu","14:11:11",2255600
4390,90,10700,"bu","14:11:11",2255100
4390,90,2000,"bu","14:11:11",2244400
4390,90,5000,"bu","14:11:11",2242400
4390,90,2000,"bu","14:11:11",2237400
4390,90,600,"bu","14:11:11",2235400
4390,90,500,"bu","14:11:11",2234800
4390,90,2600,"bu","14:11:11",2234300
4390,90,2000,"bu","14:11:11",2231700
4390,90,200,"bu","14:11:11",2229700
4390,90,3000,"bu","14:11:11",2229500
4390,90,500,"bu","14:11:11",2226500
4390,90,300,"bu","14:11:11",2226000
4390,90,2000,"bu","14:11:11",2225700
4390,90,2000,"bu","14:11:11",2223700
4390,90,10700,"bu","14:11:11",2221700
4390,90,1000,"bu","14:11:11",2211000
4390,90,600,"bu","14:11:11",2210000
4390,90,4000,"bu","14:11:11",2209400
4390,90,8400,"bu","14:11:11",2205400
4390,90,100,"bu","14:11:11",2197000
4390,90,600,"bu","14:11:11",2196900
4390,90,2700,"bu","14:11:06",2196300
4380,80,100,"sd","14:10:48",2193600
4390,90,1600,"bu","14:10:42",2193500
4390,90,4400,"bu","14:10:17",2191900
4390,90,500,"bu","14:10:17",2187500
4390,90,100,"bu","14:10:17",2187000
4390,90,1000,"bu","14:09:53",2186900
4390,90,500,"bu","14:09:53",2185900
4390,90,5800,"bu","14:09:53",2185400
4390,90,100,"bu","14:09:53",2179600
4390,90,100,"bu","14:09:53",2179500
4390,90,3000,"bu","14:09:53",2179400
4380,80,8600,"sd","14:09:20",2176400
4390,90,200,"bu","14:09:12",2167800
4390,90,300,"bu","14:09:12",2167600
4380,80,100,"sd","14:08:45",2167300
4380,80,10000,"sd","14:08:45",2167200
4380,80,100,"bu","14:08:45",2157200
4380,80,400,"bu","14:08:45",2157100
4380,80,200,"bu","14:08:45",2156700
4380,80,1300,"bu","14:08:45",2156500
4380,80,100,"bu","14:08:45",2155200
4380,80,20000,"bu","14:08:45",2155100
4380,80,700,"bu","14:08:45",2135100
4380,80,2000,"bu","14:08:45",2134400
4380,80,10000,"bu","14:08:45",2132400
4380,80,9000,"bu","14:08:45",2122400
4380,80,1000,"bu","14:08:41",2113400
4370,70,900,"sd","14:08:03",2112400
4370,70,900,"sd","14:08:03",2111500
4370,70,3200,"sd","14:08:03",2110600
4370,70,12000,"bu","14:07:20",2107400
4370,70,3200,"bu","14:07:20",2095400
4370,70,900,"bu","14:07:20",2092200
4370,70,700,"bu","14:07:20",2091300
4370,70,1000,"bu","14:06:01",2090600
4360,60,8900,"bu","14:05:49",2089600
4360,60,1100,"bu","14:05:21",2080700
4350,50,300,"bu","14:03:36",2079600
4350,50,1200,"bu","14:03:36",2079300
4350,50,3000,"bu","14:03:36",2078100
4340,40,1000,"bu","14:02:31",2075100
4340,40,700,"bu","14:02:31",2074100
4340,40,200,"bu","14:02:25",2073400
4340,40,100,"bu","14:02:21",2073200
4340,40,100,"bu","14:02:21",2073100
4340,40,900,"bu","14:01:45",2073000
4340,40,4100,"bu","14:01:45",2072100
4330,30,5300,"sd","13:59:52",2068000
4330,30,1000,"sd","13:59:52",2062700
4330,30,2000,"sd","13:59:52",2061700
4330,30,200,"sd","13:59:52",2059700
4330,30,1000,"sd","13:59:52",2059500
4330,30,500,"sd","13:59:52",2058500
4330,30,1000,"bu","13:59:13",2058000
4330,30,1000,"bu","13:59:08",2057000
4330,30,2000,"bu","13:58:59",2056000
4330,30,300,"bu","13:58:47",2054000
4330,30,1700,"bu","13:58:29",2053700
4330,30,500,"bu","13:57:55",2052000
4330,30,3000,"bu","13:57:45",2051500
4330,30,1000,"bu","13:56:03",2048500
4330,30,5000,"bu","13:55:44",2047500
4330,30,500,"bu","13:55:33",2042500
4330,30,2000,"bu","13:54:46",2042000
4340,40,1500,"bu","13:54:33",2040000
4330,30,8500,"unknown","13:54:31",2038500
4340,40,1200,"bu","13:53:43",2030000
4340,40,700,"bu","13:53:35",2028800
4320,20,900,"unknown","13:53:19",2028100
4310,10,200,"sd","13:53:16",2027200
4320,20,100,"unknown","13:53:16",2027000
4310,10,200,"bu","13:53:09",2026900
4310,10,1000,"bu","13:53:09",2026700
4310,10,1000,"bu","13:53:03",2025700
4310,10,600,"bu","13:53:03",2024700
4310,10,5000,"bu","13:53:00",2024100
4310,10,600,"bu","13:53:00",2019100
4310,10,4100,"bu","13:52:58",2018500
4310,10,200,"bu","13:52:58",2014400
4310,10,200,"bu","13:52:57",2014200
4310,10,300,"bu","13:52:53",2014000
4310,10,100,"bu","13:52:52",2013700
4310,10,1000,"bu","13:52:49",2013600
4300,0,400,"sd","13:52:48",2012600
4300,0,2000,"sd","13:52:45",2012200
4300,0,500,"sd","13:52:44",2010200
4300,0,400,"sd","13:52:41",2009700
4300,0,5200,"sd","13:52:40",2009300
4310,10,500,"bu","13:52:37",2004100
4300,0,10000,"sd","13:52:37",2003600
4310,10,2000,"bu","13:52:33",1993600
4300,0,200,"bu","13:52:33",1991600
4300,0,600,"bu","13:52:30",1991400
4310,10,900,"bu","13:52:29",1990800
4300,0,100,"bu","13:52:29",1989900
4300,0,10000,"bu","13:52:27",1989800
4310,10,9000,"bu","13:52:26",1979800
4300,0,500,"bu","13:52:25",1970800
4300,0,1000,"sd","13:52:24",1970300
4300,0,1000,"sd","13:52:23",1969300
4310,10,200,"bu","13:52:22",1968300
4300,0,5000,"sd","13:52:22",1968100
4300,0,1300,"sd","13:52:21",1963100
4300,0,400,"sd","13:52:20",1961800
4310,10,1000,"bu","13:52:19",1961400
4300,0,5000,"sd","13:52:18",1960400
4300,0,1000,"sd","13:52:16",1955400
4310,10,500,"bu","13:52:16",1954400
4300,0,1000,"sd","13:52:15",1953900
4300,0,1000,"sd","13:52:13",1952900
4310,10,2000,"bu","13:52:12",1951900
4300,0,2000,"sd","13:52:11",1949900
4300,0,5000,"sd","13:52:09",1947900
4310,10,2000,"bu","13:52:08",1942900
4300,0,1000,"unknown","13:52:08",1940900
4300,0,9400,"unknown","13:52:08",1939900
4300,0,300,"unknown","13:52:05",1930500
4310,10,500,"bu","13:52:05",1930200
4300,0,500,"unknown","13:52:04",1929700
4300,0,600,"unknown","13:52:04",1929200
4300,0,200,"unknown","13:52:02",1928600
4300,0,100,"unknown","13:52:00",1928400
4300,0,1000,"unknown","13:51:58",1928300
4300,0,1600,"unknown","13:51:57",1927300
4300,0,1000,"unknown","13:51:54",1925700
4300,0,1000,"unknown","13:51:53",1924700
4320,20,24600,"bu","13:51:51",1923700
4300,0,6500,"unknown","13:51:51",1899100
4300,0,1000,"unknown","13:51:49",1892600
4320,20,3500,"bu","13:51:48",1891600
4300,0,100,"unknown","13:51:47",1888100
4300,0,10000,"unknown","13:51:46",1888000
4320,20,5000,"bu","13:51:44",1878000
4300,0,11700,"sd","13:51:43",1873000
4300,0,400,"sd","13:51:42",1861300
4320,20,1000,"bu","13:51:40",1860900
4300,0,5000,"sd","13:51:38",1859900
4320,20,1000,"bu","13:51:36",1854900
4300,0,2000,"sd","13:51:35",1853900
4320,20,2000,"bu","13:51:32",1851900
4310,10,500,"bu","13:51:31",1849900
4300,0,1000,"sd","13:51:30",1849400
4320,20,500,"bu","13:51:28",1848400
4310,10,1000,"sd","13:51:27",1847900
4320,20,2000,"bu","13:51:24",1846900
4310,10,500,"sd","13:51:23",1844900
4320,20,1500,"bu","13:51:21",1844400
4320,20,5000,"bu","13:51:17",1842900
4320,20,900,"bu","13:51:17",1837900
4320,20,2000,"bu","13:51:13",1837000
4330,30,2300,"bu","13:51:11",1835000
4320,20,3400,"bu","13:51:09",1832700
4330,30,1000,"bu","13:51:07",1829300
4320,20,8500,"unknown","13:51:06",1828300
4320,20,100,"sd","13:51:04",1819800
4320,20,1000,"sd","13:51:00",1819700
4320,20,600,"sd","13:50:57",1818700
4340,40,200,"bu","13:50:56",1818100
4330,30,5000,"sd","13:50:52",1817900
4330,30,1200,"sd","13:50:49",1812900
4330,30,1000,"sd","13:50:46",1811700
4330,30,1600,"sd","13:50:43",1810700
4330,30,100,"sd","13:50:40",1809100
4330,30,500,"sd","13:50:37",1809000
4330,30,4000,"sd","13:50:34",1808500
4330,30,100,"sd","13:50:27",1804500
4330,30,5000,"sd","13:50:24",1804400
4340,40,5000,"bu","13:50:06",1799400
4340,40,7300,"bu","13:50:05",1794400
4340,40,1000,"sd","13:49:34",1787100
4340,40,500,"sd","13:49:34",1786100
4340,40,900,"sd","13:49:34",1785600
4340,40,1000,"sd","13:49:34",1784700
4340,40,5100,"sd","13:49:34",1783700
4340,40,400,"sd","13:49:33",1778600
4340,40,2700,"sd","13:49:33",1778200
4340,40,5000,"sd","13:49:33",1775500
4340,40,500,"sd","13:49:32",1770500
4350,50,3000,"bu","13:49:08",1770000
4350,50,400,"bu","13:48:57",1767000
4350,50,200,"sd","13:48:53",1766600
4350,50,200,"sd","13:48:53",1766400
4350,50,9800,"sd","13:48:44",1766200
4350,50,10000,"sd","13:48:44",1756400
4350,50,1000,"sd","13:48:44",1746400
4350,50,1000,"sd","13:48:43",1745400
4350,50,10000,"sd","13:48:43",1744400
4350,50,5000,"sd","13:48:43",1734400
4350,50,200,"sd","13:48:43",1729400
4350,50,2000,"sd","13:48:43",1729200
4350,50,1000,"sd","13:48:43",1727200
4350,50,10000,"sd","13:48:43",1726200
4360,60,400,"sd","13:48:26",1716200
4360,60,300,"sd","13:48:26",1715800
4360,60,1000,"sd","13:48:26",1715500
4360,60,600,"sd","13:48:26",1714500
4360,60,1000,"sd","13:48:26",1713900
4360,60,800,"sd","13:47:08",1712900
4360,60,1000,"sd","13:45:28",1712100
4360,60,200,"sd","13:44:15",1711100
4360,60,200,"sd","13:44:03",1710900
4360,60,1200,"sd","13:43:42",1710700
4370,70,1500,"bu","13:43:42",1709500
4360,60,13100,"sd","13:43:39",1708000
4360,60,9900,"sd","13:43:39",1694900
4360,60,100,"sd","13:42:54",1685000
4370,70,100,"bu","13:42:27",1684900
4370,70,5000,"bu","13:42:27",1684800
4370,70,500,"bu","13:42:27",1679800
4370,70,600,"bu","13:42:27",1679300
4370,70,4500,"bu","13:42:27",1678700
4370,70,500,"bu","13:41:59",1674200
4370,70,200,"bu","13:41:59",1673700
4370,70,1800,"bu","13:41:47",1673500
4370,70,100,"bu","13:41:47",1671700
4370,70,200,"bu","13:41:47",1671600
4370,70,200,"bu","13:41:47",1671400
4370,70,800,"bu","13:39:48",1671200
4370,70,4200,"bu","13:39:47",1670400
4370,70,200,"bu","13:39:08",1666200
4360,60,2000,"bu","13:38:14",1666000
4360,60,3000,"bu","13:38:14",1664000
4360,60,1000,"bu","13:37:41",1661000
4360,60,1000,"bu","13:37:41",1660000
4360,60,3300,"bu","13:36:23",1659000
4360,60,1700,"bu","13:36:23",1655700
4360,60,1000,"bu","13:35:58",1654000
4360,60,1500,"bu","13:35:56",1653000
4360,60,1000,"sd","13:35:30",1651500
4360,60,2000,"sd","13:35:30",1650500
4360,60,2000,"sd","13:35:30",1648500
4360,60,2300,"sd","13:35:30",1646500
4360,60,700,"sd","13:35:29",1644200
4360,60,100,"sd","13:35:29",1643500
4360,60,4600,"sd","13:35:29",1643400
4360,60,2700,"sd","13:35:21",1638800
4360,60,500,"sd","13:35:21",1636100
4360,60,1300,"sd","13:35:21",1635600
4370,70,500,"bu","13:34:50",1634300
4370,70,100,"sd","13:32:01",1633800
4370,70,900,"sd","13:31:41",1633700
4370,70,2000,"sd","13:31:41",1632800
4370,70,500,"sd","13:31:41",1630800
4370,70,6600,"sd","13:31:41",1630300
4370,70,200,"sd","13:30:05",1623700
4370,70,20000,"sd","13:28:58",1623500
4380,80,100,"bu","13:28:57",1603500
4370,70,300,"sd","13:28:29",1603400
4370,70,4400,"bu","13:28:15",1603100
4370,70,2000,"bu","13:27:59",1598700
4370,70,2000,"bu","13:27:56",1596700
4370,70,500,"bu","13:27:41",1594700
4370,70,3000,"bu","13:27:41",1594200
4370,70,2000,"bu","13:27:30",1591200
4360,60,100,"sd","13:26:56",1589200
4380,80,3000,"sd","13:26:26",1589100
4380,80,15000,"sd","13:26:26",1586100
4380,80,800,"sd","13:26:26",1571100
4390,90,4800,"bu","13:26:16",1570300
4390,90,200,"bu","13:26:16",1565500
4380,80,2000,"sd","13:25:57",1565300
4380,80,20000,"sd","13:25:52",1563300
4380,80,5000,"sd","13:25:47",1543300
4380,80,8600,"sd","13:25:29",1538300
4380,80,100,"sd","13:25:20",1529700
4380,80,2000,"sd","13:24:52",1529600
4380,80,300,"sd","13:24:50",1527600
4380,80,200,"sd","13:24:50",1527300
4380,80,5000,"sd","13:24:50",1527100
4380,80,5000,"sd","13:24:50",1522100
4380,80,300,"sd","13:24:50",1517100
4380,80,500,"sd","13:24:49",1516800
4380,80,5000,"sd","13:24:49",1516300
4380,80,22700,"sd","13:24:49",1511300
4370,70,10000,"sd","13:24:49",1488600
4370,70,5000,"bu","13:24:49",1478600
4370,70,1000,"bu","13:24:49",1473600
4370,70,800,"bu","13:24:49",1472600
4370,70,100,"bu","13:24:44",1471800
4370,70,500,"bu","13:24:32",1471700
4370,70,500,"bu","13:22:15",1471200
4370,70,100,"bu","13:21:45",1470700
4370,70,100,"bu","13:21:45",1470600
4360,60,100,"sd","13:21:32",1470500
4360,60,1500,"bu","13:21:22",1470400
4360,60,200,"bu","13:21:21",1468900
4350,50,3000,"bu","13:19:56",1468700
4350,50,700,"bu","13:19:56",1465700
4340,40,1400,"sd","13:19:19",1465000
4340,40,1000,"sd","13:19:19",1463600
4340,40,100,"sd","13:19:19",1462600
4350,50,100,"bu","13:19:04",1462500
4340,40,1500,"bu","13:16:08",1462400
4330,30,1000,"sd","13:16:03",1460900
4330,30,1000,"sd","13:16:03",1459900
4340,40,3000,"bu","13:15:54",1458900
4340,40,500,"sd","13:15:54",1455900
4340,40,500,"sd","13:15:49",1455400
4340,40,500,"sd","13:15:49",1454900
4340,40,500,"sd","13:15:49",1454400
4340,40,100,"sd","13:15:49",1453900
4340,40,400,"sd","13:15:49",1453800
4340,40,100,"bu","13:11:36",1453400
4340,40,5000,"bu","13:09:40",1453300
4340,40,1600,"sd","13:09:23",1448300
4340,40,500,"sd","13:09:23",1446700
4340,40,200,"sd","13:09:23",1446200
4340,40,3000,"sd","13:09:23",1446000
4340,40,2700,"sd","13:09:23",1443000
4340,40,2300,"sd","13:08:50",1440300
4350,50,100,"sd","13:08:50",1438000
4350,50,200,"sd","13:08:50",1437900
4350,50,100,"sd","13:08:50",1437700
4350,50,4300,"sd","13:08:50",1437600
4350,50,400,"sd","13:08:48",1433300
4350,50,3600,"sd","13:08:29",1432900
4350,50,2000,"sd","13:08:29",1429300
4350,50,4400,"sd","13:08:29",1427300
4350,50,600,"sd","13:08:27",1422900
4350,50,400,"sd","13:08:27",1422300
4360,60,500,"bu","13:08:09",1421900
4360,60,1900,"sd","13:07:51",1421400
4360,60,100,"sd","13:07:51",1419500
4360,60,4100,"sd","13:07:33",1419400
4370,70,300,"bu","13:06:47",1415300
4370,70,700,"bu","13:06:47",1415000
4360,60,100,"sd","13:06:26",1414300
4360,60,100,"sd","13:05:29",1414200
4370,70,100,"sd","13:04:29",1414100
4370,70,1800,"sd","13:04:11",1414000
4370,70,900,"bu","13:03:56",1412200
4360,60,11500,"sd","13:03:54",1411300
4360,60,1000,"sd","13:03:54",1399800
4360,60,2000,"sd","13:03:54",1398800
4360,60,2000,"sd","13:03:54",1396800
4360,60,2200,"sd","13:03:54",1394800
4360,60,200,"sd","13:03:54",1392600
4360,60,5200,"sd","13:03:54",1392400
4360,60,3600,"sd","13:03:54",1387200
4360,60,300,"sd","13:03:54",1383600
4360,60,300,"sd","13:03:54",1383300
4360,60,1500,"sd","13:03:54",1383000
4360,60,500,"sd","13:03:54",1381500
4360,60,3000,"sd","13:03:54",1381000
4360,60,20000,"sd","13:03:54",1378000
4360,60,5700,"sd","13:03:53",1358000
4360,60,1000,"sd","13:03:53",1352300
4370,70,5000,"sd","13:03:25",1351300
4370,70,9700,"sd","13:03:25",1346300
4370,70,300,"sd","13:02:40",1336600
4370,70,10000,"sd","13:02:40",1336300
4370,70,500,"sd","13:02:29",1326300
4370,70,500,"sd","13:02:29",1325800
4380,80,1100,"bu","13:02:03",1325300
4380,80,2000,"bu","13:02:00",1324200
4380,80,300,"bu","13:01:57",1322200
4380,80,100,"bu","13:01:54",1321900
4380,80,100,"bu","13:01:50",1321800
4380,80,1100,"bu","13:01:46",1321700
4380,80,100,"bu","13:01:42",1320600
4380,80,100,"bu","13:01:40",1320500
4380,80,2200,"bu","13:01:38",1320400
4380,80,2100,"bu","13:01:36",1318200
4380,80,10000,"bu","13:01:33",1316100
4380,80,500,"bu","13:01:28",1306100
4380,80,100,"bu","13:01:23",1305600
4380,80,500,"bu","13:01:22",1305500
4380,80,400,"bu","13:01:17",1305000
4380,80,200,"bu","13:01:03",1304600
4380,80,200,"bu","13:00:57",1304400
4380,80,500,"bu","13:00:48",1304200
4380,80,100,"bu","13:00:46",1303700
4380,80,6000,"bu","13:00:25",1303600
4380,80,100,"bu","13:00:15",1297600
4380,80,1000,"bu","13:00:04",1297500
4380,80,4400,"bu","11:29:21",1296500
4380,80,3400,"bu","11:28:39",1292100
4370,70,300,"bu","11:28:39",1288700
4370,70,3000,"bu","11:28:39",1288400
4370,70,300,"bu","11:28:39",1285400
4380,80,6700,"sd","11:26:38",1285100
4380,80,100,"sd","11:26:34",1278400
4380,80,300,"sd","11:26:13",1278300
4380,80,5000,"sd","11:25:57",1278000
4380,80,500,"sd","11:25:57",1273000
4380,80,500,"sd","11:25:57",1272500
4380,80,10100,"sd","11:25:57",1272000
4380,80,100,"sd","11:25:57",1261900
4380,80,5700,"sd","11:25:57",1261800
4380,80,2000,"sd","11:25:57",1256100
4380,80,100,"sd","11:25:57",1254100
4380,80,100,"sd","11:25:57",1254000
4380,80,2000,"sd","11:25:57",1253900
4380,80,500,"sd","11:25:57",1251900
4380,80,5000,"sd","11:25:57",1251400
4380,80,4000,"sd","11:25:57",1246400
4380,80,200,"sd","11:25:57",1242400
4380,80,5000,"sd","11:25:57",1242200
4380,80,2000,"sd","11:25:57",1237200
4370,70,100,"sd","11:25:57",1235200
4370,70,2900,"bu","11:25:34",1235100
4370,70,100,"bu","11:25:34",1232200
4370,70,300,"bu","11:23:49",1232100
4370,70,300,"bu","11:23:43",1231800
4370,70,400,"bu","11:23:34",1231500
4370,70,100,"bu","11:23:34",1231100
4370,70,500,"bu","11:23:22",1231000
4370,70,2400,"bu","11:22:31",1230500
4370,70,600,"bu","11:22:31",1228100
4370,70,1400,"bu","11:22:26",1227500
4370,70,5000,"bu","11:22:26",1226100
4370,70,100,"bu","11:22:26",1221100
4370,70,1800,"bu","11:22:26",1221000
4370,70,200,"bu","11:22:26",1219200
4370,70,5000,"bu","11:22:26",1219000
4370,70,400,"bu","11:22:26",1214000
4370,70,200,"bu","11:21:32",1213600
4370,70,500,"bu","11:21:32",1213400
4370,70,100,"bu","11:21:32",1212900
4370,70,1000,"bu","11:21:32",1212800
4360,60,1000,"sd","11:21:22",1211800
4360,60,1000,"unknown","11:21:08",1210800
4360,60,1000,"bu","11:20:51",1209800
4360,60,5000,"sd","11:20:29",1208800
4360,60,4400,"unknown","11:19:37",1203800
4360,60,200,"sd","11:19:27",1199400
4360,60,1400,"sd","11:19:19",1199200
4360,60,4000,"bu","11:19:16",1197800
4360,60,1000,"bu","11:19:04",1193800
4360,60,4000,"sd","11:18:49",1192800
4360,60,4900,"sd","11:18:33",1188800
4360,60,32000,"sd","11:18:33",1183900
4360,60,4000,"sd","11:18:05",1151900
4360,60,16000,"sd","11:18:05",1147900
4360,60,4000,"bu","11:16:36",1131900
4360,60,600,"bu","11:16:36",1127900
4360,60,400,"bu","11:16:36",1127300
4360,60,30000,"bu","11:16:36",1126900
4360,60,500,"bu","11:16:36",1096900
4360,60,10000,"bu","11:16:36",1096400
4360,60,200,"bu","11:16:36",1086400
4360,60,5000,"bu","11:16:36",1086200
4350,50,100,"bu","11:15:28",1081200
4350,50,800,"sd","11:15:07",1081100
4350,50,200,"bu","11:14:54",1080300
4350,50,4800,"sd","11:14:16",1080100
4350,50,200,"bu","11:13:15",1075300
4350,50,4000,"sd","11:12:46",1075100
4350,50,5000,"sd","11:12:46",1071100
4350,50,200,"sd","11:12:46",1066100
4350,50,5600,"sd","11:12:46",1065900
4350,50,2400,"sd","11:11:08",1060300
4350,50,100,"sd","11:11:08",1057900
4350,50,500,"sd","11:11:08",1057800
4360,60,2700,"bu","11:10:42",1057300
4360,60,1000,"bu","11:10:42",1054600
4360,60,1300,"bu","11:10:42",1053600
4360,60,400,"bu","11:10:11",1052300
4360,60,100,"bu","11:09:43",1051900
4360,60,300,"bu","11:09:20",1051800
4360,60,15000,"bu","11:09:08",1051500
4350,50,18000,"bu","11:07:30",1036500
4350,50,200,"bu","11:06:57",1018500
4350,50,200,"sd","11:06:34",1018300
4350,50,1600,"sd","11:06:34",1018100
4350,50,100,"sd","11:04:55",1016500
4350,50,900,"sd","11:04:55",1016400
4350,50,100,"sd","11:03:38",1015500
4350,50,500,"sd","11:03:38",1015400
4350,50,900,"sd","11:03:38",1014900
4350,50,1100,"sd","11:03:12",1014000
4350,50,2000,"sd","11:02:44",1012900
4360,60,4000,"bu","11:02:29",1010900
4350,50,900,"sd","11:02:07",1006900
4350,50,1100,"sd","11:02:07",1006000
4350,50,1000,"sd","11:01:33",1004900
4360,60,5000,"bu","11:01:25",1003900
4350,50,16100,"sd","11:01:07",998900
4350,50,1000,"sd","11:00:44",982800
4360,60,3900,"bu","11:00:42",981800
4360,60,1000,"bu","11:00:42",977900
4360,60,1000,"bu","11:00:42",976900
4360,60,5000,"bu","11:00:42",975900
4360,60,1000,"bu","11:00:42",970900
4360,60,400,"bu","11:00:42",969900
4360,60,400,"bu","11:00:42",969500
4360,60,10100,"bu","11:00:42",969100
4350,50,4800,"sd","11:00:34",959000
4350,50,8700,"sd","11:00:34",954200
4360,60,8000,"bu","10:59:42",945500
4350,50,100,"bu","10:57:59",937500
4350,50,600,"bu","10:57:55",937400
4350,50,2400,"bu","10:57:55",936800
4340,40,100,"sd","10:57:36",934400
4340,40,3000,"sd","10:57:19",934300
4350,50,1700,"bu","10:57:16",931300
4350,50,2000,"bu","10:57:16",929600
4350,50,300,"bu","10:57:16",927600
4350,50,700,"bu","10:57:16",927300
4350,50,300,"bu","10:57:15",926600
4350,50,100,"bu","10:56:45",926300
4350,50,8400,"bu","10:56:02",926200
4350,50,1200,"bu","10:56:00",917800
4350,50,1000,"bu","10:56:00",916600
4350,50,500,"bu","10:56:00",915600
4350,50,2000,"bu","10:56:00",915100
4350,50,300,"bu","10:56:00",913100
4350,50,4000,"bu","10:55:56",912800
4350,50,5000,"bu","10:55:52",908800
4350,50,500,"bu","10:55:07",903800
4350,50,200,"bu","10:53:54",903300
4350,50,500,"bu","10:53:54",903100
4350,50,300,"bu","10:53:54",902600
4350,50,5000,"bu","10:53:40",902300
4340,40,1000,"bu","10:53:20",897300
4340,40,1000,"bu","10:53:20",896300
4340,40,35000,"bu","10:53:20",895300
4340,40,5000,"bu","10:53:20",860300
4340,40,2000,"bu","10:53:20",855300
4340,40,17500,"bu","10:53:20",853300
4330,30,18700,"bu","10:53:20",835800
4330,30,1300,"bu","10:52:33",817100
4330,30,5000,"bu","10:52:07",815800
4320,20,200,"sd","10:52:00",810800
4320,20,300,"sd","10:52:00",810600
4330,30,200,"bu","10:51:53",810300
4330,30,600,"bu","10:50:54",810100
4320,20,5000,"sd","10:50:44",809500
4330,30,1000,"bu","10:49:06",804500
4330,30,3000,"bu","10:49:01",803500
4330,30,200,"sd","10:48:55",800500
4330,30,800,"sd","10:48:50",800300
4330,30,1200,"sd","10:48:50",799500
4330,30,1000,"sd","10:48:32",798300
4330,30,600,"sd","10:48:32",797300
4330,30,2000,"sd","10:48:32",796700
4330,30,2000,"sd","10:48:32",794700
4330,30,3000,"sd","10:48:16",792700
4330,30,10000,"bu","10:46:34",789700
4330,30,5000,"bu","10:46:25",779700
4320,20,1000,"sd","10:46:17",774700
4340,40,2000,"bu","10:43:34",773700
4320,20,3700,"sd","10:43:29",771700
4320,20,1000,"sd","10:43:29",768000
4320,20,5000,"sd","10:43:29",767000
4320,20,10000,"sd","10:43:29",762000
4320,20,20100,"sd","10:43:29",752000
4330,30,2000,"sd","10:43:29",731900
4330,30,200,"sd","10:43:29",729900
4340,40,100,"bu","10:43:18",729700
4340,40,3000,"bu","10:43:00",729600
4330,30,200,"sd","10:42:43",726600
4330,30,100,"bu","10:42:42",726400
4320,20,1000,"sd","10:42:38",726300
4320,20,2000,"sd","10:42:28",725300
4320,20,1000,"sd","10:42:28",723300
4330,30,3000,"bu","10:42:20",722300
4320,20,1000,"sd","10:41:28",719300
4330,30,100,"unknown","10:40:20",718300
4330,30,300,"bu","10:39:52",718200
4330,30,300,"bu","10:39:52",717900
4330,30,1000,"sd","10:39:51",717600
4330,30,100,"sd","10:39:51",716600
4330,30,1000,"sd","10:39:51",716500
4340,40,1000,"bu","10:39:48",715500
4330,30,700,"sd","10:39:47",714500
4330,30,5000,"sd","10:39:47",713800
4330,30,1000,"sd","10:39:47",708800
4330,30,100,"sd","10:39:47",707800
4330,30,100,"sd","10:39:47",707700
4330,30,3500,"sd","10:39:47",707600
4340,40,400,"sd","10:38:59",704100
4340,40,1000,"sd","10:38:50",703700
4340,40,1000,"sd","10:38:41",702700
4340,40,200,"sd","10:38:27",701700
4340,40,100,"sd","10:37:54",701500
4340,40,2300,"bu","10:37:45",701400
4340,40,2100,"bu","10:37:40",699100
4340,40,2900,"bu","10:37:40",697000
4330,30,2000,"sd","10:37:10",694100
4330,30,4500,"sd","10:35:52",692100
4330,30,5000,"sd","10:35:52",687600
4330,30,500,"sd","10:35:52",682600
4340,40,2000,"sd","10:35:19",682100
4340,40,500,"sd","10:35:19",680100
4340,40,500,"sd","10:35:19",679600
4340,40,100,"sd","10:35:19",679100
4340,40,1000,"sd","10:35:19",679000
4340,40,400,"sd","10:35:19",678000
4340,40,300,"sd","10:35:19",677600
4340,40,10000,"sd","10:35:19",677300
4340,40,1100,"sd","10:35:19",667300
4340,40,3900,"sd","10:34:37",666200
4340,40,6100,"sd","10:34:37",662300
4350,50,400,"bu","10:33:34",656200
4340,40,100,"sd","10:33:11",655800
4350,50,5000,"bu","10:32:49",655700
4350,50,1000,"bu","10:31:36",650700
4340,40,1000,"sd","10:31:29",649700
4340,40,2600,"sd","10:30:08",648700
4350,50,500,"sd","10:29:55",646100
4350,50,500,"sd","10:29:38",645600
4350,50,2000,"sd","10:29:38",645100
4350,50,500,"sd","10:29:38",643100
4350,50,5000,"sd","10:29:38",642600
4350,50,2700,"sd","10:29:38",637600
4350,50,800,"sd","10:29:38",634900
4350,50,1800,"sd","10:29:38",634100
4350,50,300,"sd","10:29:38",632300
4350,50,400,"sd","10:29:38",632000
4350,50,3000,"sd","10:29:38",631600
4350,50,1000,"sd","10:29:38",628600
4350,50,1000,"sd","10:29:38",627600
4350,50,1000,"sd","10:29:38",626600
4350,50,2000,"sd","10:29:27",625600
4350,50,3000,"sd","10:29:27",623600
4350,50,2000,"sd","10:29:24",620600
4350,50,500,"sd","10:29:24",618600
4350,50,1500,"sd","10:29:24",618100
4350,50,500,"sd","10:28:57",616600
4350,50,1300,"sd","10:28:57",616100
4350,50,200,"sd","10:28:44",614800
4360,60,1200,"bu","10:28:19",614600
4360,60,2000,"bu","10:26:53",613400
4360,60,8700,"bu","10:26:51",611400
4360,60,1300,"bu","10:26:51",602700
4360,60,200,"sd","10:25:46",601400
4360,60,2000,"sd","10:25:46",601200
4360,60,1000,"sd","10:25:46",599200
4360,60,500,"sd","10:25:46",598200
4360,60,500,"sd","10:24:52",597700
4360,60,1800,"sd","10:24:52",597200
4360,60,200,"sd","10:24:52",595400
4360,60,600,"sd","10:24:40",595200
4360,60,2000,"sd","10:24:40",594600
4360,60,100,"sd","10:24:40",592600
4360,60,300,"sd","10:24:40",592500
4360,60,200,"sd","10:24:36",592200
4360,60,800,"sd","10:24:36",592000
4360,60,5000,"sd","10:24:04",591200
4360,60,5000,"sd","10:23:54",586200
4360,60,2000,"sd","10:23:32",581200
4360,60,500,"sd","10:22:08",579200
4360,60,100,"bu","10:21:50",578700
4360,60,700,"bu","10:21:26",578600
4360,60,200,"bu","10:21:02",577900
4360,60,1000,"bu","10:21:01",577700
4360,60,500,"bu","10:20:39",576700
4360,60,600,"bu","10:20:26",576200
4360,60,2000,"bu","10:19:40",575600
4360,60,1000,"sd","10:19:07",573600
4360,60,900,"sd","10:19:07",572600
4360,60,200,"sd","10:18:22",571700
4360,60,900,"bu","10:17:45",571500
4350,50,900,"sd","10:17:20",570600
4350,50,500,"sd","10:17:20",569700
4360,60,1700,"sd","10:15:43",569200
4360,60,1000,"sd","10:15:43",567500
4360,60,1000,"sd","10:15:43",566500
4360,60,3400,"sd","10:15:43",565500
4360,60,1000,"sd","10:15:43",562100
4360,60,4000,"sd","10:15:43",561100
4360,60,2000,"sd","10:15:43",557100
4360,60,1000,"sd","10:15:04",555100
4360,60,100,"sd","10:14:47",554100
4360,60,1000,"sd","10:14:21",554000
4360,60,100,"sd","10:13:34",553000
4360,60,5000,"sd","10:13:18",552900
4360,60,500,"bu","10:12:27",547900
4360,60,300,"bu","10:12:27",547400
4360,60,700,"sd","10:12:00",547100
4360,60,1000,"sd","10:11:38",546400
4360,60,900,"bu","10:11:32",545400
4360,60,100,"bu","10:11:32",544500
4360,60,1000,"bu","10:11:32",544400
4360,60,700,"bu","10:11:32",543400
4360,60,600,"bu","10:11:32",542700
4360,60,1400,"bu","10:11:04",542100
4360,60,2000,"bu","10:11:04",540700
4360,60,1600,"bu","10:11:04",538700
4360,60,1400,"bu","10:10:17",537100
4360,60,500,"bu","10:10:17",535700
4360,60,100,"bu","10:10:17",535200
4360,60,100,"bu","10:10:17",535100
4360,60,7600,"bu","10:10:17",535000
4360,60,300,"bu","10:10:17",527400
4360,60,4700,"bu","10:09:14",527100
4360,60,5000,"bu","10:09:14",522400
4360,60,2200,"bu","10:09:14",517400
4360,60,5000,"bu","10:07:26",515200
4360,60,1000,"bu","10:06:49",510200
4350,50,1900,"bu","10:06:49",509200
4350,50,1100,"bu","10:06:48",507300
4350,50,100,"bu","10:06:48",506200
4350,50,500,"bu","10:06:48",506100
4350,50,200,"bu","10:06:48",505600
4350,50,3100,"bu","10:06:48",505400
4350,50,500,"bu","10:06:38",502300
4350,50,500,"bu","10:06:22",501800
4350,50,5000,"bu","10:06:18",501300
4350,50,900,"bu","10:06:09",496300
4350,50,2000,"bu","10:06:09",495400
4350,50,4000,"bu","10:06:09",493400
4350,50,2000,"bu","10:06:09",489400
4350,50,1100,"bu","10:06:09",487400
4350,50,1000,"bu","10:05:49",486300
4350,50,400,"bu","10:05:33",485300
4350,50,100,"bu","10:04:55",484900
4350,50,100,"bu","10:04:51",484800
4350,50,300,"bu","10:04:46",484700
4350,50,200,"bu","10:04:46",484400
4350,50,100,"bu","10:04:42",484200
4350,50,700,"bu","10:04:39",484100
4350,50,300,"bu","10:04:39",483400
4350,50,1800,"bu","10:04:11",483100
4350,50,900,"bu","10:04:04",481300
4350,50,3800,"bu","10:04:04",480400
4350,50,200,"bu","10:04:04",476600
4350,50,10000,"bu","10:04:04",476400
4350,50,200,"bu","10:04:04",466400
4350,50,1000,"bu","10:04:04",466200
4350,50,1000,"bu","10:04:04",465200
4350,50,100,"bu","10:04:04",464200
4350,50,5000,"bu","10:04:04",464100
4350,50,1000,"bu","10:04:04",459100
4350,50,4800,"bu","10:04:04",458100
4350,50,2000,"bu","10:03:57",453300
4350,50,3200,"bu","10:02:57",451300
4350,50,1000,"bu","10:02:57",448100
4350,50,800,"bu","10:02:57",447100
4340,40,200,"sd","10:02:37",446300
4340,40,800,"sd","10:02:37",446100
4340,40,200,"sd","10:02:26",445300
4340,40,700,"sd","10:02:26",445100
4350,50,200,"bu","10:02:21",444400
4350,50,400,"bu","10:02:21",444200
4350,50,900,"bu","10:01:20",443800
4350,50,500,"bu","10:01:08",442900
4340,40,300,"sd","09:59:35",442400
4340,40,300,"sd","09:59:35",442100
4350,50,700,"bu","09:59:30",441800
4340,40,200,"sd","09:59:03",441100
4340,40,200,"sd","09:57:13",440900
4340,40,4600,"bu","09:56:29",440700
4340,40,5400,"bu","09:56:21",436100
4340,40,2900,"bu","09:56:21",430700
4340,40,1700,"bu","09:56:21",427800
4340,40,100,"bu","09:55:47",426100
4340,40,300,"bu","09:55:09",426000
4340,40,500,"bu","09:54:58",425700
4340,40,1400,"bu","09:54:42",425200
4340,40,600,"bu","09:54:42",423800
4340,40,1200,"bu","09:54:41",423200
4340,40,300,"bu","09:54:32",422000
4340,40,3900,"bu","09:54:32",421700
4340,40,1000,"bu","09:54:26",417800
4330,30,500,"sd","09:54:24",416800
4340,40,2300,"bu","09:54:19",416300
4340,40,100,"bu","09:54:11",414000
4340,40,200,"bu","09:54:02",413900
4340,40,2500,"sd","09:53:56",413700
4340,40,400,"bu","09:53:54",411200
4340,40,200,"bu","09:53:42",410800
4340,40,200,"unknown","09:53:42",410600
4340,40,2200,"sd","09:53:42",410400
4350,50,14500,"bu","09:53:26",408200
4350,50,300,"bu","09:53:26",393700
4350,50,100,"bu","09:53:26",393400
4350,50,100,"bu","09:53:26",393300
4340,40,4800,"bu","09:53:16",393200
4340,40,5000,"bu","09:53:11",388400
4340,40,200,"bu","09:52:45",383400
4330,30,1000,"sd","09:52:41",383200
4340,40,3900,"sd","09:51:56",382200
4340,40,3000,"sd","09:51:56",378300
4340,40,1000,"sd","09:51:39",375300
4340,40,500,"sd","09:51:39",374300
4340,40,2000,"sd","09:51:39",373800
4340,40,100,"sd","09:51:39",371800
4340,40,400,"sd","09:51:39",371700
4340,40,700,"bu","09:50:41",371300
4340,40,5000,"bu","09:50:41",370600
4340,40,3900,"bu","09:50:41",365600
4340,40,100,"bu","09:50:38",361700
4340,40,100,"bu","09:50:38",361600
4340,40,400,"bu","09:50:07",361500
4330,30,2000,"bu","09:50:07",361100
4330,30,200,"bu","09:50:07",359100
4330,30,500,"bu","09:49:14",358900
4330,30,5000,"bu","09:49:08",358400
4320,20,100,"bu","09:48:57",353400
4320,20,1000,"bu","09:48:46",353300
4310,10,500,"sd","09:48:16",352300
4310,10,900,"sd","09:48:16",351800
4310,10,100,"sd","09:48:16",350900
4310,10,500,"sd","09:48:16",350800
4320,20,5000,"bu","09:48:07",350300
4310,10,4500,"sd","09:47:22",345300
4310,10,200,"sd","09:47:22",340800
4310,10,300,"sd","09:47:22",340600
4320,20,200,"bu","09:47:15",340300
4320,20,500,"bu","09:47:02",340100
4310,10,800,"sd","09:46:45",339600
4320,20,1000,"bu","09:46:40",338800
4320,20,600,"bu","09:46:16",337800
4320,20,5000,"sd","09:45:56",337200
4320,20,1000,"sd","09:45:56",332200
4320,20,2000,"sd","09:45:56",331200
4320,20,100,"sd","09:45:56",329200
4320,20,800,"sd","09:45:56",329100
4320,20,1000,"sd","09:45:56",328300
4320,20,100,"sd","09:45:36",327300
4320,20,100,"sd","09:45:36",327200
4330,30,100,"bu","09:45:28",327100
4320,20,400,"sd","09:44:42",327000
4320,20,1500,"bu","09:44:41",326600
4320,20,500,"sd","09:44:23",325100
4320,20,1000,"bu","09:44:05",324600
4320,20,200,"bu","09:44:05",323600
4320,20,300,"bu","09:44:05",323400
4320,20,1000,"bu","09:43:57",323100
4320,20,200,"bu","09:43:15",322100
4320,20,1000,"bu","09:43:15",321900
4320,20,2200,"sd","09:43:15",320900
4320,20,300,"sd","09:43:15",318700
4320,20,2000,"sd","09:43:15",318400
4320,20,2000,"sd","09:43:15",316400
4320,20,1000,"sd","09:43:15",314400
4330,30,100,"sd","09:42:09",313400
4330,30,100,"sd","09:42:09",313300
4330,30,400,"sd","09:42:09",313200
4330,30,500,"sd","09:42:01",312800
4330,30,2200,"sd","09:41:50",312300
4340,40,1000,"bu","09:41:40",310100
4340,40,2000,"bu","09:41:34",309100
4340,40,1500,"bu","09:41:19",307100
4340,40,500,"bu","09:41:19",305600
4340,40,500,"sd","09:41:03",305100
4340,40,1700,"bu","09:40:55",304600
4340,40,1700,"bu","09:40:52",302900
4340,40,1000,"bu","09:40:45",301200
4330,30,1200,"sd","09:39:50",300200
4330,30,300,"sd","09:39:50",299000
4340,40,2600,"bu","09:39:48",298700
4340,40,3000,"bu","09:39:48",296100
4340,40,4400,"bu","09:39:48",293100
4340,40,100,"sd","09:37:59",288700
4340,40,100,"sd","09:37:59",288600
4340,40,1900,"sd","09:37:59",288500
4340,40,1500,"sd","09:37:59",286600
4340,40,2500,"sd","09:37:44",285100
4340,40,100,"sd","09:37:31",282600
4350,50,2600,"bu","09:36:39",282500
4350,50,3400,"bu","09:36:39",279900
4340,40,1000,"sd","09:36:38",276500
4350,50,100,"bu","09:36:27",275500
4350,50,100,"bu","09:34:44",275400
4350,50,1400,"sd","09:34:32",275300
4350,50,3600,"sd","09:34:09",273900
4350,50,400,"sd","09:34:09",270300
4350,50,3000,"sd","09:34:09",269900
4350,50,9600,"sd","09:31:32",266900
4350,50,5400,"sd","09:31:32",257300
4350,50,4600,"bu","09:31:27",251900
4350,50,5000,"bu","09:31:20",247300
4350,50,400,"sd","09:31:06",242300
4370,70,1800,"sd","09:30:58",241900
4370,70,10000,"bu","09:30:57",240100
4370,70,200,"bu","09:30:57",230100
4370,70,2000,"bu","09:30:57",229900
4370,70,100,"bu","09:30:57",227900
4370,70,900,"bu","09:30:57",227800
4370,70,1000,"bu","09:30:57",226900
4370,70,4500,"bu","09:30:57",225900
4370,70,7300,"bu","09:30:57",221400
4360,60,2200,"bu","09:30:57",214100
4350,50,100,"sd","09:30:45",211900
4350,50,100,"sd","09:30:45",211800
4360,60,2800,"bu","09:30:05",211700
4360,60,2000,"bu","09:30:05",208900
4360,60,200,"bu","09:30:05",206900
4360,60,5000,"bu","09:29:59",206700
4360,60,9800,"bu","09:29:52",201700
4360,60,200,"bu","09:29:52",191900
4350,50,100,"bu","09:29:42",191700
4350,50,2000,"bu","09:29:42",191600
4350,50,500,"bu","09:29:42",189600
4350,50,1900,"bu","09:29:10",189100
4350,50,1100,"bu","09:29:10",187200
4350,50,10000,"bu","09:28:59",186100
4350,50,8900,"bu","09:28:34",176100
4350,50,1100,"bu","09:28:34",167200
4350,50,500,"bu","09:28:18",166100
4350,50,200,"bu","09:26:30",165600
4350,50,200,"bu","09:26:27",165400
4350,50,3000,"sd","09:25:50",165200
4350,50,2000,"sd","09:25:50",162200
4350,50,1000,"sd","09:25:50",160200
4360,60,1800,"sd","09:24:23",159200
4370,70,500,"bu","09:24:01",157400
4350,50,200,"bu","09:23:58",156900
4350,50,2000,"unknown","09:23:54",156700
4350,50,12700,"sd","09:23:54",154700
4350,50,5000,"sd","09:23:54",142000
4350,50,7800,"sd","09:23:54",137000
4350,50,10000,"sd","09:23:54",129200
4350,50,2300,"sd","09:23:54",119200
4370,70,1800,"bu","09:23:39",116900
4360,60,5000,"sd","09:23:33",115100
4360,60,3000,"sd","09:23:33",110100
4360,60,1000,"sd","09:23:33",107100
4360,60,1000,"sd","09:23:33",106100
4370,70,100,"bu","09:23:28",105100
4370,70,300,"bu","09:23:03",105000
4370,70,400,"bu","09:23:03",104700
4370,70,300,"bu","09:23:03",104300
4370,70,200,"bu","09:22:53",104000
4370,70,4400,"bu","09:21:19",103800
4370,70,600,"bu","09:21:19",99400
4370,70,2300,"sd","09:20:35",98800
4370,70,100,"sd","09:20:35",96500
4370,70,2000,"sd","09:20:35",96400
4380,80,3000,"bu","09:20:17",94400
4390,90,100,"bu","09:20:05",91400
4380,80,1900,"bu","09:20:04",91300
4380,80,100,"bu","09:20:02",89400
4380,80,100,"bu","09:19:52",89300
4380,80,500,"sd","09:19:19",89200
4380,80,100,"sd","09:19:19",88700
4380,80,500,"sd","09:19:19",88600
4380,80,1800,"sd","09:19:19",88100
4380,80,5000,"sd","09:19:09",86300
4380,80,5000,"sd","09:18:54",81300
4390,90,400,"bu","09:18:53",76300
4390,90,100,"bu","09:18:26",75900
4390,90,100,"bu","09:18:26",75800
4390,90,400,"bu","09:18:23",75700
4380,80,11700,"sd","09:18:15",75300
4380,80,10000,"sd","09:18:15",63600
4380,80,10000,"sd","09:18:15",53600
4370,70,300,"sd","09:18:15",43600
4370,70,100,"sd","09:18:15",43300
4370,70,4100,"sd","09:18:15",43200
4370,70,2000,"bu","09:17:55",39100
4370,70,300,"bu","09:17:44",37100
4370,70,10000,"bu","09:17:44",36800
4350,50,300,"sd","09:17:17",26800
4350,50,300,"bu","09:16:33",26500
4350,50,100,"bu","09:16:33",26200
4340,40,7600,"bu","09:16:17",26100
4330,30,9800,"bu","09:16:05",18500
4330,30,100,"bu","09:15:58",8700
4330,30,100,"bu","09:15:39",8600
4310,10,8500,"sd","09:15:02",8500
