"price","change","match_qtty","side","time","total_vol"
11750,50,19000,"unknown","14:45:02",398800
11700,0,1600,"bu","14:21:20",379800
11700,0,300,"bu","14:19:29",378200
11700,0,5600,"bu","14:19:29",377900
11700,0,200,"sd","14:14:35",372300
11700,0,800,"sd","14:14:35",372100
11700,0,100,"sd","14:12:41",371300
11700,0,1100,"sd","14:12:23",371200
11700,0,400,"sd","14:12:23",370100
11700,0,300,"sd","14:07:12",369700
11700,0,100,"sd","14:06:51",369400
11700,0,300,"sd","14:05:41",369300
11700,0,300,"sd","14:03:59",369000
11700,0,100,"sd","14:03:34",368700
11700,0,13500,"bu","14:02:16",368600
11600,-100,2200,"sd","13:44:30",355100
11650,-50,1000,"sd","13:44:30",352900
11650,-50,200,"bu","13:32:33",351900
11600,-100,10000,"sd","13:20:58",351700
11700,0,500,"sd","13:18:58",341700
11700,0,1200,"sd","13:18:58",341200
11700,0,300,"sd","13:17:39",340000
11700,0,200,"sd","13:17:39",339700
11750,50,700,"bu","13:16:12",339500
11750,50,300,"bu","13:16:12",338800
11750,50,700,"sd","13:08:49",338500
11800,100,600,"bu","13:00:16",337800
11800,100,400,"bu","13:00:16",337200
11750,50,300,"bu","13:00:16",336800
11800,100,20800,"bu","11:05:52",336500
11750,50,100,"bu","11:05:52",315700
11750,50,2000,"bu","11:05:52",315600
11750,50,300,"bu","11:05:52",313600
11750,50,10000,"bu","11:05:52",313300
11750,50,500,"bu","11:05:52",303300
11750,50,100,"bu","11:05:52",302800
11750,50,1000,"bu","11:05:52",302700
11750,50,10000,"bu","11:05:52",301700
11700,0,200,"bu","11:05:52",291700
11550,-150,44300,"bu","11:04:38",291500
11550,-150,26500,"sd","11:04:36",247200
11550,-150,1000,"sd","11:04:36",220700
11550,-150,1800,"sd","11:04:36",219700
11550,-150,10000,"sd","11:04:36",217900
11550,-150,500,"sd","11:04:36",207900
11550,-150,3900,"sd","11:04:36",207400
11700,0,100,"bu","11:03:00",203500
11700,0,300,"bu","11:03:00",203400
11550,-150,1100,"sd","11:00:32",203100
11550,-150,5000,"sd","11:00:32",202000
11600,-100,2000,"sd","11:00:32",197000
11600,-100,500,"sd","11:00:32",195000
11600,-100,500,"sd","11:00:32",194500
11600,-100,15000,"sd","11:00:32",194000
11600,-100,100,"sd","11:00:32",179000
11600,-100,100,"sd","11:00:32",178900
11600,-100,100,"sd","11:00:32",178800
11600,-100,100,"sd","11:00:32",178700
11650,-50,1500,"sd","11:00:32",178600
11650,-50,200,"sd","11:00:32",177100
11650,-50,100,"sd","11:00:32",176900
11650,-50,200,"sd","11:00:32",176800
11700,0,4200,"bu","10:57:19",176600
11700,0,500,"bu","10:57:18",172400
11700,0,1300,"bu","10:57:18",171900
11700,0,500,"bu","10:47:57",170600
11650,-50,400,"bu","10:39:01",170100
11650,-50,100,"sd","10:37:32",169700
11650,-50,200,"sd","10:29:31",169600
11650,-50,200,"sd","10:28:38",169400
11650,-50,100,"sd","10:20:24",169200
11700,0,1000,"sd","10:06:01",169100
11700,0,1000,"sd","10:06:01",168100
11700,0,100,"sd","10:03:35",167100
11750,50,600,"bu","09:59:56",167000
11700,0,400,"sd","09:59:19",166400
11700,0,3500,"sd","09:57:54",166000
11700,0,35000,"sd","09:57:15",162500
11750,50,9400,"bu","09:54:45",127500
11750,50,15100,"bu","09:54:45",118100
11750,50,100,"bu","09:54:23",103000
11700,0,800,"bu","09:54:19",102900
11700,0,100,"bu","09:54:19",102100
11700,0,400,"bu","09:54:19",102000
11700,0,1200,"bu","09:54:19",101600
11700,0,1000,"bu","09:54:19",100400
11650,-50,500,"bu","09:54:19",99400
11600,-100,700,"bu","09:53:22",98900
11600,-100,9200,"bu","09:53:22",98200
11600,-100,800,"bu","09:41:57",89000
11600,-100,100,"bu","09:41:57",88200
11600,-100,6100,"bu","09:41:57",88100
11600,-100,200,"bu","09:40:09",82000
11600,-100,200,"bu","09:39:00",81800
11600,-100,100,"bu","09:34:11",81600
11600,-100,1100,"bu","09:31:00",81500
11600,-100,400,"bu","09:30:34",80400
11400,-300,400,"bu","09:28:28",80000
11400,-300,100,"bu","09:28:23",79600
11400,-300,100,"bu","09:28:19",79500
11400,-300,400,"bu","09:28:13",79400
11400,-300,500,"bu","09:28:08",79000
11400,-300,1000,"bu","09:27:38",78500
11400,-300,100,"bu","09:27:29",77500
11400,-300,100,"sd","09:27:28",77400
11400,-300,4500,"sd","09:27:28",77300
11450,-250,100,"sd","09:27:28",72800
11450,-250,3000,"sd","09:27:28",72700
11450,-250,4500,"sd","09:27:28",69700
11450,-250,5000,"sd","09:27:28",65200
11450,-250,7400,"sd","09:27:28",60200
11500,-200,500,"sd","09:27:28",52800
11500,-200,100,"sd","09:27:28",52300
11500,-200,2200,"sd","09:27:28",52200
11500,-200,4600,"sd","09:26:30",50000
11500,-200,300,"sd","09:26:30",45400
11500,-200,1000,"sd","09:26:30",45100
11500,-200,500,"sd","09:26:30",44100
11500,-200,1000,"sd","09:26:30",43600
11500,-200,100,"sd","09:26:30",42600
11500,-200,100,"sd","09:26:30",42500
11500,-200,5000,"sd","09:26:30",42400
11500,-200,700,"sd","09:26:30",37400
11500,-200,6600,"sd","09:26:30",36700
11550,-150,3000,"sd","09:26:30",30100
11550,-150,100,"sd","09:26:30",27100
11550,-150,1000,"sd","09:26:30",27000
11550,-150,100,"sd","09:26:30",26000
11550,-150,5000,"sd","09:26:30",25900
11550,-150,2100,"sd","09:26:30",20900
11550,-150,5600,"sd","09:26:30",18800
11600,-100,2800,"sd","09:26:30",13200
11600,-100,100,"sd","09:26:30",10400
11600,-100,5000,"sd","09:26:30",10300
11600,-100,100,"sd","09:26:30",5300
11600,-100,5200,"sd","09:26:30",5200
