"price","change","match_qtty","side","time","total_vol"
47000,-700,800,"bu","14:44:59",92000
46300,-1400,100,"sd","14:19:22",91200
46300,-1400,17500,"sd","14:19:22",91100
46350,-1350,100,"sd","14:19:22",73600
46350,-1350,100,"sd","14:19:22",73500
46350,-1350,100,"sd","14:19:22",73400
46400,-1300,100,"sd","14:19:22",73300
46500,-1200,100,"sd","14:00:20",73200
46550,-1150,1000,"bu","13:55:23",73100
46500,-1200,1300,"bu","13:55:02",72100
46500,-1200,700,"bu","13:49:44",70800
46350,-1350,100,"sd","13:48:24",70100
46350,-1350,100,"sd","13:48:24",70000
46350,-1350,100,"sd","13:48:24",69900
46350,-1350,200,"sd","13:48:24",69800
46350,-1350,100,"sd","13:48:24",69600
46300,-1400,2500,"sd","13:48:24",69500
46350,-1350,100,"sd","13:48:24",67000
46350,-1350,200,"sd","13:48:24",66900
46350,-1350,100,"sd","13:48:24",66700
46350,-1350,100,"sd","13:48:24",66600
46350,-1350,100,"sd","13:48:24",66500
46350,-1350,100,"sd","13:48:24",66400
46350,-1350,100,"sd","13:48:24",66300
46350,-1350,100,"sd","13:48:24",66200
46400,-1300,100,"sd","13:44:23",66100
46350,-1350,100,"sd","13:43:42",66000
46350,-1350,100,"sd","13:43:38",65900
46350,-1350,200,"sd","13:43:27",65800
46350,-1350,200,"sd","13:42:41",65600
46350,-1350,100,"sd","13:42:33",65400
46350,-1350,100,"sd","13:42:33",65300
46400,-1300,100,"sd","13:42:05",65200
46350,-1350,100,"sd","13:42:05",65100
46400,-1300,100,"sd","13:41:41",65000
46400,-1300,400,"sd","13:41:31",64900
46500,-1200,3300,"sd","13:40:47",64500
46400,-1300,2700,"sd","13:40:32",61200
46450,-1250,100,"sd","13:39:33",56000
46400,-1300,2500,"sd","13:39:33",58500
46500,-1200,300,"sd","13:39:33",55900
46500,-1200,100,"sd","13:39:33",55600
46550,-1150,600,"sd","13:37:36",55500
46550,-1150,100,"sd","13:37:36",54900
46500,-1200,200,"sd","13:33:06",54800
46600,-1100,200,"sd","13:32:16",54600
46650,-1050,100,"sd","13:32:16",54400
46600,-1100,5000,"sd","13:21:07",54300
46600,-1100,15000,"bu","13:20:24",49300
46600,-1100,15000,"sd","13:18:59",34300
46600,-1100,200,"bu","13:18:45",19300
46600,-1100,4800,"bu","13:18:45",19100
46300,-1400,100,"sd","13:16:01",14300
46500,-1200,100,"sd","13:15:26",14200
46500,-1200,100,"sd","13:15:19",14100
46500,-1200,100,"sd","13:15:05",14000
46500,-1200,100,"sd","13:14:58",13900
46500,-1200,100,"sd","13:14:52",13800
46500,-1200,100,"sd","13:14:44",13700
46600,-1100,2000,"bu","13:14:12",13600
46500,-1200,700,"sd","13:06:54",11600
46500,-1200,800,"sd","13:06:54",10900
46600,-1100,100,"bu","13:04:39",10100
46550,-1150,100,"sd","13:00:09",10000
46600,-1100,1100,"sd","13:00:04",9900
46600,-1100,200,"sd","13:00:04",8800
46600,-1100,100,"sd","13:00:04",8600
46600,-1100,100,"sd","10:34:48",8500
46550,-1150,100,"sd","10:34:26",8400
46650,-1050,100,"sd","10:34:09",8300
46950,-750,200,"bu","10:27:22",8200
46950,-750,100,"bu","10:27:22",8000
46950,-750,100,"bu","10:07:28",7900
46650,-1050,100,"bu","09:57:41",7800
46700,-1000,100,"sd","09:57:27",7000
46650,-1050,400,"sd","09:57:27",7700
46650,-1050,100,"sd","09:57:27",7300
46650,-1050,200,"sd","09:57:27",7200
46650,-1050,100,"sd","09:49:29",6900
47000,-700,300,"bu","09:34:57",6800
47000,-700,6500,"bu","09:15:00",6500
