"price","change","match_qtty","side","time","total_vol"
41200,900,419000,"unknown","14:45:01",5957700
41050,750,1100,"sd","14:29:56",5538700
41050,750,100,"bu","14:29:53",5537600
41050,750,100,"bu","14:29:53",5537500
41000,700,4400,"bu","14:29:49",5537400
41000,700,5000,"bu","14:29:44",5533000
41000,700,600,"sd","14:29:44",5528000
41000,700,200,"bu","14:29:40",5527400
41000,700,4200,"bu","14:29:40",5527200
41000,700,800,"bu","14:29:37",5523000
41000,700,1000,"bu","14:29:37",5522200
41000,700,1000,"bu","14:29:37",5521200
41000,700,2000,"bu","14:29:37",5520200
41000,700,200,"bu","14:29:37",5518200
40950,650,700,"sd","14:29:27",5518000
40950,650,5000,"sd","14:29:26",5517300
41000,700,300,"bu","14:29:22",5512300
41000,700,100,"bu","14:29:22",5512000
41000,700,100,"bu","14:29:22",5511900
40950,650,900,"sd","14:29:12",5511800
40950,650,3500,"sd","14:29:12",5510900
40950,650,700,"sd","14:29:02",5507400
40950,650,2000,"sd","14:29:02",5506700
40950,650,100,"sd","14:29:02",5504700
40950,650,2300,"sd","14:29:02",5504600
40950,650,500,"sd","14:28:51",5502300
41000,700,600,"bu","14:28:46",5501800
41000,700,100,"bu","14:28:46",5501200
41000,700,300,"bu","14:28:46",5501100
41000,700,200,"bu","14:28:37",5500800
41000,700,400,"bu","14:28:15",5500600
41000,700,100,"bu","14:28:06",5500200
41000,700,500,"bu","14:28:06",5500100
41000,700,100,"bu","14:28:06",5499600
41000,700,300,"bu","14:28:06",5499500
41000,700,900,"bu","14:27:51",5499200
41000,700,200,"bu","14:27:50",5498300
41000,700,100,"bu","14:27:44",5498100
41000,700,2700,"sd","14:27:33",5498000
41000,700,200,"bu","14:27:31",5495300
41000,700,100,"bu","14:27:31",5495100
40950,650,200,"sd","14:27:30",5495000
41000,700,1000,"bu","14:27:26",5494800
41000,700,6900,"bu","14:27:24",5493800
41000,700,400,"bu","14:27:24",5486900
41000,700,200,"bu","14:27:19",5486500
41000,700,200,"bu","14:27:19",5486300
41000,700,1600,"bu","14:27:09",5486100
41000,700,3500,"bu","14:27:05",5484500
41000,700,1500,"bu","14:27:05",5481000
41000,700,15000,"bu","14:27:05",5479500
41000,700,5000,"bu","14:27:00",5464500
41000,700,3000,"bu","14:26:49",5459500
41000,700,100,"sd","14:26:33",5456500
41000,700,1200,"sd","14:26:33",5456400
41000,700,300,"sd","14:26:33",5455200
41000,700,200,"sd","14:26:33",5454900
41000,700,500,"sd","14:26:33",5454700
41100,800,200,"bu","14:26:07",5454200
41000,700,500,"sd","14:26:03",5454000
41000,700,4800,"sd","14:26:03",5453500
41000,700,200,"bu","14:25:41",5448700
41000,700,5000,"bu","14:25:38",5448500
41150,850,3600,"bu","14:25:24",5443500
41150,850,400,"bu","14:25:24",5439900
41100,800,1000,"bu","14:25:24",5439500
41100,800,200,"sd","14:25:23",5438500
41100,800,800,"sd","14:25:23",5438300
41100,800,100,"bu","14:25:16",5437500
41100,800,100,"bu","14:25:16",5437400
41100,800,100,"bu","14:25:16",5437300
41100,800,200,"bu","14:25:16",5437200
41100,800,3700,"bu","14:25:16",5437000
41100,800,1300,"bu","14:25:12",5433300
41100,800,100,"bu","14:25:12",5432000
41100,800,100,"bu","14:25:12",5431900
41100,800,700,"bu","14:25:12",5431800
41100,800,100,"bu","14:25:12",5431100
41100,800,200,"bu","14:25:12",5431000
41100,800,100,"bu","14:25:12",5430800
41100,800,2400,"bu","14:25:12",5430700
41100,800,600,"bu","14:25:08",5428300
41100,800,100,"bu","14:25:08",5427700
41100,800,200,"bu","14:25:08",5427600
41100,800,400,"bu","14:25:08",5427400
41100,800,100,"bu","14:25:08",5427000
41100,800,500,"bu","14:25:08",5426900
41100,800,100,"bu","14:25:08",5426400
41100,800,300,"bu","14:25:08",5426300
41100,800,500,"bu","14:25:08",5426000
41100,800,2200,"bu","14:25:08",5425500
41100,800,200,"bu","14:25:04",5423300
41100,800,200,"bu","14:25:04",5423100
41100,800,100,"bu","14:25:04",5422900
41100,800,2000,"bu","14:25:04",5422800
41100,800,300,"bu","14:25:04",5420800
41100,800,700,"bu","14:25:04",5420500
41100,800,2000,"bu","14:25:04",5419800
41100,800,100,"bu","14:25:04",5417800
41100,800,2000,"bu","14:25:04",5417700
41100,800,1000,"bu","14:25:04",5415700
41100,800,1400,"bu","14:25:04",5414700
41000,700,2600,"bu","14:25:04",5413300
41000,700,2000,"sd","14:25:03",5410700
41100,800,5000,"bu","14:25:00",5408700
41050,750,1000,"sd","14:24:57",5403700
41100,800,3600,"bu","14:24:57",5402700
41100,800,100,"bu","14:24:57",5399100
41100,800,300,"bu","14:24:57",5399000
41100,800,100,"bu","14:24:57",5398700
41100,800,500,"bu","14:24:57",5398600
41100,800,400,"bu","14:24:57",5398100
41050,750,100,"sd","14:24:56",5397700
41050,750,100,"bu","14:24:52",5397600
41050,750,3800,"bu","14:24:52",5397500
41050,750,1200,"bu","14:24:48",5393700
40950,650,3800,"bu","14:24:48",5392500
40950,650,1000,"sd","14:24:47",5388700
40950,650,200,"sd","14:24:47",5387700
40950,650,11200,"sd","14:24:47",5387500
41000,700,100,"sd","14:24:47",5376300
41000,700,3700,"sd","14:24:47",5376200
41000,700,1300,"bu","14:24:43",5372500
41000,700,3900,"bu","14:24:40",5371200
41000,700,200,"bu","14:24:40",5367300
41000,700,900,"bu","14:24:40",5367100
41000,700,5000,"bu","14:24:36",5366200
41000,700,5000,"bu","14:24:35",5361200
41050,750,500,"sd","14:24:32",5356200
41050,750,100,"sd","14:24:30",5355700
41050,750,1500,"sd","14:24:30",5355600
41050,750,100,"bu","14:24:29",5354100
41050,750,100,"bu","14:24:29",5354000
41050,750,1000,"bu","14:24:29",5353900
41050,750,500,"bu","14:24:29",5352900
41050,750,100,"bu","14:24:29",5352400
41050,750,200,"bu","14:24:29",5352300
41000,700,200,"bu","14:24:29",5352100
41000,700,300,"bu","14:24:29",5351900
41000,700,400,"bu","14:24:29",5351600
41000,700,800,"bu","14:24:24",5351200
41000,700,1000,"bu","14:24:24",5350400
41000,700,3200,"bu","14:24:24",5349400
41000,700,1800,"bu","14:24:22",5346200
41000,700,3000,"bu","14:24:22",5344400
41000,700,200,"bu","14:24:22",5341400
40950,650,2000,"sd","14:24:15",5341200
40950,650,500,"bu","14:24:08",5339200
40950,650,100,"bu","14:24:08",5338700
40950,650,1100,"bu","14:24:08",5338600
40950,650,100,"bu","14:24:08",5337500
40900,600,400,"sd","14:24:08",5337400
40900,600,100,"sd","14:24:08",5337000
40900,600,500,"sd","14:24:08",5336900
40900,600,500,"sd","14:23:59",5336400
40900,600,500,"sd","14:23:59",5335900
40900,600,500,"sd","14:23:59",5335400
40950,650,4200,"bu","14:23:47",5334900
40950,650,500,"sd","14:23:46",5330700
40950,650,1000,"sd","14:23:46",5330200
40950,650,200,"sd","14:23:46",5329200
40950,650,4000,"sd","14:23:46",5329000
41000,700,400,"bu","14:23:38",5325000
41000,700,1600,"bu","14:23:38",5324600
41000,700,1000,"bu","14:23:34",5323000
41000,700,400,"bu","14:23:31",5322000
41000,700,700,"bu","14:23:31",5321600
41000,700,400,"bu","14:23:30",5320900
41000,700,700,"bu","14:23:30",5320500
41000,700,100,"bu","14:23:30",5319800
41000,700,100,"bu","14:23:30",5319700
41000,700,700,"bu","14:23:30",5319600
41000,700,400,"bu","14:23:30",5318900
40950,650,1500,"sd","14:23:29",5318500
40950,650,3000,"sd","14:23:26",5317000
41000,700,400,"bu","14:23:16",5314000
41000,700,400,"bu","14:23:15",5313600
41000,700,700,"bu","14:23:15",5313200
41000,700,700,"bu","14:23:15",5312500
41000,700,100,"bu","14:23:15",5311800
41000,700,400,"bu","14:23:15",5311700
41000,700,2400,"bu","14:23:06",5311300
40950,650,1500,"sd","14:22:59",5308900
41000,700,1000,"sd","14:22:35",5307400
41000,700,300,"sd","14:22:35",5306400
41000,700,500,"sd","14:22:35",5306100
41000,700,100,"sd","14:22:35",5305600
41000,700,1000,"sd","14:22:35",5305500
41000,700,300,"sd","14:22:35",5304500
41000,700,700,"sd","14:22:35",5304200
41000,700,100,"sd","14:22:35",5303500
41000,700,1000,"sd","14:22:35",5303400
41000,700,200,"sd","14:22:35",5302400
41000,700,100,"sd","14:22:35",5302200
41000,700,3500,"sd","14:22:35",5302100
41000,700,3900,"sd","14:22:32",5298600
41000,700,1000,"sd","14:22:31",5294700
41000,700,1400,"sd","14:22:29",5293700
41000,700,300,"sd","14:22:21",5292300
41000,700,100,"sd","14:22:12",5292000
41000,700,4600,"sd","14:22:04",5291900
41000,700,200,"sd","14:22:04",5287300
41000,700,15000,"sd","14:22:04",5287100
41000,700,200,"sd","14:22:04",5272100
41000,700,100,"sd","14:22:02",5271900
41000,700,1300,"sd","14:22:02",5271800
41000,700,2500,"sd","14:22:02",5270500
41000,700,100,"sd","14:22:00",5268000
41000,700,1200,"sd","14:21:59",5267900
41000,700,1200,"sd","14:21:50",5266700
41000,700,3800,"sd","14:21:50",5265500
41000,700,300,"sd","14:21:45",5261700
41000,700,3900,"sd","14:21:32",5261400
41050,750,200,"sd","14:21:28",5257500
41050,750,900,"sd","14:21:26",5257300
41050,750,300,"sd","14:21:26",5256400
41050,750,900,"sd","14:21:10",5256100
41050,750,100,"sd","14:21:10",5255200
41050,750,1000,"sd","14:21:08",5255100
41050,750,3900,"sd","14:21:02",5254100
41050,750,500,"bu","14:20:58",5250200
41050,750,100,"bu","14:20:58",5249700
41050,750,3500,"bu","14:20:58",5249600
41000,700,1200,"sd","14:20:55",5246100
41050,750,4600,"bu","14:20:50",5244900
41050,750,400,"sd","14:20:33",5240300
41050,750,100,"sd","14:20:33",5239900
41050,750,400,"sd","14:20:33",5239800
41050,750,3800,"sd","14:20:32",5239400
41050,750,100,"bu","14:20:27",5235600
41050,750,100,"bu","14:20:27",5235500
41050,750,100,"bu","14:20:27",5235400
41050,750,500,"bu","14:20:27",5235300
41000,700,1200,"sd","14:20:25",5234800
41050,750,5500,"bu","14:20:21",5233600
41050,750,500,"bu","14:20:21",5228100
41000,700,4600,"sd","14:20:12",5227600
41000,700,100,"sd","14:20:12",5223000
41000,700,3000,"sd","14:20:12",5222900
41000,700,500,"sd","14:20:12",5219900
41000,700,500,"sd","14:20:12",5219400
41000,700,3800,"sd","14:20:02",5218900
41000,700,700,"sd","14:19:56",5215100
41000,700,500,"sd","14:19:55",5214400
41050,750,2000,"bu","14:19:49",5213900
41050,750,200,"sd","14:19:49",5211900
41050,750,700,"sd","14:19:49",5211700
41050,750,300,"sd","14:19:49",5211000
41050,750,1000,"sd","14:19:49",5210700
41050,750,300,"sd","14:19:49",5209700
41050,750,5000,"sd","14:19:46",5209400
41050,750,500,"sd","14:19:34",5204400
41050,750,2900,"sd","14:19:32",5203900
41050,750,100,"sd","14:19:32",5201000
41050,750,700,"sd","14:19:32",5200900
41050,750,100,"sd","14:19:32",5200200
41050,750,200,"sd","14:19:25",5200100
41050,750,1000,"sd","14:19:25",5199900
41050,750,1200,"sd","14:19:02",5198900
41050,750,2600,"sd","14:19:02",5197700
41050,750,1200,"sd","14:18:55",5195100
41050,750,1000,"sd","14:18:44",5193900
41050,750,200,"sd","14:18:32",5192900
41050,750,500,"sd","14:18:32",5192700
41050,750,100,"sd","14:18:32",5192200
41050,750,1900,"sd","14:18:32",5192100
41050,750,1100,"sd","14:18:32",5190200
41050,750,100,"sd","14:18:26",5189100
41050,750,1200,"sd","14:18:25",5189000
41100,800,100,"bu","14:18:17",5187800
41100,800,100,"bu","14:18:17",5187700
41050,750,2600,"sd","14:18:04",5187600
41050,750,1100,"sd","14:18:04",5185000
41050,750,1300,"sd","14:17:55",5183900
41050,750,100,"sd","14:17:45",5182600
41100,800,600,"bu","14:17:38",5182500
41100,800,100,"bu","14:17:38",5181900
41100,800,200,"bu","14:17:38",5181800
41050,750,100,"sd","14:17:33",5181600
41150,850,2000,"bu","14:17:29",5181500
41150,850,100,"bu","14:17:29",5179500
41150,850,2100,"bu","14:17:29",5179400
41050,750,2400,"sd","14:17:29",5177300
41050,750,400,"sd","14:17:29",5174900
41050,750,800,"sd","14:17:29",5174500
41100,800,100,"sd","14:17:29",5173700
41100,800,600,"sd","14:17:23",5173600
41100,800,300,"sd","14:17:23",5173000
41100,800,100,"sd","14:17:23",5172700
41100,800,300,"sd","14:17:23",5172600
41100,800,200,"sd","14:17:21",5172300
41100,800,9800,"sd","14:17:21",5172100
41100,800,200,"sd","14:17:16",5162300
41100,800,300,"sd","14:17:16",5162100
41100,800,100,"sd","14:17:13",5161800
41100,800,100,"sd","14:16:59",5161700
41100,800,700,"sd","14:16:59",5161600
41100,800,300,"sd","14:16:59",5160900
41100,800,500,"sd","14:16:59",5160600
41100,800,2100,"sd","14:16:59",5160100
41100,800,1300,"sd","14:16:53",5158000
41100,800,100,"sd","14:16:46",5156700
41150,850,1100,"bu","14:16:42",5156600
41100,800,2000,"sd","14:16:42",5155500
41100,800,100,"sd","14:16:39",5153500
41100,800,1000,"sd","14:16:39",5153400
41100,800,1000,"sd","14:16:29",5152400
41100,800,3700,"sd","14:16:29",5151400
41100,800,100,"sd","14:16:27",5147700
41100,800,100,"sd","14:16:24",5147600
41100,800,1300,"sd","14:16:23",5147500
41100,800,2000,"bu","14:16:20",5146200
41100,800,400,"bu","14:16:20",5144200
41100,800,100,"bu","14:16:20",5143800
41100,800,400,"bu","14:16:20",5143700
41100,800,4900,"bu","14:16:20",5143300
41100,800,100,"bu","14:16:20",5138400
41100,800,100,"bu","14:16:20",5138300
41100,800,200,"bu","14:16:20",5138200
41100,800,100,"bu","14:16:20",5138000
41100,800,1500,"bu","14:16:20",5137900
41100,800,100,"bu","14:16:20",5136400
41100,800,200,"bu","14:16:20",5136300
41100,800,100,"bu","14:16:20",5136100
41100,800,4000,"bu","14:16:20",5136000
41100,800,200,"bu","14:16:20",5132000
41100,800,2800,"bu","14:16:20",5131800
41100,800,200,"bu","14:16:14",5129000
41100,800,1000,"bu","14:16:04",5128800
41100,800,100,"bu","14:16:04",5127800
41100,800,500,"bu","14:16:04",5127700
41100,800,100,"bu","14:16:04",5127200
41100,800,100,"bu","14:16:04",5127100
41100,800,1400,"bu","14:16:04",5127000
41100,800,1200,"bu","14:16:03",5125600
41050,750,1200,"sd","14:15:58",5124400
41050,750,2600,"sd","14:15:58",5123200
41100,800,100,"bu","14:15:54",5120600
41100,800,2300,"bu","14:15:53",5120500
41100,800,1000,"bu","14:15:53",5118200
41100,800,500,"bu","14:15:53",5117200
41100,800,4400,"bu","14:15:53",5116700
41100,800,1800,"bu","14:15:53",5112300
41050,750,1300,"sd","14:15:52",5110500
41100,800,1200,"bu","14:15:51",5109200
41100,800,100,"bu","14:15:51",5108000
41100,800,100,"bu","14:15:51",5107900
41100,800,300,"bu","14:15:51",5107800
41100,800,200,"bu","14:15:51",5107500
41100,800,100,"bu","14:15:51",5107300
41100,800,600,"bu","14:15:50",5107200
41100,800,300,"bu","14:15:47",5106600
41100,800,100,"bu","14:15:47",5106300
41100,800,2500,"bu","14:15:47",5106200
41100,800,3200,"bu","14:15:43",5103700
41100,800,4300,"bu","14:15:42",5100500
41100,800,200,"bu","14:15:42",5096200
41100,800,600,"bu","14:15:42",5096000
41100,800,2000,"bu","14:15:42",5095400
41100,800,1000,"bu","14:15:42",5093400
41100,800,3900,"bu","14:15:42",5092400
41100,800,100,"bu","14:15:39",5088500
41100,800,600,"bu","14:15:39",5088400
41100,800,400,"bu","14:15:39",5087800
41100,800,100,"bu","14:15:38",5087400
41100,800,100,"bu","14:15:36",5087300
41100,800,7100,"bu","14:15:36",5087200
41100,800,100,"bu","14:15:36",5080100
41100,800,2000,"bu","14:15:36",5080000
41100,800,700,"bu","14:15:36",5078000
41100,800,500,"bu","14:15:36",5077300
41100,800,700,"bu","14:15:36",5076800
41100,800,5000,"bu","14:15:36",5076100
41100,800,2900,"bu","14:15:24",5071100
41100,800,500,"bu","14:15:24",5068200
41100,800,500,"bu","14:15:24",5067700
41100,800,300,"bu","14:15:24",5067200
41050,750,1300,"sd","14:15:22",5066900
41050,750,100,"bu","14:15:21",5065600
41050,750,3200,"bu","14:15:21",5065500
41050,750,500,"bu","14:15:20",5062300
41050,750,1500,"bu","14:15:20",5061800
41050,750,3800,"bu","14:15:17",5060300
41050,750,2400,"bu","14:15:15",5056500
41050,750,3700,"bu","14:15:09",5054100
41050,750,4800,"bu","14:15:09",5050400
41050,750,100,"bu","14:15:09",5045600
41050,750,300,"bu","14:15:09",5045500
41050,750,4000,"bu","14:15:09",5045200
41050,750,100,"bu","14:15:09",5041200
41050,750,700,"bu","14:15:09",5041100
41050,750,1300,"bu","14:15:00",5040400
41050,750,100,"bu","14:15:00",5039100
41050,750,100,"bu","14:15:00",5039000
41050,750,300,"bu","14:15:00",5038900
41050,750,1400,"bu","14:15:00",5038600
41050,750,3800,"bu","14:14:58",5037200
41000,700,200,"sd","14:14:57",5033400
41000,700,400,"sd","14:14:57",5033200
41000,700,1400,"sd","14:14:57",5032800
41000,700,1300,"sd","14:14:52",5031400
41050,750,3600,"bu","14:14:51",5030100
41050,750,200,"bu","14:14:51",5026500
41050,750,100,"bu","14:14:51",5026300
41050,750,100,"bu","14:14:51",5026200
41050,750,2900,"bu","14:14:47",5026100
41050,750,100,"bu","14:14:47",5023200
41000,700,100,"sd","14:14:46",5023100
41000,700,300,"bu","14:14:46",5023000
41000,700,100,"bu","14:14:46",5022700
41000,700,300,"bu","14:14:46",5022600
41000,700,300,"bu","14:14:46",5022300
41000,700,500,"bu","14:14:46",5022000
41000,700,500,"bu","14:14:46",5021500
41000,700,200,"bu","14:14:46",5021000
41000,700,400,"bu","14:14:44",5020800
41000,700,100,"bu","14:14:44",5020400
41000,700,1000,"bu","14:14:44",5020300
41000,700,100,"bu","14:14:44",5019300
41000,700,2000,"bu","14:14:44",5019200
41000,700,3800,"bu","14:14:42",5017200
41000,700,900,"bu","14:14:40",5013400
41000,700,500,"bu","14:14:40",5012500
41000,700,200,"bu","14:14:40",5012000
41000,700,500,"bu","14:14:40",5011800
41000,700,100,"bu","14:14:40",5011300
41000,700,1000,"bu","14:14:40",5011200
41000,700,3000,"bu","14:14:36",5010200
41000,700,900,"bu","14:14:36",5007200
41000,700,3200,"bu","14:14:23",5006300
40950,650,800,"sd","14:14:22",5003100
40950,650,100,"sd","14:14:22",5002300
40950,650,400,"sd","14:14:22",5002200
40950,650,700,"sd","14:14:08",5001800
40950,650,500,"sd","14:14:08",5001100
40950,650,1800,"sd","14:14:08",5000600
40950,650,100,"sd","14:14:08",4998800
40950,650,700,"sd","14:14:08",4998700
40950,650,500,"sd","14:14:08",4998000
40950,650,400,"sd","14:14:08",4997500
40950,650,300,"sd","14:14:08",4997100
40950,650,500,"sd","14:14:08",4996800
40950,650,100,"sd","14:13:52",4996300
40950,650,1000,"sd","14:13:52",4996200
40950,650,200,"sd","14:13:52",4995200
40950,650,400,"sd","14:13:48",4995000
40950,650,1600,"sd","14:13:35",4994600
40950,650,300,"sd","14:13:24",4993000
40950,650,400,"sd","14:13:22",4992700
40950,650,500,"sd","14:13:22",4992300
40950,650,300,"sd","14:13:22",4991800
40950,650,100,"sd","14:13:22",4991500
40950,650,300,"sd","14:13:05",4991400
40950,650,300,"sd","14:13:00",4991100
40950,650,100,"sd","14:12:55",4990800
40950,650,200,"sd","14:12:52",4990700
40950,650,200,"sd","14:12:52",4990500
40950,650,300,"sd","14:12:52",4990300
40950,650,100,"sd","14:12:52",4990000
40950,650,400,"sd","14:12:52",4989900
41000,700,100,"bu","14:12:44",4989500
41000,700,300,"bu","14:12:42",4989400
41000,700,100,"bu","14:12:37",4989100
40950,650,100,"sd","14:12:21",4989000
40950,650,500,"sd","14:12:21",4988900
40950,650,100,"sd","14:12:21",4988400
40950,650,500,"sd","14:12:21",4988300
41000,700,400,"bu","14:12:10",4987800
41000,700,300,"bu","14:12:10",4987400
41000,700,400,"bu","14:12:10",4987100
41000,700,300,"sd","14:12:02",4986700
41000,700,300,"sd","14:12:02",4986400
41000,700,200,"sd","14:12:02",4986100
41000,700,400,"sd","14:12:02",4985900
41000,700,100,"sd","14:12:02",4985500
41000,700,100,"sd","14:11:57",4985400
41000,700,100,"sd","14:11:55",4985300
41000,700,400,"sd","14:11:54",4985200
41000,700,100,"sd","14:11:54",4984800
41000,700,300,"sd","14:11:54",4984700
41000,700,200,"sd","14:11:54",4984400
41000,700,1000,"sd","14:11:54",4984200
41000,700,300,"sd","14:11:53",4983200
41000,700,1200,"sd","14:11:51",4982900
41000,700,500,"sd","14:11:49",4981700
41000,700,500,"sd","14:11:49",4981200
41000,700,500,"sd","14:11:48",4980700
41000,700,500,"sd","14:11:46",4980200
41000,700,3000,"sd","14:11:42",4979700
41000,700,300,"sd","14:11:42",4976700
41000,700,10300,"sd","14:11:42",4976400
41000,700,500,"sd","14:11:42",4966100
41000,700,1000,"sd","14:11:42",4965600
41000,700,1000,"sd","14:11:42",4964600
41000,700,500,"sd","14:11:42",4963600
41000,700,3400,"sd","14:11:42",4963100
41000,700,900,"sd","14:11:41",4959700
41000,700,200,"sd","14:11:36",4958800
41000,700,500,"sd","14:11:31",4958600
41000,700,400,"sd","14:11:31",4958100
41000,700,500,"sd","14:11:27",4957700
41000,700,200,"sd","14:11:23",4957200
41000,700,1200,"sd","14:11:21",4957000
41000,700,700,"sd","14:11:13",4955800
41000,700,1000,"sd","14:11:13",4955100
41000,700,200,"sd","14:11:13",4954100
41000,700,100,"sd","14:11:13",4953900
41000,700,1000,"sd","14:11:13",4953800
41000,700,100,"sd","14:11:13",4952800
41000,700,100,"sd","14:11:13",4952700
41000,700,200,"sd","14:11:13",4952600
41000,700,700,"sd","14:11:13",4952400
41000,700,400,"sd","14:11:13",4951700
41000,700,500,"sd","14:11:13",4951300
41050,750,200,"bu","14:11:12",4950800
41050,750,100,"bu","14:10:54",4950600
41000,700,500,"sd","14:10:51",4950500
41000,700,700,"sd","14:10:51",4950000
41050,750,700,"bu","14:10:48",4949300
41050,750,700,"bu","14:10:48",4948600
41050,750,100,"bu","14:10:48",4947900
41050,750,400,"bu","14:10:48",4947800
41050,750,400,"bu","14:10:48",4947400
41050,750,700,"bu","14:10:47",4947000
41050,750,1000,"bu","14:10:47",4946300
41050,750,200,"bu","14:10:47",4945300
41000,700,500,"sd","14:10:45",4945100
41050,750,5000,"bu","14:10:42",4944600
41050,750,200,"bu","14:10:38",4939600
41050,750,700,"unknown","14:10:31",4939400
41050,750,400,"sd","14:10:31",4938700
41050,750,100,"sd","14:10:31",4938300
41050,750,1000,"sd","14:10:31",4938200
41050,750,700,"sd","14:10:31",4937200
41050,750,400,"sd","14:10:31",4936500
41050,750,100,"sd","14:10:31",4936100
41050,750,600,"sd","14:10:31",4936000
41050,750,100,"sd","14:10:30",4935400
41050,750,400,"sd","14:10:30",4935300
41050,750,100,"sd","14:10:30",4934900
41050,750,1000,"sd","14:10:30",4934800
41050,750,400,"sd","14:10:30",4933800
41050,750,300,"sd","14:10:30",4933400
41050,750,400,"sd","14:10:30",4933100
41050,750,800,"sd","14:10:30",4932700
41050,750,2000,"sd","14:10:24",4931900
41050,750,200,"sd","14:10:24",4929900
41050,750,6000,"sd","14:10:23",4929700
41050,750,1200,"sd","14:10:20",4923700
41050,750,2000,"sd","14:10:09",4922500
41050,750,500,"sd","14:10:08",4920500
41050,750,300,"sd","14:10:06",4920000
41050,750,10000,"sd","14:10:04",4919700
41050,750,600,"sd","14:10:02",4909700
41050,750,900,"sd","14:10:01",4909100
41050,750,100,"sd","14:09:58",4908200
41050,750,1000,"sd","14:09:55",4908100
41050,750,1200,"sd","14:09:50",4907100
41050,750,1500,"sd","14:09:49",4905900
41050,750,1000,"sd","14:09:47",4904400
41050,750,6000,"sd","14:09:38",4903400
41050,750,1000,"sd","14:09:36",4897400
41050,750,3000,"sd","14:09:28",4896400
41050,750,700,"sd","14:09:28",4893400
41050,750,300,"sd","14:09:28",4892700
41050,750,100,"sd","14:09:20",4892400
41050,750,100,"sd","14:09:20",4892300
41050,750,400,"sd","14:09:20",4892200
41050,750,600,"sd","14:09:20",4891800
41100,800,200,"bu","14:09:19",4891200
41100,800,300,"bu","14:09:19",4891000
41050,750,200,"sd","14:09:15",4890700
41050,750,500,"sd","14:09:14",4890500
41050,750,200,"sd","14:09:11",4890000
41050,750,500,"sd","14:09:09",4889800
41050,750,200,"sd","14:09:03",4889300
41100,800,2700,"bu","14:09:03",4889100
41100,800,500,"bu","14:09:03",4886400
41050,750,200,"sd","14:08:59",4885900
41050,750,100,"sd","14:08:57",4885700
41050,750,1500,"sd","14:08:56",4885600
41050,750,200,"sd","14:08:55",4884100
41050,750,1200,"sd","14:08:50",4883900
41050,750,1000,"sd","14:08:38",4882700
41050,750,700,"sd","14:08:38",4881700
41050,750,100,"sd","14:08:24",4881000
41050,750,1200,"sd","14:08:20",4880900
41050,750,500,"sd","14:08:15",4879700
41050,750,1100,"sd","14:08:11",4879200
41050,750,400,"sd","14:08:11",4878100
41050,750,200,"sd","14:08:10",4877700
41100,800,100,"bu","14:08:01",4877500
41100,800,200,"bu","14:08:01",4877400
41050,750,100,"sd","14:07:59",4877200
41100,800,500,"bu","14:07:58",4877100
41050,750,300,"sd","14:07:50",4876600
41050,750,600,"sd","14:07:50",4876300
41050,750,300,"sd","14:07:50",4875700
41050,750,200,"sd","14:07:42",4875400
41050,750,100,"sd","14:07:39",4875200
41050,750,400,"sd","14:07:35",4875100
41050,750,600,"sd","14:07:35",4874700
41050,750,100,"sd","14:07:31",4874100
41050,750,400,"sd","14:07:31",4874000
41050,750,100,"sd","14:07:19",4873600
41050,750,100,"sd","14:07:19",4873500
41050,750,1000,"sd","14:07:19",4873400
41100,800,100,"bu","14:07:13",4872400
41050,750,100,"sd","14:06:49",4872300
41050,750,1200,"sd","14:06:49",4872200
41050,750,200,"sd","14:06:46",4871000
41050,750,200,"sd","14:06:42",4870800
41050,750,5000,"sd","14:06:37",4870600
41050,750,1000,"sd","14:06:36",4865600
41050,750,100,"sd","14:06:29",4864600
41100,800,300,"bu","14:06:29",4864500
41050,750,1200,"sd","14:06:19",4864200
41100,800,1700,"bu","14:06:04",4863000
41100,800,3300,"bu","14:06:04",4861300
41050,750,1000,"bu","14:05:58",4858000
41050,750,1000,"bu","14:05:58",4857000
41050,750,700,"bu","14:05:55",4856000
41050,750,100,"sd","14:05:55",4855300
41050,750,100,"sd","14:05:55",4855200
41050,750,700,"sd","14:05:55",4855100
41050,750,5200,"sd","14:05:55",4854400
41050,750,400,"sd","14:05:55",4849200
41050,750,500,"sd","14:05:55",4848800
41050,750,2300,"sd","14:05:55",4848300
41050,750,1000,"sd","14:05:51",4846000
41050,750,1200,"sd","14:05:49",4845000
41050,750,100,"sd","14:05:48",4843800
41050,750,1000,"sd","14:05:45",4843700
41100,800,1700,"bu","14:05:41",4842700
41100,800,200,"bu","14:05:41",4841000
41100,800,1100,"bu","14:05:41",4840800
41050,750,1000,"sd","14:05:28",4839700
41050,750,500,"sd","14:05:19",4838700
41050,750,100,"sd","14:05:19",4838200
41050,750,600,"sd","14:05:19",4838100
41100,800,300,"bu","14:05:13",4837500
41050,750,100,"sd","14:05:02",4837200
41100,800,500,"bu","14:04:59",4837100
41100,800,100,"bu","14:04:58",4836600
41050,750,200,"sd","14:04:48",4836500
41100,800,1000,"sd","14:04:48",4836300
41100,800,200,"sd","14:04:48",4835300
41100,800,800,"sd","14:04:48",4835100
41100,800,100,"sd","14:04:47",4834300
41100,800,100,"sd","14:04:46",4834200
41100,800,300,"sd","14:04:46",4834100
41100,800,100,"sd","14:04:46",4833800
41100,800,600,"sd","14:04:34",4833700
41100,800,400,"sd","14:04:34",4833100
41100,800,400,"sd","14:04:34",4832700
41100,800,3000,"sd","14:04:34",4832300
41100,800,200,"sd","14:04:34",4829300
41100,800,500,"sd","14:04:34",4829100
41100,800,7400,"sd","14:04:34",4828600
41100,800,800,"sd","14:04:34",4821200
41100,800,1700,"sd","14:04:34",4820400
41100,800,300,"sd","14:04:33",4818700
41100,800,100,"sd","14:04:33",4818400
41100,800,4600,"sd","14:04:33",4818300
41150,850,6800,"bu","14:04:23",4813700
41150,850,100,"bu","14:04:23",4806900
41150,850,200,"bu","14:04:23",4806800
41150,850,7600,"bu","14:04:23",4806600
41100,800,100,"sd","14:04:21",4799000
41100,800,1200,"sd","14:04:18",4798900
41100,800,100,"sd","14:04:16",4797700
41100,800,400,"sd","14:04:16",4797600
41100,800,100,"sd","14:04:06",4797200
41100,800,700,"sd","14:04:06",4797100
41100,800,400,"sd","14:04:06",4796400
41100,800,100,"sd","14:04:06",4796000
41100,800,2200,"sd","14:04:06",4795900
41100,800,700,"sd","14:04:06",4793700
41100,800,2500,"sd","14:04:06",4793000
41100,800,3300,"sd","14:04:06",4790500
41100,800,2000,"sd","14:04:05",4787200
41150,850,500,"bu","14:04:00",4785200
41100,800,200,"sd","14:03:58",4784700
41100,800,1200,"sd","14:03:48",4784500
41100,800,100,"sd","14:03:36",4783300
41100,800,3000,"sd","14:03:35",4783200
41100,800,200,"sd","14:03:33",4780200
41150,850,400,"bu","14:03:28",4780000
41150,850,1500,"bu","14:03:28",4779600
41150,850,500,"bu","14:03:28",4778100
41150,850,1000,"bu","14:03:28",4777600
41150,850,200,"bu","14:03:28",4776600
41100,800,1200,"sd","14:03:18",4776400
41150,850,2800,"bu","14:03:15",4775200
41150,850,100,"bu","14:03:15",4772400
41150,850,400,"bu","14:03:15",4772300
41150,850,700,"bu","14:03:15",4771900
41100,800,700,"sd","14:03:07",4771200
41100,800,100,"sd","14:03:07",4770500
41150,850,1300,"bu","14:03:07",4770400
41150,850,1000,"bu","14:03:07",4769100
41150,850,500,"bu","14:03:07",4768100
41150,850,400,"bu","14:03:06",4767600
41100,800,200,"sd","14:02:58",4767200
41100,800,100,"sd","14:02:54",4767000
41100,800,100,"sd","14:02:53",4766900
41100,800,100,"sd","14:02:52",4766800
41100,800,100,"sd","14:02:48",4766700
41100,800,700,"sd","14:02:48",4766600
41100,800,400,"sd","14:02:48",4765900
41100,800,300,"sd","14:02:46",4765500
41100,800,200,"sd","14:02:46",4765200
41100,800,400,"bu","14:02:32",4765000
41100,800,500,"bu","14:02:32",4764600
41100,800,1000,"bu","14:02:32",4764100
41100,800,200,"bu","14:02:32",4763100
41100,800,500,"bu","14:02:32",4762900
41100,800,100,"bu","14:02:32",4762400
41050,750,500,"sd","14:02:30",4762300
41100,800,100,"bu","14:02:24",4761800
41100,800,200,"bu","14:02:22",4761700
41050,750,1200,"sd","14:02:18",4761500
41100,800,800,"sd","14:02:18",4760300
41100,800,200,"sd","14:02:16",4759500
41100,800,500,"bu","14:02:16",4759300
41100,800,500,"bu","14:02:16",4758800
41100,800,1000,"bu","14:02:16",4758300
41100,800,1000,"bu","14:02:13",4757300
41100,800,1000,"bu","14:02:13",4756300
41100,800,200,"bu","14:02:06",4755300
41100,800,200,"bu","14:02:06",4755100
41100,800,6300,"bu","14:02:06",4754900
41100,800,8700,"sd","14:01:57",4748600
41100,800,1200,"sd","14:01:56",4739900
41100,800,100,"sd","14:01:49",4738700
41050,750,1200,"sd","14:01:47",4738600
41050,750,200,"sd","14:01:45",4737400
41050,750,700,"sd","14:01:45",4737200
41050,750,400,"sd","14:01:45",4736500
41050,750,1000,"sd","14:01:45",4736100
41050,750,500,"sd","14:01:45",4735100
41100,800,200,"sd","14:01:45",4734600
41150,850,1200,"bu","14:01:44",4734400
41100,800,200,"bu","14:01:44",4733200
41100,800,300,"bu","14:01:44",4733000
41100,800,400,"bu","14:01:44",4732700
41100,800,300,"bu","14:01:36",4732300
41100,800,100,"bu","14:01:36",4732000
41100,800,100,"bu","14:01:36",4731900
41100,800,1000,"bu","14:01:34",4731800
41100,800,100,"sd","14:01:27",4730800
41100,800,100,"sd","14:01:27",4730700
41100,800,1000,"sd","14:01:27",4730600
41100,800,400,"sd","14:01:27",4729600
41100,800,500,"sd","14:01:27",4729200
41100,800,500,"sd","14:01:27",4728700
41100,800,3100,"sd","14:01:27",4728200
41100,800,1000,"sd","14:01:22",4725100
41150,850,500,"bu","14:01:19",4724100
41100,800,1200,"sd","14:01:17",4723600
41150,850,700,"sd","14:01:11",4722400
41150,850,400,"sd","14:01:11",4721700
41150,850,500,"sd","14:01:11",4721300
41150,850,1000,"sd","14:01:11",4720800
41150,850,200,"sd","14:01:11",4719800
41200,900,1700,"bu","14:01:10",4719600
41200,900,300,"bu","14:01:10",4717900
41150,850,800,"sd","14:01:09",4717600
41150,850,100,"sd","14:01:09",4716800
41150,850,100,"sd","14:01:09",4716700
41150,850,900,"sd","14:01:09",4716600
41150,850,100,"sd","14:01:09",4715700
41150,850,100,"sd","14:01:09",4715600
41150,850,500,"sd","14:01:06",4715500
41150,850,100,"sd","14:01:06",4715000
41150,850,200,"sd","14:01:06",4714900
41150,850,200,"sd","14:01:06",4714700
41150,850,200,"sd","14:01:06",4714500
41200,900,100,"bu","14:01:05",4714300
41200,900,500,"bu","14:01:05",4714200
41150,850,800,"sd","14:01:04",4713700
41150,850,200,"sd","14:01:04",4712900
41150,850,100,"sd","14:01:03",4712700
41150,850,400,"sd","14:01:03",4712600
41150,850,400,"sd","14:01:03",4712200
41150,850,500,"sd","14:01:03",4711800
41150,850,18700,"sd","14:01:03",4711300
41150,850,2000,"sd","14:01:03",4692600
41150,850,1000,"sd","14:00:49",4690600
41200,900,1100,"bu","14:00:48",4689600
41200,900,2000,"bu","14:00:48",4688500
41200,900,300,"bu","14:00:48",4686500
41200,900,1600,"bu","14:00:48",4686200
41150,850,1000,"sd","14:00:47",4684600
41150,850,1200,"sd","14:00:47",4683600
41200,900,1000,"bu","14:00:47",4682400
41200,900,700,"bu","14:00:46",4681400
41200,900,30200,"bu","14:00:46",4680700
41150,850,2900,"sd","14:00:44",4650500
41150,850,8000,"sd","14:00:43",4647600
41200,900,400,"bu","14:00:41",4639600
41150,850,1000,"sd","14:00:41",4639200
41200,900,600,"bu","14:00:29",4638200
41200,900,1000,"bu","14:00:28",4637600
41200,900,100,"unknown","14:00:28",4636600
41200,900,200,"sd","14:00:28",4636500
41200,900,1000,"sd","14:00:28",4636300
41200,900,5000,"sd","14:00:28",4635300
41200,900,1000,"sd","14:00:28",4630300
41200,900,500,"sd","14:00:28",4629300
41200,900,500,"sd","14:00:28",4628800
41200,900,500,"sd","14:00:28",4628300
41200,900,500,"sd","14:00:28",4627800
41200,900,3900,"sd","14:00:28",4627300
41200,900,4500,"sd","14:00:28",4623400
41200,900,100,"sd","14:00:28",4618900
41200,900,900,"sd","14:00:27",4618800
41200,900,100,"sd","14:00:27",4617900
41250,950,1000,"bu","14:00:27",4617800
41200,900,100,"sd","14:00:24",4616800
41200,900,1200,"sd","14:00:24",4616700
41200,900,500,"sd","14:00:22",4615500
41200,900,100,"sd","14:00:21",4615000
41200,900,100,"sd","14:00:20",4614900
41200,900,500,"sd","14:00:18",4614800
41200,900,1200,"sd","14:00:17",4614300
41200,900,100,"sd","14:00:14",4613100
41200,900,1300,"sd","14:00:12",4613000
41200,900,700,"sd","14:00:12",4611700
41250,950,1000,"bu","14:00:09",4611000
41250,950,900,"bu","14:00:06",4610000
41250,950,400,"bu","14:00:01",4609100
41250,950,400,"bu","13:59:59",4608700
41250,950,700,"bu","13:59:59",4608300
41250,950,500,"bu","13:59:58",4607600
41250,950,1000,"bu","13:59:57",4607100
41200,900,100,"sd","13:59:57",4606100
41250,950,100,"bu","13:59:54",4606000
41250,950,400,"bu","13:59:54",4605900
41250,950,5600,"bu","13:59:52",4605500
41250,950,500,"bu","13:59:52",4599900
41250,950,9500,"bu","13:59:52",4599400
41250,950,100,"bu","13:59:52",4589900
41250,950,500,"bu","13:59:52",4589800
41250,950,100,"bu","13:59:51",4589300
41250,950,100,"bu","13:59:51",4589200
41250,950,600,"bu","13:59:51",4589100
41200,900,100,"sd","13:59:51",4588500
41200,900,100,"sd","13:59:47",4588400
41200,900,100,"sd","13:59:47",4588300
41200,900,3000,"sd","13:59:47",4588200
41200,900,100,"sd","13:59:47",4585200
41200,900,300,"sd","13:59:47",4585100
41200,900,1500,"sd","13:59:47",4584800
41200,900,100,"sd","13:59:47",4583300
41200,900,100,"sd","13:59:47",4583200
41200,900,200,"sd","13:59:47",4583100
41200,900,600,"bu","13:59:47",4582900
41200,900,100,"bu","13:59:47",4582300
41200,900,1100,"bu","13:59:47",4582200
41200,900,100,"bu","13:59:47",4581100
41200,900,300,"bu","13:59:47",4581000
41200,900,300,"bu","13:59:47",4580700
41200,900,200,"bu","13:59:47",4580400
41200,900,300,"bu","13:59:47",4580200
41200,900,100,"bu","13:59:47",4579900
41200,900,100,"bu","13:59:47",4579800
41200,900,200,"bu","13:59:47",4579700
41200,900,100,"bu","13:59:47",4579500
41200,900,5000,"bu","13:59:47",4579400
41200,900,200,"bu","13:59:47",4574400
41200,900,200,"bu","13:59:47",4574200
41200,900,500,"bu","13:59:47",4574000
41200,900,10000,"bu","13:59:47",4573500
41200,900,1300,"bu","13:59:47",4563500
41200,900,100,"bu","13:59:47",4562200
41200,900,200,"bu","13:59:47",4562100
41200,900,1000,"bu","13:59:47",4561900
41200,900,100,"bu","13:59:47",4560900
41200,900,500,"bu","13:59:47",4560800
41200,900,200,"bu","13:59:47",4560300
41200,900,100,"bu","13:59:47",4560100
41200,900,1000,"bu","13:59:47",4560000
41200,900,500,"bu","13:59:47",4559000
41200,900,100,"bu","13:59:47",4558500
41200,900,3000,"bu","13:59:47",4558400
41200,900,100,"bu","13:59:47",4555400
41200,900,1000,"bu","13:59:47",4555300
41200,900,700,"bu","13:59:47",4554300
41200,900,100,"bu","13:59:47",4553600
41200,900,500,"bu","13:59:47",4553500
41200,900,200,"bu","13:59:47",4553000
41200,900,900,"bu","13:59:47",4552800
41200,900,100,"bu","13:59:47",4551900
41200,900,100,"bu","13:59:47",4551800
41200,900,100,"bu","13:59:47",4551700
41200,900,100,"bu","13:59:47",4551600
41200,900,100,"bu","13:59:47",4551500
41200,900,8800,"bu","13:59:47",4551400
41200,900,100,"bu","13:59:47",4542600
41200,900,3200,"bu","13:59:47",4542500
41150,850,1200,"sd","13:59:47",4539300
41200,900,100,"bu","13:59:39",4538100
41200,900,100,"bu","13:59:37",4538000
41150,850,500,"sd","13:59:36",4537900
41200,900,2500,"bu","13:59:36",4537400
41200,900,2000,"bu","13:59:36",4534900
41200,900,1000,"bu","13:59:35",4532900
41200,900,5000,"bu","13:59:29",4531900
41200,900,1400,"bu","13:59:25",4526900
41200,900,700,"bu","13:59:24",4525500
41200,900,100,"bu","13:59:24",4524800
41200,900,400,"bu","13:59:24",4524700
41200,900,700,"bu","13:59:24",4524300
41200,900,400,"bu","13:59:24",4523600
41200,900,100,"bu","13:59:24",4523200
41150,850,100,"sd","13:59:21",4523100
41150,850,100,"sd","13:59:20",4523000
41150,850,1200,"sd","13:59:17",4522900
41150,850,300,"sd","13:59:13",4521700
41150,850,300,"sd","13:59:12",4521400
41150,850,100,"sd","13:59:08",4521100
41150,850,300,"sd","13:59:07",4521000
41150,850,100,"sd","13:59:05",4520700
41150,850,1000,"sd","13:59:03",4520600
41200,900,200,"bu","13:59:00",4519600
41200,900,200,"bu","13:59:00",4519400
41200,900,100,"bu","13:59:00",4519200
41200,900,1100,"bu","13:59:00",4519100
41150,850,5000,"sd","13:59:00",4518000
41150,850,100,"sd","13:58:57",4513000
41150,850,100,"sd","13:58:56",4512900
41150,850,100,"sd","13:58:53",4512800
41150,850,200,"sd","13:58:53",4512700
41150,850,400,"sd","13:58:52",4512500
41200,900,900,"bu","13:58:51",4512100
41200,900,100,"bu","13:58:51",4511200
41150,850,2000,"sd","13:58:51",4511100
41150,850,500,"sd","13:58:49",4509100
41150,850,5000,"sd","13:58:49",4508600
41150,850,2000,"bu","13:58:48",4503600
41150,850,100,"bu","13:58:48",4501600
41150,850,100,"bu","13:58:48",4501500
41150,850,100,"bu","13:58:48",4501400
41150,850,500,"bu","13:58:48",4501300
41150,850,5000,"bu","13:58:48",4500800
41150,850,100,"bu","13:58:48",4495800
41150,850,500,"bu","13:58:48",4495700
41150,850,3000,"bu","13:58:48",4495200
41150,850,200,"bu","13:58:48",4492200
41150,850,100,"bu","13:58:48",4492000
41150,850,20000,"bu","13:58:48",4491900
41150,850,300,"bu","13:58:48",4471900
41150,850,1400,"bu","13:58:48",4471600
41150,850,3000,"bu","13:58:48",4470200
41150,850,5100,"bu","13:58:48",4467200
41150,850,200,"bu","13:58:48",4462100
41150,850,100,"bu","13:58:48",4461900
41100,800,200,"sd","13:58:48",4461800
41150,850,200,"bu","13:58:48",4461600
41150,850,500,"bu","13:58:48",4461400
41150,850,1000,"bu","13:58:48",4460900
41150,850,1300,"bu","13:58:48",4459900
41150,850,300,"bu","13:58:48",4458600
41150,850,500,"bu","13:58:48",4458300
41100,800,1200,"sd","13:58:47",4457800
41100,800,1000,"sd","13:58:46",4456600
41100,800,200,"sd","13:58:45",4455600
41100,800,400,"sd","13:58:39",4455400
41100,800,500,"sd","13:58:39",4455000
41100,800,1200,"sd","13:58:37",4454500
41100,800,800,"sd","13:58:37",4453300
41150,850,300,"bu","13:58:33",4452500
41100,800,200,"sd","13:58:33",4452200
41100,800,300,"sd","13:58:33",4452000
41150,850,1000,"bu","13:58:26",4451700
41100,800,100,"sd","13:58:26",4450700
41150,850,500,"bu","13:58:25",4450600
41150,850,100,"bu","13:58:25",4450100
41150,850,2000,"bu","13:58:25",4450000
41150,850,1000,"bu","13:58:25",4448000
41150,850,200,"bu","13:58:25",4447000
41150,850,1200,"bu","13:58:25",4446800
41150,850,300,"bu","13:58:25",4445600
41150,850,700,"bu","13:58:25",4445300
41150,850,1000,"bu","13:58:25",4444600
41150,850,3000,"bu","13:58:25",4443600
41150,850,1700,"bu","13:58:23",4440600
41150,850,100,"bu","13:58:23",4438900
41150,850,300,"bu","13:58:23",4438800
41150,850,1000,"bu","13:58:23",4438500
41150,850,1000,"bu","13:58:23",4437500
41150,850,500,"bu","13:58:23",4436500
41150,850,400,"bu","13:58:23",4436000
41100,800,200,"sd","13:58:23",4435600
41100,800,1000,"bu","13:58:23",4435400
41100,800,400,"bu","13:58:23",4434400
41100,800,500,"bu","13:58:21",4434000
41100,800,100,"bu","13:58:20",4433500
41050,750,1200,"sd","13:58:16",4433400
41050,750,400,"sd","13:58:13",4432200
41100,800,2000,"sd","13:58:13",4431800
41100,800,100,"sd","13:58:13",4429800
41100,800,1000,"sd","13:58:13",4429700
41100,800,1100,"sd","13:58:13",4428700
41100,800,400,"sd","13:58:13",4427600
41100,800,400,"sd","13:58:13",4427200
41100,800,100,"sd","13:58:13",4426800
41150,850,1000,"bu","13:58:13",4426700
41150,850,100,"bu","13:58:13",4425700
41150,850,100,"bu","13:58:13",4425600
41150,850,100,"bu","13:58:13",4425500
41150,850,200,"bu","13:58:13",4425400
41100,800,100,"sd","13:58:12",4425200
41150,850,300,"bu","13:58:11",4425100
41150,850,200,"bu","13:58:11",4424800
41150,850,100,"bu","13:58:11",4424600
41150,850,800,"bu","13:58:11",4424500
41150,850,3300,"bu","13:58:11",4423700
41100,800,100,"sd","13:58:04",4420400
41100,800,200,"sd","13:58:04",4420300
41150,850,1700,"bu","13:58:01",4420100
41150,850,500,"bu","13:58:01",4418400
41150,850,300,"bu","13:58:01",4417900
41150,850,100,"bu","13:58:01",4417600
41150,850,400,"bu","13:58:01",4417500
41100,800,200,"bu","13:58:01",4417100
41100,800,1000,"bu","13:58:00",4416900
41100,800,3000,"bu","13:57:58",4415900
41100,800,800,"bu","13:57:58",4412900
41100,800,100,"bu","13:57:58",4412100
41100,800,100,"bu","13:57:58",4412000
41100,800,2000,"bu","13:57:58",4411900
41100,800,500,"bu","13:57:58",4409900
41100,800,1000,"bu","13:57:56",4409400
41100,800,200,"bu","13:57:55",4408400
41100,800,1000,"bu","13:57:53",4408200
41100,800,300,"sd","13:57:52",4407200
41150,850,100,"bu","13:57:51",4406900
41100,800,1100,"bu","13:57:51",4406800
41100,800,100,"bu","13:57:51",4405700
41100,800,1000,"bu","13:57:51",4405600
41100,800,200,"bu","13:57:51",4404600
41100,800,400,"bu","13:57:50",4404400
41100,800,100,"bu","13:57:50",4404000
41100,800,100,"bu","13:57:50",4403900
41100,800,2400,"bu","13:57:50",4403800
41100,800,600,"bu","13:57:49",4401400
41100,800,100,"bu","13:57:49",4400800
41100,800,200,"bu","13:57:49",4400700
41100,800,100,"bu","13:57:49",4400500
41100,800,400,"bu","13:57:49",4400400
41100,800,100,"bu","13:57:49",4400000
41100,800,100,"bu","13:57:48",4399900
41100,800,100,"bu","13:57:48",4399800
41100,800,800,"bu","13:57:47",4399700
41100,800,200,"bu","13:57:47",4398900
41100,800,300,"bu","13:57:47",4398700
41100,800,700,"bu","13:57:47",4398400
41050,750,1200,"sd","13:57:46",4397700
41100,800,300,"bu","13:57:46",4396500
41100,800,200,"bu","13:57:46",4396200
41100,800,500,"bu","13:57:46",4396000
41100,800,200,"bu","13:57:46",4395500
41100,800,3100,"bu","13:57:46",4395300
41100,800,500,"bu","13:57:45",4392200
41100,800,100,"bu","13:57:45",4391700
41100,800,300,"bu","13:57:45",4391600
41100,800,100,"bu","13:57:45",4391300
41100,800,400,"bu","13:57:45",4391200
41100,800,1000,"bu","13:57:45",4390800
41100,800,100,"bu","13:57:45",4389800
41100,800,200,"bu","13:57:45",4389700
41100,800,100,"bu","13:57:45",4389500
41100,800,300,"bu","13:57:45",4389400
41100,800,100,"bu","13:57:45",4389100
41100,800,1900,"bu","13:57:45",4389000
41100,800,1000,"bu","13:57:44",4387100
41100,800,2100,"bu","13:57:43",4386100
41100,800,100,"bu","13:57:43",4384000
41100,800,1000,"bu","13:57:43",4383900
41100,800,1000,"bu","13:57:42",4382900
41050,750,500,"sd","13:57:40",4381900
41050,750,100,"sd","13:57:38",4381400
41050,750,400,"sd","13:57:36",4381300
41050,750,700,"sd","13:57:36",4380900
41050,750,100,"sd","13:57:32",4380200
41050,750,100,"bu","13:57:32",4380100
41050,750,100,"bu","13:57:32",4380000
41050,750,2300,"bu","13:57:32",4379900
41050,750,2700,"bu","13:57:31",4377600
41050,750,300,"bu","13:57:31",4374900
41050,750,1000,"bu","13:57:28",4374600
41050,750,700,"bu","13:57:24",4373600
41050,750,500,"bu","13:57:24",4372900
41050,750,200,"bu","13:57:24",4372400
41050,750,600,"bu","13:57:24",4372200
41050,750,400,"bu","13:57:22",4371600
41050,750,2000,"bu","13:57:22",4371200
41000,700,2400,"sd","13:57:21",4369200
41050,750,500,"bu","13:57:20",4366800
41050,750,400,"bu","13:57:19",4366300
41050,750,2500,"bu","13:57:19",4365900
41050,750,100,"bu","13:57:19",4363400
41050,750,100,"bu","13:57:19",4363300
41050,750,100,"bu","13:57:19",4363200
41050,750,500,"bu","13:57:18",4363100
41000,700,1200,"sd","13:57:16",4362600
41000,700,100,"sd","13:57:15",4361400
41000,700,100,"sd","13:57:14",4361300
41000,700,600,"sd","13:57:14",4361200
41000,700,1000,"sd","13:57:14",4360600
41000,700,300,"sd","13:57:14",4359600
41050,750,100,"bu","13:57:08",4359300
41050,750,100,"bu","13:57:08",4359200
41050,750,1000,"bu","13:57:08",4359100
41050,750,500,"bu","13:57:08",4358100
41050,750,100,"bu","13:57:08",4357600
41050,750,200,"bu","13:57:08",4357500
41000,700,100,"sd","13:57:08",4357300
41000,700,100,"sd","13:57:07",4357200
41050,750,1000,"bu","13:57:06",4357100
41050,750,200,"bu","13:57:06",4356100
41000,700,200,"sd","13:57:01",4355900
41000,700,1400,"sd","13:56:59",4355700
41000,700,1600,"sd","13:56:59",4354300
41000,700,200,"bu","13:56:59",4352700
41000,700,100,"bu","13:56:59",4352500
41000,700,100,"bu","13:56:59",4352400
41000,700,1200,"bu","13:56:59",4352300
41000,700,800,"bu","13:56:59",4351100
41000,700,1000,"bu","13:56:59",4350300
41000,700,100,"bu","13:56:59",4349300
41000,700,100,"bu","13:56:59",4349200
41000,700,400,"bu","13:56:58",4349100
41000,700,100,"bu","13:56:58",4348700
41000,700,400,"bu","13:56:58",4348600
41000,700,100,"bu","13:56:57",4348200
41000,700,100,"bu","13:56:57",4348100
41000,700,500,"bu","13:56:57",4348000
41000,700,300,"bu","13:56:57",4347500
41000,700,200,"bu","13:56:55",4347200
41000,700,200,"bu","13:56:55",4347000
41000,700,1000,"bu","13:56:55",4346800
41000,700,500,"bu","13:56:55",4345800
40950,650,100,"sd","13:56:54",4345300
40850,550,1200,"sd","13:56:46",4345200
41000,700,1300,"bu","13:56:46",4344000
41000,700,300,"bu","13:56:46",4342700
41000,700,6500,"bu","13:56:46",4342400
41000,700,1400,"bu","13:56:46",4335900
41000,700,500,"bu","13:56:46",4334500
41000,700,500,"bu","13:56:46",4334000
41000,700,100,"bu","13:56:46",4333500
41000,700,500,"bu","13:56:46",4333400
41000,700,4000,"bu","13:56:46",4332900
41000,700,900,"bu","13:56:46",4328900
41000,700,1000,"bu","13:56:46",4328000
41000,700,300,"bu","13:56:46",4327000
41000,700,4000,"bu","13:56:46",4326700
41000,700,100,"bu","13:56:46",4322700
41000,700,500,"bu","13:56:46",4322600
41000,700,100,"bu","13:56:46",4322100
41000,700,300,"bu","13:56:46",4322000
41000,700,100,"bu","13:56:46",4321700
41000,700,1300,"bu","13:56:46",4321600
41000,700,1000,"bu","13:56:46",4320300
41000,700,400,"bu","13:56:46",4319300
41000,700,200,"bu","13:56:45",4318900
41000,700,100,"bu","13:56:44",4318700
41000,700,300,"bu","13:56:41",4318600
41000,700,2700,"bu","13:56:41",4318300
41000,700,2300,"bu","13:56:38",4315600
41000,700,5000,"bu","13:56:38",4313300
41000,700,100,"bu","13:56:38",4308300
41000,700,500,"bu","13:56:38",4308200
41000,700,2000,"bu","13:56:38",4307700
41000,700,500,"bu","13:56:38",4305700
41000,700,300,"bu","13:56:38",4305200
41000,700,500,"bu","13:56:38",4304900
41000,700,1000,"bu","13:56:38",4304400
41000,700,2000,"bu","13:56:38",4303400
41000,700,200,"bu","13:56:38",4301400
41000,700,100,"bu","13:56:38",4301200
41000,700,100,"bu","13:56:38",4301100
41000,700,200,"bu","13:56:38",4301000
41000,700,5000,"bu","13:56:38",4300800
41000,700,100,"bu","13:56:38",4295800
41000,700,100,"bu","13:56:38",4295700
41000,700,1000,"bu","13:56:38",4295600
41000,700,1000,"bu","13:56:38",4294600
41000,700,1900,"bu","13:56:38",4293600
40950,650,1000,"bu","13:56:38",4291700
40950,650,100,"bu","13:56:38",4290700
41000,700,1000,"bu","13:56:35",4290600
41000,700,1000,"bu","13:56:35",4289600
41000,700,100,"bu","13:56:35",4288600
41000,700,300,"bu","13:56:35",4288500
41000,700,2000,"bu","13:56:35",4288200
41000,700,100,"bu","13:56:35",4286200
41000,700,100,"bu","13:56:35",4286100
41000,700,500,"bu","13:56:35",4286000
41000,700,15000,"bu","13:56:35",4285500
41000,700,100,"bu","13:56:35",4270500
41000,700,4000,"bu","13:56:35",4270400
41000,700,100,"bu","13:56:35",4266400
41000,700,600,"bu","13:56:35",4266300
41000,700,100,"bu","13:56:35",4265700
41000,700,5100,"bu","13:56:35",4265600
41000,700,200,"bu","13:56:35",4260500
41000,700,300,"bu","13:56:35",4260300
41000,700,100,"bu","13:56:35",4260000
41000,700,300,"bu","13:56:35",4259900
41000,700,1600,"bu","13:56:35",4259600
41000,700,900,"bu","13:56:35",4258000
41000,700,2800,"bu","13:56:35",4257100
41000,700,100,"bu","13:56:35",4254300
41000,700,2500,"bu","13:56:35",4254200
41000,700,800,"bu","13:56:35",4251700
41000,700,200,"bu","13:56:35",4250900
41000,700,6000,"bu","13:56:35",4250700
41000,700,500,"bu","13:56:35",4244700
41000,700,26300,"bu","13:56:35",4244200
41000,700,20000,"bu","13:56:35",4217900
41000,700,2000,"bu","13:56:35",4197900
41000,700,100,"bu","13:56:35",4195900
41000,700,900,"bu","13:56:35",4195800
41000,700,300,"bu","13:56:35",4194900
41000,700,500,"bu","13:56:35",4194600
41000,700,2600,"bu","13:56:35",4194100
41000,700,300,"bu","13:56:35",4191500
41000,700,300,"bu","13:56:35",4191200
41000,700,3000,"bu","13:56:35",4190900
40950,650,100,"bu","13:56:35",4187900
41000,700,3000,"bu","13:56:35",4187800
41000,700,6600,"bu","13:56:35",4184800
40950,650,1600,"bu","13:56:35",4178200
41000,700,300,"bu","13:56:35",4176600
41000,700,100,"bu","13:56:35",4176300
41000,700,2300,"bu","13:56:35",4176200
41000,700,400,"bu","13:56:35",4173900
40950,650,100,"bu","13:56:35",4173500
41000,700,1400,"bu","13:56:35",4173400
40950,650,5400,"bu","13:56:35",4172000
41000,700,100,"bu","13:56:35",4166600
41000,700,100,"bu","13:56:35",4166500
40950,650,900,"bu","13:56:35",4166400
41000,700,2900,"bu","13:56:35",4165500
41000,700,100,"bu","13:56:35",4162600
41000,700,1000,"bu","13:56:35",4162500
41000,700,1600,"bu","13:56:35",4161500
41000,700,1500,"bu","13:56:35",4159900
40950,650,300,"bu","13:56:35",4158400
41000,700,6200,"bu","13:56:35",4158100
40950,650,400,"bu","13:56:35",4151900
41000,700,200,"bu","13:56:35",4151500
41000,700,2000,"bu","13:56:35",4151300
40950,650,1200,"bu","13:56:35",4149300
41000,700,10000,"bu","13:56:35",4148100
41000,700,1000,"bu","13:56:35",4138100
41000,700,2000,"bu","13:56:35",4137100
40950,650,3800,"bu","13:56:35",4135100
41000,700,800,"bu","13:56:35",4131300
40950,650,100,"bu","13:56:35",4130500
41000,700,21200,"bu","13:56:35",4130400
41000,700,2500,"bu","13:56:35",4109200
41000,700,2400,"bu","13:56:34",4106700
41000,700,200,"bu","13:56:34",4104300
40950,650,100,"bu","13:56:34",4104100
41000,700,500,"bu","13:56:34",4104000
40950,650,500,"bu","13:56:34",4103500
40950,650,200,"bu","13:56:34",4103000
40950,650,6500,"bu","13:56:34",4102800
40950,650,1700,"bu","13:56:34",4096300
41000,700,2000,"bu","13:56:34",4094600
41000,700,200,"bu","13:56:34",4092600
41000,700,10500,"bu","13:56:34",4092400
40950,650,3000,"bu","13:56:34",4081900
41000,700,3700,"bu","13:56:34",4078900
40900,600,800,"bu","13:56:34",4075200
40950,650,400,"bu","13:56:34",4074400
40900,600,100,"bu","13:56:34",4074000
41000,700,4200,"bu","13:56:34",4073900
41000,700,1100,"bu","13:56:34",4069700
40950,650,100,"bu","13:56:34",4068600
40900,600,2200,"bu","13:56:34",4068500
40900,600,100,"bu","13:56:34",4066300
40950,650,1900,"bu","13:56:34",4066200
41000,700,800,"bu","13:56:34",4064300
40950,650,2500,"bu","13:56:34",4063500
41000,700,2100,"bu","13:56:34",4061000
40950,650,500,"bu","13:56:34",4058900
40950,650,2100,"bu","13:56:34",4058400
41000,700,300,"bu","13:56:34",4056300
40950,650,1100,"bu","13:56:34",4056000
41000,700,600,"bu","13:56:34",4054900
40950,650,300,"bu","13:56:34",4054300
40950,650,9900,"bu","13:56:34",4054000
40950,650,2000,"bu","13:56:34",4044100
40950,650,100,"bu","13:56:34",4042100
40950,650,5000,"bu","13:56:34",4042000
40950,650,5100,"bu","13:56:34",4037000
40950,650,10700,"bu","13:56:34",4031900
40900,600,200,"bu","13:56:34",4021200
40950,650,300,"bu","13:56:34",4021000
40950,650,3500,"bu","13:56:34",4020700
40950,650,100,"bu","13:56:34",4017200
40950,650,1000,"bu","13:56:34",4017100
40900,600,1100,"bu","13:56:34",4016100
40950,650,100,"bu","13:56:34",4015000
40900,600,1000,"bu","13:56:34",4014900
40950,650,100,"bu","13:56:34",4013900
40900,600,16500,"bu","13:56:34",4013800
40950,650,3400,"bu","13:56:34",3997300
40950,650,200,"bu","13:56:34",3993900
40950,650,100,"bu","13:56:34",3993700
40950,650,300,"bu","13:56:34",3993600
40900,600,4500,"bu","13:56:34",3993300
40950,650,600,"bu","13:56:34",3988800
40950,650,7400,"bu","13:56:34",3988200
40950,650,100,"bu","13:56:34",3980800
40950,650,100,"bu","13:56:34",3980700
40900,600,9700,"bu","13:56:34",3980600
40950,650,100,"bu","13:56:34",3970900
40900,600,100,"bu","13:56:34",3970800
40950,650,100,"bu","13:56:34",3970700
40900,600,3100,"bu","13:56:34",3970600
40950,650,10000,"bu","13:56:34",3967500
40900,600,100,"bu","13:56:34",3957500
40900,600,300,"bu","13:56:34",3957400
40900,600,200,"bu","13:56:34",3957100
40950,650,900,"bu","13:56:34",3956900
40900,600,4000,"bu","13:56:34",3956000
40950,650,100,"bu","13:56:34",3952000
40900,600,2000,"bu","13:56:34",3951900
40950,650,200,"bu","13:56:34",3949900
40900,600,100,"bu","13:56:34",3949700
40900,600,3000,"bu","13:56:34",3949600
40950,650,100,"bu","13:56:34",3946600
40900,600,1000,"bu","13:56:34",3946500
40900,600,200,"bu","13:56:34",3945500
40950,650,500,"bu","13:56:34",3945300
40900,600,100,"bu","13:56:34",3944800
40950,650,2700,"bu","13:56:34",3944700
40900,600,500,"bu","13:56:34",3942000
40900,600,1400,"bu","13:56:34",3941500
40900,600,100,"bu","13:56:34",3940100
40900,600,600,"bu","13:56:34",3940000
40900,600,100,"bu","13:56:34",3939400
40900,600,200,"bu","13:56:34",3939300
40900,600,1000,"bu","13:56:34",3939100
40900,600,2100,"bu","13:56:34",3938100
40900,600,5000,"bu","13:56:34",3936000
40900,600,100,"bu","13:56:34",3931000
40900,600,200,"bu","13:56:34",3930900
40900,600,3200,"bu","13:56:34",3930700
40900,600,12200,"bu","13:56:34",3927500
40900,600,500,"bu","13:56:34",3915300
40900,600,1000,"bu","13:56:34",3914800
40900,600,100,"bu","13:56:34",3913800
40900,600,100,"bu","13:56:34",3913700
40900,600,500,"bu","13:56:34",3913600
40900,600,100,"bu","13:56:34",3913100
40900,600,100,"bu","13:56:34",3913000
40900,600,500,"bu","13:56:34",3912900
40900,600,100,"bu","13:56:34",3912400
40900,600,100,"bu","13:56:34",3912300
40900,600,100,"bu","13:56:34",3912200
40900,600,200,"bu","13:56:34",3912100
40900,600,1300,"bu","13:56:34",3911900
40850,550,100,"sd","13:56:30",3910600
40900,600,700,"bu","13:56:29",3910500
40900,600,100,"bu","13:56:29",3909800
40900,600,400,"bu","13:56:29",3909700
40900,600,100,"bu","13:56:29",3909300
40900,600,1900,"bu","13:56:29",3909200
40850,550,100,"sd","13:56:27",3907300
40850,550,100,"sd","13:56:25",3907200
40850,550,100,"sd","13:56:25",3907100
40900,600,1300,"bu","13:56:24",3907000
40900,600,1100,"bu","13:56:24",3905700
40900,600,2600,"bu","13:56:24",3904600
40850,550,100,"sd","13:56:19",3902000
40850,550,200,"sd","13:56:18",3901900
40850,550,1200,"sd","13:56:15",3901700
40850,550,200,"sd","13:56:11",3900500
40900,600,1000,"bu","13:56:10",3900300
40900,600,1400,"bu","13:56:09",3899300
40900,600,700,"bu","13:56:09",3897900
40900,600,100,"bu","13:56:09",3897200
40900,600,100,"bu","13:56:09",3897100
40900,600,100,"bu","13:56:09",3897000
40900,600,200,"bu","13:56:09",3896900
40900,600,600,"bu","13:56:09",3896700
40850,550,200,"sd","13:56:08",3896100
40850,550,1000,"sd","13:56:07",3895900
40850,550,200,"sd","13:56:07",3894900
40850,550,3600,"sd","13:56:07",3894700
40850,550,2200,"sd","13:56:07",3891100
40850,550,2200,"sd","13:56:07",3888900
40850,550,1800,"sd","13:56:07",3886700
40850,550,2000,"sd","13:56:07",3884900
40850,550,300,"sd","13:56:07",3882900
40850,550,1900,"sd","13:56:07",3882600
40850,550,2000,"sd","13:56:07",3880700
40850,550,2800,"sd","13:56:07",3878700
40900,600,300,"bu","13:55:46",3875900
40900,600,100,"bu","13:55:46",3875600
40900,600,200,"bu","13:55:46",3875500
40900,600,200,"bu","13:55:46",3875300
40900,600,100,"bu","13:55:46",3875100
40900,600,100,"bu","13:55:46",3875000
40900,600,100,"bu","13:55:46",3874900
40900,600,200,"bu","13:55:46",3874800
40900,600,100,"bu","13:55:46",3874600
40900,600,500,"bu","13:55:46",3874500
40900,600,100,"bu","13:55:46",3874000
40900,600,100,"bu","13:55:46",3873900
40900,600,100,"bu","13:55:46",3873800
40900,600,1000,"bu","13:55:46",3873700
40850,550,1200,"sd","13:55:45",3872700
40850,550,100,"bu","13:55:45",3871500
40850,550,2000,"bu","13:55:45",3871400
40850,550,2000,"bu","13:55:45",3869400
40850,550,700,"bu","13:55:45",3867400
40850,550,100,"bu","13:55:45",3866700
40850,550,1000,"bu","13:55:45",3866600
40850,550,300,"bu","13:55:45",3865600
40850,550,2000,"bu","13:55:45",3865300
40850,550,100,"bu","13:55:45",3863300
40850,550,300,"bu","13:55:45",3863200
40850,550,100,"bu","13:55:44",3862900
40850,550,500,"bu","13:55:44",3862800
40850,550,100,"bu","13:55:44",3862300
40850,550,1000,"bu","13:55:44",3862200
40850,550,100,"bu","13:55:44",3861200
40850,550,500,"bu","13:55:44",3861100
40850,550,200,"bu","13:55:44",3860600
40850,550,500,"bu","13:55:44",3860400
40850,550,200,"bu","13:55:44",3859900
40850,550,1000,"bu","13:55:44",3859700
40850,550,200,"bu","13:55:44",3858700
40850,550,3000,"bu","13:55:44",3858500
40850,550,1200,"bu","13:55:40",3855500
40850,550,100,"bu","13:55:40",3854300
40850,550,100,"bu","13:55:40",3854200
40850,550,40100,"bu","13:55:40",3854100
40850,550,100,"bu","13:55:40",3814000
40850,550,5000,"bu","13:55:40",3813900
40850,550,100,"bu","13:55:40",3808900
40850,550,2000,"bu","13:55:40",3808800
40850,550,1300,"bu","13:55:40",3806800
40850,550,700,"bu","13:55:40",3805500
40850,550,500,"bu","13:55:40",3804800
40850,550,700,"bu","13:55:39",3804300
40850,550,400,"bu","13:55:39",3803600
40850,550,300,"bu","13:55:36",3803200
40850,550,100,"bu","13:55:34",3802900
40850,550,300,"bu","13:55:33",3802800
40850,550,500,"bu","13:55:33",3802500
40850,550,1500,"bu","13:55:33",3802000
40850,550,600,"bu","13:55:33",3800500
40850,550,2000,"bu","13:55:33",3799900
40850,550,500,"bu","13:55:28",3797900
40850,550,300,"bu","13:55:26",3797400
40850,550,500,"bu","13:55:26",3797100
40850,550,500,"bu","13:55:26",3796600
40850,550,1900,"bu","13:55:26",3796100
40800,500,1200,"sd","13:55:15",3794200
40850,550,3100,"bu","13:55:05",3793000
40850,550,100,"bu","13:55:05",3789900
40800,500,1000,"sd","13:55:05",3789800
40800,500,200,"sd","13:55:05",3788800
40800,500,100,"bu","13:54:57",3788600
40800,500,200,"bu","13:54:57",3788500
40800,500,100,"bu","13:54:57",3788300
40800,500,5000,"bu","13:54:57",3788200
40800,500,10000,"bu","13:54:57",3783200
40800,500,1000,"bu","13:54:57",3773200
40800,500,100,"bu","13:54:57",3772200
40800,500,2000,"bu","13:54:57",3772100
40800,500,500,"bu","13:54:57",3770100
40800,500,1000,"bu","13:54:57",3769600
40800,500,200,"bu","13:54:57",3768600
40800,500,200,"bu","13:54:57",3768400
40800,500,1000,"bu","13:54:57",3768200
40800,500,200,"bu","13:54:57",3767200
40800,500,20000,"bu","13:54:57",3767000
40800,500,1000,"bu","13:54:57",3747000
40800,500,100,"bu","13:54:57",3746000
40800,500,300,"bu","13:54:57",3745900
40800,500,5100,"bu","13:54:57",3745600
40800,500,100,"bu","13:54:57",3740500
40800,500,5000,"bu","13:54:57",3740400
40800,500,800,"bu","13:54:57",3735400
40800,500,4500,"bu","13:54:57",3734600
40800,500,600,"bu","13:54:54",3730100
40800,500,3200,"bu","13:54:49",3729500
40750,450,400,"sd","13:54:45",3726300
40750,450,700,"sd","13:54:45",3725900
40750,450,100,"sd","13:54:45",3725200
40800,500,600,"bu","13:54:41",3725100
40800,500,200,"bu","13:54:26",3724500
40800,500,300,"bu","13:54:26",3724300
40750,450,300,"sd","13:54:15",3724000
40750,450,200,"sd","13:54:15",3723700
40750,450,200,"sd","13:54:15",3723500
40750,450,500,"sd","13:54:15",3723300
40750,450,1200,"sd","13:53:45",3722800
40800,500,200,"bu","13:53:44",3721600
40800,500,300,"bu","13:53:44",3721400
40800,500,500,"bu","13:53:39",3721100
40750,450,1200,"sd","13:53:14",3720600
40800,500,1200,"bu","13:53:06",3719400
40800,500,200,"bu","13:53:06",3718200
40800,500,100,"bu","13:53:06",3718000
40800,500,1000,"bu","13:53:06",3717900
40800,500,500,"bu","13:53:06",3716900
40750,450,1100,"sd","13:53:02",3716400
40750,450,100,"sd","13:53:02",3715300
40750,450,400,"sd","13:53:02",3715200
40750,450,500,"sd","13:53:02",3714800
40750,450,100,"sd","13:52:56",3714300
40750,450,1000,"sd","13:52:51",3714200
40750,450,1200,"sd","13:52:44",3713200
40750,450,300,"sd","13:52:28",3712000
40750,450,1000,"bu","13:52:21",3711700
40750,450,500,"bu","13:52:21",3710700
40700,400,1200,"sd","13:52:14",3710200
40750,450,500,"bu","13:52:14",3709000
40750,450,100,"bu","13:52:14",3708500
40750,450,400,"bu","13:52:14",3708400
40750,450,100,"bu","13:52:11",3708000
40750,450,500,"bu","13:52:10",3707900
40750,450,500,"bu","13:52:10",3707400
40750,450,400,"bu","13:52:10",3706900
40750,450,700,"bu","13:52:09",3706500
40750,450,500,"bu","13:52:04",3705800
40750,450,1000,"bu","13:51:59",3705300
40750,450,800,"bu","13:51:59",3704300
40750,450,500,"bu","13:51:59",3703500
40750,450,200,"bu","13:51:57",3703000
40750,450,5000,"bu","13:51:52",3702800
40750,450,200,"bu","13:51:50",3697800
40750,450,200,"bu","13:51:48",3697600
40700,400,1200,"sd","13:51:44",3697400
40750,450,100,"bu","13:51:39",3696200
40750,450,1000,"bu","13:51:38",3696100
40750,450,700,"bu","13:51:32",3695100
40750,450,500,"bu","13:51:23",3694400
40750,450,100,"bu","13:51:20",3693900
40750,450,700,"bu","13:51:18",3693800
40750,450,400,"bu","13:51:18",3693100
40750,450,1000,"bu","13:51:17",3692700
40700,400,1200,"sd","13:51:14",3691700
40750,450,100,"bu","13:50:55",3690500
40700,400,1000,"sd","13:50:55",3690400
40750,450,200,"sd","13:50:54",3689400
40750,450,1200,"sd","13:50:54",3689200
40750,450,800,"sd","13:50:52",3688000
40750,450,700,"sd","13:50:52",3687200
40750,450,400,"sd","13:50:52",3686500
40750,450,1800,"sd","13:50:52",3686100
40750,450,400,"sd","13:50:46",3684300
40750,450,200,"sd","13:50:46",3683900
40750,450,100,"sd","13:50:46",3683700
40750,450,700,"sd","13:50:46",3683600
40750,450,100,"sd","13:50:46",3682900
40750,450,700,"sd","13:50:44",3682800
40750,450,100,"sd","13:50:44",3682100
40750,450,400,"sd","13:50:44",3682000
40750,450,400,"sd","13:50:31",3681600
40750,450,600,"sd","13:50:31",3681200
40750,450,1600,"sd","13:50:28",3680600
40750,450,400,"sd","13:50:28",3679000
40750,450,3000,"sd","13:50:28",3678600
40750,450,1000,"sd","13:50:14",3675600
40750,450,1000,"sd","13:50:14",3674600
40750,450,200,"sd","13:50:14",3673600
40750,450,6300,"sd","13:50:01",3673400
40750,450,1200,"sd","13:50:01",3667100
40750,450,100,"sd","13:50:01",3665900
40750,450,5400,"sd","13:50:01",3665800
40750,450,500,"sd","13:49:45",3660400
40750,450,1200,"sd","13:49:43",3659900
40750,450,1100,"sd","13:49:43",3658700
40750,450,100,"sd","13:49:21",3657600
40750,450,100,"sd","13:49:16",3657500
40750,450,1200,"sd","13:49:13",3657400
40750,450,300,"sd","13:48:55",3656200
40750,450,400,"sd","13:48:44",3655900
40750,450,1200,"sd","13:48:43",3655500
40800,500,700,"bu","13:48:41",3654300
40800,500,400,"bu","13:48:41",3653600
40800,500,5000,"bu","13:48:35",3653200
40800,500,3900,"bu","13:48:33",3648200
40800,500,100,"bu","13:48:33",3644300
40800,500,1000,"bu","13:48:33",3644200
40800,500,3000,"bu","13:48:32",3643200
40800,500,2000,"bu","13:48:32",3640200
40800,500,1000,"bu","13:48:30",3638200
40800,500,1000,"bu","13:48:30",3637200
40800,500,100,"bu","13:48:30",3636200
40800,500,2900,"bu","13:48:30",3636100
40800,500,5000,"bu","13:48:28",3633200
40800,500,5000,"bu","13:48:27",3628200
40750,450,1200,"sd","13:48:13",3623200
40750,450,400,"sd","13:48:09",3622000
40750,450,600,"sd","13:48:09",3621600
40750,450,100,"sd","13:48:01",3621000
40750,450,400,"sd","13:48:01",3620900
40750,450,500,"sd","13:48:01",3620500
40750,450,100,"bu","13:47:46",3620000
40750,450,200,"bu","13:47:46",3619900
40750,450,200,"bu","13:47:46",3619700
40750,450,500,"bu","13:47:46",3619500
40750,450,600,"bu","13:47:46",3619000
40750,450,500,"bu","13:47:46",3618400
40750,450,2000,"bu","13:47:46",3617900
40750,450,3000,"bu","13:47:46",3615900
40750,450,2400,"bu","13:47:46",3612900
40700,400,1200,"sd","13:47:43",3610500
40750,450,400,"bu","13:47:37",3609300
40700,400,1200,"sd","13:47:12",3608900
40750,450,500,"bu","13:46:59",3607700
40700,400,1200,"sd","13:46:42",3607200
40750,450,100,"bu","13:46:34",3606000
40750,450,200,"bu","13:46:25",3605900
40750,450,500,"bu","13:46:25",3605700
40750,450,200,"bu","13:46:14",3605200
40700,400,1200,"sd","13:46:12",3605000
40750,450,700,"bu","13:46:10",3603800
40750,450,300,"bu","13:46:10",3603100
40750,450,100,"bu","13:46:10",3602800
40750,450,2900,"bu","13:46:10",3602700
40750,450,700,"bu","13:46:05",3599800
40750,450,400,"bu","13:46:05",3599100
40750,450,1000,"sd","13:45:52",3598700
40750,450,2500,"sd","13:45:47",3597700
40750,450,1000,"sd","13:45:45",3595200
40750,450,500,"sd","13:45:45",3594200
40700,400,800,"sd","13:45:42",3593700
40750,450,400,"sd","13:45:42",3592900
40750,450,300,"sd","13:45:40",3592500
40750,450,200,"sd","13:45:40",3592200
40750,450,200,"sd","13:45:31",3592000
40750,450,100,"sd","13:45:12",3591800
40700,400,200,"sd","13:45:12",3591700
40750,450,500,"sd","13:45:12",3591500
40750,450,100,"sd","13:45:12",3591000
40750,450,300,"sd","13:45:12",3590900
40750,450,1000,"sd","13:45:10",3590600
40750,450,100,"sd","13:45:09",3589600
40750,450,100,"sd","13:45:08",3589500
40750,450,500,"sd","13:45:07",3589400
40750,450,100,"sd","13:45:05",3588900
40750,450,100,"sd","13:45:04",3588800
40750,450,700,"sd","13:45:02",3588700
40750,450,400,"sd","13:44:52",3588000
40750,450,2100,"sd","13:44:52",3587600
40750,450,100,"sd","13:44:48",3585500
40750,450,100,"sd","13:44:47",3585400
40750,450,100,"sd","13:44:47",3585300
40750,450,400,"sd","13:44:47",3585200
40750,450,600,"sd","13:44:47",3584800
40750,450,700,"sd","13:44:47",3584200
40750,450,700,"sd","13:44:47",3583500
40750,450,400,"sd","13:44:47",3582800
40750,450,700,"sd","13:44:47",3582400
40750,450,100,"sd","13:44:47",3581700
40750,450,1000,"sd","13:44:47",3581600
40750,450,100,"sd","13:44:47",3580600
40750,450,4800,"sd","13:44:47",3580500
40750,450,300,"sd","13:44:47",3575700
40750,450,1200,"sd","13:44:41",3575400
40750,450,700,"sd","13:44:32",3574200
40750,450,200,"sd","13:44:32",3573500
40750,450,500,"sd","13:44:31",3573300
40750,450,400,"sd","13:44:31",3572800
40750,450,100,"sd","13:44:31",3572400
40750,450,100,"sd","13:44:22",3572300
40750,450,300,"sd","13:44:13",3572200
40750,450,1200,"sd","13:44:12",3571900
40750,450,400,"sd","13:44:12",3570700
40750,450,9600,"sd","13:44:12",3570300
40750,450,100,"sd","13:44:10",3560700
40750,450,500,"sd","13:43:59",3560600
40750,450,10000,"sd","13:43:54",3560100
40750,450,500,"sd","13:43:51",3550100
40750,450,100,"sd","13:43:46",3549600
40750,450,2500,"sd","13:43:45",3549500
40750,450,1200,"sd","13:43:41",3547000
40750,450,500,"sd","13:43:41",3545800
40750,450,600,"sd","13:43:25",3545300
40750,450,200,"sd","13:43:23",3544700
40750,450,1200,"sd","13:43:11",3544500
40800,500,600,"bu","13:43:04",3543300
40750,450,100,"sd","13:42:58",3542700
40750,450,2000,"sd","13:42:48",3542600
40750,450,1200,"sd","13:42:41",3540600
40750,450,100,"sd","13:42:40",3539400
40750,450,100,"sd","13:42:21",3539300
40750,450,5000,"sd","13:42:17",3539200
40750,450,100,"sd","13:42:12",3534200
40750,450,1200,"sd","13:42:10",3534100
40800,500,100,"bu","13:41:58",3532900
40750,450,1200,"sd","13:41:40",3532800
40750,450,300,"sd","13:41:37",3531600
40800,500,400,"bu","13:41:37",3531300
40800,500,100,"bu","13:41:37",3530900
40800,500,600,"bu","13:41:37",3530800
40800,500,100,"bu","13:41:37",3530200
40800,500,100,"bu","13:41:37",3530100
40800,500,100,"bu","13:41:37",3530000
40800,500,100,"bu","13:41:37",3529900
40800,500,300,"bu","13:41:37",3529800
40800,500,4200,"bu","13:41:37",3529500
40800,500,500,"bu","13:41:16",3525300
40750,450,1200,"sd","13:41:10",3524800
40750,450,100,"sd","13:41:06",3523600
40800,500,500,"bu","13:41:05",3523500
40800,500,400,"bu","13:40:52",3523000
40800,500,700,"bu","13:40:52",3522600
40800,500,1500,"bu","13:40:45",3521900
40750,450,1200,"sd","13:40:40",3520400
40750,450,100,"sd","13:40:40",3519200
40750,450,200,"sd","13:40:35",3519100
40750,450,2700,"sd","13:40:28",3518900
40750,450,100,"sd","13:40:27",3516200
40750,450,1000,"sd","13:40:21",3516100
40750,450,600,"sd","13:40:19",3515100
40750,450,2900,"sd","13:40:18",3514500
40750,450,200,"sd","13:40:18",3511600
40750,450,100,"sd","13:40:17",3511400
40750,450,100,"bu","13:40:11",3511300
40750,450,1200,"bu","13:40:11",3511200
40700,400,1200,"sd","13:40:10",3510000
40750,450,2000,"bu","13:40:07",3508800
40750,450,300,"bu","13:40:07",3506800
40750,450,10000,"sd","13:40:06",3506500
40750,450,700,"sd","13:40:06",3496500
40750,450,400,"sd","13:40:06",3495800
40750,450,200,"sd","13:40:06",3495400
40750,450,2600,"sd","13:40:06",3495200
40750,450,1000,"sd","13:40:06",3492600
40750,450,600,"sd","13:40:06",3491600
40750,450,700,"sd","13:40:06",3491000
40750,450,5000,"sd","13:40:06",3490300
40750,450,5000,"sd","13:40:06",3485300
40750,450,300,"sd","13:40:06",3480300
40750,450,400,"sd","13:39:56",3480000
40750,450,700,"sd","13:39:56",3479600
40750,450,900,"sd","13:39:56",3478900
40750,450,100,"sd","13:39:43",3478000
40750,450,1200,"sd","13:39:40",3477900
40750,450,1000,"bu","13:39:37",3476700
40750,450,200,"bu","13:39:37",3475700
40750,450,3700,"bu","13:39:37",3475500
40750,450,300,"bu","13:39:37",3471800
40750,450,500,"bu","13:39:37",3471500
40750,450,1000,"bu","13:39:37",3471000
40750,450,200,"bu","13:39:37",3470000
40750,450,900,"bu","13:39:37",3469800
40750,450,1000,"bu","13:39:37",3468900
40750,450,2400,"bu","13:39:27",3467900
40750,450,2000,"bu","13:39:24",3465500
40700,400,2300,"sd","13:39:24",3463500
40750,450,200,"bu","13:39:22",3461200
40700,400,500,"sd","13:39:20",3461000
40700,400,1200,"sd","13:39:09",3460500
40700,400,1200,"sd","13:38:39",3459300
40700,400,400,"sd","13:38:38",3458100
40700,400,500,"sd","13:38:35",3457700
40700,400,800,"sd","13:38:10",3457200
40750,450,100,"bu","13:38:09",3456400
40700,400,1200,"sd","13:38:09",3456300
40700,400,1000,"sd","13:38:05",3455100
40750,450,100,"bu","13:38:03",3454100
40750,450,100,"bu","13:37:57",3454000
40750,450,1000,"bu","13:37:57",3453900
40750,450,100,"bu","13:37:52",3452900
40700,400,5000,"sd","13:37:49",3452800
40750,450,100,"bu","13:37:44",3447800
40700,400,1200,"sd","13:37:39",3447700
40700,400,100,"sd","13:37:36",3446500
40750,450,100,"bu","13:37:36",3446400
40750,450,700,"bu","13:37:23",3446300
40750,450,400,"bu","13:37:22",3445600
40750,450,100,"bu","13:37:16",3445200
40750,450,4900,"sd","13:37:12",3445100
40750,450,1000,"sd","13:37:12",3440200
40750,450,100,"sd","13:37:12",3439200
40750,450,500,"sd","13:37:12",3439100
40750,450,1700,"sd","13:37:12",3438600
40750,450,100,"sd","13:37:10",3436900
40750,450,1200,"sd","13:37:09",3436800
40750,450,100,"sd","13:36:56",3435600
40800,500,100,"sd","13:36:44",3435500
40800,500,1000,"sd","13:36:44",3435400
40800,500,100,"sd","13:36:44",3434400
40800,500,7200,"sd","13:36:44",3434300
40800,500,1000,"sd","13:36:44",3427100
40800,500,1500,"sd","13:36:44",3426100
40800,500,3000,"sd","13:36:44",3424600
40800,500,1000,"sd","13:36:44",3421600
40800,500,500,"sd","13:36:44",3420600
40800,500,10000,"sd","13:36:44",3420100
40800,500,26800,"sd","13:36:44",3410100
40800,500,100,"sd","13:36:41",3383300
40800,500,1200,"sd","13:36:39",3383200
40850,550,1400,"bu","13:36:38",3382000
40850,550,1000,"bu","13:36:37",3380600
40850,550,100,"bu","13:36:37",3379600
40800,500,600,"sd","13:36:31",3379500
40850,550,700,"bu","13:36:31",3378900
40850,550,400,"bu","13:36:31",3378200
40850,550,100,"bu","13:36:23",3377800
40850,550,200,"bu","13:36:12",3377700
40800,500,1200,"sd","13:36:08",3377500
40850,550,5000,"bu","13:35:59",3376300
40850,550,100,"bu","13:35:52",3371300
40850,550,500,"bu","13:35:50",3371200
40850,550,700,"sd","13:35:44",3370700
40850,550,400,"sd","13:35:44",3370000
40850,550,5000,"sd","13:35:44",3369600
40850,550,6800,"sd","13:35:44",3364600
40850,550,200,"sd","13:35:42",3357800
40850,550,300,"sd","13:35:42",3357600
40850,550,500,"sd","13:35:42",3357300
40850,550,100,"sd","13:35:40",3356800
40900,600,4000,"bu","13:35:38",3356700
40900,600,1000,"bu","13:35:38",3352700
40900,600,100,"bu","13:35:38",3351700
40900,600,200,"bu","13:35:38",3351600
40900,600,100,"bu","13:35:38",3351400
40850,550,1200,"sd","13:35:38",3351300
40850,550,100,"sd","13:35:37",3350100
40850,550,100,"sd","13:35:37",3350000
40850,550,1000,"sd","13:35:33",3349900
40850,550,1000,"sd","13:35:33",3348900
40850,550,1000,"sd","13:35:31",3347900
40850,550,2000,"sd","13:35:31",3346900
40850,550,1100,"sd","13:35:30",3344900
40850,550,3900,"sd","13:35:30",3343800
40850,550,100,"sd","13:35:25",3339900
40850,550,100,"sd","13:35:22",3339800
40850,550,400,"sd","13:35:22",3339700
40850,550,100,"sd","13:35:20",3339300
40850,550,800,"sd","13:35:17",3339200
40850,550,200,"sd","13:35:12",3338400
40900,600,1500,"bu","13:35:11",3338200
40850,550,500,"sd","13:35:08",3336700
40850,550,700,"sd","13:35:08",3336200
40900,600,700,"bu","13:35:05",3335500
40900,600,5000,"bu","13:35:03",3334800
40850,550,100,"sd","13:34:58",3329800
40850,550,200,"sd","13:34:57",3329700
40900,600,100,"bu","13:34:55",3329500
40900,600,100,"bu","13:34:52",3329400
40900,600,100,"bu","13:34:50",3329300
40900,600,100,"bu","13:34:46",3329200
40900,600,700,"bu","13:34:46",3329100
40900,600,400,"bu","13:34:46",3328400
40900,600,100,"bu","13:34:40",3328000
40850,550,500,"sd","13:34:39",3327900
40850,550,100,"sd","13:34:39",3327400
40850,550,400,"sd","13:34:39",3327300
40850,550,600,"sd","13:34:38",3326900
40850,550,600,"sd","13:34:38",3326300
40850,550,500,"sd","13:34:38",3325700
40900,600,100,"bu","13:34:35",3325200
40900,600,100,"bu","13:34:28",3325100
40850,550,100,"sd","13:34:27",3325000
40900,600,900,"bu","13:34:26",3324900
40900,600,100,"bu","13:34:21",3324000
40850,550,100,"sd","13:34:20",3323900
40850,550,200,"sd","13:34:20",3323800
40850,550,100,"sd","13:34:19",3323600
40850,550,1000,"sd","13:34:19",3323500
40850,550,100,"bu","13:34:12",3322500
40850,550,500,"bu","13:34:12",3322400
40850,550,500,"bu","13:34:12",3321900
40850,550,300,"bu","13:34:12",3321400
40850,550,1000,"bu","13:34:12",3321100
40850,550,500,"bu","13:34:12",3320100
40850,550,500,"bu","13:34:10",3319600
40850,550,300,"bu","13:34:10",3319100
40850,550,200,"bu","13:34:10",3318800
40850,550,300,"bu","13:34:09",3318600
40800,500,1200,"sd","13:34:08",3318300
40850,550,3800,"bu","13:34:07",3317100
40850,550,1000,"bu","13:34:06",3313300
40850,550,3000,"bu","13:34:04",3312300
40850,550,500,"bu","13:33:54",3309300
40850,550,700,"sd","13:33:54",3308800
40850,550,400,"sd","13:33:54",3308100
40850,550,100,"sd","13:33:53",3307700
40900,600,100,"bu","13:33:53",3307600
40900,600,4900,"bu","13:33:53",3307500
40850,550,100,"sd","13:33:53",3302600
40850,550,100,"sd","13:33:53",3302500
40900,600,100,"bu","13:33:51",3302400
40850,550,100,"bu","13:33:51",3302300
40850,550,500,"bu","13:33:51",3302200
40850,550,100,"bu","13:33:51",3301700
40850,550,100,"bu","13:33:51",3301600
40850,550,100,"bu","13:33:51",3301500
40850,550,400,"bu","13:33:51",3301400
40850,550,200,"bu","13:33:51",3301000
40850,550,100,"bu","13:33:50",3300800
40850,550,200,"bu","13:33:49",3300700
40850,550,300,"bu","13:33:49",3300500
40850,550,3000,"bu","13:33:47",3300200
40850,550,1000,"bu","13:33:46",3297200
40850,550,1400,"bu","13:33:46",3296200
40800,500,300,"sd","13:33:43",3294800
40850,550,1000,"bu","13:33:43",3294500
40850,550,100,"bu","13:33:40",3293500
40850,550,1000,"bu","13:33:40",3293400
40850,550,100,"bu","13:33:40",3292400
40850,550,5000,"bu","13:33:40",3292300
40850,550,1000,"bu","13:33:40",3287300
40850,550,2900,"bu","13:33:40",3286300
40850,550,100,"bu","13:33:40",3283400
40850,550,2000,"bu","13:33:40",3283300
40850,550,100,"bu","13:33:40",3281300
40850,550,1600,"bu","13:33:40",3281200
40850,550,5000,"bu","13:33:40",3279600
40850,550,100,"bu","13:33:40",3274600
40850,550,1000,"bu","13:33:40",3274500
40800,500,1200,"sd","13:33:38",3273500
40850,550,1400,"bu","13:33:35",3272300
40850,550,100,"bu","13:33:35",3270900
40850,550,100,"bu","13:33:35",3270800
40850,550,100,"bu","13:33:35",3270700
40850,550,100,"bu","13:33:35",3270600
40850,550,100,"bu","13:33:35",3270500
40850,550,100,"bu","13:33:35",3270400
40850,550,1000,"bu","13:33:35",3270300
40800,500,100,"bu","13:33:35",3269300
40800,500,100,"bu","13:33:35",3269200
40800,500,100,"bu","13:33:35",3269100
40800,500,100,"bu","13:33:35",3269000
40800,500,1000,"bu","13:33:35",3268900
40800,500,1000,"bu","13:33:35",3267900
40800,500,1200,"bu","13:33:35",3266900
40800,500,400,"bu","13:33:35",3265700
40800,500,1300,"bu","13:33:35",3265300
40800,500,100,"bu","13:33:35",3264000
40800,500,100,"bu","13:33:35",3263900
40800,500,100,"bu","13:33:35",3263800
40800,500,4800,"bu","13:33:35",3263700
40800,500,100,"bu","13:33:35",3258900
40800,500,5000,"bu","13:33:35",3258800
40800,500,1900,"bu","13:33:35",3253800
40800,500,1000,"bu","13:33:34",3251900
40800,500,2100,"bu","13:33:34",3250900
40800,500,200,"bu","13:33:34",3248800
40800,500,100,"bu","13:33:34",3248600
40800,500,600,"bu","13:33:34",3248500
40800,500,2000,"bu","13:33:34",3247900
40800,500,100,"bu","13:33:34",3245900
40800,500,1000,"bu","13:33:34",3245800
40800,500,3000,"bu","13:33:34",3244800
40800,500,500,"bu","13:33:34",3241800
40800,500,100,"bu","13:33:34",3241300
40800,500,300,"bu","13:33:34",3241200
40800,500,300,"bu","13:33:32",3240900
40800,500,2500,"bu","13:33:31",3240600
40800,500,1000,"bu","13:33:30",3238100
40800,500,100,"bu","13:33:30",3237100
40800,500,800,"bu","13:33:30",3237000
40800,500,100,"bu","13:33:30",3236200
40800,500,100,"bu","13:33:30",3236100
40800,500,2100,"bu","13:33:30",3236000
40800,500,500,"bu","13:33:30",3233900
40800,500,100,"bu","13:33:30",3233400
40800,500,5000,"bu","13:33:30",3233300
40800,500,200,"bu","13:33:30",3228300
40800,500,100,"bu","13:33:30",3228100
40800,500,1000,"bu","13:33:30",3228000
40800,500,400,"bu","13:33:30",3227000
40800,500,5000,"bu","13:33:30",3226600
40800,500,100,"bu","13:33:30",3221600
40800,500,200,"bu","13:33:30",3221500
40800,500,200,"bu","13:33:30",3221300
40800,500,100,"bu","13:33:30",3221100
40800,500,100,"bu","13:33:30",3221000
40800,500,100,"bu","13:33:30",3220900
40800,500,2800,"bu","13:33:30",3220800
40800,500,100,"bu","13:33:30",3218000
40800,500,2000,"bu","13:33:30",3217900
40800,500,1000,"bu","13:33:30",3215900
40800,500,100,"bu","13:33:30",3214900
40800,500,4000,"bu","13:33:30",3214800
40800,500,3800,"bu","13:33:30",3210800
40800,500,100,"bu","13:33:28",3207000
40800,500,400,"bu","13:33:27",3206900
40800,500,500,"bu","13:33:27",3206500
40800,500,2700,"bu","13:33:27",3206000
40800,500,3500,"bu","13:33:26",3203300
40800,500,100,"bu","13:33:25",3199800
40800,500,100,"bu","13:33:25",3199700
40800,500,100,"bu","13:33:25",3199600
40800,500,100,"bu","13:33:25",3199500
40800,500,100,"bu","13:33:25",3199400
40800,500,100,"bu","13:33:25",3199300
40800,500,200,"bu","13:33:25",3199200
40800,500,300,"bu","13:33:25",3199000
40800,500,100,"bu","13:33:25",3198700
40800,500,600,"bu","13:33:25",3198600
40800,500,4700,"bu","13:33:25",3198000
40800,500,5300,"bu","13:33:22",3193300
40800,500,100,"bu","13:33:22",3188000
40800,500,100,"bu","13:33:22",3187900
40800,500,4200,"bu","13:33:22",3187800
40800,500,300,"bu","13:33:22",3183600
40800,500,10000,"bu","13:33:22",3183300
40750,450,1000,"sd","13:33:17",3173300
40750,450,100,"sd","13:33:17",3172300
40750,450,100,"bu","13:33:11",3172200
40750,450,100,"bu","13:33:11",3172100
40750,450,300,"bu","13:33:11",3172000
40750,450,700,"bu","13:33:11",3171700
40750,450,1000,"bu","13:33:11",3171000
40750,450,500,"bu","13:33:11",3170000
40750,450,500,"bu","13:33:11",3169500
40750,450,700,"bu","13:33:11",3169000
40750,450,5000,"bu","13:33:11",3168300
40750,450,3000,"bu","13:33:11",3163300
40750,450,100,"bu","13:33:11",3160300
40750,450,500,"bu","13:33:11",3160200
40750,450,100,"bu","13:33:11",3159700
40750,450,400,"bu","13:33:11",3159600
40750,450,300,"bu","13:33:10",3159200
40750,450,300,"bu","13:33:10",3158900
40750,450,1700,"bu","13:33:10",3158600
40750,450,1300,"bu","13:33:10",3156900
40750,450,100,"bu","13:33:10",3155600
40750,450,2000,"bu","13:33:10",3155500
40750,450,200,"bu","13:33:10",3153500
40750,450,100,"bu","13:33:10",3153300
40750,450,100,"bu","13:33:10",3153200
40750,450,4500,"bu","13:33:10",3153100
40750,450,400,"bu","13:33:10",3148600
40750,450,100,"bu","13:33:10",3148200
40750,450,4000,"bu","13:33:10",3148100
40750,450,1000,"bu","13:33:10",3144100
40750,450,5000,"bu","13:33:10",3143100
40750,450,500,"bu","13:33:10",3138100
40750,450,400,"bu","13:33:10",3137600
40750,450,100,"bu","13:33:10",3137200
40750,450,1000,"bu","13:33:10",3137100
40750,450,2000,"bu","13:33:10",3136100
40700,400,1200,"sd","13:33:07",3134100
40750,450,38000,"bu","13:33:06",3132900
40750,450,100,"bu","13:33:06",3094900
40750,450,100,"bu","13:33:06",3094800
40750,450,1000,"bu","13:33:06",3094700
40750,450,100,"bu","13:33:06",3093700
40750,450,2000,"bu","13:33:06",3093600
40750,450,100,"bu","13:33:06",3091600
40750,450,100,"bu","13:33:06",3091500
40750,450,100,"bu","13:33:06",3091400
40750,450,1300,"bu","13:33:06",3091300
40750,450,1500,"bu","13:33:06",3090000
40750,450,700,"bu","13:33:06",3088500
40750,450,2500,"bu","13:33:06",3087800
40750,450,100,"bu","13:33:06",3085300
40750,450,200,"bu","13:33:06",3085200
40750,450,100,"bu","13:33:06",3085000
40750,450,100,"bu","13:33:06",3084900
40750,450,500,"bu","13:33:06",3084800
40750,450,100,"bu","13:33:06",3084300
40750,450,1000,"bu","13:33:06",3084200
40750,450,100,"bu","13:33:06",3083200
40750,450,100,"bu","13:33:06",3083100
40750,450,100,"bu","13:33:06",3083000
40700,400,600,"sd","13:33:01",3082900
40700,400,200,"sd","13:32:53",3082300
40700,400,1700,"sd","13:32:53",3082100
40700,400,1000,"sd","13:32:53",3080400
40700,400,2000,"sd","13:32:53",3079400
40700,400,2000,"sd","13:32:53",3077400
40700,400,1000,"sd","13:32:53",3075400
40700,400,500,"sd","13:32:53",3074400
40700,400,200,"sd","13:32:53",3073900
40700,400,5100,"sd","13:32:53",3073700
40700,400,300,"sd","13:32:53",3068600
40700,400,500,"sd","13:32:53",3068300
40700,400,200,"sd","13:32:53",3067800
40700,400,200,"sd","13:32:53",3067600
40700,400,2500,"sd","13:32:53",3067400
40700,400,400,"sd","13:32:53",3064900
40700,400,1000,"sd","13:32:53",3064500
40700,400,1000,"sd","13:32:52",3063500
40700,400,1200,"sd","13:32:52",3062500
40700,400,2000,"sd","13:32:52",3061300
40700,400,100,"sd","13:32:52",3059300
40700,400,100,"sd","13:32:52",3059200
40700,400,100,"sd","13:32:52",3059100
40700,400,100,"sd","13:32:52",3059000
40700,400,2100,"sd","13:32:52",3058900
40700,400,2400,"sd","13:32:52",3056800
40700,400,300,"sd","13:32:52",3054400
40700,400,600,"sd","13:32:52",3054100
40700,400,100,"sd","13:32:52",3053500
40700,400,1000,"sd","13:32:52",3053400
40700,400,1000,"sd","13:32:52",3052400
40700,400,100,"sd","13:32:52",3051400
40700,400,100,"sd","13:32:52",3051300
40700,400,1000,"sd","13:32:52",3051200
40700,400,300,"sd","13:32:52",3050200
40700,400,1000,"sd","13:32:52",3049900
40700,400,1000,"sd","13:32:52",3048900
40700,400,100,"sd","13:32:52",3047900
40700,400,1000,"sd","13:32:52",3047800
40700,400,5200,"sd","13:32:52",3046800
40700,400,600,"bu","13:32:52",3041600
40700,400,100,"bu","13:32:52",3041000
40700,400,5200,"bu","13:32:52",3040900
40700,400,500,"bu","13:32:52",3035700
40700,400,1000,"bu","13:32:52",3035200
40700,400,200,"bu","13:32:52",3034200
40700,400,1700,"bu","13:32:52",3034000
40700,400,8200,"bu","13:32:52",3032300
40700,400,1400,"bu","13:32:52",3024100
40700,400,100,"bu","13:32:52",3022700
40700,400,1000,"bu","13:32:52",3022600
40700,400,5000,"bu","13:32:52",3021600
40700,400,100,"bu","13:32:52",3016600
40700,400,500,"bu","13:32:52",3016500
40700,400,700,"bu","13:32:52",3016000
40700,400,5000,"bu","13:32:52",3015300
40700,400,200,"bu","13:32:52",3010300
40700,400,5800,"bu","13:32:52",3010100
40700,400,700,"bu","13:32:52",3004300
40700,400,400,"bu","13:32:52",3003600
40700,400,100,"bu","13:32:52",3003200
40700,400,500,"bu","13:32:52",3003100
40700,400,1100,"bu","13:32:52",3002600
40700,400,100,"bu","13:32:52",3001500
40700,400,500,"bu","13:32:52",3001400
40700,400,5000,"bu","13:32:52",3000900
40700,400,2000,"bu","13:32:52",2995900
40700,400,300,"bu","13:32:52",2993900
40700,400,100,"bu","13:32:52",2993600
40700,400,1500,"bu","13:32:52",2993500
40700,400,5100,"bu","13:32:52",2992000
40700,400,500,"bu","13:32:52",2986900
40700,400,200,"bu","13:32:52",2986400
40700,400,100,"bu","13:32:52",2986200
40700,400,3000,"bu","13:32:52",2986100
40700,400,100,"bu","13:32:52",2983100
40700,400,300,"bu","13:32:52",2983000
40700,400,100,"bu","13:32:52",2982700
40700,400,10000,"bu","13:32:52",2982600
40700,400,200,"bu","13:32:52",2972600
40700,400,1000,"bu","13:32:52",2972400
40700,400,500,"bu","13:32:52",2971400
40700,400,3900,"bu","13:32:52",2970900
40700,400,200,"bu","13:32:40",2967000
40700,400,100,"bu","13:32:39",2966800
40650,350,1200,"sd","13:32:37",2966700
40700,400,1000,"bu","13:32:32",2965500
40700,400,1000,"bu","13:32:32",2964500
40650,350,1000,"sd","13:32:18",2963500
40650,350,5000,"sd","13:32:11",2962500
40650,350,1200,"sd","13:32:07",2957500
40650,350,2300,"bu","13:32:06",2956300
40650,350,100,"bu","13:32:01",2954000
40650,350,900,"bu","13:31:56",2953900
40650,350,100,"bu","13:31:56",2953000
40650,350,200,"bu","13:31:56",2952900
40650,350,5000,"bu","13:31:56",2952700
40650,350,5000,"bu","13:31:56",2947700
40650,350,100,"bu","13:31:56",2942700
40650,350,100,"bu","13:31:56",2942600
40650,350,100,"bu","13:31:56",2942500
40650,350,2000,"bu","13:31:56",2942400
40650,350,300,"bu","13:31:56",2940400
40650,350,100,"bu","13:31:56",2940100
40650,350,100,"bu","13:31:56",2940000
40650,350,100,"bu","13:31:56",2939900
40650,350,16200,"bu","13:31:56",2939800
40650,350,10000,"bu","13:31:56",2923600
40650,350,100,"bu","13:31:56",2913600
40650,350,800,"bu","13:31:56",2913500
40650,350,100,"bu","13:31:56",2912700
40650,350,100,"bu","13:31:56",2912600
40650,350,100,"bu","13:31:56",2912500
40650,350,6000,"bu","13:31:56",2912400
40650,350,100,"bu","13:31:56",2906400
40650,350,100,"bu","13:31:56",2906300
40650,350,200,"bu","13:31:56",2906200
40650,350,100,"bu","13:31:56",2906000
40650,350,100,"bu","13:31:56",2905900
40650,350,200,"bu","13:31:56",2905800
40650,350,500,"bu","13:31:56",2905600
40650,350,400,"bu","13:31:56",2905100
40650,350,2000,"bu","13:31:56",2904700
40650,350,300,"bu","13:31:56",2902700
40650,350,2500,"bu","13:31:56",2902400
40650,350,100,"bu","13:31:56",2899900
40650,350,100,"bu","13:31:56",2899800
40650,350,1300,"bu","13:31:56",2899700
40650,350,1000,"bu","13:31:56",2898400
40650,350,100,"bu","13:31:56",2897400
40650,350,500,"bu","13:31:56",2897300
40650,350,1800,"bu","13:31:56",2896800
40650,350,400,"bu","13:31:56",2895000
40650,350,2000,"bu","13:31:56",2894600
40650,350,1000,"bu","13:31:56",2892600
40650,350,37700,"bu","13:31:56",2891600
40600,300,100,"sd","13:31:37",2853900
40600,300,1100,"sd","13:31:37",2853800
40600,300,2400,"bu","13:31:21",2852700
40600,300,700,"bu","13:31:18",2850300
40600,300,400,"bu","13:31:18",2849600
40600,300,900,"bu","13:31:08",2849200
40600,300,100,"bu","13:31:08",2848300
40550,250,500,"sd","13:31:07",2848200
40550,250,200,"sd","13:31:07",2847700
40550,250,100,"sd","13:31:07",2847500
40550,250,400,"sd","13:31:07",2847400
40600,300,900,"bu","13:31:03",2847000
40600,300,200,"bu","13:31:03",2846100
40600,300,500,"bu","13:31:03",2845900
40600,300,300,"bu","13:31:03",2845400
40600,300,1100,"bu","13:31:03",2845100
40600,300,2000,"bu","13:31:00",2844000
40600,300,400,"bu","13:30:48",2842000
40550,250,1200,"sd","13:30:36",2841600
40600,300,800,"bu","13:30:36",2840400
40600,300,100,"bu","13:30:34",2839600
40600,300,700,"bu","13:30:25",2839500
40600,300,400,"bu","13:30:25",2838800
40600,300,300,"bu","13:30:24",2838400
40600,300,3000,"bu","13:30:21",2838100
40600,300,2500,"bu","13:30:18",2835100
40550,250,100,"sd","13:30:18",2832600
40550,250,700,"sd","13:30:18",2832500
40550,250,400,"sd","13:30:18",2831800
40550,250,2200,"sd","13:30:18",2831400
40550,250,500,"sd","13:30:18",2829200
40550,250,100,"sd","13:30:18",2828700
40550,250,10000,"sd","13:30:18",2828600
40550,250,600,"sd","13:30:06",2818600
40550,250,100,"sd","13:30:06",2818000
40600,300,200,"sd","13:30:06",2817900
40600,300,300,"sd","13:30:06",2817700
40550,250,700,"sd","13:29:36",2817400
40550,250,500,"sd","13:29:36",2816700
40650,350,2500,"bu","13:29:36",2816200
40600,300,400,"bu","13:29:36",2813700
40600,300,6000,"bu","13:29:36",2813300
40600,300,700,"bu","13:29:33",2807300
40600,300,400,"sd","13:29:33",2806600
40600,300,1500,"sd","13:29:33",2806200
40600,300,100,"sd","13:29:33",2804700
40600,300,1100,"sd","13:29:33",2804600
40600,300,200,"sd","13:29:33",2803500
40600,300,200,"sd","13:29:17",2803300
40600,300,200,"sd","13:29:16",2803100
40600,300,1200,"sd","13:29:06",2802900
40600,300,100,"sd","13:29:00",2801700
40600,300,100,"sd","13:28:59",2801600
40600,300,700,"sd","13:28:59",2801500
40600,300,400,"sd","13:28:59",2800800
40600,300,100,"sd","13:28:59",2800400
40600,300,200,"sd","13:28:59",2800300
40600,300,500,"sd","13:28:59",2800100
40650,350,1000,"bu","13:28:57",2799600
40600,300,200,"sd","13:28:49",2798600
40600,300,300,"sd","13:28:49",2798400
40600,300,1500,"sd","13:28:49",2798100
40600,300,1500,"sd","13:28:39",2796600
40600,300,1200,"sd","13:28:36",2795100
40600,300,1400,"sd","13:28:25",2793900
40600,300,1100,"sd","13:28:25",2792500
40650,350,2000,"bu","13:28:22",2791400
40600,300,1000,"sd","13:28:20",2789400
40600,300,400,"sd","13:28:06",2788400
40600,300,1200,"sd","13:28:06",2788000
40600,300,300,"sd","13:28:03",2786800
40600,300,200,"sd","13:28:03",2786500
40600,300,100,"bu","13:27:52",2786300
40600,300,100,"bu","13:27:52",2786200
40600,300,1000,"bu","13:27:52",2786100
40600,300,100,"bu","13:27:52",2785100
40600,300,5000,"bu","13:27:52",2785000
40600,300,1000,"bu","13:27:52",2780000
40600,300,300,"bu","13:27:52",2779000
40600,300,1200,"bu","13:27:52",2778700
40600,300,500,"bu","13:27:52",2777500
40600,300,20000,"bu","13:27:52",2777000
40600,300,900,"bu","13:27:52",2757000
40600,300,300,"bu","13:27:52",2756100
40600,300,100,"bu","13:27:52",2755800
40600,300,1000,"bu","13:27:52",2755700
40600,300,18200,"bu","13:27:52",2754700
40600,300,700,"bu","13:27:49",2736500
40600,300,400,"bu","13:27:49",2735800
40600,300,2000,"bu","13:27:42",2735400
40600,300,500,"bu","13:27:41",2733400
40550,250,1200,"sd","13:27:36",2732900
40600,300,7300,"bu","13:27:30",2731700
40600,300,900,"bu","13:27:25",2724400
40600,300,4100,"bu","13:27:25",2723500
40550,250,1200,"sd","13:27:06",2719400
40600,300,500,"bu","13:27:05",2718200
40600,300,200,"bu","13:26:58",2717700
40600,300,700,"bu","13:26:57",2717500
40600,300,400,"bu","13:26:57",2716800
40600,300,500,"bu","13:26:49",2716400
40550,250,1200,"sd","13:26:35",2715900
40550,250,700,"sd","13:26:07",2714700
40550,250,500,"sd","13:26:07",2714000
40550,250,100,"sd","13:26:05",2713500
40550,250,200,"sd","13:25:45",2713400
40550,250,1200,"sd","13:25:37",2713200
40550,250,700,"sd","13:25:37",2712000
40550,250,400,"sd","13:25:37",2711300
40550,250,2500,"sd","13:25:37",2710900
40550,250,600,"sd","13:25:37",2708400
40550,250,9600,"sd","13:25:37",2707800
40550,250,100,"sd","13:25:30",2698200
40600,300,2000,"bu","13:25:29",2698100
40550,250,300,"sd","13:25:23",2696100
40550,250,900,"sd","13:25:23",2695800
40550,250,500,"sd","13:25:06",2694900
40550,250,1100,"sd","13:24:53",2694400
40550,250,100,"sd","13:24:53",2693300
40550,250,100,"sd","13:24:51",2693200
40550,250,300,"sd","13:24:34",2693100
40550,250,100,"sd","13:24:34",2692800
40550,250,100,"sd","13:24:31",2692700
40600,300,5000,"bu","13:24:30",2692600
40550,250,1300,"sd","13:24:23",2687600
40550,250,1200,"sd","13:24:23",2686300
40550,250,1200,"sd","13:24:21",2685100
40550,250,1000,"sd","13:23:51",2683900
40550,250,1200,"sd","13:23:51",2682900
40600,300,6600,"bu","13:23:48",2681700
40550,250,400,"bu","13:23:43",2675100
40550,250,100,"bu","13:23:40",2674700
40550,250,1000,"bu","13:23:34",2674600
40500,200,1000,"sd","13:23:21",2673600
40550,250,100,"sd","13:23:21",2672600
40550,250,100,"sd","13:23:21",2672500
40600,300,200,"bu","13:23:20",2672400
40600,300,800,"bu","13:23:20",2672200
40550,250,1200,"bu","13:23:06",2671400
40550,250,6600,"sd","13:22:53",2670200
40550,250,700,"sd","13:22:53",2663600
40550,250,400,"sd","13:22:53",2662900
40550,250,400,"sd","13:22:53",2662500
40550,250,700,"sd","13:22:53",2662100
40550,250,200,"sd","13:22:51",2661400
40550,250,600,"sd","13:22:51",2661200
40550,250,100,"sd","13:22:51",2660600
40550,250,300,"sd","13:22:51",2660500
40550,250,300,"sd","13:22:21",2660200
40550,250,900,"sd","13:22:21",2659900
40600,300,2200,"bu","13:22:15",2659000
40600,300,1200,"bu","13:22:09",2656800
40600,300,1000,"bu","13:22:09",2655600
40600,300,1000,"bu","13:22:09",2654600
40600,300,1000,"bu","13:22:09",2653600
40600,300,500,"bu","13:22:09",2652600
40600,300,100,"bu","13:22:09",2652100
40600,300,900,"bu","13:22:09",2652000
40600,300,100,"bu","13:22:09",2651100
40600,300,800,"bu","13:22:09",2651000
40600,300,1600,"bu","13:21:54",2650200
40600,300,5000,"bu","13:21:54",2648600
40550,250,1200,"sd","13:21:51",2643600
40550,250,800,"sd","13:21:46",2642400
40600,300,800,"bu","13:21:44",2641600
40600,300,400,"bu","13:21:44",2640800
40600,300,6600,"bu","13:21:43",2640400
40550,250,100,"bu","13:21:33",2633800
40500,200,600,"sd","13:21:25",2633700
40500,200,1000,"sd","13:21:25",2633100
40500,200,10000,"sd","13:21:25",2632100
40500,200,100,"sd","13:21:25",2622100
40500,200,100,"sd","13:21:25",2622000
40500,200,1000,"sd","13:21:25",2621900
40500,200,500,"sd","13:21:25",2620900
40500,200,100,"sd","13:21:25",2620400
40500,200,400,"sd","13:21:25",2620300
40550,250,1100,"sd","13:21:25",2619900
40550,250,1100,"sd","13:21:21",2618800
40550,250,100,"sd","13:21:20",2617700
40550,250,100,"sd","13:21:03",2617600
40550,250,200,"sd","13:20:57",2617500
40550,250,800,"sd","13:20:57",2617300
40550,250,4000,"sd","13:20:57",2616500
40550,250,1000,"sd","13:20:52",2612500
40550,250,100,"sd","13:20:52",2611500
40550,250,100,"sd","13:20:52",2611400
40550,250,700,"sd","13:20:10",2611300
40550,250,400,"sd","13:20:10",2610600
40550,250,100,"sd","13:20:10",2610200
40550,250,500,"sd","13:19:56",2610100
40550,250,1200,"sd","13:19:40",2609600
40550,250,200,"bu","13:19:17",2608400
40500,200,500,"sd","13:19:17",2608200
40500,200,200,"sd","13:19:17",2607700
40500,200,1300,"sd","13:19:17",2607500
40500,200,100,"sd","13:19:17",2606200
40500,200,1000,"sd","13:19:17",2606100
40500,200,1500,"sd","13:19:17",2605100
40500,200,5000,"sd","13:19:17",2603600
40500,200,100,"sd","13:19:17",2598600
40500,200,1000,"sd","13:19:16",2598500
40500,200,100,"sd","13:19:16",2597500
40500,200,1500,"sd","13:19:16",2597400
40500,200,5000,"sd","13:19:16",2595900
40500,200,200,"sd","13:19:16",2590900
40500,200,300,"sd","13:19:16",2590700
40500,200,500,"sd","13:19:16",2590400
40500,200,1000,"sd","13:19:16",2589900
40500,200,300,"sd","13:19:16",2588900
40500,200,20000,"sd","13:19:16",2588600
40500,200,6000,"sd","13:19:16",2568600
40500,200,500,"sd","13:19:16",2562600
40500,200,800,"sd","13:19:16",2562100
40500,200,10000,"sd","13:19:16",2561300
40500,200,400,"sd","13:19:16",2551300
40500,200,100,"sd","13:19:16",2550900
40500,200,800,"sd","13:19:16",2550800
40500,200,400,"sd","13:19:16",2550000
40500,200,200,"sd","13:19:16",2549600
40500,200,800,"sd","13:19:16",2549400
40500,200,400,"sd","13:19:16",2548600
40500,200,500,"sd","13:19:16",2548200
40500,200,100,"sd","13:19:16",2547700
40500,200,100,"sd","13:19:16",2547600
40500,200,700,"sd","13:19:16",2547500
40550,250,500,"bu","13:19:12",2546800
40500,200,1200,"sd","13:19:10",2546300
40550,250,800,"bu","13:19:07",2545100
40550,250,400,"bu","13:19:07",2544300
40550,250,100,"sd","13:18:57",2543900
40550,250,100,"sd","13:18:57",2543800
40550,250,400,"sd","13:18:57",2543700
40550,250,800,"sd","13:18:57",2543300
40550,250,4700,"sd","13:18:57",2542500
40550,250,1900,"sd","13:18:56",2537800
40550,250,100,"sd","13:18:56",2535900
40550,250,300,"sd","13:18:40",2535800
40550,250,500,"sd","13:18:40",2535500
40550,250,400,"sd","13:18:40",2535000
40550,250,400,"sd","13:18:10",2534600
40550,250,400,"sd","13:18:10",2534200
40550,250,100,"sd","13:18:10",2533800
40550,250,300,"sd","13:18:10",2533700
40550,250,1200,"sd","13:17:40",2533400
40550,250,500,"sd","13:17:36",2532200
40550,250,100,"sd","13:17:36",2531700
40550,250,800,"sd","13:17:36",2531600
40550,250,400,"sd","13:17:36",2530800
40550,250,100,"sd","13:17:36",2530400
40550,250,400,"sd","13:17:36",2530300
40550,250,400,"sd","13:17:36",2529900
40550,250,800,"sd","13:17:36",2529500
40550,250,200,"sd","13:17:36",2528700
40550,250,500,"sd","13:17:36",2528500
40550,250,800,"sd","13:17:36",2528000
40550,250,600,"sd","13:17:31",2527200
40600,300,100,"bu","13:17:29",2526600
40600,300,500,"bu","13:17:28",2526500
40550,250,600,"sd","13:17:10",2526000
40550,250,600,"sd","13:17:10",2525400
40550,250,100,"sd","13:17:00",2524800
40550,250,400,"sd","13:16:45",2524700
40550,250,1200,"sd","13:16:42",2524300
40550,250,1000,"sd","13:16:40",2523100
40550,250,800,"sd","13:16:24",2522100
40550,250,1000,"sd","13:16:24",2521300
40550,250,100,"sd","13:16:24",2520300
40550,250,1600,"sd","13:16:24",2520200
40550,250,400,"sd","13:16:24",2518600
40550,250,400,"sd","13:16:24",2518200
40550,250,1000,"sd","13:16:24",2517800
40550,250,1800,"sd","13:16:24",2516800
40550,250,6200,"sd","13:16:24",2515000
40550,250,200,"sd","13:16:24",2508800
40550,250,5500,"sd","13:16:24",2508600
40550,250,100,"sd","13:16:24",2503100
40550,250,500,"sd","13:16:24",2503000
40550,250,400,"sd","13:16:24",2502500
40550,250,300,"sd","13:16:10",2502100
40550,250,100,"sd","13:16:01",2501800
40550,250,400,"sd","13:16:01",2501700
40550,250,100,"sd","13:16:01",2501300
40550,250,600,"sd","13:16:01",2501200
40550,250,1200,"sd","13:15:31",2500600
40550,250,1200,"sd","13:15:01",2499400
40600,300,200,"bu","13:14:49",2498200
40600,300,800,"sd","13:14:48",2498000
40600,300,400,"sd","13:14:48",2497200
40600,300,100,"sd","13:14:48",2496800
40600,300,1000,"sd","13:14:48",2496700
40600,300,1100,"sd","13:14:48",2495700
40600,300,200,"sd","13:14:31",2494600
40600,300,200,"sd","13:14:30",2494400
40600,300,700,"sd","13:14:30",2494200
40600,300,300,"sd","13:14:30",2493500
40600,300,300,"sd","13:14:21",2493200
40600,300,100,"sd","13:14:21",2492900
40600,300,800,"sd","13:14:00",2492800
40600,300,400,"sd","13:14:00",2492000
40600,300,100,"sd","13:13:56",2491600
40650,350,800,"bu","13:13:54",2491500
40650,350,400,"bu","13:13:54",2490700
40650,350,300,"bu","13:13:37",2490300
40650,350,1300,"bu","13:13:37",2490000
40650,350,2000,"bu","13:13:37",2488700
40650,350,2000,"bu","13:13:37",2486700
40650,350,2500,"bu","13:13:37",2484700
40650,350,2500,"bu","13:13:37",2482200
40650,350,100,"bu","13:13:37",2479700
40650,350,100,"bu","13:13:37",2479600
40650,350,2000,"bu","13:13:37",2479500
40650,350,2300,"bu","13:13:37",2477500
40650,350,700,"bu","13:13:37",2475200
40600,300,1000,"bu","13:13:37",2474500
40600,300,1000,"bu","13:13:37",2473500
40600,300,400,"bu","13:13:37",2472500
40600,300,200,"bu","13:13:37",2472100
40600,300,900,"bu","13:13:37",2471900
40600,300,2000,"bu","13:13:37",2471000
40600,300,100,"bu","13:13:37",2469000
40600,300,100,"bu","13:13:37",2468900
40600,300,3600,"bu","13:13:37",2468800
40600,300,1400,"bu","13:13:35",2465200
40600,300,10000,"bu","13:13:35",2463800
40600,300,500,"bu","13:13:35",2453800
40600,300,1000,"bu","13:13:35",2453300
40600,300,100,"bu","13:13:35",2452300
40600,300,2000,"bu","13:13:35",2452200
40600,300,100,"bu","13:13:35",2450200
40600,300,100,"bu","13:13:35",2450100
40600,300,100,"bu","13:13:35",2450000
40600,300,200,"bu","13:13:35",2449900
40600,300,700,"bu","13:13:35",2449700
40600,300,500,"bu","13:13:35",2449000
40600,300,500,"bu","13:13:35",2448500
40600,300,1000,"bu","13:13:35",2448000
40600,300,1000,"bu","13:13:35",2447000
40600,300,800,"bu","13:13:35",2446000
40550,250,7000,"sd","13:13:35",2445200
40550,250,3200,"sd","13:13:35",2438200
40550,250,1000,"sd","13:13:34",2435000
40600,300,100,"bu","13:13:33",2434000
40600,300,100,"bu","13:13:32",2433900
40600,300,100,"bu","13:13:32",2433800
40600,300,1800,"bu","13:13:32",2433700
40550,250,1200,"sd","13:13:30",2431900
40600,300,3200,"bu","13:13:27",2430700
40600,300,1700,"bu","13:13:27",2427500
40600,300,300,"bu","13:13:20",2425800
40550,250,1200,"sd","13:13:01",2425500
40550,250,1200,"sd","13:12:30",2424300
40550,250,300,"sd","13:12:19",2423100
40550,250,100,"sd","13:12:02",2422800
40550,250,600,"sd","13:12:00",2422700
40550,250,600,"sd","13:12:00",2422100
40550,250,200,"sd","13:11:57",2421500
40550,250,100,"sd","13:11:57",2421300
40550,250,300,"sd","13:11:51",2421200
40550,250,100,"sd","13:11:30",2420900
40550,250,1100,"sd","13:11:30",2420800
40550,250,1000,"sd","13:11:29",2419700
40550,250,800,"sd","13:11:28",2418700
40550,250,1200,"sd","13:11:00",2417900
40600,300,1000,"bu","13:10:49",2416700
40550,250,100,"sd","13:10:43",2415700
40550,250,1200,"sd","13:10:30",2415600
40550,250,1200,"sd","13:10:00",2414400
40500,200,3100,"sd","13:09:34",2413200
40500,200,800,"sd","13:09:34",2410100
40500,200,400,"sd","13:09:34",2409300
40500,200,300,"sd","13:09:34",2408900
40500,200,200,"sd","13:09:34",2408600
40500,200,100,"sd","13:09:34",2408400
40500,200,400,"sd","13:09:34",2408300
40500,200,800,"sd","13:09:34",2407900
40500,200,1900,"sd","13:09:34",2407100
40500,200,400,"sd","13:09:34",2405200
40500,200,1000,"sd","13:09:34",2404800
40500,200,600,"sd","13:09:34",2403800
40500,200,200,"sd","13:09:30",2403200
40500,200,400,"sd","13:09:30",2403000
40500,200,600,"sd","13:09:30",2402600
40600,300,100,"bu","13:09:26",2402000
40600,300,100,"bu","13:09:26",2401900
40600,300,500,"bu","13:09:26",2401800
40600,300,11000,"bu","13:09:26",2401300
40600,300,9200,"bu","13:09:26",2390300
40600,300,1000,"bu","13:09:26",2381100
40600,300,100,"bu","13:09:26",2380100
