"price","change","match_qtty","side","time","total_vol"
23400,450,155600,"unknown","14:45:01",3420400
23200,250,2000,"sd","14:29:15",3264800
23200,250,2400,"sd","14:29:11",3262800
23200,250,200,"sd","14:29:11",3260400
23200,250,400,"sd","14:29:11",3260200
23250,300,400,"bu","14:29:11",3259800
23250,300,100,"bu","14:29:05",3259400
23250,300,100,"bu","14:29:05",3259300
23250,300,300,"bu","14:29:02",3259200
23250,300,100,"bu","14:29:02",3258900
23250,300,900,"bu","14:29:02",3258800
23200,250,3000,"sd","14:29:02",3257900
23250,300,100,"bu","14:29:00",3254900
23250,300,500,"bu","14:28:59",3254800
23250,300,400,"bu","14:28:53",3254300
23250,300,2000,"bu","14:28:49",3253900
23250,300,100,"bu","14:28:33",3251900
23250,300,3400,"bu","14:28:16",3251800
23250,300,500,"bu","14:28:03",3248400
23250,300,100,"bu","14:28:02",3247900
23200,250,500,"sd","14:27:53",3247800
23250,300,100,"bu","14:27:49",3247300
23250,300,100,"bu","14:27:46",3247200
23250,300,100,"bu","14:27:43",3247100
23250,300,5000,"bu","14:27:41",3247000
23200,250,300,"sd","14:27:38",3242000
23250,300,2000,"bu","14:27:35",3241700
23250,300,3400,"bu","14:27:10",3239700
23250,300,1000,"bu","14:27:05",3236300
23250,300,5000,"bu","14:27:04",3235300
23250,300,500,"bu","14:26:38",3230300
23200,250,800,"sd","14:25:56",3229800
23250,300,300,"bu","14:25:27",3229000
23250,300,200,"bu","14:25:25",3228700
23250,300,3000,"sd","14:25:13",3228500
23250,300,600,"sd","14:25:13",3225500
23250,300,2000,"sd","14:25:13",3224900
23250,300,300,"sd","14:25:13",3222900
23250,300,1000,"sd","14:25:13",3222600
23250,300,600,"sd","14:25:13",3221600
23250,300,100,"sd","14:25:13",3221000
23250,300,1600,"sd","14:25:13",3220900
23250,300,100,"sd","14:25:13",3219300
23250,300,300,"sd","14:25:12",3219200
23250,300,300,"sd","14:25:12",3218900
23250,300,3400,"sd","14:25:12",3218600
23250,300,1900,"sd","14:25:12",3215200
23250,300,300,"sd","14:25:12",3213300
23250,300,200,"sd","14:25:12",3213000
23300,350,100,"bu","14:24:55",3212800
23250,300,1600,"sd","14:24:53",3212700
23250,300,1000,"sd","14:24:53",3211100
23250,300,1000,"sd","14:24:53",3210100
23250,300,1000,"sd","14:24:53",3209100
23250,300,200,"sd","14:24:53",3208100
23250,300,1000,"sd","14:24:53",3207900
23250,300,600,"sd","14:24:53",3206900
23250,300,9400,"sd","14:24:52",3206300
23250,300,1000,"sd","14:24:52",3196900
23250,300,1000,"sd","14:24:52",3195900
23250,300,1000,"sd","14:24:52",3194900
23250,300,11400,"sd","14:24:52",3193900
23250,300,6400,"sd","14:24:40",3182500
23250,300,6400,"sd","14:24:25",3176100
23300,350,500,"bu","14:24:20",3169700
23300,350,2000,"bu","14:24:07",3169200
23250,300,3200,"sd","14:24:05",3167200
23300,350,1800,"sd","14:24:04",3164000
23300,350,2000,"sd","14:24:04",3162200
23300,350,4900,"sd","14:24:04",3160200
23300,350,2000,"bu","14:23:50",3155300
23300,350,1500,"bu","14:23:50",3153300
23300,350,300,"sd","14:23:49",3151800
23300,350,200,"sd","14:23:49",3151500
23350,400,3500,"bu","14:23:47",3151300
23300,350,1400,"sd","14:23:29",3147800
23300,350,1800,"sd","14:23:29",3146400
23300,350,200,"sd","14:23:21",3144600
23300,350,200,"bu","14:23:20",3144400
23300,350,300,"bu","14:23:19",3144200
23250,300,3200,"sd","14:23:19",3143900
23300,350,4200,"sd","14:23:05",3140700
23300,350,400,"sd","14:23:05",3136500
23300,350,100,"sd","14:23:05",3136100
23300,350,600,"sd","14:23:05",3136000
23300,350,3300,"sd","14:23:05",3135400
23300,350,4200,"sd","14:23:04",3132100
23300,350,26700,"sd","14:23:02",3127900
23300,350,3300,"sd","14:23:02",3101200
23300,350,900,"sd","14:22:47",3097900
23300,350,2300,"sd","14:22:47",3097000
23300,350,100,"sd","14:22:45",3094700
23350,400,200,"bu","14:22:23",3094600
23350,400,700,"bu","14:22:16",3094400
23350,400,500,"bu","14:22:16",3093700
23350,400,3800,"bu","14:22:16",3093200
23300,350,100,"sd","14:22:14",3089400
23350,400,2200,"bu","14:22:01",3089300
23350,400,200,"bu","14:22:01",3087100
23350,400,200,"bu","14:22:01",3086900
23350,400,500,"bu","14:22:01",3086700
23350,400,700,"bu","14:22:01",3086200
23300,350,100,"sd","14:22:00",3085500
23300,350,2400,"sd","14:21:43",3085400
23300,350,800,"sd","14:21:43",3083000
23300,350,700,"sd","14:21:36",3082200
23300,350,100,"sd","14:21:36",3081500
23300,350,2400,"sd","14:21:36",3081400
23300,350,1800,"sd","14:21:30",3079000
23300,350,500,"sd","14:21:30",3077200
23300,350,100,"sd","14:21:30",3076700
23300,350,800,"sd","14:21:30",3076600
23350,400,2500,"bu","14:21:23",3075800
23300,350,3200,"sd","14:21:18",3073300
23300,350,1000,"sd","14:21:06",3070100
23300,350,1200,"sd","14:21:06",3069100
23300,350,1000,"sd","14:21:06",3067900
23300,350,3200,"sd","14:20:52",3066900
23350,400,3000,"bu","14:20:51",3063700
23350,400,3000,"bu","14:20:35",3060700
23350,400,1800,"bu","14:20:35",3057700
23350,400,100,"bu","14:20:25",3055900
23350,400,1000,"bu","14:20:25",3055800
23350,400,100,"bu","14:20:25",3054800
23350,400,2000,"bu","14:20:25",3054700
23350,400,3700,"bu","14:20:22",3052700
23350,400,1000,"bu","14:20:11",3049000
23300,350,500,"sd","14:20:05",3048000
23350,400,3300,"bu","14:20:04",3047500
23350,400,1000,"bu","14:19:56",3044200
23350,400,100,"sd","14:19:28",3043200
23350,400,10900,"sd","14:19:28",3043100
23350,400,3600,"sd","14:19:02",3032200
23350,400,2500,"sd","14:19:01",3028600
23350,400,500,"bu","14:18:50",3026100
23350,400,600,"bu","14:18:50",3025600
23350,400,1900,"bu","14:18:50",3025000
23350,400,100,"bu","14:18:44",3023100
23350,400,500,"bu","14:18:44",3023000
23350,400,100,"bu","14:18:44",3022500
23350,400,1900,"bu","14:18:44",3022400
23350,400,1500,"bu","14:18:30",3020500
23350,400,8200,"bu","14:18:29",3019000
23350,400,11800,"bu","14:18:29",3010800
23350,400,900,"bu","14:18:24",2999000
23350,400,500,"bu","14:18:16",2998100
23350,400,100,"bu","14:18:10",2997600
23350,400,1500,"bu","14:18:05",2997500
23350,400,35200,"sd","14:17:55",2996000
23350,400,1000,"bu","14:17:44",2960800
23350,400,2000,"bu","14:17:44",2959800
23350,400,100,"bu","14:17:44",2957800
23350,400,10000,"bu","14:17:44",2957700
23350,400,100,"bu","14:17:44",2947700
23350,400,1100,"bu","14:17:44",2947600
23350,400,500,"bu","14:17:44",2946500
23350,400,3600,"bu","14:17:29",2946000
23350,400,200,"bu","14:17:27",2942400
23350,400,500,"bu","14:16:42",2942200
23350,400,200,"bu","14:16:33",2941700
23350,400,300,"bu","14:16:14",2941500
23350,400,200,"bu","14:16:02",2941200
23350,400,2000,"bu","14:16:02",2941000
23350,400,900,"bu","14:16:02",2939000
23350,400,2100,"bu","14:15:42",2938100
23350,400,100,"bu","14:15:42",2936000
23350,400,100,"bu","14:15:25",2935900
23350,400,500,"bu","14:15:25",2935800
23350,400,200,"bu","14:15:25",2935300
23350,400,100,"bu","14:15:25",2935100
23350,400,100,"bu","14:15:25",2935000
23350,400,100,"bu","14:15:25",2934900
23350,400,900,"bu","14:15:25",2934800
23350,400,1500,"bu","14:15:25",2933900
23350,400,500,"bu","14:15:22",2932400
23350,400,600,"bu","14:15:22",2931900
23350,400,1000,"bu","14:15:22",2931300
23350,400,100,"bu","14:15:22",2930300
23300,350,1000,"unknown","14:15:20",2930200
23300,350,4200,"unknown","14:15:20",2929200
23300,350,900,"unknown","14:15:20",2925000
23250,300,3900,"sd","14:15:20",2924100
23350,400,900,"bu","14:15:14",2920200
23350,400,100,"bu","14:15:14",2919300
23350,400,300,"bu","14:15:14",2919200
23350,400,1000,"bu","14:15:14",2918900
23350,400,900,"bu","14:15:14",2917900
23350,400,3100,"bu","14:15:06",2917000
23350,400,2200,"bu","14:15:02",2913900
23350,400,1800,"bu","14:14:59",2911700
23350,400,1400,"bu","14:14:59",2909900
23350,400,3300,"bu","14:14:51",2908500
23350,400,300,"bu","14:14:41",2905200
23350,400,200,"bu","14:14:41",2904900
23350,400,500,"bu","14:14:41",2904700
23350,400,100,"bu","14:14:41",2904200
23350,400,1100,"bu","14:14:41",2904100
23350,400,900,"bu","14:14:41",2903000
23350,400,400,"bu","14:14:41",2902100
23350,400,900,"bu","14:14:41",2901700
23350,400,1000,"bu","14:14:41",2900800
23350,400,1000,"bu","14:14:34",2899800
23350,400,200,"bu","14:14:34",2898800
23350,400,500,"bu","14:14:34",2898600
23350,400,1000,"bu","14:14:34",2898100
23350,400,500,"bu","14:14:34",2897100
23350,400,100,"bu","14:14:34",2896600
23350,400,2200,"bu","14:14:22",2896500
23300,350,300,"sd","14:13:43",2894300
23300,350,300,"sd","14:13:22",2894000
23300,350,1500,"sd","14:13:20",2893700
23300,350,500,"sd","14:13:20",2892200
23300,350,6200,"sd","14:13:17",2891700
23300,350,1300,"bu","14:13:04",2885500
23300,350,800,"sd","14:13:02",2884200
23300,350,200,"bu","14:12:54",2883400
23300,350,10000,"bu","14:12:53",2883200
23300,350,200,"sd","14:12:51",2873200
23300,350,3000,"sd","14:12:51",2873000
23300,350,100,"sd","14:12:51",2870000
23300,350,4200,"sd","14:12:51",2869900
23300,350,500,"sd","14:12:51",2865700
23300,350,6400,"sd","14:12:51",2865200
23300,350,1300,"sd","14:12:51",2858800
23300,350,4200,"sd","14:12:51",2857500
23300,350,1900,"sd","14:12:51",2853300
23300,350,400,"sd","14:12:51",2851400
23300,350,1000,"sd","14:12:51",2851000
23300,350,2900,"sd","14:12:51",2850000
23300,350,400,"sd","14:12:51",2847100
23300,350,300,"sd","14:12:42",2846700
23300,350,500,"sd","14:12:42",2846400
23300,350,2900,"sd","14:12:42",2845900
23300,350,5000,"sd","14:12:42",2843000
23300,350,2900,"sd","14:12:42",2838000
23300,350,500,"sd","14:12:42",2835100
23300,350,2500,"sd","14:12:42",2834600
23300,350,1000,"sd","14:12:42",2832100
23300,350,1000,"sd","14:12:42",2831100
23300,350,500,"sd","14:12:42",2830100
23300,350,2900,"sd","14:12:42",2829600
23350,400,2600,"bu","14:12:41",2826700
23350,400,200,"bu","14:12:41",2824100
23350,400,10000,"bu","14:12:41",2823900
23350,400,1000,"bu","14:12:41",2813900
23350,400,7500,"bu","14:12:41",2812900
23350,400,2700,"bu","14:12:41",2805400
23350,400,7700,"bu","14:12:41",2802700
23350,400,1200,"bu","14:12:41",2795000
23350,400,2000,"bu","14:12:41",2793800
23350,400,1900,"bu","14:12:41",2791800
23350,400,2000,"bu","14:12:41",2789900
23350,400,10000,"bu","14:12:41",2787900
23350,400,1200,"bu","14:12:41",2777900
23300,350,1000,"sd","14:12:29",2776700
23300,350,500,"sd","14:12:23",2775700
23300,350,2500,"sd","14:12:23",2775200
23300,350,500,"sd","14:12:15",2772700
23300,350,1000,"sd","14:12:02",2772200
23300,350,2000,"sd","14:11:34",2771200
23300,350,400,"sd","14:11:30",2769200
23300,350,400,"sd","14:11:30",2768800
23300,350,2000,"sd","14:11:27",2768400
23350,400,1800,"bu","14:11:14",2766400
23350,400,2000,"bu","14:11:14",2764600
23350,400,1000,"bu","14:11:14",2762600
23350,400,5200,"bu","14:11:14",2761600
23300,350,500,"sd","14:11:03",2756400
23300,350,15000,"sd","14:11:03",2755900
23300,350,4500,"sd","14:11:03",2740900
23300,350,800,"sd","14:11:03",2736400
23300,350,2500,"sd","14:11:03",2735600
23300,350,200,"sd","14:10:47",2733100
23300,350,200,"sd","14:10:31",2732900
23300,350,500,"sd","14:10:31",2732700
23300,350,500,"sd","14:09:36",2732200
23300,350,200,"sd","14:09:36",2731700
23300,350,500,"sd","14:09:36",2731500
23300,350,900,"sd","14:09:36",2731000
23350,400,500,"bu","14:09:24",2730100
23350,400,1000,"bu","14:09:08",2729600
23350,400,2200,"bu","14:09:06",2728600
23350,400,1100,"bu","14:08:53",2726400
23350,400,100,"bu","14:08:53",2725300
23300,350,2000,"sd","14:08:49",2725200
23300,350,2000,"sd","14:08:37",2723200
23300,350,200,"sd","14:08:37",2721200
23350,400,2000,"sd","14:08:37",2721000
23350,400,300,"sd","14:08:37",2719000
23350,400,500,"sd","14:08:37",2718700
23350,400,4500,"sd","14:08:35",2718200
23350,400,500,"sd","14:08:35",2713700
23350,400,500,"sd","14:08:33",2713200
23350,400,100,"sd","14:08:33",2712700
23350,400,1400,"sd","14:08:33",2712600
23350,400,200,"sd","14:07:57",2711200
23350,400,100,"sd","14:07:42",2711000
23350,400,200,"sd","14:07:28",2710900
23350,400,200,"bu","14:07:23",2710700
23350,400,2000,"bu","14:07:23",2710500
23350,400,100,"bu","14:07:23",2708500
23350,400,3500,"bu","14:07:23",2708400
23350,400,1600,"bu","14:07:23",2704900
23350,400,700,"bu","14:07:23",2703300
23350,400,200,"bu","14:07:14",2702600
23350,400,2000,"bu","14:06:54",2702400
23350,400,200,"bu","14:06:50",2700400
23350,400,900,"bu","14:06:49",2700200
23350,400,1600,"bu","14:06:49",2699300
23350,400,200,"bu","14:06:49",2697700
23350,400,300,"bu","14:06:49",2697500
23350,400,500,"bu","14:06:49",2697200
23350,400,500,"bu","14:06:49",2696700
23350,400,2000,"bu","14:06:49",2696200
23350,400,100,"bu","14:06:49",2694200
23350,400,1000,"bu","14:06:49",2694100
23350,400,1000,"bu","14:06:49",2693100
23350,400,2000,"bu","14:06:49",2692100
23350,400,19900,"bu","14:06:49",2690100
23350,400,2600,"bu","14:06:35",2670200
23350,400,4500,"bu","14:05:27",2667600
23350,400,1000,"bu","14:05:27",2663100
23350,400,300,"bu","14:05:27",2662100
23350,400,300,"bu","14:05:27",2661800
23350,400,200,"bu","14:05:27",2661500
23350,400,2000,"bu","14:05:27",2661300
23350,400,200,"bu","14:05:27",2659300
23300,350,300,"sd","14:05:18",2659100
23300,350,200,"sd","14:05:18",2658800
23350,400,300,"bu","14:05:14",2658600
23350,400,100,"bu","14:05:14",2658300
23350,400,100,"bu","14:05:14",2658200
23300,350,200,"sd","14:05:01",2658100
23350,400,800,"bu","14:04:54",2657900
23350,400,100,"bu","14:04:42",2657100
23350,400,400,"bu","14:04:42",2657000
23350,400,500,"bu","14:04:06",2656600
23350,400,1100,"bu","14:04:03",2656100
23350,400,100,"bu","14:04:03",2655000
23350,400,500,"bu","14:04:03",2654900
23350,400,300,"bu","14:04:03",2654400
23350,400,1700,"bu","14:03:54",2654100
23350,400,200,"bu","14:03:54",2652400
23350,400,2000,"bu","14:03:54",2652200
23350,400,200,"bu","14:03:54",2650200
23350,400,100,"bu","14:03:54",2650000
23350,400,800,"bu","14:03:54",2649900
23350,400,200,"bu","14:03:54",2649100
23350,400,300,"bu","14:03:54",2648900
23350,400,400,"bu","14:03:54",2648600
23350,400,3800,"bu","14:03:54",2648200
23350,400,1300,"bu","14:03:54",2644400
23350,400,2500,"bu","14:03:54",2643100
23350,400,500,"bu","14:03:54",2640600
23350,400,1000,"bu","14:03:54",2640100
23350,400,2600,"bu","14:03:54",2639100
23350,400,400,"bu","14:03:54",2636500
23350,400,1000,"bu","14:03:54",2636100
23350,400,500,"bu","14:03:54",2635100
23350,400,500,"bu","14:03:54",2634600
23350,400,300,"bu","14:03:36",2634100
23350,400,200,"bu","14:03:25",2633800
23350,400,2000,"bu","14:03:25",2633600
23350,400,400,"bu","14:03:21",2631600
23350,400,100,"bu","14:03:21",2631200
23350,400,600,"bu","14:03:21",2631100
23350,400,3000,"bu","14:03:21",2630500
23350,400,200,"bu","14:03:21",2627500
23350,400,700,"bu","14:03:21",2627300
23350,400,2200,"bu","14:03:07",2626600
23350,400,2000,"bu","14:02:46",2624400
23350,400,1000,"bu","14:02:39",2622400
23350,400,10000,"bu","14:02:36",2621400
23350,400,1000,"bu","14:01:57",2611400
23350,400,1000,"bu","14:01:53",2610400
23350,400,20000,"bu","14:01:48",2609400
23350,400,800,"bu","14:01:40",2589400
23350,400,500,"bu","14:01:35",2588600
23350,400,200,"bu","14:01:33",2588100
23350,400,100,"bu","14:01:20",2587900
23350,400,500,"bu","14:00:17",2587800
23350,400,2300,"bu","14:00:17",2587300
23350,400,1000,"bu","14:00:17",2585000
23350,400,100,"bu","14:00:17",2584000
23350,400,1000,"bu","14:00:17",2583900
23350,400,100,"bu","14:00:17",2582900
23350,400,900,"bu","13:59:52",2582800
23350,400,600,"bu","13:59:52",2581900
23350,400,2400,"bu","13:59:27",2581300
23350,400,600,"bu","13:59:27",2578900
23350,400,300,"bu","13:59:22",2578300
23350,400,100,"bu","13:59:22",2578000
23350,400,200,"bu","13:59:15",2577900
23350,400,2800,"bu","13:59:14",2577700
23350,400,1000,"bu","13:59:14",2574900
23350,400,100,"bu","13:59:14",2573900
23350,400,100,"bu","13:59:14",2573800
23350,400,700,"bu","13:59:14",2573700
23350,400,200,"bu","13:59:14",2573000
23350,400,4200,"bu","13:59:14",2572800
23350,400,100,"bu","13:59:14",2568600
23350,400,7000,"bu","13:59:14",2568500
23350,400,100,"bu","13:59:14",2561500
23350,400,1000,"bu","13:59:14",2561400
23350,400,1000,"bu","13:59:14",2560400
23350,400,100,"bu","13:59:14",2559400
23350,400,300,"bu","13:59:14",2559300
23350,400,200,"bu","13:59:14",2559000
23350,400,100,"bu","13:59:14",2558800
23350,400,1000,"bu","13:59:14",2558700
23350,400,2000,"bu","13:59:14",2557700
23350,400,1300,"bu","13:59:14",2555700
23350,400,1500,"bu","13:59:14",2554400
23350,400,100,"bu","13:59:14",2552900
23350,400,100,"bu","13:59:14",2552800
23350,400,100,"bu","13:59:14",2552700
23350,400,500,"bu","13:59:14",2552600
23350,400,1700,"bu","13:59:14",2552100
23350,400,200,"bu","13:59:09",2550400
23350,400,300,"bu","13:59:00",2550200
23350,400,300,"bu","13:58:52",2549900
23350,400,300,"bu","13:58:41",2549600
23300,350,300,"sd","13:58:30",2549300
23350,400,2200,"bu","13:58:03",2549000
23350,400,1000,"bu","13:57:51",2546800
23350,400,100,"bu","13:57:51",2545800
23350,400,1000,"bu","13:57:51",2545700
23350,400,100,"bu","13:57:51",2544700
23350,400,100,"bu","13:57:51",2544600
23350,400,2300,"bu","13:57:51",2544500
23350,400,100,"bu","13:57:51",2542200
23350,400,200,"bu","13:57:51",2542100
23350,400,100,"bu","13:57:51",2541900
23300,350,100,"sd","13:57:44",2541800
23350,400,2700,"bu","13:57:44",2541700
23350,400,2200,"bu","13:57:40",2539000
23300,350,2000,"sd","13:57:32",2536800
23350,400,2200,"bu","13:57:19",2534800
23300,350,100,"sd","13:57:16",2532600
23350,400,2200,"bu","13:57:01",2532500
23350,400,2200,"bu","13:56:26",2530300
23350,400,1200,"bu","13:56:12",2528100
23350,400,1500,"bu","13:56:12",2526900
23350,400,7300,"bu","13:56:12",2525400
23350,400,2200,"bu","13:56:07",2518100
23350,400,500,"bu","13:55:46",2515900
23350,400,200,"bu","13:55:46",2515400
23300,350,1500,"bu","13:55:46",2515200
23300,350,2000,"unknown","13:55:45",2513700
23300,350,200,"sd","13:55:45",2511700
23300,350,1500,"sd","13:55:45",2511500
23300,350,1500,"sd","13:55:45",2510000
23300,350,300,"sd","13:55:45",2508500
23300,350,200,"sd","13:55:45",2508200
23300,350,4000,"sd","13:55:45",2508000
23300,350,500,"sd","13:55:45",2504000
23300,350,2900,"sd","13:55:45",2503500
23300,350,1500,"sd","13:55:45",2500600
23300,350,2900,"sd","13:55:45",2499100
23300,350,1500,"sd","13:55:45",2496200
23300,350,1500,"sd","13:55:45",2494700
23300,350,1500,"sd","13:55:45",2493200
23300,350,1500,"sd","13:55:45",2491700
23300,350,1000,"sd","13:55:45",2490200
23300,350,2000,"sd","13:55:45",2489200
23300,350,1500,"sd","13:55:45",2487200
23300,350,2900,"sd","13:55:45",2485700
23300,350,3000,"sd","13:55:45",2482800
23300,350,1000,"sd","13:55:45",2479800
23300,350,8600,"sd","13:55:45",2478800
23350,400,2200,"bu","13:55:26",2470200
23350,400,600,"bu","13:55:06",2468000
23350,400,100,"bu","13:55:06",2467400
23350,400,200,"bu","13:55:06",2467300
23350,400,1300,"bu","13:55:06",2467100
23350,400,500,"bu","13:55:00",2465800
23300,350,200,"sd","13:54:50",2465300
23350,400,2200,"bu","13:54:49",2465100
23300,350,100,"sd","13:54:02",2462900
23300,350,100,"sd","13:54:01",2462800
23300,350,200,"sd","13:53:13",2462700
23350,400,300,"bu","13:52:57",2462500
23300,350,6700,"sd","13:52:39",2462200
23300,350,100,"sd","13:52:15",2455500
23350,400,700,"bu","13:52:04",2455400
23350,400,300,"bu","13:52:04",2454700
23350,400,100,"bu","13:51:06",2454400
23350,400,100,"bu","13:50:20",2454300
23300,350,400,"bu","13:50:19",2454200
23300,350,600,"bu","13:50:10",2453800
23300,350,2300,"bu","13:50:10",2453200
23300,350,500,"bu","13:50:10",2450900
23300,350,100,"bu","13:50:10",2450400
23300,350,1500,"bu","13:50:10",2450300
23300,350,100,"bu","13:49:52",2448800
23300,350,400,"bu","13:49:52",2448700
23300,350,100,"bu","13:49:52",2448300
23300,350,200,"bu","13:49:52",2448200
23300,350,500,"bu","13:49:52",2448000
23300,350,200,"bu","13:49:52",2447500
23300,350,5500,"bu","13:49:52",2447300
23300,350,100,"bu","13:49:52",2441800
23300,350,500,"bu","13:49:52",2441700
23300,350,1000,"bu","13:49:52",2441200
23300,350,500,"bu","13:49:52",2440200
23300,350,300,"bu","13:49:52",2439700
23300,350,600,"bu","13:49:52",2439400
23300,350,1000,"bu","13:49:45",2438800
23300,350,3400,"bu","13:49:23",2437800
23300,350,5000,"bu","13:49:23",2434400
23300,350,100,"bu","13:49:23",2429400
23300,350,1000,"bu","13:49:23",2429300
23300,350,1000,"bu","13:49:23",2428300
23300,350,9500,"bu","13:49:23",2427300
23300,350,100,"bu","13:49:20",2417800
23300,350,400,"bu","13:49:12",2417700
23300,350,300,"bu","13:49:12",2417300
23300,350,1000,"bu","13:49:12",2417000
23300,350,1000,"bu","13:49:12",2416000
23300,350,200,"bu","13:49:12",2415000
23300,350,800,"bu","13:48:29",2414800
23300,350,100,"bu","13:48:29",2414000
23300,350,100,"bu","13:48:29",2413900
23300,350,300,"bu","13:47:46",2413800
23300,350,100,"bu","13:47:46",2413500
23300,350,600,"bu","13:47:46",2413400
23300,350,500,"bu","13:47:29",2412800
23250,300,1600,"sd","13:46:22",2412300
23250,300,900,"sd","13:46:05",2410700
23300,350,900,"bu","13:45:52",2409800
23300,350,100,"bu","13:45:52",2408900
23300,350,200,"bu","13:45:44",2408800
23300,350,2000,"bu","13:45:43",2408600
23300,350,1500,"bu","13:45:42",2406600
23300,350,1000,"bu","13:45:42",2405100
23300,350,500,"bu","13:45:42",2404100
23300,350,3000,"bu","13:45:15",2403600
23300,350,6500,"bu","13:44:54",2400600
23300,350,200,"bu","13:44:54",2394100
23300,350,100,"bu","13:44:54",2393900
23300,350,100,"bu","13:44:54",2393800
23300,350,1000,"bu","13:44:54",2393700
23300,350,1000,"bu","13:44:54",2392700
23300,350,100,"bu","13:44:54",2391700
23300,350,1000,"bu","13:44:54",2391600
23300,350,10000,"bu","13:44:49",2390600
23250,300,7000,"sd","13:44:28",2380600
23300,350,10000,"bu","13:44:28",2373600
23300,350,9900,"bu","13:44:21",2363600
23300,350,500,"bu","13:44:21",2353700
23300,350,1000,"bu","13:44:21",2353200
23300,350,500,"bu","13:44:21",2352200
23300,350,100,"bu","13:44:21",2351700
23300,350,8000,"bu","13:44:21",2351600
23300,350,1000,"bu","13:44:21",2343600
23300,350,1000,"bu","13:43:57",2342600
23300,350,1600,"bu","13:43:57",2341600
23300,350,1000,"bu","13:43:08",2340000
23300,350,1000,"bu","13:41:34",2339000
23300,350,2000,"bu","13:41:14",2338000
23300,350,1700,"bu","13:41:04",2336000
23300,350,500,"bu","13:40:52",2334300
23300,350,2200,"bu","13:40:20",2333800
23300,350,300,"bu","13:40:20",2331600
23300,350,300,"bu","13:40:20",2331300
23300,350,200,"bu","13:40:20",2331000
23300,350,500,"bu","13:40:20",2330800
23300,350,100,"bu","13:40:20",2330300
23300,350,1700,"bu","13:40:20",2330200
23300,350,100,"bu","13:40:20",2328500
23300,350,500,"bu","13:40:20",2328400
23300,350,500,"bu","13:40:20",2327900
23300,350,200,"bu","13:40:20",2327400
23300,350,2000,"bu","13:40:20",2327200
23300,350,500,"bu","13:40:20",2325200
23300,350,500,"bu","13:40:20",2324700
23300,350,400,"bu","13:40:20",2324200
23300,350,200,"bu","13:38:50",2323800
23250,300,6000,"sd","13:38:45",2323600
23250,300,1000,"sd","13:38:45",2317600
23250,300,500,"sd","13:38:45",2316600
23250,300,2500,"sd","13:38:45",2316100
23250,300,500,"sd","13:38:38",2313600
23250,300,900,"sd","13:37:35",2313100
23250,300,100,"bu","13:37:19",2312200
23300,350,600,"bu","13:37:06",2312100
23300,350,500,"bu","13:37:06",2311500
23300,350,100,"bu","13:37:06",2311000
23300,350,100,"bu","13:37:06",2310900
23300,350,100,"bu","13:37:06",2310800
23300,350,200,"bu","13:37:06",2310700
23300,350,400,"bu","13:37:06",2310500
23300,350,200,"bu","13:37:06",2310100
23300,350,1000,"bu","13:37:06",2309900
23300,350,800,"bu","13:37:06",2308900
23300,350,20000,"bu","13:37:06",2308100
23300,350,10100,"bu","13:37:06",2288100
23300,350,20000,"bu","13:37:06",2278000
23300,350,700,"bu","13:37:06",2258000
23300,350,20900,"bu","13:37:06",2257300
23300,350,100,"bu","13:37:06",2236400
23300,350,1500,"bu","13:37:06",2236300
23300,350,200,"bu","13:37:06",2234800
23300,350,100,"bu","13:37:06",2234600
23300,350,3500,"bu","13:37:06",2234500
23300,350,200,"bu","13:37:06",2231000
23300,350,2600,"bu","13:37:06",2230800
23300,350,3000,"bu","13:37:06",2228200
23300,350,300,"bu","13:37:06",2225200
23300,350,100,"bu","13:37:06",2224900
23300,350,800,"bu","13:37:06",2224800
23300,350,1000,"bu","13:37:06",2224000
23300,350,1000,"bu","13:37:06",2223000
23300,350,200,"bu","13:37:06",2222000
23300,350,400,"bu","13:37:06",2221800
23300,350,2500,"bu","13:37:06",2221400
23300,350,100,"bu","13:37:06",2218900
23300,350,3100,"bu","13:37:06",2218800
23300,350,100,"bu","13:37:06",2215700
23300,350,1000,"bu","13:37:06",2215600
23300,350,500,"bu","13:37:06",2214600
23300,350,200,"bu","13:37:06",2214100
23300,350,100,"bu","13:37:06",2213900
23300,350,6000,"bu","13:37:06",2213800
23300,350,400,"bu","13:37:06",2207800
23300,350,3000,"bu","13:37:06",2207400
23300,350,100,"bu","13:37:06",2204400
23300,350,100,"bu","13:37:06",2204300
23300,350,300,"bu","13:37:06",2204200
23300,350,500,"bu","13:37:06",2203900
23300,350,1000,"bu","13:37:06",2203400
23300,350,3200,"bu","13:37:06",2202400
23250,300,1000,"bu","13:37:06",2199200
23250,300,36100,"bu","13:37:06",2198200
23250,300,100,"bu","13:37:00",2162100
23250,300,2500,"sd","13:36:56",2162000
23250,300,1000,"sd","13:36:56",2159500
23250,300,100,"sd","13:36:56",2158500
23250,300,1000,"sd","13:36:56",2158400
23250,300,100,"sd","13:36:56",2157400
23250,300,2600,"sd","13:36:56",2157300
23250,300,500,"sd","13:36:56",2154700
23250,300,1000,"sd","13:36:56",2154200
23250,300,500,"sd","13:36:56",2153200
23250,300,15500,"sd","13:36:56",2152700
23250,300,400,"sd","13:36:40",2137200
23250,300,1000,"sd","13:36:27",2136800
23250,300,100,"sd","13:36:18",2135800
23250,300,2000,"sd","13:36:05",2135700
23250,300,100,"sd","13:36:00",2133700
23250,300,500,"sd","13:35:47",2133600
23300,350,100,"bu","13:35:31",2133100
23300,350,1000,"bu","13:34:45",2133000
23300,350,400,"bu","13:34:26",2132000
23300,350,300,"bu","13:34:02",2131600
23300,350,100,"bu","13:34:02",2131300
23300,350,900,"bu","13:34:02",2131200
23300,350,16500,"bu","13:34:02",2130300
23300,350,500,"bu","13:34:02",2113800
23300,350,1000,"bu","13:34:02",2113300
23300,350,10000,"bu","13:34:02",2112300
23300,350,700,"bu","13:34:02",2102300
23250,300,5000,"sd","13:33:58",2101600
23250,300,400,"sd","13:33:57",2096600
23250,300,1600,"bu","13:33:44",2096200
23250,300,3400,"bu","13:33:44",2094600
23250,300,500,"sd","13:33:39",2091200
23250,300,3000,"sd","13:33:39",2090700
23250,300,1000,"sd","13:33:39",2087700
23250,300,100,"sd","13:33:39",2086700
23250,300,2000,"sd","13:33:39",2086600
23250,300,500,"sd","13:33:39",2084600
23250,300,2000,"sd","13:33:39",2084100
23250,300,100,"sd","13:33:39",2082100
23250,300,400,"sd","13:33:39",2082000
23250,300,4100,"sd","13:33:35",2081600
23250,300,1200,"sd","13:33:35",2077500
23250,300,300,"sd","13:33:35",2076300
23250,300,10000,"sd","13:33:35",2076000
23250,300,500,"sd","13:33:35",2066000
23250,300,200,"sd","13:33:35",2065500
23250,300,1500,"sd","13:33:35",2065300
23250,300,3000,"sd","13:33:35",2063800
23250,300,3000,"sd","13:33:35",2060800
23250,300,200,"sd","13:33:35",2057800
23250,300,4500,"sd","13:33:35",2057600
23250,300,1500,"sd","13:33:35",2053100
23250,300,100,"sd","13:33:26",2051600
23250,300,1600,"sd","13:33:15",2051500
23250,300,200,"sd","13:33:03",2049900
23250,300,5000,"sd","13:33:03",2049700
23250,300,100,"sd","13:32:44",2044700
23250,300,1000,"sd","13:31:43",2044600
23300,350,300,"bu","13:31:15",2043600
23250,300,700,"sd","13:30:55",2043300
23250,300,800,"sd","13:30:17",2042600
23250,300,100,"sd","13:30:13",2041800
23250,300,200,"sd","13:29:34",2041700
23250,300,100,"sd","13:27:36",2041500
23250,300,100,"sd","13:26:43",2041400
23300,350,500,"bu","13:26:43",2041300
23250,300,400,"sd","13:25:38",2040800
23250,300,100,"sd","13:25:31",2040400
23300,350,1000,"bu","13:23:48",2040300
23300,350,100,"bu","13:23:48",2039300
23300,350,2000,"bu","13:23:48",2039200
23300,350,200,"bu","13:23:48",2037200
23300,350,200,"bu","13:23:48",2037000
23300,350,1000,"bu","13:23:48",2036800
23300,350,1000,"bu","13:23:06",2035800
23300,350,200,"bu","13:23:06",2034800
23300,350,300,"bu","13:23:06",2034600
23250,300,300,"sd","13:22:46",2034300
23300,350,200,"bu","13:22:40",2034000
23300,350,100,"bu","13:22:40",2033800
23300,350,100,"bu","13:22:40",2033700
23300,350,500,"bu","13:22:40",2033600
23300,350,100,"bu","13:22:40",2033100
23300,350,1000,"bu","13:22:40",2033000
23300,350,300,"bu","13:22:40",2032000
23300,350,100,"bu","13:22:40",2031700
23300,350,800,"bu","13:22:40",2031600
23300,350,2000,"bu","13:22:40",2030800
23300,350,100,"bu","13:22:40",2028800
23300,350,3000,"bu","13:22:40",2028700
23300,350,500,"bu","13:22:40",2025700
23300,350,500,"bu","13:22:40",2025200
23300,350,100,"bu","13:22:40",2024700
23300,350,500,"bu","13:22:40",2024600
23300,350,5000,"bu","13:22:40",2024100
23300,350,100,"bu","13:22:40",2019100
23300,350,100,"bu","13:22:40",2019000
23300,350,2000,"bu","13:22:40",2018900
23300,350,700,"bu","13:22:40",2016900
23300,350,300,"bu","13:22:15",2016200
23300,350,100,"bu","13:22:15",2015900
23300,350,100,"bu","13:22:15",2015800
23300,350,1000,"bu","13:22:15",2015700
23300,350,100,"bu","13:22:09",2014700
23300,350,100,"bu","13:22:09",2014600
23300,350,100,"bu","13:22:09",2014500
23300,350,100,"bu","13:22:09",2014400
23300,350,200,"bu","13:22:09",2014300
23300,350,100,"bu","13:22:09",2014100
23300,350,3800,"bu","13:22:09",2014000
23300,350,1200,"bu","13:21:54",2010200
23300,350,1000,"bu","13:21:54",2009000
23300,350,100,"bu","13:21:54",2008000
23300,350,2200,"bu","13:21:54",2007900
23300,350,4500,"bu","13:21:43",2005700
23300,350,1500,"bu","13:21:39",2001200
23250,300,20000,"sd","13:21:05",1999700
23250,300,2000,"bu","13:20:59",1979700
23250,300,600,"bu","13:20:59",1977700
23250,300,200,"bu","13:20:59",1977100
23250,300,100,"bu","13:20:59",1976900
23250,300,17800,"bu","13:20:59",1976800
23250,300,2000,"bu","13:20:59",1959000
23250,300,10000,"bu","13:20:59",1957000
23250,300,500,"bu","13:20:59",1947000
23250,300,4500,"bu","13:20:59",1946500
23200,250,1700,"sd","13:20:22",1942000
23200,250,2400,"sd","13:20:22",1940300
23200,250,1900,"sd","13:20:22",1937900
23250,300,2200,"bu","13:20:05",1936000
23250,300,200,"bu","13:20:05",1933800
23250,300,600,"bu","13:20:05",1933600
23250,300,500,"bu","13:20:05",1933000
23250,300,1500,"bu","13:20:05",1932500
23250,300,300,"bu","13:18:11",1931000
23250,300,200,"bu","13:18:11",1930700
23250,300,100,"bu","13:18:11",1930500
23250,300,2000,"bu","13:18:11",1930400
23250,300,1000,"bu","13:18:11",1928400
23250,300,900,"bu","13:18:11",1927400
23250,300,100,"bu","13:16:50",1926500
23250,300,100,"bu","13:16:50",1926400
23250,300,900,"sd","13:16:20",1926300
23250,300,600,"sd","13:16:16",1925400
23250,300,100,"sd","13:16:16",1924800
23250,300,2300,"sd","13:16:16",1924700
23250,300,100,"sd","13:16:11",1922400
23250,300,1000,"sd","13:16:09",1922300
23250,300,500,"sd","13:15:45",1921300
23250,300,100,"sd","13:15:35",1920800
23250,300,100,"sd","13:15:29",1920700
23250,300,800,"sd","13:15:17",1920600
23250,300,100,"sd","13:14:34",1919800
23250,300,9000,"sd","13:14:16",1919700
23250,300,300,"sd","13:14:02",1910700
23250,300,500,"sd","13:13:42",1910400
23250,300,500,"sd","13:13:29",1909900
23250,300,200,"sd","13:13:11",1909400
23250,300,2000,"sd","13:12:54",1909200
23250,300,200,"sd","13:12:54",1907200
23250,300,500,"sd","13:12:41",1907000
23250,300,1500,"sd","13:12:34",1906500
23250,300,100,"sd","13:12:25",1905000
23250,300,100,"sd","13:12:20",1904900
23250,300,100,"sd","13:11:55",1904800
23250,300,200,"bu","13:11:45",1904700
23250,300,6500,"bu","13:11:45",1904500
23250,300,1000,"bu","13:11:45",1898000
23250,300,10000,"bu","13:11:45",1897000
23250,300,500,"bu","13:11:45",1887000
23250,300,300,"bu","13:11:45",1886500
23250,300,9000,"bu","13:11:45",1886200
23250,300,100,"bu","13:11:30",1877200
23250,300,100,"bu","13:10:58",1877100
23200,250,100,"sd","13:10:57",1877000
23250,300,300,"bu","13:10:25",1876900
23250,300,500,"bu","13:10:22",1876600
23250,300,100,"bu","13:10:22",1876100
23250,300,400,"bu","13:10:22",1876000
23250,300,200,"bu","13:10:11",1875600
23250,300,400,"bu","13:10:11",1875400
23250,300,600,"bu","13:10:11",1875000
23250,300,200,"bu","13:10:09",1874400
23250,300,4500,"bu","13:09:59",1874200
23250,300,1000,"bu","13:09:43",1869700
23250,300,3700,"sd","13:09:16",1868700
23250,300,1000,"bu","13:09:15",1865000
23250,300,5300,"bu","13:09:15",1864000
23250,300,1500,"sd","13:09:01",1858700
23250,300,1900,"sd","13:09:01",1857200
23250,300,200,"sd","13:09:01",1855300
23250,300,1100,"sd","13:09:01",1855100
23250,300,5000,"sd","13:08:44",1854000
23250,300,200,"sd","13:08:02",1849000
23250,300,10000,"sd","13:07:56",1848800
23300,350,2700,"bu","13:07:51",1838800
23250,300,1200,"sd","13:07:12",1836100
23250,300,2500,"sd","13:07:07",1834900
23250,300,1500,"sd","13:07:07",1832400
23250,300,1500,"sd","13:07:07",1830900
23250,300,4500,"sd","13:07:07",1829400
23250,300,100,"sd","13:06:53",1824900
23250,300,1000,"sd","13:06:48",1824800
23250,300,500,"bu","13:06:36",1823800
23250,300,3000,"bu","13:06:36",1823300
23250,300,900,"bu","13:06:36",1820300
23250,300,4000,"bu","13:06:16",1819400
23250,300,100,"bu","13:06:06",1815400
23250,300,5000,"sd","13:06:05",1815300
23250,300,300,"sd","13:06:02",1810300
23250,300,300,"sd","13:06:01",1810000
23250,300,100,"sd","13:05:47",1809700
23250,300,5700,"sd","13:05:42",1809600
23250,300,4300,"sd","13:05:42",1803900
23250,300,1000,"sd","13:05:35",1799600
23250,300,300,"sd","13:05:33",1798600
23250,300,100,"sd","13:05:33",1798300
23250,300,100,"sd","13:05:15",1798200
23250,300,300,"sd","13:05:02",1798100
23250,300,7500,"bu","13:04:47",1797800
23250,300,500,"bu","13:04:47",1790300
23250,300,2500,"bu","13:04:47",1789800
23250,300,1000,"bu","13:04:47",1787300
23250,300,100,"bu","13:04:47",1786300
23250,300,400,"bu","13:04:47",1786200
23250,300,500,"bu","13:04:47",1785800
23250,300,3000,"bu","13:04:47",1785300
23250,300,200,"bu","13:04:47",1782300
23250,300,1000,"bu","13:04:47",1782100
23250,300,6000,"bu","13:04:47",1781100
23250,300,100,"bu","13:04:47",1775100
23250,300,100,"bu","13:04:47",1775000
23250,300,400,"bu","13:04:47",1774900
23250,300,700,"bu","13:04:47",1774500
23250,300,200,"bu","13:04:47",1773800
23250,300,2000,"bu","13:04:47",1773600
23250,300,7700,"bu","13:04:47",1771600
23250,300,2300,"bu","13:04:26",1763900
23250,300,400,"bu","13:04:26",1761600
23250,300,1600,"bu","13:04:26",1761200
23250,300,1000,"bu","13:04:26",1759600
23250,300,100,"bu","13:04:26",1758600
23250,300,200,"bu","13:04:26",1758500
23250,300,500,"bu","13:04:26",1758300
23250,300,500,"bu","13:04:26",1757800
23250,300,500,"bu","13:04:26",1757300
23250,300,2900,"bu","13:04:26",1756800
23250,300,1100,"bu","13:03:22",1753900
23250,300,1000,"bu","13:03:22",1752800
23250,300,2400,"bu","13:03:22",1751800
23250,300,4500,"bu","13:02:59",1749400
23200,250,500,"sd","13:01:25",1744900
23200,250,2500,"sd","13:01:25",1744400
23200,250,200,"sd","13:01:08",1741900
23250,300,100,"bu","13:00:16",1741700
23200,250,1900,"sd","13:00:04",1741600
23200,250,2300,"sd","13:00:04",1739700
23200,250,2500,"sd","13:00:04",1737400
23200,250,300,"sd","13:00:04",1734900
23250,300,2600,"bu","13:00:03",1734600
23200,250,600,"sd","13:00:01",1732000
23200,250,100,"sd","13:00:01",1731400
23200,250,1300,"sd","13:00:01",1731300
23250,300,100,"bu","13:00:00",1730000
23250,300,300,"bu","13:00:00",1729900
23250,300,500,"bu","13:00:00",1729600
23250,300,700,"bu","13:00:00",1729100
23250,300,200,"bu","13:00:00",1728400
23250,300,3300,"bu","13:00:00",1728200
23200,250,100,"sd","12:59:59",1724900
23250,300,100,"bu","11:27:55",1724800
23200,250,100,"sd","11:27:30",1724700
23200,250,2400,"sd","11:27:30",1724600
23200,250,2000,"sd","11:27:30",1722200
23200,250,500,"sd","11:27:12",1720200
23200,250,400,"sd","11:27:12",1719700
23200,250,100,"sd","11:26:47",1719300
23200,250,2000,"sd","11:26:18",1719200
23200,250,2500,"sd","11:26:18",1717200
23200,250,100,"sd","11:26:02",1714700
23250,300,200,"bu","11:25:36",1714600
23200,250,2400,"sd","11:25:24",1714400
23200,250,600,"sd","11:25:24",1712000
23250,300,200,"bu","11:24:01",1711400
23250,300,5000,"bu","11:19:44",1711200
23250,300,100,"bu","11:18:32",1706200
23250,300,2100,"bu","11:18:10",1706100
23250,300,400,"bu","11:18:10",1704000
23250,300,400,"bu","11:16:19",1703600
23250,300,400,"bu","11:16:19",1703200
23250,300,700,"bu","11:16:19",1702800
23200,250,1900,"sd","11:16:03",1702100
23200,250,100,"sd","11:16:03",1700200
23200,250,700,"sd","11:15:44",1700100
23200,250,1300,"sd","11:12:32",1699400
23200,250,2500,"sd","11:12:32",1698100
23200,250,100,"sd","11:12:32",1695600
23200,250,100,"sd","11:12:32",1695500
23200,250,2500,"sd","11:11:30",1695400
23200,250,400,"sd","11:11:30",1692900
23200,250,100,"sd","11:11:30",1692500
23200,250,5000,"sd","11:11:30",1692400
23200,250,2000,"sd","11:11:30",1687400
23200,250,100,"sd","11:11:22",1685400
23200,250,300,"sd","11:11:02",1685300
23200,250,300,"sd","11:11:02",1685000
23200,250,100,"sd","11:11:02",1684700
23200,250,1800,"sd","11:11:02",1684600
23200,250,100,"sd","11:10:21",1682800
23250,300,1500,"bu","11:09:58",1682700
23250,300,100,"bu","11:09:58",1681200
23250,300,1300,"bu","11:09:58",1681100
23250,300,100,"bu","11:09:58",1679800
23200,250,100,"sd","11:09:13",1679700
23200,250,500,"sd","11:09:01",1679600
23200,250,100,"sd","11:07:57",1679100
23200,250,100,"sd","11:06:33",1679000
23200,250,1800,"sd","11:06:32",1678900
23200,250,500,"sd","11:05:21",1677100
23200,250,200,"sd","11:05:21",1676600
23200,250,900,"sd","11:05:21",1676400
23200,250,1000,"bu","11:04:27",1675500
23200,250,600,"bu","11:04:27",1674500
23200,250,100,"bu","11:04:21",1673900
23200,250,200,"bu","11:04:15",1673800
23200,250,600,"bu","11:03:51",1673600
23200,250,3500,"bu","11:03:51",1673000
23200,250,900,"bu","11:03:51",1669500
23200,250,500,"bu","11:03:35",1668600
23200,250,1000,"bu","11:03:11",1668100
23200,250,6300,"bu","11:02:54",1667100
23200,250,200,"bu","11:02:54",1660800
23200,250,700,"bu","11:02:54",1660600
23200,250,600,"bu","11:02:54",1659900
23200,250,500,"bu","11:02:54",1659300
23200,250,800,"bu","11:02:54",1658800
23200,250,1700,"bu","11:02:54",1658000
23200,250,500,"bu","11:02:54",1656300
23200,250,100,"bu","11:02:54",1655800
23200,250,200,"bu","11:02:54",1655700
23150,200,16500,"sd","11:02:53",1655500
23150,200,100,"sd","11:02:53",1639000
23150,200,1000,"sd","11:02:53",1638900
23150,200,1600,"sd","11:02:53",1637900
23150,200,2000,"sd","11:02:53",1636300
23150,200,11500,"sd","11:02:53",1634300
23150,200,1000,"sd","11:02:53",1622800
23150,200,200,"sd","11:02:53",1621800
23150,200,1000,"sd","11:02:53",1621600
23150,200,2000,"sd","11:02:53",1620600
23150,200,2500,"sd","11:02:53",1618600
23150,200,600,"sd","11:02:53",1616100
23200,250,2500,"bu","11:02:46",1615500
23200,250,1500,"bu","11:01:11",1613000
23200,250,2500,"bu","11:01:04",1611500
23200,250,1000,"bu","11:01:02",1609000
23200,250,2200,"sd","11:00:14",1608000
23200,250,300,"sd","11:00:08",1605800
23200,250,1000,"sd","11:00:08",1605500
23200,250,1000,"sd","11:00:08",1604500
23200,250,1000,"sd","11:00:08",1603500
23200,250,1000,"sd","11:00:02",1602500
23200,250,1000,"sd","10:59:47",1601500
23300,350,600,"bu","10:57:44",1600500
23300,350,700,"bu","10:57:44",1599900
23300,350,1600,"bu","10:57:44",1599200
23250,300,2000,"bu","10:57:44",1597600
23250,300,100,"bu","10:57:44",1595600
23250,300,100,"bu","10:57:44",1595500
23250,300,300,"bu","10:57:44",1595400
23250,300,1600,"bu","10:57:44",1595100
23250,300,400,"bu","10:57:44",1593500
23250,300,600,"bu","10:57:44",1593100
23250,300,100,"bu","10:57:44",1592500
23250,300,500,"bu","10:57:44",1592400
23250,300,500,"bu","10:57:44",1591900
23250,300,100,"bu","10:57:44",1591400
23250,300,100,"bu","10:57:44",1591300
23250,300,1500,"bu","10:57:43",1591200
23250,300,200,"bu","10:57:43",1589700
23150,200,4400,"sd","10:57:43",1589500
23150,200,1000,"sd","10:57:43",1585100
23150,200,1500,"sd","10:57:43",1584100
23150,200,2500,"sd","10:57:43",1582600
23150,200,100,"sd","10:57:43",1580100
23150,200,500,"sd","10:57:43",1580000
23150,200,2500,"sd","10:57:43",1579500
23150,200,500,"sd","10:57:43",1577000
23150,200,2500,"sd","10:57:43",1576500
23150,200,600,"sd","10:57:43",1574000
23150,200,2500,"sd","10:57:43",1573400
23150,200,4000,"sd","10:57:43",1570900
23150,200,6600,"sd","10:57:43",1566900
23150,200,1100,"sd","10:57:27",1560300
23200,250,700,"sd","10:57:23",1559200
23200,250,2400,"sd","10:57:23",1558500
23200,250,2500,"sd","10:57:23",1556100
23200,250,300,"sd","10:57:23",1553600
23200,250,2500,"sd","10:57:23",1553300
23200,250,400,"sd","10:57:23",1550800
23200,250,300,"sd","10:57:23",1550400
23200,250,1300,"sd","10:57:23",1550100
23200,250,600,"sd","10:57:22",1548800
23200,250,600,"sd","10:56:59",1548200
23200,250,2500,"sd","10:56:59",1547600
23200,250,2500,"sd","10:56:59",1545100
23200,250,500,"sd","10:56:59",1542600
23200,250,500,"sd","10:56:59",1542100
23200,250,2500,"sd","10:56:59",1541600
23200,250,900,"sd","10:56:59",1539100
23250,300,100,"bu","10:56:15",1538200
23200,250,1500,"sd","10:56:11",1538100
23200,250,100,"sd","10:56:11",1536600
23200,250,100,"sd","10:56:01",1536500
23200,250,100,"sd","10:56:00",1536400
23200,250,2000,"sd","10:54:52",1536300
23200,250,1000,"sd","10:54:52",1534300
23200,250,5000,"sd","10:54:52",1533300
23200,250,4800,"sd","10:54:52",1528300
23200,250,2500,"sd","10:54:52",1523500
23200,250,5000,"sd","10:54:52",1521000
23200,250,2500,"sd","10:54:52",1516000
23200,250,100,"sd","10:54:52",1513500
23200,250,100,"sd","10:54:52",1513400
23200,250,4900,"sd","10:54:52",1513300
23200,250,5000,"sd","10:54:52",1508400
23200,250,300,"sd","10:54:52",1503400
23200,250,5000,"sd","10:54:52",1503100
23200,250,600,"sd","10:54:52",1498100
23200,250,2500,"sd","10:54:52",1497500
23200,250,4500,"sd","10:54:52",1495000
23200,250,100,"sd","10:54:52",1490500
23200,250,4100,"sd","10:54:52",1490400
23250,300,10000,"bu","10:54:29",1486300
23250,300,100,"sd","10:54:07",1476300
23250,300,200,"sd","10:54:07",1476200
23250,300,800,"sd","10:54:07",1476000
23250,300,200,"sd","10:54:07",1475200
23250,300,900,"sd","10:54:07",1475000
23250,300,100,"sd","10:53:57",1474100
23250,300,4900,"sd","10:53:57",1474000
23250,300,1000,"sd","10:53:50",1469100
23250,300,100,"sd","10:53:47",1468100
23250,300,4000,"sd","10:53:30",1468000
23250,300,5000,"sd","10:53:30",1464000
23250,300,100,"sd","10:53:10",1459000
23250,300,1000,"sd","10:52:58",1458900
23250,300,1500,"sd","10:52:18",1457900
23250,300,1000,"sd","10:52:07",1456400
23250,300,2000,"sd","10:51:58",1455400
23250,300,5700,"sd","10:51:31",1453400
23250,300,100,"sd","10:51:23",1447700
23250,300,2000,"sd","10:51:05",1447600
23300,350,500,"bu","10:50:37",1445600
23250,300,3400,"sd","10:50:18",1445100
23300,350,100,"bu","10:50:00",1441700
23300,350,200,"bu","10:49:31",1441600
23300,350,400,"bu","10:49:21",1441400
23300,350,300,"bu","10:47:46",1441000
23300,350,300,"bu","10:46:32",1440700
23300,350,8600,"bu","10:45:08",1440400
23250,300,100,"sd","10:45:07",1431800
23300,350,10000,"bu","10:44:55",1431700
23300,350,800,"bu","10:44:14",1421700
23300,350,1200,"bu","10:44:14",1420900
23300,350,800,"bu","10:44:00",1419700
23300,350,200,"bu","10:44:00",1418900
23250,300,100,"sd","10:43:50",1418700
23250,300,100,"sd","10:43:46",1418600
23250,300,100,"sd","10:43:01",1418500
23250,300,6100,"sd","10:42:58",1418400
23250,300,500,"sd","10:42:58",1412300
23250,300,200,"sd","10:42:58",1411800
23250,300,1000,"sd","10:42:58",1411600
23250,300,100,"sd","10:42:58",1410600
23250,300,200,"sd","10:42:58",1410500
23250,300,1000,"sd","10:42:58",1410300
23250,300,200,"bu","10:42:58",1409300
23250,300,1000,"bu","10:42:58",1409100
23250,300,200,"bu","10:42:58",1408100
23250,300,2900,"bu","10:42:58",1407900
23250,300,100,"bu","10:42:58",1405000
23250,300,100,"bu","10:42:58",1404900
23250,300,700,"bu","10:42:58",1404800
23250,300,500,"bu","10:42:58",1404100
23250,300,55500,"bu","10:42:58",1403600
23250,300,400,"bu","10:42:58",1348100
23250,300,7100,"bu","10:42:58",1347700
23250,300,100,"bu","10:41:45",1340600
23250,300,2800,"bu","10:40:45",1340500
23250,300,200,"bu","10:40:45",1337700
23200,250,200,"sd","10:40:36",1337500
23200,250,200,"sd","10:40:21",1337300
23200,250,1000,"sd","10:40:09",1337100
23200,250,100,"sd","10:40:02",1336100
23200,250,300,"sd","10:40:02",1336000
23250,300,500,"bu","10:38:41",1335700
23250,300,300,"bu","10:38:37",1335200
23250,300,400,"bu","10:38:37",1334900
23250,300,400,"bu","10:38:37",1334500
23250,300,8900,"bu","10:38:37",1334100
23250,300,500,"bu","10:37:42",1325200
23250,300,5000,"bu","10:37:25",1324700
23250,300,4600,"bu","10:36:52",1319700
23250,300,4800,"bu","10:36:52",1315100
23250,300,5000,"bu","10:36:52",1310300
23250,300,5600,"bu","10:36:52",1305300
23250,300,100,"bu","10:36:29",1299700
23200,250,1000,"sd","10:35:46",1299600
23200,250,500,"sd","10:35:30",1298600
23200,250,200,"sd","10:35:24",1298100
23200,250,200,"sd","10:35:06",1297900
23200,250,200,"sd","10:35:03",1297700
23200,250,200,"sd","10:34:56",1297500
23200,250,400,"sd","10:34:26",1297300
23200,250,600,"sd","10:34:26",1296900
23250,300,3000,"bu","10:34:19",1296300
23200,250,700,"sd","10:33:25",1293300
23250,300,3800,"bu","10:33:21",1292600
23250,300,100,"bu","10:33:21",1288800
23250,300,1000,"bu","10:33:21",1288700
23250,300,100,"bu","10:33:21",1287700
23200,250,500,"sd","10:32:59",1287600
23200,250,500,"sd","10:32:47",1287100
23200,250,200,"sd","10:32:24",1286600
23200,250,2000,"sd","10:32:16",1286400
23200,250,1000,"sd","10:32:13",1284400
23200,250,3000,"sd","10:32:13",1283400
23200,250,1000,"sd","10:32:13",1280400
23200,250,1000,"sd","10:32:02",1279400
23200,250,1000,"sd","10:31:55",1278400
23200,250,800,"sd","10:31:24",1277400
23200,250,2000,"sd","10:30:52",1276600
23200,250,16200,"sd","10:30:52",1274600
23200,250,1400,"sd","10:30:52",1258400
23200,250,100,"sd","10:30:52",1257000
23200,250,300,"sd","10:30:52",1256900
23200,250,200,"sd","10:30:46",1256600
23200,250,100,"sd","10:30:04",1256400
23200,250,800,"sd","10:29:41",1256300
23200,250,200,"sd","10:29:41",1255500
23200,250,2500,"sd","10:29:24",1255300
23200,250,18500,"sd","10:29:24",1252800
23200,250,1000,"sd","10:29:21",1234300
23200,250,100,"sd","10:29:01",1233300
23200,250,100,"sd","10:28:59",1233200
23200,250,1000,"sd","10:27:56",1233100
23200,250,100,"sd","10:27:45",1232100
23200,250,8800,"sd","10:27:14",1232000
23200,250,300,"bu","10:27:10",1223200
23200,250,100,"bu","10:27:10",1222900
23200,250,1700,"sd","10:27:04",1222800
23200,250,700,"bu","10:27:00",1221100
23200,250,100,"bu","10:27:00",1220400
23200,250,2000,"bu","10:27:00",1220300
23200,250,400,"bu","10:27:00",1218300
23200,250,2000,"bu","10:27:00",1217900
23200,250,500,"bu","10:27:00",1215900
23200,250,500,"bu","10:27:00",1215400
23200,250,200,"bu","10:27:00",1214900
23200,250,300,"bu","10:27:00",1214700
23200,250,1000,"bu","10:27:00",1214400
23200,250,300,"bu","10:27:00",1213400
23200,250,9000,"bu","10:27:00",1213100
23200,250,100,"bu","10:27:00",1204100
23200,250,2000,"bu","10:27:00",1204000
23200,250,200,"bu","10:27:00",1202000
23200,250,3000,"bu","10:27:00",1201800
23200,250,100,"bu","10:27:00",1198800
23200,250,3000,"bu","10:27:00",1198700
23200,250,1000,"bu","10:27:00",1195700
23200,250,100,"bu","10:27:00",1194700
23200,250,100,"bu","10:27:00",1194600
23200,250,100,"bu","10:27:00",1194500
23200,250,2000,"bu","10:27:00",1194400
23200,250,100,"bu","10:27:00",1192400
23200,250,2000,"bu","10:27:00",1192300
23200,250,1100,"bu","10:27:00",1190300
23200,250,10000,"bu","10:27:00",1189200
23200,250,5000,"bu","10:27:00",1179200
23200,250,500,"bu","10:27:00",1174200
23200,250,900,"bu","10:27:00",1173700
23200,250,700,"bu","10:26:16",1172800
23200,250,1000,"bu","10:26:16",1172100
23200,250,100,"bu","10:26:16",1171100
23200,250,200,"bu","10:26:16",1171000
23200,250,200,"bu","10:25:52",1170800
23200,250,800,"bu","10:25:52",1170600
23200,250,600,"bu","10:25:52",1169800
23200,250,3000,"bu","10:25:52",1169200
23200,250,200,"bu","10:25:52",1166200
23200,250,200,"bu","10:25:52",1166000
23200,250,100,"bu","10:25:52",1165800
23200,250,900,"bu","10:25:52",1165700
23200,250,200,"bu","10:25:52",1164800
23200,250,2000,"bu","10:25:52",1164600
23200,250,1800,"bu","10:25:52",1162600
23150,200,500,"sd","10:25:37",1160800
23150,200,1800,"sd","10:24:29",1160300
23150,200,500,"sd","10:24:29",1158500
23150,200,3000,"sd","10:24:29",1158000
23150,200,200,"sd","10:24:29",1155000
23150,200,1000,"sd","10:24:29",1154800
23200,250,1000,"bu","10:24:08",1153800
23200,250,100,"bu","10:23:56",1152800
23200,250,100,"bu","10:23:54",1152700
23200,250,100,"bu","10:23:54",1152600
23200,250,2200,"bu","10:23:54",1152500
23200,250,1000,"bu","10:23:41",1150300
23200,250,2000,"bu","10:23:36",1149300
23200,250,1400,"bu","10:23:09",1147300
23150,200,1500,"sd","10:23:02",1145900
23150,200,3600,"sd","10:23:02",1144400
23150,200,400,"sd","10:23:02",1140800
23150,200,100,"sd","10:23:02",1140400
23150,200,400,"sd","10:23:02",1140300
23150,200,100,"sd","10:23:02",1139900
23150,200,100,"sd","10:23:02",1139800
23150,200,9100,"sd","10:23:02",1139700
23200,250,2500,"bu","10:22:12",1130600
23200,250,100,"bu","10:21:49",1128100
23200,250,500,"bu","10:20:41",1128000
23150,200,200,"sd","10:20:29",1127500
23150,200,300,"sd","10:20:06",1127300
23150,200,700,"sd","10:20:06",1127000
23150,200,400,"sd","10:18:52",1126300
23150,200,400,"sd","10:18:19",1125900
23150,200,100,"sd","10:15:37",1125500
23150,200,1100,"sd","10:14:36",1125400
23150,200,1000,"sd","10:14:36",1124300
23150,200,100,"sd","10:14:36",1123300
23150,200,1000,"sd","10:14:36",1123200
23150,200,5800,"sd","10:14:36",1122200
23150,200,300,"sd","10:14:06",1116400
23200,250,2400,"bu","10:13:45",1116100
23200,250,2500,"bu","10:12:04",1113700
23200,250,200,"bu","10:11:02",1111200
23200,250,400,"bu","10:10:52",1111000
23200,250,4500,"bu","10:10:35",1110600
23200,250,2000,"bu","10:10:27",1106100
23200,250,2500,"bu","10:10:22",1104100
23200,250,10000,"bu","10:10:00",1101600
23200,250,4500,"bu","10:09:48",1091600
23150,200,200,"sd","10:09:20",1087100
23150,200,1700,"sd","10:08:43",1086900
23150,200,300,"sd","10:08:43",1085200
23150,200,200,"sd","10:08:38",1084900
23150,200,800,"sd","10:08:38",1084700
23150,200,4200,"sd","10:08:27",1083900
23150,200,1000,"sd","10:08:27",1079700
23150,200,500,"sd","10:08:27",1078700
23150,200,3000,"sd","10:08:27",1078200
23150,200,1300,"sd","10:08:27",1075200
23150,200,1000,"sd","10:06:51",1073900
23200,250,100,"bu","10:06:46",1072900
23150,200,1000,"sd","10:06:30",1072800
23150,200,100,"sd","10:04:46",1071800
23200,250,13000,"bu","10:03:42",1071700
23150,200,100,"sd","10:03:35",1058700
23150,200,100,"sd","10:01:56",1058600
23150,200,100,"sd","10:01:30",1058500
23200,250,4400,"bu","10:01:20",1058400
23200,250,7000,"bu","10:01:01",1054000
23150,200,200,"sd","10:00:46",1047000
23200,250,1000,"bu","10:00:10",1046800
23200,250,100,"bu","09:59:26",1045800
23200,250,1000,"bu","09:59:14",1045700
23150,200,100,"sd","09:58:13",1044700
23150,200,1000,"sd","09:57:49",1044600
23200,250,15000,"sd","09:57:28",1043600
23200,250,1000,"sd","09:57:28",1028600
23200,250,18700,"sd","09:57:28",1027600
23200,250,500,"bu","09:56:47",1008900
23200,250,20000,"bu","09:56:47",1008400
23200,250,5500,"bu","09:56:47",988400
23200,250,2500,"sd","09:56:18",982900
23200,250,300,"bu","09:56:12",980400
23200,250,500,"bu","09:56:12",980100
23200,250,1200,"bu","09:56:12",979600
23200,250,4500,"bu","09:55:58",978400
23200,250,300,"bu","09:55:43",973900
23200,250,400,"bu","09:55:43",973600
23200,250,3800,"bu","09:55:43",973200
23200,250,200,"bu","09:55:36",969400
23200,250,500,"bu","09:55:36",969200
23200,250,1000,"bu","09:55:36",968700
23200,250,100,"bu","09:55:36",967700
23200,250,100,"bu","09:55:36",967600
23200,250,200,"bu","09:55:36",967500
23200,250,900,"bu","09:55:36",967300
23200,250,100,"bu","09:55:33",966400
23200,250,500,"bu","09:55:33",966300
23200,250,3000,"bu","09:55:33",965800
23200,250,500,"bu","09:55:33",962800
23200,250,100,"bu","09:55:33",962300
23200,250,200,"bu","09:55:33",962200
23200,250,100,"bu","09:55:33",962000
23200,250,100,"bu","09:54:30",961900
23150,200,5300,"sd","09:54:14",961800
23150,200,1300,"sd","09:54:14",956500
23150,200,100,"sd","09:54:14",955200
23150,200,1800,"sd","09:54:14",955100
23150,200,1000,"sd","09:53:50",953300
23150,200,200,"sd","09:52:20",952300
23150,200,200,"sd","09:52:20",952100
23150,200,600,"sd","09:52:20",951900
23150,200,400,"sd","09:51:36",951300
23150,200,2000,"sd","09:51:36",950900
23150,200,100,"sd","09:51:36",948900
23150,200,200,"sd","09:51:23",948800
23200,250,1900,"bu","09:51:14",948600
23200,250,100,"bu","09:51:14",946700
23200,250,200,"bu","09:51:14",946600
23200,250,100,"bu","09:51:14",946400
23200,250,100,"bu","09:51:14",946300
23200,250,200,"bu","09:51:14",946200
23200,250,100,"bu","09:51:14",946000
23200,250,2000,"bu","09:51:14",945900
23200,250,300,"bu","09:51:14",943900
23150,200,3000,"sd","09:50:59",943600
23150,200,500,"sd","09:50:57",940600
23150,200,500,"sd","09:50:52",940100
23150,200,200,"sd","09:50:45",939600
23150,200,3000,"sd","09:50:34",939400
23150,200,100,"bu","09:50:30",936400
23150,200,500,"bu","09:50:30",936300
23150,200,200,"bu","09:50:30",935800
23150,200,1200,"bu","09:50:30",935600
23150,200,500,"bu","09:50:29",934400
23150,200,800,"bu","09:50:25",933900
23150,200,1000,"bu","09:50:25",933100
23150,200,400,"bu","09:50:25",932100
23150,200,100,"bu","09:50:25",931700
23150,200,700,"bu","09:50:25",931600
23150,200,5000,"bu","09:50:21",930900
23150,200,1000,"bu","09:50:16",925900
23150,200,100,"bu","09:50:05",924900
23150,200,1300,"bu","09:50:02",924800
23150,200,500,"bu","09:50:02",923500
23150,200,200,"bu","09:49:59",923000
23150,200,2000,"bu","09:49:59",922800
23150,200,1000,"bu","09:49:58",920800
23150,200,300,"bu","09:49:56",919800
23150,200,2200,"bu","09:49:53",919500
23150,200,15000,"bu","09:49:50",917300
23150,200,100,"bu","09:49:47",902300
23150,200,2000,"bu","09:49:44",902200
23150,200,500,"bu","09:49:43",900200
23150,200,2300,"bu","09:49:42",899700
23150,200,2200,"bu","09:49:31",897400
23150,200,7000,"bu","09:49:30",895200
23150,200,8000,"bu","09:49:22",888200
23150,200,2000,"bu","09:49:13",880200
23150,200,2200,"bu","09:49:13",878200
23150,200,100000,"bu","09:49:08",876000
23150,200,20000,"bu","09:49:00",776000
23100,150,300,"sd","09:48:56",756000
23150,200,16900,"bu","09:48:33",755700
23150,200,1000,"bu","09:48:33",738800
23150,200,1000,"bu","09:48:33",737800
23150,200,100,"bu","09:48:33",736800
23150,200,500,"bu","09:48:33",736700
23150,200,500,"bu","09:48:33",736200
23100,150,100,"sd","09:48:25",735700
23100,150,1100,"sd","09:47:47",735600
23150,200,3500,"bu","09:47:28",734500
23150,200,16500,"bu","09:47:28",731000
23150,200,100,"bu","09:47:23",714500
23150,200,500,"sd","09:47:19",714400
23150,200,1000,"sd","09:47:19",713900
23150,200,3000,"sd","09:47:19",712900
23150,200,900,"sd","09:47:19",709900
23150,200,100,"sd","09:47:09",709000
23150,200,100,"sd","09:47:09",708900
23150,200,900,"sd","09:46:57",708800
23150,200,100,"sd","09:46:57",707900
23150,200,12000,"sd","09:46:53",707800
23150,200,100,"sd","09:46:51",695800
23150,200,1800,"sd","09:46:47",695700
23150,200,200,"sd","09:46:39",693900
23150,200,200,"sd","09:46:29",693700
23200,250,20000,"bu","09:46:28",693500
23150,200,600,"sd","09:46:07",673500
23150,200,3400,"sd","09:46:07",672900
23150,200,600,"sd","09:45:55",669500
23150,200,100,"sd","09:45:55",668900
23150,200,3000,"sd","09:45:55",668800
23150,200,100,"sd","09:45:55",665800
23150,200,100,"sd","09:45:55",665700
23150,200,2000,"sd","09:45:55",665600
23150,200,100,"sd","09:45:55",663600
23150,200,100,"sd","09:45:55",663500
23150,200,100,"sd","09:45:55",663400
23150,200,800,"sd","09:45:55",663300
23200,250,300,"bu","09:45:29",662500
23200,250,33000,"bu","09:45:26",662200
23200,250,300,"bu","09:44:55",629200
23150,200,1000,"sd","09:44:26",628900
23150,200,200,"sd","09:44:24",627900
23150,200,800,"sd","09:44:24",627700
23150,200,200,"sd","09:44:14",626900
23200,250,10000,"bu","09:44:13",626700
23150,200,500,"sd","09:43:57",616700
23150,200,300,"sd","09:43:51",616200
23200,250,2200,"bu","09:43:42",615900
23150,200,200,"sd","09:43:40",613700
23200,250,1000,"bu","09:43:39",613500
23200,250,2200,"bu","09:43:24",612500
23200,250,1300,"sd","09:43:21",610300
23200,250,100,"bu","09:43:19",609000
23200,250,200,"bu","09:43:18",608900
23200,250,100,"sd","09:43:12",608700
23200,250,300,"sd","09:43:12",608600
23200,250,1000,"sd","09:43:12",608300
23200,250,500,"sd","09:43:12",607300
23250,300,2200,"bu","09:43:03",606800
23250,300,3000,"bu","09:43:01",604600
23250,300,1000,"bu","09:43:00",601600
23250,300,10000,"bu","09:42:59",600600
23250,300,100,"sd","09:42:57",590600
23250,300,200,"sd","09:42:57",590500
23250,300,800,"sd","09:42:57",590300
23250,300,2200,"sd","09:42:57",589500
23250,300,800,"sd","09:42:46",587300
23300,350,13300,"bu","09:42:46",586500
23300,350,1000,"bu","09:42:46",573200
23300,350,1000,"bu","09:42:46",572200
23300,350,100,"bu","09:42:46",571200
23300,350,1400,"bu","09:42:46",571100
23300,350,1000,"bu","09:42:46",569700
23300,350,100,"bu","09:42:46",568700
23300,350,100,"bu","09:42:46",568600
23300,350,400,"bu","09:42:46",568500
23300,350,500,"bu","09:42:46",568100
23300,350,1000,"bu","09:42:46",567600
23300,350,18000,"bu","09:42:46",566600
23300,350,2100,"bu","09:42:46",548600
23300,350,2200,"bu","09:42:43",546500
23250,300,800,"sd","09:42:42",544300
23250,300,800,"sd","09:42:39",543500
23250,300,800,"sd","09:42:35",542700
23300,350,3000,"bu","09:42:34",541900
23300,350,2000,"bu","09:42:28",538900
23250,300,500,"sd","09:42:26",536900
23300,350,700,"bu","09:42:22",536400
23300,350,100,"bu","09:42:22",535700
23300,350,100,"bu","09:42:22",535600
23300,350,1000,"bu","09:42:22",535500
23300,350,300,"bu","09:42:22",534500
23300,350,700,"bu","09:42:22",534200
23300,350,100,"bu","09:42:22",533500
23300,350,100,"bu","09:42:00",533400
23300,350,2100,"bu","09:42:00",533300
23300,350,3000,"sd","09:41:55",531200
23300,350,1100,"sd","09:41:55",528200
23300,350,300,"sd","09:41:55",527100
23300,350,1000,"sd","09:41:55",526800
23300,350,2500,"sd","09:41:55",525800
23300,350,5000,"sd","09:41:55",523300
23300,350,500,"sd","09:41:55",518300
23300,350,5000,"sd","09:41:51",517800
23300,350,400,"sd","09:41:48",512800
23300,350,100,"sd","09:41:46",512400
23350,400,2200,"bu","09:41:40",512300
23300,350,100,"sd","09:41:40",510100
23300,350,2400,"sd","09:41:38",510000
23300,350,1000,"sd","09:41:36",507600
23300,350,400,"sd","09:41:35",506600
23350,400,300,"bu","09:41:28",506200
23300,350,1600,"sd","09:41:26",505900
23300,350,100,"sd","09:41:24",504300
23300,350,100,"sd","09:41:16",504200
23300,350,1000,"sd","09:41:13",504100
23350,400,18700,"bu","09:41:09",503100
23350,400,1300,"bu","09:41:09",484400
23300,350,100,"bu","09:41:05",483100
23300,350,1000,"bu","09:41:05",483000
23350,400,500,"bu","09:41:02",482000
23300,350,500,"bu","09:41:02",481500
23300,350,200,"sd","09:40:50",481000
23350,400,2200,"bu","09:40:48",480800
23350,400,100,"bu","09:40:43",478600
23350,400,900,"sd","09:40:35",478500
23400,450,1100,"bu","09:40:33",477600
23400,450,1900,"bu","09:40:33",476500
23400,450,3000,"bu","09:40:33",474600
23400,450,1000,"bu","09:40:33",471600
23400,450,100,"bu","09:40:33",470600
23400,450,200,"bu","09:40:33",470500
23400,450,3000,"bu","09:40:33",470300
23400,450,5500,"bu","09:40:33",467300
23350,400,2000,"sd","09:40:32",461800
23350,400,100,"bu","09:40:31",459800
23350,400,400,"bu","09:40:26",459700
23350,400,1000,"bu","09:40:26",459300
23350,400,100,"bu","09:40:26",458300
23350,400,500,"bu","09:40:26",458200
23350,400,200,"bu","09:40:26",457700
23350,400,4800,"bu","09:40:19",457500
23350,400,100,"bu","09:40:19",452700
23350,400,100,"bu","09:40:19",452600
23350,400,1000,"bu","09:40:19",452500
23350,400,100,"bu","09:40:19",451500
23350,400,3000,"bu","09:40:19",451400
23350,400,500,"bu","09:40:19",448400
23350,400,100,"bu","09:40:19",447900
23350,400,300,"bu","09:40:19",447800
23350,400,100,"bu","09:40:19",447500
23350,400,4900,"bu","09:40:19",447400
23300,350,100,"sd","09:40:15",442500
23300,350,2000,"sd","09:40:14",442400
23300,350,1100,"sd","09:40:09",440400
23350,400,100,"bu","09:40:07",439300
23350,400,100,"bu","09:40:07",439200
23350,400,2000,"bu","09:40:07",439100
23300,350,1000,"sd","09:39:56",437100
23300,350,300,"bu","09:39:55",436100
23300,350,100,"bu","09:39:55",435800
23300,350,1000,"bu","09:39:55",435700
23300,350,500,"bu","09:39:55",434700
23300,350,200,"bu","09:39:55",434200
23300,350,100,"bu","09:39:55",434000
23300,350,100,"bu","09:39:55",433900
23300,350,500,"bu","09:39:55",433800
23300,350,100,"bu","09:39:55",433300
23300,350,1000,"bu","09:39:55",433200
23300,350,1000,"bu","09:39:55",432200
23300,350,300,"bu","09:39:55",431200
23300,350,3000,"bu","09:39:55",430900
23300,350,100,"bu","09:39:55",427900
23300,350,500,"bu","09:39:55",427800
23300,350,100,"bu","09:39:55",427300
23300,350,1000,"bu","09:39:55",427200
23300,350,2000,"bu","09:39:55",426200
23300,350,100,"bu","09:39:55",424200
23300,350,1000,"bu","09:39:55",424100
23300,350,5000,"bu","09:39:55",423100
23300,350,1000,"bu","09:39:55",418100
23300,350,300,"bu","09:39:55",417100
23300,350,100,"bu","09:39:55",416800
23300,350,100,"bu","09:39:55",416700
23250,300,100,"bu","09:39:54",416600
23250,300,200,"bu","09:39:54",416500
23250,300,20000,"bu","09:39:54",416300
23250,300,100,"bu","09:39:54",396300
23250,300,500,"bu","09:39:54",396200
23250,300,200,"bu","09:39:54",395700
23250,300,300,"bu","09:39:48",395500
23250,300,1000,"bu","09:39:48",395200
23250,300,900,"bu","09:39:48",394200
23250,300,100,"bu","09:39:15",393300
23250,300,100,"bu","09:39:15",393200
23250,300,2800,"bu","09:39:15",393100
23250,300,2200,"bu","09:39:06",390300
23250,300,1900,"bu","09:38:57",388100
23250,300,1100,"bu","09:38:57",386200
23200,250,200,"sd","09:38:57",385100
23250,300,3900,"bu","09:38:56",384900
23250,300,5000,"bu","09:38:56",381000
23250,300,100,"bu","09:38:56",376000
23250,300,1000,"bu","09:38:56",375900
23200,250,1000,"sd","09:38:55",374900
23200,250,100,"bu","09:38:47",373900
23200,250,100,"bu","09:38:47",373800
23200,250,3000,"bu","09:38:47",373700
23200,250,500,"bu","09:38:47",370700
23200,250,200,"bu","09:38:47",370200
23200,250,200,"bu","09:38:47",370000
23200,250,2000,"bu","09:38:47",369800
23200,250,700,"bu","09:38:47",367800
23200,250,100,"bu","09:38:47",367100
23200,250,600,"bu","09:38:47",367000
23200,250,400,"bu","09:38:45",366400
23200,250,100,"bu","09:38:45",366000
23200,250,200,"bu","09:38:45",365900
23200,250,4300,"bu","09:38:45",365700
23200,250,700,"bu","09:38:42",361400
23200,250,1500,"bu","09:38:42",360700
23200,250,2000,"bu","09:38:30",359200
23200,250,1400,"bu","09:37:37",357200
23200,250,3000,"bu","09:37:21",355800
23200,250,100,"bu","09:37:21",352800
23200,250,1000,"bu","09:37:21",352700
23200,250,300,"bu","09:37:21",351700
23200,250,2400,"bu","09:37:21",351400
23200,250,1000,"bu","09:37:21",349000
23200,250,2000,"bu","09:37:21",348000
23200,250,100,"bu","09:37:21",346000
23200,250,1000,"bu","09:37:21",345900
23200,250,200,"bu","09:37:21",344900
23200,250,700,"bu","09:37:21",344700
23200,250,100,"bu","09:37:21",344000
23200,250,3000,"bu","09:37:21",343900
23200,250,100,"bu","09:37:21",340900
23200,250,1000,"bu","09:37:21",340800
23200,250,7000,"bu","09:37:21",339800
23200,250,3000,"bu","09:37:20",332800
23150,200,2000,"sd","09:36:45",329800
23150,200,1000,"bu","09:36:40",327800
23150,200,100,"bu","09:36:40",326800
23150,200,1000,"bu","09:36:40",326700
23150,200,100,"bu","09:36:40",325700
23150,200,100,"bu","09:36:40",325600
23150,200,7500,"bu","09:36:40",325500
23150,200,100,"bu","09:36:40",318000
23150,200,500,"bu","09:36:40",317900
23150,200,2900,"bu","09:36:40",317400
23150,200,1000,"bu","09:36:40",314500
23150,200,100,"bu","09:36:40",313500
23150,200,100,"bu","09:36:40",313400
23150,200,2500,"bu","09:36:40",313300
23100,150,500,"sd","09:36:24",310800
23100,150,700,"sd","09:36:08",310300
23100,150,1000,"sd","09:36:05",309600
23100,150,100,"sd","09:35:58",308600
23100,150,200,"sd","09:35:40",308500
23100,150,2000,"sd","09:35:40",308300
23100,150,100,"sd","09:35:40",306300
23100,150,100,"sd","09:35:40",306200
23100,150,2000,"sd","09:35:40",306100
23100,150,10000,"bu","09:35:40",304100
23050,100,100,"bu","09:35:40",294100
23100,150,200,"bu","09:35:40",294000
23100,150,2100,"bu","09:35:40",293800
23100,150,75400,"bu","09:35:40",291700
23050,100,32000,"bu","09:35:40",216300
23100,150,500,"bu","09:35:40",184300
23050,100,500,"bu","09:35:40",183800
23100,150,2000,"bu","09:35:40",183300
23050,100,100,"bu","09:35:40",181300
23100,150,2000,"bu","09:35:40",181200
23050,100,200,"bu","09:35:40",179200
23100,150,1000,"bu","09:35:40",179000
23050,100,10000,"bu","09:35:40",178000
23100,150,1200,"bu","09:35:40",168000
23050,100,2000,"bu","09:35:40",166800
23050,100,100,"bu","09:35:40",164800
23050,100,5000,"bu","09:35:40",164700
23050,100,4500,"bu","09:35:40",159700
23050,100,500,"bu","09:35:37",155200
23050,100,300,"bu","09:34:59",154700
23050,100,2200,"bu","09:34:50",154400
23000,50,500,"sd","09:34:42",152200
23050,100,300,"bu","09:34:40",151700
23050,100,2200,"bu","09:34:31",151400
23000,50,100,"sd","09:34:22",149200
23000,50,4300,"bu","09:34:18",149100
23000,50,700,"bu","09:34:14",144800
23000,50,3800,"bu","09:34:14",144100
23000,50,800,"bu","09:34:10",140300
23000,50,500,"bu","09:34:10",139500
23000,50,900,"bu","09:34:10",139000
23000,50,100,"bu","09:34:09",138100
23000,50,100,"bu","09:34:09",138000
23000,50,100,"bu","09:34:09",137900
23000,50,100,"bu","09:34:09",137800
23000,50,500,"bu","09:34:09",137700
23000,50,100,"bu","09:34:09",137200
23000,50,100,"bu","09:34:04",137100
23000,50,300,"bu","09:34:04",137000
23000,50,1600,"bu","09:34:04",136700
22950,0,100,"sd","09:34:03",135100
23000,50,900,"bu","09:34:00",135000
23000,50,500,"bu","09:34:00",134100
23000,50,100,"bu","09:34:00",133600
23000,50,500,"bu","09:34:00",133500
23000,50,2000,"bu","09:34:00",133000
23000,50,500,"bu","09:34:00",131000
23000,50,300,"bu","09:33:59",130500
23000,50,200,"bu","09:33:49",130200
23000,50,2000,"bu","09:33:49",130000
23000,50,100,"bu","09:33:41",128000
23000,50,300,"bu","09:33:39",127900
23000,50,100,"bu","09:33:29",127600
23000,50,2200,"bu","09:33:29",127500
23000,50,800,"bu","09:33:25",125300
23000,50,400,"bu","09:33:19",124500
23000,50,100,"bu","09:33:09",124100
23000,50,100,"bu","09:33:09",124000
23000,50,2000,"bu","09:33:09",123900
23000,50,400,"bu","09:33:09",121900
23000,50,100,"bu","09:33:09",121500
23000,50,300,"bu","09:33:09",121400
22950,0,1000,"sd","09:32:50",121100
23000,50,200,"bu","09:32:49",120100
23000,50,100,"bu","09:32:49",119900
23000,50,100,"bu","09:32:49",119800
23000,50,100,"bu","09:32:49",119700
23000,50,400,"bu","09:32:44",119600
23000,50,1800,"bu","09:32:44",119200
22950,0,1600,"sd","09:32:43",117400
23000,50,100,"bu","09:32:14",115800
22950,0,1000,"sd","09:31:46",115700
23000,50,700,"bu","09:31:39",114700
22950,0,1000,"sd","09:31:39",114000
23000,50,2500,"bu","09:31:31",113000
23000,50,100,"bu","09:31:31",110500
23000,50,1900,"bu","09:31:31",110400
23000,50,300,"bu","09:31:29",108500
23000,50,700,"bu","09:31:20",108200
23000,50,500,"bu","09:31:20",107500
23000,50,300,"bu","09:31:20",107000
23000,50,100,"bu","09:31:20",106700
23000,50,600,"bu","09:31:20",106600
22900,-50,4300,"bu","09:31:08",106000
22900,-50,100,"sd","09:31:02",101700
22900,-50,5000,"sd","09:31:02",101600
22900,-50,500,"sd","09:31:02",96600
22900,-50,5000,"sd","09:31:02",96100
22900,-50,1300,"sd","09:31:02",91100
22950,0,1800,"sd","09:31:02",89800
22950,0,2000,"sd","09:31:02",88000
22950,0,200,"bu","09:30:58",86000
22950,0,200,"bu","09:30:58",85800
22950,0,600,"bu","09:30:58",85600
22950,0,3000,"bu","09:30:57",85000
22950,0,2200,"bu","09:30:57",82000
22950,0,1500,"bu","09:30:54",79800
22950,0,700,"bu","09:30:54",78300
22950,0,1000,"bu","09:30:54",77600
22950,0,2800,"bu","09:30:54",76600
22950,0,100,"bu","09:29:01",73800
22950,0,300,"bu","09:28:09",73700
22950,0,300,"sd","09:28:00",73400
22950,0,100,"sd","09:28:00",73100
22950,0,700,"sd","09:28:00",73000
22950,0,800,"sd","09:27:59",72300
22950,0,100,"sd","09:27:59",71500
22950,0,100,"sd","09:27:59",71400
22950,0,2500,"sd","09:27:57",71300
22950,0,100,"sd","09:27:50",68800
22950,0,200,"sd","09:27:13",68700
22950,0,100,"sd","09:27:07",68500
22950,0,800,"bu","09:26:04",68400
22950,0,200,"bu","09:26:04",67600
22950,0,100,"bu","09:25:53",67400
22950,0,100,"bu","09:25:50",67300
22950,0,100,"bu","09:25:24",67200
22950,0,100,"bu","09:25:19",67100
22950,0,200,"sd","09:25:16",67000
22950,0,1100,"bu","09:25:09",66800
22950,0,100,"sd","09:25:07",65700
22950,0,100,"sd","09:25:07",65600
22950,0,1000,"sd","09:25:07",65500
22950,0,100,"sd","09:25:07",64500
22950,0,2000,"sd","09:25:07",64400
22950,0,1500,"sd","09:25:07",62400
22950,0,4100,"sd","09:25:07",60900
22950,0,200,"sd","09:24:45",56800
22950,0,500,"sd","09:24:40",56600
22950,0,200,"sd","09:24:36",56100
22950,0,200,"sd","09:24:36",55900
22950,0,100,"sd","09:23:03",55700
22950,0,200,"sd","09:22:51",55600
23000,50,100,"bu","09:22:14",55400
22950,0,200,"sd","09:21:51",55300
22950,0,100,"sd","09:21:35",55100
22950,0,100,"sd","09:21:35",55000
22950,0,2500,"sd","09:21:19",54900
22950,0,200,"sd","09:21:19",52400
22950,0,5000,"sd","09:21:19",52200
22950,0,1000,"sd","09:21:19",47200
22950,0,1300,"sd","09:21:19",46200
23000,50,300,"bu","09:21:18",44900
22950,0,100,"sd","09:20:15",44600
22950,0,600,"sd","09:19:37",44500
22950,0,2000,"sd","09:19:37",43900
22950,0,2900,"sd","09:19:37",41900
22950,0,100,"sd","09:19:33",39000
22950,0,100,"sd","09:19:07",38900
22950,0,1400,"sd","09:18:53",38800
22950,0,100,"sd","09:18:53",37400
22950,0,100,"bu","09:16:29",37300
22950,0,100,"bu","09:16:25",37200
22950,0,100,"bu","09:16:25",37100
22950,0,800,"bu","09:16:25",37000
22950,0,600,"bu","09:16:20",36200
22950,0,100,"bu","09:16:09",35600
22950,0,3500,"bu","09:16:09",35500
22950,0,1000,"bu","09:16:09",32000
22950,0,700,"bu","09:15:59",31000
22950,0,4000,"bu","09:15:58",30300
22950,0,400,"bu","09:15:58",26300
22950,0,100,"bu","09:15:58",25900
22900,-50,700,"bu","09:15:52",25800
22850,-100,500,"sd","09:15:34",25100
22900,-50,4500,"bu","09:15:31",24600
22850,-100,20100,"sd","09:15:02",20100
