"price","change","match_qtty","side","time","total_vol"
21.5,0.9,33600,"bu","14:44:47",243000
21,0.4,100,"sd","14:29:39",209400
21,0.4,900,"sd","14:29:32",209300
21,0.4,10000,"bu","14:29:19",208400
20.9,0.3,3100,"sd","14:29:02",198400
20.9,0.3,700,"bu","14:29:01",195300
20.9,0.3,20000,"bu","14:28:55",194600
20.9,0.3,20000,"bu","14:28:50",174600
20.8,0.2,2600,"sd","14:28:36",154600
20.8,0.2,15000,"bu","14:28:15",152000
20.7,0.1,10000,"bu","14:27:31",137000
20.6,0,200,"sd","14:27:07",127000
20.5,-0.1,300,"sd","14:26:00",126800
20.6,0,200,"bu","14:25:59",126500
20.5,-0.1,300,"unknown","14:22:42",126300
20.6,0,500,"bu","14:21:17",126000
20.6,0,100,"bu","14:21:07",125500
20.4,-0.2,200,"unknown","14:15:43",125400
20.3,-0.3,4500,"bu","14:12:40",125200
20.3,-0.3,20000,"bu","14:12:34",120700
20.3,-0.3,1500,"bu","14:11:13",100700
20.2,-0.4,1700,"bu","14:09:53",99200
20.2,-0.4,300,"bu","14:08:04",97500
20.2,-0.4,5700,"bu","14:07:35",97200
20.3,-0.3,400,"bu","14:07:10",91500
20.3,-0.3,2800,"bu","14:06:48",91100
20.3,-0.3,200,"bu","14:06:43",88300
20.3,-0.3,100,"bu","14:06:08",88100
20.3,-0.3,200,"bu","14:04:47",88000
20.3,-0.3,500,"bu","14:04:38",87800
20.3,-0.3,1000,"bu","14:01:57",87300
20.3,-0.3,500,"bu","14:01:52",86300
20.2,-0.4,6000,"sd","14:00:25",85800
20.3,-0.3,500,"bu","14:00:03",79800
20.3,-0.3,500,"bu","13:58:29",79300
20.3,-0.3,100,"bu","13:58:27",78800
20.3,-0.3,500,"bu","13:58:24",78700
20.3,-0.3,100,"bu","13:58:08",78200
20.3,-0.3,100,"bu","13:57:34",78100
20.3,-0.3,7400,"sd","13:57:07",78000
20.5,-0.1,200,"sd","13:56:50",70600
20.5,-0.1,1700,"sd","13:48:34",70400
20.7,0.1,1000,"unknown","13:45:33",68700
20.5,-0.1,4000,"sd","13:45:14",67700
20.7,0.1,200,"bu","13:41:36",63700
20.7,0.1,100,"unknown","13:39:05",63500
20.9,0.3,100,"bu","13:31:45",63400
20.4,-0.2,500,"sd","13:27:57",63300
20.3,-0.3,1700,"sd","13:27:47",62800
20.4,-0.2,5300,"unknown","13:27:18",61100
20.5,-0.1,2300,"unknown","13:26:39",55800
20.6,0,1000,"unknown","13:24:25",53500
20.6,0,8000,"sd","13:22:43",52500
20.7,0.1,1000,"unknown","13:22:16",44500
20.9,0.3,100,"bu","13:16:35",43500
20.9,0.3,1400,"sd","13:16:16",43400
21,0.4,1000,"bu","13:13:34",42000
20.9,0.3,200,"sd","13:13:14",41000
20.9,0.3,300,"sd","13:07:18",40800
20.9,0.3,1000,"sd","13:05:38",40500
20.9,0.3,400,"sd","13:04:21",39500
21,0.4,500,"bu","13:03:57",39100
20.9,0.3,300,"sd","13:02:57",38600
20.9,0.3,100,"sd","13:02:23",38300
21,0.4,100,"bu","13:01:17",38200
20.9,0.3,1200,"sd","13:00:38",38100
20.9,0.3,1100,"sd","12:59:51",36900
20.6,0,1000,"sd","11:28:04",35800
20.6,0,600,"sd","11:17:41",34800
20.7,0.1,600,"unknown","11:09:10",34200
20.9,0.3,900,"unknown","11:05:32",33600
20.9,0.3,100,"sd","11:05:10",32700
20.9,0.3,200,"sd","11:05:07",32600
20.9,0.3,2100,"sd","11:03:11",32400
20.9,0.3,1000,"sd","11:02:14",30300
21,0.4,2000,"bu","10:55:56",29300
21,0.4,100,"bu","10:54:28",27300
20.9,0.3,2000,"sd","10:53:55",27200
21,0.4,500,"bu","10:53:11",25200
21,0.4,100,"bu","10:50:30",24700
20.9,0.3,300,"sd","10:50:08",24600
21,0.4,100,"bu","10:49:41",24300
20.9,0.3,1000,"sd","10:48:29",24200
20.9,0.3,200,"unknown","10:45:23",23200
20.9,0.3,1000,"sd","10:44:23",23000
20.9,0.3,500,"bu","10:44:21",22000
20.9,0.3,600,"bu","10:43:03",21500
20.9,0.3,100,"bu","10:42:57",20900
20.9,0.3,100,"bu","10:39:01",20800
20.9,0.3,100,"bu","10:38:35",20700
20.7,0.1,800,"sd","10:37:46",20600
20.9,0.3,500,"unknown","10:29:28",19800
20.8,0.2,100,"bu","10:20:43",19300
20.8,0.2,900,"bu","10:09:25",19200
20.8,0.2,100,"bu","10:08:38",18300
20.7,0.1,900,"unknown","10:08:09",18200
20.7,0.1,100,"bu","10:02:03",17300
20.5,-0.1,1800,"unknown","10:02:01",17200
20.5,-0.1,4800,"sd","09:54:05",15400
20.5,-0.1,2000,"sd","09:53:20",10600
20.5,-0.1,2000,"sd","09:42:09",8600
20.8,0.2,100,"bu","09:38:18",6600
20.5,-0.1,200,"sd","09:29:31",6500
20.5,-0.1,300,"sd","09:28:51",6300
20.5,-0.1,1000,"sd","09:27:38",6000
20.5,-0.1,900,"sd","09:26:11",5000
20.6,0,300,"bu","09:24:58",4100
20.6,0,300,"bu","09:24:15",3800
21,0.4,200,"bu","09:18:38",3500
20.9,0.3,2500,"bu","09:13:51",3300
20.9,0.3,100,"bu","09:13:34",800
20.6,0,200,"sd","09:12:39",700
20.6,0,300,"bu","09:11:57",500
20.6,0,100,"bu","09:09:12",200
20.6,0,100,"bu","09:00:05",100
