"price","change","match_qtty","side","time","total_vol"
29150,-150,14400,"sd","14:45:01",194400
29200,-100,500,"sd","14:29:45",180000
29200,-100,500,"sd","14:29:45",179500
29200,-100,100,"sd","14:29:45",179000
29200,-100,1900,"sd","14:29:45",178900
29200,-100,100,"sd","14:28:31",177000
29200,-100,300,"sd","14:28:31",176900
29200,-100,900,"sd","14:28:31",176600
29350,50,100,"bu","14:25:51",175700
29200,-100,100,"sd","14:25:15",175600
29200,-100,900,"sd","14:25:15",175500
29200,-100,200,"sd","14:23:56",174600
29300,0,200,"bu","14:23:49",174400
29300,0,4000,"sd","14:23:00",174200
29300,0,100,"sd","14:23:00",170200
29300,0,100,"sd","14:23:00",170100
29300,0,3000,"sd","14:23:00",170000
29300,0,1300,"sd","14:22:15",167000
29350,50,300,"bu","14:21:15",165700
29350,50,100,"bu","14:19:32",165400
29350,50,100,"bu","14:19:32",165300
29350,50,500,"bu","14:18:51",165200
29400,100,200,"bu","14:16:28",164700
29400,100,200,"bu","14:16:28",164500
29300,0,500,"sd","14:15:15",164300
29300,0,200,"sd","14:14:56",163800
29300,0,300,"sd","14:14:56",163600
29300,0,400,"sd","14:14:56",163300
29300,0,1000,"sd","14:14:31",162900
29300,0,1300,"sd","14:12:13",161900
29400,100,200,"bu","14:09:27",160600
29400,100,200,"bu","14:09:22",160400
29400,100,100,"bu","14:06:06",160200
29400,100,300,"bu","14:06:02",160100
29400,100,200,"bu","14:06:02",159800
29300,0,200,"sd","14:05:13",159600
29300,0,4800,"sd","14:05:13",159400
29300,0,200,"sd","14:01:57",154600
29450,150,7500,"bu","14:01:37",154400
29400,100,500,"unknown","14:01:37",146900
29400,100,1500,"bu","14:01:37",146400
29400,100,500,"bu","14:01:37",144900
29400,100,200,"bu","14:01:37",144400
29400,100,200,"bu","14:01:08",144200
29400,100,300,"bu","14:01:06",144000
29300,0,500,"bu","14:00:29",143700
29300,0,300,"bu","14:00:29",143200
29300,0,1000,"bu","14:00:29",142900
29200,-100,400,"sd","14:00:23",141900
29200,-100,1200,"sd","14:00:13",141500
29250,-50,100,"unknown","14:00:13",140300
29200,-100,300,"bu","13:59:45",140200
29200,-100,700,"sd","13:59:18",139900
29200,-100,600,"sd","13:59:18",139200
29200,-100,400,"bu","13:58:03",138600
29200,-100,100,"bu","13:57:46",138200
29200,-100,2900,"bu","13:57:46",138100
29200,-100,2100,"bu","13:57:42",135200
29200,-100,900,"bu","13:57:42",133100
29200,-100,500,"bu","13:55:56",132200
29100,-200,500,"bu","13:54:10",131700
29100,-200,1000,"sd","13:53:20",131200
29100,-200,200,"sd","13:53:20",130200
29100,-200,100,"sd","13:53:20",130000
29100,-200,100,"sd","13:53:16",129900
29100,-200,900,"sd","13:52:43",129800
29100,-200,100,"sd","13:52:43",128900
29200,-100,500,"bu","13:51:46",128800
29150,-150,100,"sd","13:51:26",128300
29150,-150,100,"sd","13:51:26",128200
29150,-150,100,"sd","13:51:26",128100
29150,-150,100,"sd","13:51:26",128000
29150,-150,600,"sd","13:51:26",127900
29150,-150,2200,"sd","13:51:26",127300
29150,-150,2800,"sd","13:51:26",125100
29200,-100,2000,"sd","13:50:00",122300
29200,-100,1300,"sd","13:50:00",120300
29200,-100,200,"sd","13:50:00",119000
29200,-100,2000,"sd","13:50:00",118800
29200,-100,100,"sd","13:50:00",116800
29200,-100,100,"sd","13:50:00",116700
29200,-100,200,"sd","13:50:00",116600
29200,-100,2000,"sd","13:50:00",116400
29200,-100,200,"sd","13:50:00",114400
29200,-100,100,"sd","13:50:00",114200
29200,-100,200,"sd","13:50:00",114100
29200,-100,100,"sd","13:50:00",113900
29200,-100,100,"sd","13:50:00",113800
29200,-100,400,"sd","13:47:49",113700
29250,-50,200,"bu","13:47:32",113300
29250,-50,100,"bu","13:45:25",113100
29250,-50,100,"bu","13:45:08",113000
29250,-50,500,"bu","13:44:32",112900
29250,-50,600,"bu","13:44:11",112400
29250,-50,500,"sd","13:43:50",111800
29250,-50,100,"sd","13:43:50",111300
29250,-50,200,"sd","13:43:50",111200
29250,-50,500,"sd","13:43:50",111000
29250,-50,2000,"sd","13:43:50",110500
29250,-50,100,"sd","13:43:50",108500
29250,-50,1900,"sd","13:43:50",108400
29250,-50,200,"sd","13:43:32",106500
29250,-50,900,"sd","13:42:52",106300
29250,-50,400,"sd","13:42:52",105400
29300,0,100,"bu","13:41:13",105000
29300,0,2400,"bu","13:36:27",104900
29250,-50,300,"sd","13:35:26",102500
29250,-50,1300,"sd","13:33:55",102200
29300,0,2200,"bu","13:33:50",100900
29300,0,100,"bu","13:32:55",98700
29300,0,200,"bu","13:31:42",98600
29300,0,500,"bu","13:31:29",98400
29300,0,600,"bu","13:30:59",97900
29300,0,100,"sd","13:30:42",97300
29300,0,1000,"sd","13:30:42",97200
29300,0,100,"sd","13:30:42",96200
29300,0,10000,"sd","13:30:42",96100
29300,0,200,"sd","13:30:42",86100
29300,0,1100,"sd","13:30:42",85900
29300,0,700,"sd","13:26:54",84800
29350,50,400,"sd","13:26:54",84100
29350,50,200,"sd","13:26:54",83700
29350,50,200,"sd","13:26:41",83500
29350,50,200,"sd","13:26:37",83300
29400,100,100,"bu","13:26:34",83100
29350,50,300,"sd","13:25:52",83000
29350,50,100,"bu","13:22:00",82700
29350,50,500,"bu","13:21:32",82600
29350,50,4000,"bu","13:21:03",82100
29350,50,100,"sd","13:18:45",78100
29350,50,200,"sd","13:18:45",78000
29350,50,100,"sd","13:18:45",77800
29350,50,200,"sd","13:14:59",77700
29350,50,800,"sd","13:11:43",77500
29350,50,500,"sd","13:11:43",76700
29500,200,200,"bu","13:08:46",76200
29500,200,2900,"bu","13:07:43",76000
29500,200,100,"bu","13:07:43",73100
29500,200,400,"bu","13:05:34",73000
29500,200,100,"bu","13:05:34",72600
29300,0,1200,"sd","13:03:45",72500
29300,0,200,"sd","13:03:45",71300
29300,0,200,"sd","13:03:45",71100
29300,0,1000,"sd","13:03:45",70900
29300,0,100,"sd","13:03:45",69900
29300,0,100,"sd","13:00:10",69800
29350,50,1000,"sd","13:00:10",69700
29350,50,100,"sd","13:00:10",68700
29350,50,100,"sd","13:00:10",68600
29400,100,100,"unknown","13:00:06",68500
29400,100,100,"unknown","13:00:05",68400
29400,100,100,"unknown","13:00:05",68300
29400,100,200,"unknown","13:00:05",68200
29400,100,200,"bu","13:00:00",68000
29400,100,600,"bu","13:00:00",67800
29400,100,400,"bu","11:29:33",67200
29400,100,300,"bu","11:29:33",66800
29400,100,200,"bu","11:29:33",66500
29400,100,100,"bu","11:27:08",66300
29400,100,100,"bu","11:27:08",66200
29400,100,100,"bu","11:26:40",66100
29300,0,1300,"sd","11:25:27",66000
29300,0,500,"sd","11:06:47",64700
29300,0,500,"sd","11:06:47",64200
29350,50,300,"sd","11:06:47",63700
29400,100,200,"bu","11:05:52",63400
29400,100,300,"bu","11:05:47",63200
29400,100,100,"sd","11:03:02",62900
29400,100,100,"sd","11:03:02",62800
29400,100,300,"sd","10:59:00",62700
29400,100,200,"sd","10:58:51",62400
29400,100,400,"sd","10:55:10",62200
29400,100,900,"sd","10:55:10",61800
29400,100,500,"sd","10:51:09",60900
29400,100,100,"sd","10:49:06",60400
29400,100,100,"sd","10:49:06",60300
29400,100,100,"sd","10:49:06",60200
29400,100,100,"sd","10:42:16",60100
29600,300,3000,"sd","10:40:30",60000
29600,300,100,"bu","10:40:18",57000
29600,300,200,"bu","10:40:18",56900
29600,300,4000,"bu","10:40:18",56700
29600,300,2000,"bu","10:40:18",52700
29600,300,1000,"bu","10:40:18",50700
29600,300,2000,"bu","10:40:18",49700
29600,300,100,"bu","10:40:18",47700
29600,300,100,"bu","10:40:18",47600
29600,300,500,"bu","10:40:18",47500
29600,300,100,"bu","10:40:18",47000
29550,250,4400,"bu","10:40:18",46900
29600,300,100,"bu","10:40:18",42500
29550,250,100,"bu","10:40:18",42400
29600,300,500,"bu","10:40:18",42300
29550,250,2000,"bu","10:40:18",41800
29600,300,1000,"bu","10:40:18",39800
29550,250,500,"bu","10:40:18",38800
29600,300,300,"bu","10:40:18",38300
29550,250,100,"bu","10:40:18",38000
29600,300,100,"bu","10:40:18",37900
29550,250,100,"bu","10:40:18",37800
29600,300,100,"bu","10:40:18",37700
29550,250,1500,"bu","10:40:18",37600
29600,300,300,"bu","10:40:18",36100
29500,200,1000,"bu","10:40:18",35800
29600,300,300,"bu","10:40:18",34800
29500,200,500,"bu","10:40:18",34500
29550,250,400,"bu","10:40:18",34000
29500,200,2000,"bu","10:40:18",33600
29500,200,500,"bu","10:40:18",31600
29500,200,300,"bu","10:40:18",31100
29500,200,500,"bu","10:40:18",30800
29500,200,200,"bu","10:40:18",30300
29450,150,100,"bu","10:40:18",30100
29400,100,300,"sd","10:38:59",30000
29300,0,1000,"sd","10:38:26",29700
29350,50,100,"sd","10:38:26",28700
29400,100,200,"sd","10:38:26",28600
29300,0,2100,"sd","10:30:40",28400
29350,50,200,"sd","10:30:40",26300
29350,50,200,"sd","10:30:40",26100
29500,200,200,"bu","10:30:30",25900
29450,150,100,"bu","10:30:30",25700
29500,200,100,"bu","10:28:59",25600
29450,150,100,"bu","10:28:59",25500
29400,100,100,"bu","10:28:59",25400
29400,100,100,"bu","10:27:48",25300
29400,100,100,"sd","10:27:48",25200
29400,100,100,"sd","10:24:47",25100
29300,0,4000,"sd","10:22:09",25000
29500,200,500,"bu","10:22:04",21000
29500,200,300,"bu","10:22:04",20500
29500,200,1000,"bu","10:22:04",20200
29500,200,100,"bu","10:22:04",19200
29500,200,100,"bu","10:22:04",19100
29300,0,1100,"sd","10:20:58",19000
29350,50,100,"sd","10:20:58",17900
29400,100,100,"sd","10:20:58",17800
29500,200,400,"bu","10:19:42",17700
29500,200,100,"bu","10:19:42",17300
29500,200,200,"bu","10:19:42",17200
29500,200,300,"bu","10:19:42",17000
29500,200,200,"bu","10:15:41",16700
29450,150,100,"bu","10:15:41",16500
29500,200,200,"bu","10:13:56",16400
29450,150,100,"bu","10:13:56",16200
29300,0,300,"sd","10:10:46",16100
29300,0,400,"sd","10:09:01",15800
29300,0,200,"sd","10:09:01",15400
29300,0,700,"sd","10:07:11",15200
29350,50,500,"sd","10:07:11",14500
29450,150,100,"sd","10:07:11",14000
29450,150,100,"bu","10:04:57",13900
29500,200,500,"bu","09:58:01",13800
29500,200,500,"bu","09:55:06",13300
29300,0,100,"sd","09:54:34",12800
29250,-50,100,"sd","09:49:22",12700
29250,-50,300,"sd","09:48:46",12600
29300,0,100,"sd","09:47:33",12300
29300,0,100,"sd","09:47:33",12200
29350,50,100,"sd","09:47:33",12100
29300,0,200,"sd","09:47:03",12000
29300,0,500,"sd","09:47:03",11800
29300,0,200,"sd","09:47:03",11300
29350,50,400,"sd","09:47:03",11100
29550,250,500,"bu","09:42:42",10700
29500,200,100,"bu","09:42:31",10200
29500,200,500,"bu","09:39:30",10100
29250,-50,100,"sd","09:34:36",9600
29250,-50,500,"sd","09:33:34",9500
29250,-50,100,"sd","09:33:34",9000
29300,0,500,"sd","09:33:34",8900
29300,0,200,"sd","09:33:34",8400
29500,200,500,"bu","09:32:59",8200
29300,0,200,"bu","09:31:02",7700
29300,0,300,"sd","09:29:43",7500
29300,0,200,"sd","09:29:35",7200
29300,0,1500,"sd","09:28:07",7000
29300,0,100,"sd","09:28:07",5500
29300,0,100,"sd","09:28:07",5400
29300,0,200,"sd","09:28:07",5300
29300,0,700,"sd","09:28:07",5100
29300,0,300,"sd","09:26:39",4400
29300,0,1500,"sd","09:26:39",4100
29600,300,500,"bu","09:18:52",2600
29200,-100,1300,"sd","09:18:38",2100
29600,300,800,"bu","09:15:01",800
