"price","change","match_qtty","side","time","total_vol"
37900,200,2000,"bu","14:59:31",45200
37900,200,3000,"bu","14:58:49",43200
37900,200,5600,"bu","14:58:17",40200
37800,100,1000,"sd","14:55:39",34600
37800,100,300,"sd","14:50:24",33600
37800,100,300,"sd","14:39:55",33300
37800,100,400,"sd","14:37:44",33000
37800,100,100,"sd","14:26:37",32600
37800,100,300,"sd","14:26:14",32500
37800,100,100,"sd","14:25:14",32200
37800,100,100,"sd","14:23:31",32100
37800,100,900,"sd","14:22:44",32000
37800,100,300,"sd","14:19:01",31100
37800,100,700,"sd","14:17:04",30800
37800,100,1400,"sd","14:12:18",30100
37800,100,700,"bu","14:07:13",28700
37800,100,100,"bu","14:06:41",28000
37800,100,500,"bu","14:04:00",27900
37800,100,300,"bu","13:54:42",27400
37800,100,100,"unknown","13:54:04",27100
37800,100,2000,"sd","13:53:30",27000
37800,100,300,"sd","13:52:29",25000
37800,100,300,"sd","13:50:08",24700
37800,100,400,"sd","13:39:33",24400
37800,100,100,"sd","13:35:58",24000
37800,100,300,"sd","13:35:15",23900
37800,100,1500,"bu","13:34:33",23600
37800,100,100,"bu","13:30:17",22100
37800,100,100,"bu","13:30:00",22000
37800,100,500,"bu","13:23:17",21900
37800,100,100,"bu","13:20:00",21400
37800,100,1400,"bu","13:19:53",21300
37800,100,400,"sd","13:18:45",19900
37800,100,2000,"sd","13:18:34",19500
37800,100,2600,"bu","13:18:24",17500
37700,0,500,"sd","13:18:00",14900
37800,100,200,"bu","13:11:14",14400
37800,100,500,"bu","13:05:40",14200
37700,0,200,"sd","11:21:27",13700
37700,0,1000,"sd","11:20:49",13500
37700,0,1000,"sd","11:18:10",12500
37800,100,500,"bu","11:10:56",11500
37800,100,400,"bu","10:46:18",11000
37800,100,700,"sd","10:36:20",10600
37800,100,400,"bu","10:36:10",9900
37800,100,100,"bu","10:31:01",9500
37800,100,200,"bu","10:28:47",9400
37700,0,300,"sd","10:28:06",9200
37700,0,1000,"sd","10:26:51",8900
37700,0,200,"sd","10:25:41",7900
37700,0,200,"sd","10:16:16",7700
37700,0,3600,"sd","10:00:23",7500
37800,100,100,"sd","09:59:06",3900
37800,100,900,"sd","09:57:15",3800
37800,100,600,"unknown","09:46:31",2900
37700,0,1000,"sd","09:43:49",2300
37700,0,300,"sd","09:23:26",1300
37700,0,500,"bu","09:19:45",1000
37700,0,500,"sd","09:18:50",500
