"price","change","match_qtty","side","time","total_vol"
43800,-3300,100,"bu","14:58:07",4439000
43800,-3300,300,"bu","14:57:33",4438900
43800,-3300,1000,"bu","14:56:29",4438600
43800,-3300,4000,"bu","14:53:42",4437600
43800,-3300,1200,"sd","14:49:55",4433600
43800,-3300,500,"sd","14:49:18",4432400
43800,-3300,3300,"bu","14:47:58",4431900
43800,-3300,3000,"bu","14:47:38",4428600
43800,-3300,2000,"bu","14:47:37",4425600
43800,-3300,700,"sd","14:47:13",4423600
43800,-3300,4300,"bu","14:46:54",4422900
43800,-3300,1062500,"unknown","14:45:02",4418600
43800,-3300,48600,"bu","14:45:01",3356100
44000,-3100,700,"sd","14:29:59",3307500
44500,-2600,5000,"bu","14:29:57",3306800
44000,-3100,2100,"sd","14:29:56",3301800
44100,-3000,100,"sd","14:29:55",3299700
44400,-2700,16000,"bu","14:29:53",3299600
44100,-3000,3300,"sd","14:29:51",3283600
44000,-3100,10000,"sd","14:29:43",3280300
44000,-3100,1500,"sd","14:29:35",3270300
44000,-3100,700,"unknown","14:29:31",3268800
44000,-3100,100,"bu","14:29:30",3268100
44000,-3100,5400,"bu","14:29:29",3268000
44000,-3100,3000,"sd","14:29:28",3262600
44000,-3100,500,"sd","14:29:27",3259600
44000,-3100,400,"sd","14:29:24",3259100
44000,-3100,1200,"bu","14:29:23",3258700
44000,-3100,700,"bu","14:29:22",3257500
44000,-3100,100,"bu","14:29:21",3256800
43700,-3400,3000,"sd","14:29:18",3256700
44500,-2600,1000,"bu","14:29:17",3253700
43700,-3400,3000,"sd","14:29:16",3252700
44000,-3100,8700,"bu","14:29:15",3249700
44000,-3100,200,"bu","14:29:13",3241000
44000,-3100,1000,"bu","14:29:12",3240800
43900,-3200,5000,"sd","14:29:11",3239800
44000,-3100,20000,"bu","14:29:10",3234800
43800,-3300,500,"bu","14:29:09",3214800
43800,-3300,1300,"bu","14:29:07",3214300
44000,-3100,7400,"bu","14:29:06",3213000
44000,-3100,100,"bu","14:29:05",3205600
43800,-3300,5000,"sd","14:29:04",3205500
44000,-3100,3800,"bu","14:29:03",3200500
44000,-3100,5600,"bu","14:29:01",3196700
44000,-3100,800,"bu","14:28:59",3191100
44000,-3100,5300,"bu","14:28:58",3190300
44000,-3100,1000,"bu","14:28:57",3185000
44000,-3100,2500,"bu","14:28:56",3184000
44000,-3100,6100,"bu","14:28:54",3181500
44000,-3100,15500,"bu","14:28:53",3175400
43600,-3500,200,"bu","14:28:52",3159900
43600,-3500,14600,"sd","14:28:51",3159700
44000,-3100,500,"bu","14:28:50",3145100
44000,-3100,3000,"bu","14:28:49",3144600
44000,-3100,1100,"bu","14:28:48",3141600
44000,-3100,5000,"bu","14:28:47",3140500
44000,-3100,600,"bu","14:28:46",3135500
44000,-3100,7200,"bu","14:28:44",3134900
44000,-3100,1000,"bu","14:28:43",3127700
44000,-3100,27300,"bu","14:28:42",3126700
44000,-3100,32900,"bu","14:28:41",3099400
44000,-3100,1100,"bu","14:28:40",3066500
43900,-3200,1000,"sd","14:28:38",3065400
44000,-3100,2200,"bu","14:28:37",3064400
44000,-3100,10400,"bu","14:28:36",3062200
44000,-3100,100,"bu","14:28:35",3051800
44000,-3100,1800,"bu","14:28:34",3051700
44000,-3100,2500,"bu","14:28:31",3049900
44000,-3100,100,"bu","14:28:30",3047400
44000,-3100,13300,"bu","14:28:29",3047300
44000,-3100,73000,"sd","14:28:28",3034000
44400,-2700,2400,"bu","14:28:27",2961000
44500,-2600,400,"bu","14:28:26",2958600
44500,-2600,500,"bu","14:28:25",2958200
44500,-2600,1800,"bu","14:28:23",2957700
44700,-2400,500,"bu","14:28:22",2955900
44600,-2500,100,"bu","14:28:21",2955400
44400,-2700,3000,"sd","14:28:20",2955300
44500,-2600,1000,"sd","14:28:18",2952300
44800,-2300,100,"bu","14:28:17",2951300
44500,-2600,2000,"sd","14:28:16",2951200
44500,-2600,500,"sd","14:28:15",2949200
44500,-2600,40000,"sd","14:28:14",2948700
44600,-2500,11100,"sd","14:28:12",2908700
44800,-2300,1000,"sd","14:28:11",2897600
44800,-2300,2500,"sd","14:28:10",2896600
44800,-2300,1000,"sd","14:28:09",2894100
44800,-2300,800,"sd","14:28:08",2893100
44700,-2400,1300,"sd","14:28:06",2892300
44800,-2300,6200,"bu","14:28:04",2891000
44700,-2400,2000,"sd","14:28:01",2884800
44700,-2400,1500,"sd","14:28:00",2882800
44700,-2400,5500,"sd","14:27:59",2881300
44800,-2300,9200,"sd","14:27:57",2875800
44700,-2400,3500,"sd","14:27:56",2866600
44700,-2400,2000,"sd","14:27:55",2863100
44800,-2300,200,"bu","14:27:54",2861100
44800,-2300,300,"bu","14:27:50",2860900
44800,-2300,1500,"bu","14:27:48",2860600
44800,-2300,12300,"bu","14:27:47",2859100
44800,-2300,5100,"sd","14:27:43",2846800
44800,-2300,2600,"sd","14:27:42",2841700
44800,-2300,1800,"sd","14:27:41",2839100
44900,-2200,500,"bu","14:27:39",2837300
44900,-2200,2000,"bu","14:27:38",2836800
44900,-2200,100,"bu","14:27:36",2834800
44900,-2200,11500,"sd","14:27:35",2834700
44900,-2200,2300,"sd","14:27:34",2823200
44900,-2200,2000,"sd","14:27:33",2820900
44900,-2200,2200,"sd","14:27:30",2818900
44900,-2200,1100,"sd","14:27:29",2816700
44900,-2200,400,"sd","14:27:28",2815600
44900,-2200,15500,"sd","14:27:25",2815200
44900,-2200,1000,"bu","14:27:24",2799700
44900,-2200,100,"bu","14:27:20",2798700
45000,-2100,200,"bu","14:27:18",2798600
44800,-2300,12200,"sd","14:27:17",2798400
44900,-2200,13200,"sd","14:27:13",2786200
45000,-2100,3100,"bu","14:27:12",2773000
45000,-2100,5000,"sd","14:27:11",2769900
45000,-2100,103000,"sd","14:27:10",2764900
45000,-2100,200,"sd","14:27:08",2661900
45000,-2100,8000,"sd","14:27:05",2661700
45100,-2000,100,"bu","14:27:04",2653700
45000,-2100,3100,"sd","14:27:01",2653600
45100,-2000,700,"bu","14:26:59",2650500
45100,-2000,5000,"sd","14:26:57",2649800
45100,-2000,2000,"sd","14:26:56",2644800
45200,-1900,700,"bu","14:26:55",2642800
45300,-1800,400,"bu","14:26:53",2642100
45200,-1900,7000,"sd","14:26:52",2641700
45300,-1800,300,"bu","14:26:51",2634700
45300,-1800,1000,"bu","14:26:47",2634400
45300,-1800,5000,"bu","14:26:46",2633400
45300,-1800,1000,"sd","14:26:45",2628400
45300,-1800,1000,"sd","14:26:43",2627400
45400,-1700,5000,"bu","14:26:41",2626400
45300,-1800,400,"sd","14:26:39",2621400
45400,-1700,500,"bu","14:26:36",2621000
45300,-1800,500,"sd","14:26:31",2620500
45400,-1700,500,"sd","14:26:30",2620000
45300,-1800,25200,"sd","14:26:28",2619500
45400,-1700,600,"sd","14:26:27",2594300
45400,-1700,6000,"sd","14:26:25",2593700
45400,-1700,500,"sd","14:26:24",2587700
45400,-1700,8000,"sd","14:26:19",2587200
45400,-1700,6000,"sd","14:26:17",2579200
45400,-1700,63200,"sd","14:26:16",2573200
45500,-1600,200,"sd","14:26:15",2510000
45500,-1600,300,"sd","14:26:11",2509800
45400,-1700,500,"sd","14:26:08",2509500
45400,-1700,5000,"sd","14:26:02",2509000
45400,-1700,7700,"sd","14:25:59",2504000
45500,-1600,400,"bu","14:25:58",2496300
45400,-1700,1000,"sd","14:25:56",2495900
45400,-1700,1200,"sd","14:25:55",2494900
45500,-1600,600,"sd","14:25:50",2493700
45500,-1600,1200,"sd","14:25:49",2493100
45500,-1600,1300,"sd","14:25:48",2491900
45500,-1600,500,"sd","14:25:46",2490600
45500,-1600,200,"sd","14:25:44",2490100
45500,-1600,7500,"sd","14:25:42",2489900
45500,-1600,7000,"sd","14:25:41",2482400
45500,-1600,23000,"sd","14:25:38",2475400
45500,-1600,5300,"sd","14:25:37",2452400
45500,-1600,5600,"sd","14:25:36",2447100
45500,-1600,40000,"sd","14:25:33",2441500
45500,-1600,7600,"sd","14:25:32",2401500
45500,-1600,1000,"sd","14:25:30",2393900
45500,-1600,5000,"sd","14:25:25",2392900
45600,-1500,3200,"bu","14:25:22",2387900
45600,-1500,300,"bu","14:25:21",2384700
45500,-1600,4000,"sd","14:25:19",2384400
45500,-1600,700,"sd","14:25:17",2380400
45600,-1500,300,"bu","14:25:09",2379700
45600,-1500,1100,"bu","14:25:05",2379400
45500,-1600,9100,"sd","14:25:02",2378300
45600,-1500,1600,"bu","14:24:57",2369200
45600,-1500,500,"sd","14:24:56",2367600
45600,-1500,4500,"sd","14:24:54",2367100
45600,-1500,20200,"sd","14:24:52",2362600
45600,-1500,600,"sd","14:24:51",2342400
45600,-1500,4000,"sd","14:24:49",2341800
45600,-1500,20000,"sd","14:24:47",2337800
45600,-1500,300,"sd","14:24:33",2317800
45600,-1500,200,"sd","14:24:12",2317500
45600,-1500,100,"sd","14:24:11",2317300
45700,-1400,100,"bu","14:24:10",2317200
45700,-1400,100,"bu","14:24:05",2317100
45700,-1400,2000,"bu","14:24:04",2317000
45700,-1400,3000,"bu","14:23:48",2315000
45700,-1400,1000,"bu","14:23:31",2312000
45700,-1400,8900,"bu","14:23:30",2311000
45800,-1300,100,"bu","14:23:24",2302100
45700,-1400,1000,"sd","14:23:23",2302000
45700,-1400,500,"sd","14:23:21",2301000
45700,-1400,500,"sd","14:23:20",2300500
45800,-1300,200,"bu","14:23:12",2300000
45900,-1200,100,"bu","14:23:05",2299800
45700,-1400,100000,"sd","14:22:47",2299700
45800,-1300,2300,"sd","14:22:39",2199700
45900,-1200,100,"bu","14:22:00",2197400
45800,-1300,8000,"sd","14:21:47",2197300
45900,-1200,300,"bu","14:21:41",2189300
45900,-1200,2000,"bu","14:21:39",2189000
45900,-1200,100,"bu","14:21:32",2187000
45900,-1200,200,"sd","14:21:26",2186900
45900,-1200,100,"sd","14:21:17",2186700
45900,-1200,2000,"sd","14:21:03",2186600
45900,-1200,1000,"sd","14:20:55",2184600
46000,-1100,100,"bu","14:20:50",2183600
45900,-1200,1800,"sd","14:20:45",2183500
45900,-1200,700,"bu","14:20:44",2181700
45800,-1300,6600,"sd","14:20:31",2181000
45800,-1300,200,"sd","14:20:07",2174400
45800,-1300,800,"sd","14:19:55",2174200
45900,-1200,100,"bu","14:19:48",2173400
45900,-1200,1000,"sd","14:19:34",2173300
45900,-1200,500,"sd","14:19:26",2172300
45900,-1200,200,"sd","14:19:23",2171800
45900,-1200,4000,"sd","14:19:18",2171600
45900,-1200,300,"sd","14:19:14",2167600
45900,-1200,4600,"bu","14:19:00",2167300
45800,-1300,10000,"sd","14:18:47",2162700
45800,-1300,700,"sd","14:18:25",2152700
45800,-1300,100,"bu","14:18:21",2152000
45800,-1300,300,"sd","14:18:15",2151900
45900,-1200,20000,"bu","14:18:10",2151600
45800,-1300,10000,"bu","14:17:57",2131600
45800,-1300,1300,"bu","14:17:29",2121600
45700,-1400,5000,"sd","14:17:25",2120300
45700,-1400,100,"sd","14:17:20",2115300
45700,-1400,2000,"sd","14:17:10",2115200
45700,-1400,1000,"sd","14:17:07",2113200
45800,-1300,100,"bu","14:17:03",2112200
45700,-1400,2300,"sd","14:16:54",2112100
45700,-1400,300,"sd","14:16:53",2109800
45700,-1400,5000,"sd","14:16:33",2109500
45800,-1300,1800,"sd","14:16:27",2104500
45800,-1300,3200,"bu","14:16:18",2102700
45800,-1300,200,"sd","14:16:15",2099500
45800,-1300,1000,"sd","14:16:14",2099300
45800,-1300,500,"sd","14:16:10",2098300
45800,-1300,600,"sd","14:16:06",2097800
45800,-1300,3000,"sd","14:16:05",2097200
45800,-1300,2000,"sd","14:16:00",2094200
45800,-1300,1000,"sd","14:15:59",2092200
45800,-1300,4100,"sd","14:15:56",2091200
45900,-1200,10000,"bu","14:15:54",2087100
45800,-1300,33100,"sd","14:15:53",2077100
45800,-1300,10000,"sd","14:15:48",2044000
45800,-1300,1900,"sd","14:15:47",2034000
45800,-1300,1000,"sd","14:15:41",2032100
45800,-1300,2300,"sd","14:15:17",2031100
45800,-1300,3000,"sd","14:15:12",2028800
45800,-1300,400,"sd","14:15:07",2025800
45900,-1200,300,"bu","14:14:59",2025400
45800,-1300,1000,"sd","14:14:38",2025100
45800,-1300,100,"sd","14:14:36",2024100
45800,-1300,5000,"sd","14:14:28",2024000
45800,-1300,1000,"sd","14:14:22",2019000
45900,-1200,2000,"bu","14:14:17",2018000
45800,-1300,800,"sd","14:14:16",2016000
45800,-1300,1000,"sd","14:14:15",2015200
45800,-1300,500,"sd","14:14:11",2014200
45800,-1300,1200,"sd","14:13:46",2013700
45900,-1200,10000,"bu","14:13:40",2012500
45900,-1200,100,"bu","14:13:26",2002500
46000,-1100,100,"bu","14:13:22",2002400
45800,-1300,200,"sd","14:13:04",2002300
45800,-1300,500,"sd","14:13:00",2002100
45900,-1200,2000,"bu","14:12:57",2001600
45800,-1300,1200,"sd","14:12:49",1999600
45900,-1200,100,"bu","14:12:42",1998400
45900,-1200,1000,"sd","14:12:20",1998300
45900,-1200,2500,"sd","14:12:18",1997300
45900,-1200,2500,"sd","14:12:02",1994800
45900,-1200,1000,"sd","14:11:57",1992300
45900,-1200,3300,"sd","14:11:42",1991300
45900,-1200,100,"sd","14:11:33",1988000
45900,-1200,4000,"sd","14:11:13",1987900
46000,-1100,100,"bu","14:11:08",1983900
46000,-1100,100,"bu","14:10:49",1983800
46000,-1100,500,"bu","14:10:43",1983700
46000,-1100,200,"sd","14:10:34",1983200
46000,-1100,300,"sd","14:10:33",1983000
46000,-1100,300,"sd","14:10:25",1982700
46000,-1100,100,"sd","14:10:24",1982400
46000,-1100,4000,"sd","14:10:19",1982300
46100,-1000,1000,"bu","14:10:16",1978300
46100,-1000,2700,"bu","14:10:01",1977300
46100,-1000,1000,"sd","14:09:58",1974600
46100,-1000,500,"sd","14:09:53",1973600
46100,-1000,1100,"sd","14:09:37",1973100
46000,-1100,1000,"sd","14:09:31",1972000
46000,-1100,4400,"sd","14:09:11",1971000
46000,-1100,500,"bu","14:09:10",1966600
46000,-1100,5000,"bu","14:09:05",1966100
45900,-1200,100,"sd","14:08:58",1961100
45900,-1200,5000,"sd","14:08:56",1961000
46000,-1100,300,"bu","14:08:53",1956000
45900,-1200,800,"sd","14:08:41",1955700
45900,-1200,100,"bu","14:08:40",1954900
45900,-1200,1400,"bu","14:08:39",1954800
45900,-1200,6000,"bu","14:08:38",1953400
45900,-1200,200,"bu","14:08:30",1947400
45900,-1200,2000,"bu","14:08:29",1947200
45800,-1300,6000,"sd","14:08:28",1945200
45900,-1200,1000,"bu","14:08:26",1939200
45800,-1300,1000,"sd","14:08:25",1938200
45800,-1300,5100,"sd","14:07:37",1937200
45900,-1200,100,"bu","14:07:36",1932100
45800,-1300,200,"sd","14:07:33",1932000
45800,-1300,10000,"sd","14:07:10",1931800
45800,-1300,200,"sd","14:06:40",1921800
45800,-1300,1100,"sd","14:06:37",1921600
45800,-1300,800,"sd","14:06:28",1920500
45900,-1200,100,"bu","14:06:21",1919700
45900,-1200,500,"bu","14:06:20",1919600
45900,-1200,100,"bu","14:06:02",1919100
45800,-1300,300,"sd","14:05:59",1919000
45900,-1200,100,"bu","14:05:58",1918700
45900,-1200,100,"bu","14:05:52",1918600
45900,-1200,3000,"bu","14:05:44",1918500
45900,-1200,300,"bu","14:05:43",1915500
45900,-1200,2500,"bu","14:05:35",1915200
45900,-1200,500,"sd","14:05:16",1912700
46000,-1100,500,"bu","14:05:15",1912200
45900,-1200,2000,"bu","14:05:09",1911700
45800,-1300,5000,"sd","14:05:04",1909700
45900,-1200,1000,"sd","14:05:00",1904700
45900,-1200,1000,"sd","14:04:56",1903700
45900,-1200,7000,"sd","14:04:54",1902700
45900,-1200,2000,"bu","14:04:51",1895700
45900,-1200,1000,"bu","14:04:48",1893700
45900,-1200,9500,"bu","14:04:45",1892700
45900,-1200,200,"sd","14:04:42",1883200
45900,-1200,500,"sd","14:04:41",1883000
45900,-1200,6000,"sd","14:04:26",1882500
45900,-1200,1900,"sd","14:04:24",1876500
45900,-1200,100,"sd","14:04:20",1874600
45900,-1200,2000,"sd","14:04:18",1874500
45900,-1200,500,"sd","14:04:13",1872500
45900,-1200,300,"sd","14:03:56",1872000
45900,-1200,5000,"sd","14:03:54",1871700
46000,-1100,1000,"bu","14:03:52",1866700
45900,-1200,2000,"sd","14:03:38",1865700
46000,-1100,3000,"bu","14:03:23",1863700
46000,-1100,100,"bu","14:03:22",1860700
46000,-1100,200,"bu","14:03:19",1860600
46000,-1100,8700,"bu","14:03:17",1860400
46100,-1000,3000,"bu","14:03:09",1851700
46000,-1100,100,"sd","14:03:07",1848700
46000,-1100,5000,"sd","14:03:01",1848600
46000,-1100,1000,"sd","14:02:58",1843600
46000,-1100,3000,"sd","14:02:57",1842600
46000,-1100,2000,"bu","14:02:56",1839600
46100,-1000,6000,"bu","14:02:53",1837600
46000,-1100,1500,"bu","14:02:50",1831600
46000,-1100,3900,"bu","14:02:49",1830100
46000,-1100,500,"sd","14:02:47",1826200
46000,-1100,700,"sd","14:02:40",1825700
46000,-1100,600,"bu","14:02:32",1825000
46100,-1000,1600,"bu","14:02:30",1824400
46000,-1100,1000,"sd","14:02:29",1822800
46000,-1100,40000,"sd","14:02:23",1821800
46100,-1000,100,"bu","14:02:19",1781800
46100,-1000,8900,"bu","14:02:00",1781700
46200,-900,100,"sd","14:01:57",1772800
46200,-900,1000,"sd","14:01:55",1772700
46200,-900,200,"sd","14:01:49",1771700
46200,-900,100,"sd","14:01:39",1771500
46200,-900,1900,"sd","14:01:37",1771400
46200,-900,500,"bu","14:01:35",1769500
46200,-900,600,"bu","14:01:27",1769000
46200,-900,1200,"sd","14:01:22",1768400
46200,-900,200,"sd","14:01:18",1767200
46200,-900,500,"sd","14:01:12",1767000
46300,-800,200,"bu","14:00:50",1766500
46300,-800,100,"bu","14:00:40",1766300
46300,-800,3600,"bu","14:00:38",1766200
46300,-800,3000,"sd","14:00:35",1762600
46300,-800,2200,"sd","14:00:29",1759600
46200,-900,40000,"sd","14:00:28",1757400
46300,-800,1300,"bu","14:00:23",1717400
46300,-800,200,"sd","14:00:19",1716100
46300,-800,500,"sd","14:00:18",1715900
46300,-800,900,"sd","14:00:05",1715400
46300,-800,1100,"bu","14:00:02",1714500
46300,-800,1000,"bu","14:00:01",1713400
46300,-800,500,"bu","13:59:56",1712400
46300,-800,200,"bu","13:59:55",1711900
46300,-800,1500,"bu","13:59:53",1711700
46300,-800,2100,"bu","13:59:40",1710200
46300,-800,500,"unknown","13:59:36",1708100
46300,-800,1000,"bu","13:59:34",1707600
46300,-800,400,"bu","13:59:27",1706600
46300,-800,600,"bu","13:59:17",1706200
46300,-800,500,"sd","13:59:12",1705600
46300,-800,800,"sd","13:59:10",1705100
46300,-800,200,"bu","13:59:07",1704300
46300,-800,3000,"bu","13:59:04",1704100
46300,-800,5000,"sd","13:59:02",1701100
46300,-800,500,"sd","13:58:51",1696100
46400,-700,100,"bu","13:58:35",1695600
46400,-700,100,"bu","13:58:10",1695500
46300,-800,500,"unknown","13:58:09",1695400
46300,-800,200,"sd","13:58:02",1694900
46300,-800,400,"sd","13:58:01",1694700
46300,-800,600,"sd","13:58:00",1694300
46300,-800,5000,"bu","13:57:51",1693700
46300,-800,1000,"bu","13:57:30",1688700
46300,-800,100,"bu","13:57:29",1687700
46300,-800,200,"bu","13:57:28",1687600
46300,-800,600,"bu","13:57:26",1687400
46400,-700,100,"bu","13:57:20",1686800
46300,-800,1000,"sd","13:57:18",1686700
46300,-800,400,"sd","13:57:14",1685700
46300,-800,2000,"bu","13:57:12",1685300
46300,-800,100,"bu","13:57:00",1683300
46300,-800,6300,"sd","13:56:53",1683200
46400,-700,400,"bu","13:56:51",1676900
46400,-700,300,"bu","13:56:49",1676500
46400,-700,100,"bu","13:56:43",1676200
46400,-700,200,"bu","13:56:39",1676100
46400,-700,100,"bu","13:56:35",1675900
46300,-800,100,"sd","13:56:16",1675800
46400,-700,1000,"bu","13:56:14",1675700
46300,-800,100,"sd","13:56:05",1674700
46300,-800,300,"sd","13:56:03",1674600
46300,-800,1100,"sd","13:56:00",1674300
46300,-800,400,"bu","13:55:50",1673200
46300,-800,100,"bu","13:55:48",1672800
46300,-800,2000,"bu","13:55:46",1672700
46300,-800,100,"bu","13:55:43",1670700
46300,-800,5000,"bu","13:55:41",1670600
46200,-900,700,"sd","13:55:21",1665600
46200,-900,3000,"sd","13:55:08",1664900
46200,-900,400,"sd","13:55:04",1661900
46200,-900,1500,"sd","13:54:54",1661500
46200,-900,7000,"bu","13:54:52",1660000
46200,-900,200,"bu","13:54:35",1653000
46200,-900,500,"bu","13:54:23",1652800
46100,-1000,2000,"sd","13:54:18",1652300
46100,-1000,700,"sd","13:54:11",1650300
46100,-1000,300,"sd","13:54:06",1649600
46100,-1000,100,"sd","13:53:44",1649300
46200,-900,500,"bu","13:53:40",1649200
46200,-900,100,"bu","13:53:39",1648700
46200,-900,200,"bu","13:53:25",1648600
46200,-900,800,"bu","13:53:11",1648400
46200,-900,1000,"bu","13:53:00",1647600
46200,-900,1000,"bu","13:52:41",1646600
46100,-1000,4500,"sd","13:52:40",1645600
46100,-1000,500,"sd","13:52:18",1641100
46100,-1000,3000,"sd","13:52:08",1640600
46100,-1000,100,"bu","13:51:44",1637600
46100,-1000,100,"bu","13:51:38",1637500
46100,-1000,100,"bu","13:51:30",1637400
46100,-1000,100,"bu","13:51:27",1637300
46100,-1000,100,"bu","13:51:21",1637200
46100,-1000,1600,"bu","13:51:07",1637100
46100,-1000,1300,"sd","13:50:26",1635500
46100,-1000,1100,"bu","13:50:24",1634200
46100,-1000,100,"bu","13:50:07",1633100
46100,-1000,2000,"bu","13:50:02",1633000
46100,-1000,100,"bu","13:49:59",1631000
46100,-1000,2000,"bu","13:49:54",1630900
46100,-1000,300,"bu","13:49:50",1628900
46100,-1000,100,"bu","13:49:35",1628600
46100,-1000,100,"bu","13:49:03",1628500
46100,-1000,100,"bu","13:48:46",1628400
46000,-1100,100,"sd","13:48:43",1628300
46000,-1100,200,"sd","13:48:38",1628200
46000,-1100,200,"sd","13:48:34",1628000
46000,-1100,4100,"sd","13:48:31",1627800
46000,-1100,6000,"bu","13:48:28",1623700
46000,-1100,100,"bu","13:48:21",1617700
45900,-1200,300,"sd","13:48:14",1617600
45900,-1200,300,"sd","13:48:13",1617300
45900,-1200,2000,"sd","13:47:57",1617000
46000,-1100,500,"bu","13:47:39",1615000
45900,-1200,400,"sd","13:47:14",1614500
45900,-1200,100,"sd","13:47:06",1614100
45900,-1200,400,"sd","13:46:15",1614000
45900,-1200,300,"sd","13:46:11",1613600
45900,-1200,100,"sd","13:45:49",1613300
45900,-1200,200,"sd","13:45:34",1613200
45900,-1200,300,"sd","13:45:15",1613000
45900,-1200,500,"sd","13:45:13",1612700
45900,-1200,200,"unknown","13:44:44",1612200
45900,-1200,1000,"bu","13:44:42",1612000
45900,-1200,5000,"bu","13:44:31",1611000
45900,-1200,100,"bu","13:44:17",1606000
45900,-1200,1400,"bu","13:44:02",1605900
45900,-1200,1000,"sd","13:43:53",1604500
45900,-1200,1300,"sd","13:43:49",1603500
45900,-1200,600,"bu","13:43:28",1602200
45900,-1200,12800,"bu","13:43:16",1601600
45900,-1200,2000,"sd","13:43:02",1588800
46000,-1100,1000,"bu","13:42:51",1586800
45900,-1200,100,"sd","13:42:32",1585800
45900,-1200,100,"sd","13:42:31",1585700
45900,-1200,500,"sd","13:42:25",1585600
45900,-1200,200,"sd","13:42:23",1585100
46000,-1100,100,"bu","13:41:55",1584900
46000,-1100,500,"bu","13:41:47",1584800
46000,-1100,3400,"bu","13:41:45",1584300
46000,-1100,500,"sd","13:41:43",1580900
46000,-1100,5000,"sd","13:41:36",1580400
46100,-1000,200,"bu","13:41:26",1575400
46100,-1000,1900,"bu","13:41:12",1575200
46100,-1000,500,"sd","13:40:55",1573300
46200,-900,300,"bu","13:40:15",1572800
46200,-900,500,"bu","13:39:55",1572500
46200,-900,1300,"bu","13:39:51",1572000
46200,-900,5000,"sd","13:39:48",1570700
46300,-800,500,"bu","13:39:45",1565700
46200,-900,5000,"sd","13:39:35",1565200
46300,-800,1000,"bu","13:39:25",1560200
46300,-800,1000,"bu","13:39:18",1559200
46300,-800,200,"bu","13:39:11",1558200
46200,-900,300,"sd","13:39:07",1558000
46300,-800,10000,"unknown","13:39:05",1557700
46200,-900,3700,"sd","13:38:50",1547700
46200,-900,3000,"bu","13:38:48",1544000
46200,-900,100,"bu","13:38:40",1541000
46200,-900,600,"sd","13:38:27",1540900
46200,-900,600,"sd","13:38:23",1540300
46200,-900,100,"sd","13:38:20",1539700
46200,-900,5000,"sd","13:38:16",1539600
46200,-900,100,"sd","13:37:59",1534600
46200,-900,100,"sd","13:37:58",1534500
46200,-900,3700,"sd","13:37:53",1534400
46200,-900,100,"bu","13:37:48",1530700
46100,-1000,400,"sd","13:37:24",1530600
46100,-1000,200,"sd","13:37:03",1530200
46200,-900,500,"bu","13:36:59",1530000
46200,-900,1000,"sd","13:36:57",1529500
46300,-800,100,"bu","13:36:17",1528500
46200,-900,10000,"sd","13:36:10",1528400
46300,-800,200,"bu","13:36:08",1518400
46300,-800,1000,"bu","13:36:07",1518200
46300,-800,2000,"bu","13:35:57",1517200
46300,-800,1000,"bu","13:35:48",1515200
46300,-800,900,"bu","13:35:47",1514200
46300,-800,1100,"bu","13:35:37",1513300
46300,-800,1000,"bu","13:35:35",1512200
46300,-800,2000,"bu","13:35:09",1511200
46300,-800,100,"bu","13:35:03",1509200
46200,-900,100,"sd","13:35:00",1509100
46200,-900,100,"bu","13:34:59",1509000
46200,-900,300,"bu","13:34:56",1508900
46200,-900,3500,"bu","13:34:55",1508600
46200,-900,700,"sd","13:34:52",1505100
46200,-900,6000,"sd","13:34:40",1504400
46200,-900,4000,"bu","13:34:39",1498400
46200,-900,1100,"bu","13:34:30",1494400
46200,-900,100,"bu","13:34:26",1493300
46100,-1000,800,"sd","13:34:20",1493200
46100,-1000,700,"bu","13:34:19",1492400
46100,-1000,200,"bu","13:34:14",1491700
46100,-1000,300,"bu","13:34:12",1491500
46100,-1000,400,"bu","13:34:10",1491200
46100,-1000,500,"bu","13:34:09",1490800
46100,-1000,5000,"bu","13:34:06",1490300
46100,-1000,200,"bu","13:34:04",1485300
46100,-1000,100,"bu","13:33:50",1485100
46000,-1100,2300,"sd","13:33:41",1485000
46000,-1100,500,"bu","13:33:40",1482700
46000,-1100,3000,"bu","13:33:39",1482200
46000,-1100,2900,"bu","13:33:35",1479200
46000,-1100,3000,"bu","13:33:34",1476300
46000,-1100,3000,"bu","13:33:32",1473300
45900,-1200,500,"sd","13:33:30",1470300
46000,-1100,1000,"bu","13:33:29",1469800
46000,-1100,1000,"bu","13:33:28",1468800
46000,-1100,600,"bu","13:33:26",1467800
46000,-1100,1400,"bu","13:33:25",1467200
46000,-1100,1000,"bu","13:33:18",1465800
46000,-1100,5000,"bu","13:33:09",1464800
46000,-1100,1000,"bu","13:33:07",1459800
46000,-1100,300,"bu","13:33:01",1458800
46000,-1100,3000,"bu","13:32:59",1458500
46000,-1100,1000,"bu","13:32:57",1455500
46000,-1100,100,"bu","13:32:55",1454500
46000,-1100,100,"bu","13:32:46",1454400
46000,-1100,100,"bu","13:32:37",1454300
46000,-1100,600,"bu","13:32:32",1454200
45900,-1200,400,"sd","13:32:30",1453600
45900,-1200,3000,"sd","13:32:23",1453200
46000,-1100,1600,"bu","13:32:14",1450200
46000,-1100,7500,"bu","13:32:09",1448600
45900,-1200,200,"sd","13:32:02",1441100
45900,-1200,400,"sd","13:31:31",1440900
45900,-1200,300,"bu","13:31:16",1440500
45900,-1200,100,"bu","13:31:10",1440200
45900,-1200,100,"bu","13:31:02",1440100
45900,-1200,100,"bu","13:31:01",1440000
45900,-1200,200,"bu","13:30:50",1439900
45900,-1200,200,"bu","13:30:39",1439700
45900,-1200,500,"sd","13:30:37",1439500
45900,-1200,300,"sd","13:30:32",1439000
45900,-1200,200,"sd","13:30:05",1438700
45900,-1200,400,"bu","13:30:03",1438500
45900,-1200,100,"sd","13:29:55",1438100
45900,-1200,2400,"sd","13:29:33",1438000
45900,-1200,100,"sd","13:29:21",1435600
45900,-1200,500,"sd","13:29:19",1435500
45900,-1200,3500,"sd","13:28:57",1435000
45900,-1200,1000,"bu","13:28:52",1431500
45900,-1200,100,"bu","13:28:33",1430500
45900,-1200,1000,"bu","13:28:21",1430400
45900,-1200,300,"bu","13:28:16",1429400
45900,-1200,100,"bu","13:28:05",1429100
45900,-1200,400,"bu","13:27:51",1429000
45900,-1200,100,"bu","13:27:37",1428600
45900,-1200,1900,"sd","13:27:26",1428500
45900,-1200,3300,"sd","13:27:07",1426600
45800,-1300,100,"sd","13:26:51",1423300
45800,-1300,400,"sd","13:26:37",1423200
45800,-1300,100,"sd","13:26:11",1422800
45800,-1300,400,"sd","13:25:38",1422700
45800,-1300,1000,"sd","13:25:35",1422300
45800,-1300,800,"sd","13:25:28",1421300
45800,-1300,3700,"sd","13:25:25",1420500
45800,-1300,100,"bu","13:25:20",1416800
45800,-1300,1000,"bu","13:25:03",1416700
45800,-1300,1500,"bu","13:24:54",1415700
45800,-1300,3500,"sd","13:24:47",1414200
45800,-1300,2600,"bu","13:24:26",1410700
45800,-1300,100,"bu","13:24:20",1408100
45800,-1300,500,"bu","13:24:10",1408000
45800,-1300,3400,"bu","13:23:56",1407500
45800,-1300,500,"sd","13:23:48",1404100
45800,-1300,400,"sd","13:23:40",1403600
45800,-1300,2900,"sd","13:23:31",1403200
45800,-1300,200,"bu","13:23:25",1400300
45800,-1300,300,"bu","13:23:20",1400100
45800,-1300,500,"bu","13:23:13",1399800
45800,-1300,500,"bu","13:23:05",1399300
45800,-1300,100,"bu","13:23:04",1398800
45800,-1300,100,"bu","13:23:02",1398700
45800,-1300,2500,"bu","13:22:53",1398600
45800,-1300,2000,"sd","13:22:50",1396100
45900,-1200,1100,"bu","13:22:46",1394100
45800,-1300,1000,"sd","13:22:41",1393000
45900,-1200,900,"bu","13:22:40",1392000
45800,-1300,500,"sd","13:22:38",1391100
45800,-1300,2000,"sd","13:22:29",1390600
45900,-1200,5100,"bu","13:22:16",1388600
45900,-1200,10000,"sd","13:22:13",1383500
45900,-1200,100,"sd","13:22:12",1373500
45900,-1200,1000,"sd","13:22:09",1373400
45900,-1200,7100,"sd","13:22:08",1372400
45900,-1200,2000,"sd","13:22:07",1365300
45900,-1200,100,"sd","13:22:05",1363300
45900,-1200,2800,"sd","13:22:01",1363200
45900,-1200,400,"sd","13:21:56",1360400
45900,-1200,1000,"sd","13:21:50",1360000
45900,-1200,400,"sd","13:21:44",1359000
45900,-1200,1000,"sd","13:21:27",1358600
45900,-1200,1000,"sd","13:21:26",1357600
46000,-1100,1000,"bu","13:20:50",1356600
45900,-1200,400,"sd","13:20:44",1355600
45900,-1200,100,"sd","13:20:32",1355200
45900,-1200,1000,"sd","13:20:21",1355100
45900,-1200,5800,"sd","13:20:17",1354100
45900,-1200,1000,"sd","13:20:16",1348300
45900,-1200,6000,"sd","13:20:12",1347300
45900,-1200,900,"sd","13:19:48",1341300
45900,-1200,300,"sd","13:19:46",1340400
45900,-1200,5000,"sd","13:19:45",1340100
45900,-1200,100,"sd","13:19:43",1335100
45900,-1200,300,"sd","13:19:42",1335000
45900,-1200,800,"sd","13:19:39",1334700
45900,-1200,100,"sd","13:19:34",1333900
45900,-1200,1000,"sd","13:19:21",1333800
46000,-1100,3400,"bu","13:18:55",1332800
46000,-1100,2000,"sd","13:18:54",1329400
46000,-1100,1000,"sd","13:18:53",1327400
46000,-1100,12000,"sd","13:18:49",1326400
46000,-1100,400,"sd","13:18:47",1314400
46000,-1100,500,"sd","13:18:40",1314000
46000,-1100,200,"sd","13:18:36",1313500
46100,-1000,200,"bu","13:18:29",1313300
46100,-1000,100,"bu","13:17:36",1313100
46000,-1100,2000,"sd","13:17:34",1313000
46100,-1000,100,"bu","13:17:23",1311000
46000,-1100,200,"sd","13:17:18",1310900
46000,-1100,300,"sd","13:17:12",1310700
46100,-1000,600,"bu","13:17:00",1310400
46000,-1100,200,"sd","13:16:55",1309800
46100,-1000,200,"bu","13:16:52",1309600
46200,-900,300,"bu","13:16:32",1309400
46100,-1000,1900,"bu","13:16:28",1309100
46100,-1000,4600,"bu","13:16:23",1307200
46100,-1000,400,"bu","13:16:20",1302600
46100,-1000,100,"sd","13:16:17",1302200
46100,-1000,2000,"unknown","13:16:07",1302100
46200,-900,100,"bu","13:15:58",1300100
46100,-1000,1000,"sd","13:15:55",1300000
46100,-1000,400,"sd","13:15:51",1299000
46100,-1000,200,"sd","13:15:47",1298600
46100,-1000,100,"sd","13:15:45",1298400
46100,-1000,4200,"sd","13:15:33",1298300
46100,-1000,900,"bu","13:15:07",1294100
46100,-1000,500,"bu","13:14:33",1293200
46100,-1000,300,"bu","13:14:29",1292700
46100,-1000,500,"bu","13:14:27",1292400
46100,-1000,500,"sd","13:13:50",1291900
46100,-1000,4000,"sd","13:13:45",1291400
46100,-1000,100,"sd","13:13:42",1287400
46100,-1000,500,"sd","13:13:24",1287300
46200,-900,5000,"bu","13:13:21",1286800
46100,-1000,2000,"bu","13:13:02",1281800
46100,-1000,1000,"bu","13:13:00",1279800
46000,-1100,1400,"sd","13:12:58",1278800
46000,-1100,400,"sd","13:12:54",1277400
46000,-1100,100,"sd","13:12:52",1277000
46100,-1000,2000,"bu","13:12:51",1276900
46000,-1100,5000,"sd","13:12:31",1274900
46000,-1100,200,"bu","13:12:27",1269900
46000,-1100,1000,"bu","13:12:25",1269700
46000,-1100,100,"bu","13:12:19",1268700
46000,-1100,500,"bu","13:12:11",1268600
46000,-1100,200,"bu","13:12:08",1268100
45900,-1200,2000,"sd","13:12:06",1267900
46000,-1100,200,"bu","13:12:03",1265900
46000,-1100,800,"bu","13:11:58",1265700
46000,-1100,1000,"bu","13:11:49",1264900
46000,-1100,500,"bu","13:11:39",1263900
45900,-1200,23700,"sd","13:11:30",1263400
45800,-1300,3900,"sd","13:11:22",1239700
45800,-1300,300,"bu","13:11:21",1235800
45800,-1300,1500,"bu","13:11:20",1235500
45800,-1300,1000,"bu","13:11:17",1234000
45700,-1400,500,"sd","13:11:09",1233000
45700,-1400,300,"sd","13:10:56",1232500
45700,-1400,700,"sd","13:10:32",1232200
45700,-1400,900,"bu","13:10:31",1231500
45700,-1400,400,"sd","13:10:16",1230600
45700,-1400,100,"sd","13:10:13",1230200
45700,-1400,900,"bu","13:10:12",1230100
45700,-1400,1000,"sd","13:09:58",1229200
45700,-1400,400,"sd","13:09:57",1228200
45700,-1400,3000,"sd","13:09:55",1227800
45600,-1500,3100,"sd","13:09:54",1224800
45700,-1400,100,"bu","13:09:39",1221700
45700,-1400,1000,"bu","13:09:36",1221600
45700,-1400,1000,"bu","13:09:29",1220600
45700,-1400,500,"bu","13:09:25",1219600
45700,-1400,100,"bu","13:09:17",1219100
45700,-1400,500,"bu","13:09:06",1219000
45700,-1400,800,"bu","13:08:29",1218500
45700,-1400,5000,"sd","13:08:23",1217700
45800,-1300,2500,"bu","13:08:18",1212700
45800,-1300,300,"sd","13:08:17",1210200
45800,-1300,400,"sd","13:08:08",1209900
45800,-1300,2200,"sd","13:08:07",1209500
45900,-1200,100,"bu","13:08:06",1207300
45900,-1200,1000,"bu","13:07:39",1207200
45900,-1200,100,"bu","13:07:33",1206200
45900,-1200,100,"bu","13:07:31",1206100
45900,-1200,200,"bu","13:07:25",1206000
45800,-1300,2000,"sd","13:07:12",1205800
45800,-1300,100,"sd","13:07:07",1203800
45800,-1300,4200,"sd","13:07:06",1203700
45700,-1400,600,"sd","13:07:05",1199500
45800,-1300,1000,"bu","13:07:04",1198900
45700,-1400,400,"sd","13:07:01",1197900
45700,-1400,1000,"sd","13:06:58",1197500
45800,-1300,1000,"bu","13:06:32",1196500
45700,-1400,1000,"sd","13:06:27",1195500
45700,-1400,1000,"sd","13:06:21",1194500
45700,-1400,900,"sd","13:06:20",1193500
45700,-1400,200,"sd","13:06:08",1192600
45700,-1400,100,"bu","13:06:06",1192400
45600,-1500,400,"sd","13:06:02",1192300
45600,-1500,10800,"sd","13:05:51",1191900
45700,-1400,2000,"sd","13:05:26",1181100
45800,-1300,1000,"bu","13:05:19",1179100
45800,-1300,3800,"bu","13:05:08",1178100
45600,-1500,500,"sd","13:05:04",1174300
45700,-1400,100,"bu","13:05:02",1173800
45700,-1400,4500,"sd","13:04:53",1173700
45800,-1300,100,"bu","13:04:44",1169200
45700,-1400,500,"sd","13:04:43",1169100
45600,-1500,3000,"sd","13:04:13",1168600
45600,-1500,900,"sd","13:04:11",1165600
45700,-1400,400,"sd","13:04:04",1164700
45700,-1400,100,"sd","13:04:02",1164300
45600,-1500,200,"sd","13:03:43",1164200
45600,-1500,6700,"sd","13:03:36",1164000
45700,-1400,600,"sd","13:03:33",1157300
45700,-1400,1000,"bu","13:03:30",1156700
45700,-1400,2000,"bu","13:03:26",1155700
45700,-1400,1000,"bu","13:03:12",1153700
45700,-1400,100,"bu","13:03:05",1152700
45700,-1400,2400,"bu","13:02:50",1152600
45800,-1300,300,"bu","13:02:40",1150200
45800,-1300,2000,"sd","13:02:37",1149900
45800,-1300,1000,"sd","13:02:27",1147900
45800,-1300,1000,"sd","13:02:24",1146900
45800,-1300,200,"sd","13:02:15",1145900
45900,-1200,100,"bu","13:01:57",1145700
45900,-1200,400,"bu","13:01:43",1145600
45900,-1200,100,"bu","13:01:32",1145200
45900,-1200,3400,"bu","13:01:30",1145100
45900,-1200,600,"sd","13:01:18",1141700
46000,-1100,100,"bu","13:01:13",1141100
46000,-1100,5800,"bu","13:01:11",1141000
46100,-1000,1000,"unknown","13:00:44",1135200
46100,-1000,1000,"sd","13:00:43",1134200
46100,-1000,500,"sd","13:00:36",1133200
46100,-1000,1000,"sd","13:00:31",1132700
46100,-1000,700,"sd","13:00:21",1131700
46200,-900,1000,"bu","13:00:19",1131000
46100,-1000,1000,"sd","13:00:09",1130000
46100,-1000,17100,"sd","13:00:06",1129000
46200,-900,40600,"sd","13:00:05",1111900
46200,-900,1000,"sd","13:00:04",1071300
46400,-700,500,"bu","11:29:34",1070300
46300,-800,100,"sd","11:29:33",1069800
46300,-800,200,"sd","11:29:29",1069700
46300,-800,100,"sd","11:29:23",1069500
46300,-800,300,"sd","11:29:09",1069400
46300,-800,3400,"sd","11:29:07",1069100
46300,-800,400,"bu","11:29:06",1065700
46300,-800,3000,"bu","11:29:01",1065300
46300,-800,200,"bu","11:28:59",1062300
46300,-800,100,"bu","11:28:54",1062100
46200,-900,2500,"sd","11:28:47",1062000
46100,-1000,6200,"sd","11:28:43",1059500
46200,-900,1000,"bu","11:27:49",1053300
46200,-900,900,"bu","11:27:15",1052300
46200,-900,400,"sd","11:27:12",1051400
46200,-900,2000,"sd","11:27:03",1051000
46200,-900,2000,"sd","11:26:57",1049000
46200,-900,400,"sd","11:26:37",1047000
46200,-900,4000,"sd","11:26:23",1046600
46300,-800,100,"bu","11:26:15",1042600
46200,-900,300,"sd","11:26:14",1042500
46200,-900,10400,"bu","11:26:02",1042200
46100,-1000,2100,"sd","11:26:00",1031800
46200,-900,100,"bu","11:25:55",1029700
46200,-900,100,"bu","11:25:48",1029600
46100,-1000,400,"bu","11:25:47",1029500
46100,-1000,100,"bu","11:25:46",1029100
46100,-1000,500,"bu","11:25:45",1029000
46100,-1000,600,"bu","11:25:40",1028500
46100,-1000,500,"bu","11:25:38",1027900
46100,-1000,1000,"bu","11:25:37",1027400
46100,-1000,300,"bu","11:25:30",1026400
46100,-1000,300,"bu","11:25:25",1026100
46100,-1000,1000,"bu","11:25:23",1025800
46100,-1000,200,"bu","11:25:19",1024800
46100,-1000,1200,"unknown","11:25:10",1024600
46000,-1100,200,"sd","11:25:07",1023400
46100,-1000,1200,"bu","11:25:02",1023200
46100,-1000,200,"bu","11:24:50",1022000
46000,-1100,400,"sd","11:24:16",1021800
46000,-1100,1000,"bu","11:24:12",1021400
46000,-1100,300,"bu","11:24:08",1020400
46000,-1100,1700,"sd","11:23:57",1020100
46100,-1000,100,"bu","11:23:53",1018400
46000,-1100,2400,"sd","11:23:45",1018300
46100,-1000,300,"bu","11:23:42",1015900
46000,-1100,100,"sd","11:23:20",1015600
46100,-1000,100,"bu","11:23:19",1015500
46000,-1100,300,"sd","11:23:17",1015400
46000,-1100,1700,"bu","11:23:11",1015100
46000,-1100,100,"bu","11:23:09",1013400
46000,-1100,300,"bu","11:23:08",1013300
46000,-1100,100,"bu","11:23:06",1013000
45900,-1200,3800,"bu","11:22:56",1012900
45900,-1200,1000,"bu","11:22:50",1009100
45900,-1200,200,"bu","11:22:45",1008100
45900,-1200,100,"bu","11:22:29",1007900
45900,-1200,1000,"bu","11:22:23",1007800
45900,-1200,100,"bu","11:22:12",1006800
45800,-1300,100,"bu","11:22:04",1006700
45800,-1300,500,"bu","11:22:03",1006600
45800,-1300,3000,"bu","11:22:02",1006100
45800,-1300,300,"bu","11:22:01",1003100
45800,-1300,3000,"bu","11:21:49",1002800
45700,-1400,400,"sd","11:21:20",999800
45700,-1400,5200,"sd","11:21:19",999400
45700,-1400,1000,"bu","11:21:18",994200
45700,-1400,100,"bu","11:20:58",993200
45700,-1400,100,"bu","11:20:54",993100
45600,-1500,900,"sd","11:20:47",993000
45700,-1400,200,"bu","11:20:36",992100
45600,-1500,200,"sd","11:20:26",991900
45700,-1400,100,"bu","11:20:20",991700
45700,-1400,200,"bu","11:20:16",991600
45700,-1400,100,"bu","11:20:11",991400
45700,-1400,200,"bu","11:20:10",991300
45700,-1400,1100,"unknown","11:19:51",991100
45600,-1500,4900,"sd","11:19:50",990000
45600,-1500,600,"bu","11:19:39",985100
45600,-1500,8000,"bu","11:19:38",984500
45600,-1500,1800,"bu","11:19:34",976500
45600,-1500,200,"bu","11:19:25",974700
45500,-1600,100,"sd","11:19:24",974500
45600,-1500,300,"bu","11:19:23",974400
45600,-1500,1000,"bu","11:19:22",974100
45600,-1500,100,"bu","11:19:21",973100
45500,-1600,5000,"sd","11:19:20",973000
45600,-1500,300,"bu","11:18:53",968000
45500,-1600,2000,"sd","11:18:52",967700
45600,-1500,4000,"bu","11:18:49",965700
45500,-1600,500,"sd","11:18:20",961700
45500,-1600,5000,"sd","11:18:04",961200
45500,-1600,2500,"sd","11:18:03",956200
45500,-1600,2000,"sd","11:18:02",953700
45600,-1500,5000,"bu","11:17:59",951700
45600,-1500,100,"bu","11:17:52",946700
45600,-1500,400,"bu","11:17:49",946600
45600,-1500,100,"bu","11:17:47",946200
45600,-1500,1900,"bu","11:17:46",946100
45600,-1500,200,"bu","11:17:45",944200
45600,-1500,100,"bu","11:17:42",944000
45600,-1500,5100,"bu","11:17:32",943900
45600,-1500,1000,"bu","11:17:30",938800
45600,-1500,1000,"bu","11:17:23",937800
45600,-1500,4400,"sd","11:17:18",936800
45600,-1500,5000,"sd","11:17:14",932400
45600,-1500,3000,"sd","11:17:11",927400
45600,-1500,300,"sd","11:16:45",924400
45600,-1500,10900,"sd","11:16:43",924100
45600,-1500,1800,"sd","11:16:32",913200
45700,-1400,1000,"bu","11:16:24",911400
45700,-1400,100,"bu","11:16:23",910400
45600,-1500,4000,"sd","11:16:13",910300
45600,-1500,5000,"sd","11:16:00",906300
45600,-1500,200,"sd","11:15:28",901300
45800,-1300,500,"bu","11:15:25",901100
45600,-1500,2000,"sd","11:15:17",900600
45600,-1500,4800,"sd","11:15:11",898600
45700,-1400,5000,"sd","11:15:01",893800
45700,-1400,2500,"sd","11:14:45",888800
45800,-1300,500,"sd","11:14:33",886300
45800,-1300,100,"sd","11:14:15",885800
45800,-1300,500,"sd","11:14:14",885700
45800,-1300,2000,"sd","11:13:55",885200
45800,-1300,1700,"sd","11:13:45",883200
45800,-1300,100,"sd","11:13:28",881500
45800,-1300,100,"sd","11:12:50",881400
45800,-1300,600,"sd","11:12:26",881300
45800,-1300,100,"sd","11:12:10",880700
45800,-1300,100,"sd","11:11:34",880600
45800,-1300,1600,"bu","11:11:20",880500
45800,-1300,1000,"bu","11:11:08",878900
45800,-1300,10000,"bu","11:10:40",877900
45700,-1400,2400,"sd","11:10:35",867900
45700,-1400,2000,"sd","11:10:24",865500
45700,-1400,100,"sd","11:10:06",863500
45700,-1400,1700,"sd","11:10:02",863400
45700,-1400,400,"bu","11:10:01",861700
45700,-1400,100,"bu","11:09:57",861300
45700,-1400,200,"bu","11:09:55",861200
45700,-1400,500,"bu","11:09:53",861000
45700,-1400,600,"bu","11:09:51",860500
45700,-1400,100,"bu","11:09:48",859900
45600,-1500,1000,"sd","11:09:43",859800
45700,-1400,500,"bu","11:09:39",858800
45700,-1400,1300,"bu","11:09:38",858300
45700,-1400,500,"bu","11:09:36",857000
45700,-1400,4600,"bu","11:09:31",856500
45700,-1400,3200,"bu","11:09:25",851900
45700,-1400,1300,"sd","11:09:15",848700
45700,-1400,300,"sd","11:09:10",847400
45700,-1400,800,"bu","11:08:30",847100
45700,-1400,300,"bu","11:08:28",846300
45700,-1400,1900,"sd","11:08:25",846000
45700,-1400,1000,"sd","11:08:23",844100
45700,-1400,1000,"sd","11:08:15",843100
45700,-1400,200,"sd","11:07:54",842100
45700,-1400,2000,"sd","11:07:31",841900
45700,-1400,1000,"sd","11:06:58",839900
45700,-1400,3500,"unknown","11:06:56",838900
45700,-1400,100,"bu","11:06:47",835400
45700,-1400,100,"bu","11:06:46",835300
45700,-1400,300,"bu","11:06:36",835200
45700,-1400,100,"bu","11:06:26",834900
45700,-1400,15000,"sd","11:06:17",834800
45800,-1300,6000,"sd","11:06:11",819800
45800,-1300,300,"sd","11:06:03",813800
45800,-1300,5000,"sd","11:05:55",813500
45800,-1300,1000,"sd","11:05:34",808500
45800,-1300,1000,"sd","11:05:19",807500
45900,-1200,200,"bu","11:04:48",806500
45900,-1200,2300,"sd","11:04:43",806300
45900,-1200,1000,"sd","11:03:34",804000
45900,-1200,2000,"sd","11:03:19",803000
45900,-1200,700,"sd","11:03:13",801000
45900,-1200,1500,"sd","11:03:03",800300
45900,-1200,200,"sd","11:02:53",798800
45900,-1200,2000,"sd","11:02:02",798600
45900,-1200,4000,"sd","11:01:15",796600
46000,-1100,1000,"bu","11:00:44",792600
45900,-1200,5000,"sd","11:00:26",791600
46000,-1100,200,"bu","10:59:36",786600
46000,-1100,300,"bu","10:59:24",786400
46000,-1100,400,"sd","10:58:45",786100
46000,-1100,500,"sd","10:58:11",785700
46000,-1100,2000,"sd","10:58:10",785200
46000,-1100,600,"sd","10:57:51",783200
46000,-1100,400,"sd","10:57:46",782600
46000,-1100,2000,"sd","10:57:34",782200
46000,-1100,100,"bu","10:56:58",780200
46000,-1100,200,"sd","10:56:49",780100
46000,-1100,600,"bu","10:56:47",779900
46000,-1100,2500,"bu","10:56:39",779300
45900,-1200,400,"sd","10:56:26",776800
45900,-1200,100,"bu","10:56:17",776400
45800,-1300,13900,"sd","10:56:10",776300
45800,-1300,1000,"sd","10:56:09",762400
45900,-1200,200,"bu","10:56:00",761400
45900,-1200,5600,"sd","10:55:42",761200
45900,-1200,5000,"sd","10:55:37",755600
45900,-1200,500,"sd","10:55:35",750600
45900,-1200,10000,"sd","10:55:07",750100
46000,-1100,100,"bu","10:55:02",740100
46000,-1100,1000,"bu","10:54:58",740000
46000,-1100,600,"bu","10:54:54",739000
46000,-1100,1000,"bu","10:54:34",738400
46000,-1100,100,"bu","10:54:05",737400
46000,-1100,400,"bu","10:53:53",737300
46000,-1100,17100,"sd","10:53:47",736900
46000,-1100,5000,"sd","10:53:43",719800
46100,-1000,1000,"bu","10:52:49",714800
46100,-1000,200,"bu","10:52:24",713800
46100,-1000,300,"bu","10:52:05",713600
46100,-1000,1000,"bu","10:51:59",713300
46100,-1000,3700,"bu","10:51:49",712300
46100,-1000,1500,"sd","10:51:45",708600
46200,-900,200,"bu","10:51:10",707100
46100,-1000,2000,"sd","10:51:08",706900
46100,-1000,400,"sd","10:50:54",704900
46100,-1000,500,"sd","10:50:43",704500
46100,-1000,700,"sd","10:50:31",704000
46100,-1000,100,"sd","10:50:15",703300
46100,-1000,1500,"sd","10:50:10",703200
46100,-1000,2000,"sd","10:50:00",701700
46200,-900,1800,"sd","10:46:51",699700
46200,-900,200,"sd","10:46:41",697900
46200,-900,5700,"sd","10:46:38",697700
46200,-900,5000,"sd","10:46:28",692000
46200,-900,1700,"sd","10:46:01",687000
46200,-900,2000,"sd","10:45:53",685300
46300,-800,400,"bu","10:45:39",683300
46200,-900,2000,"sd","10:45:24",682900
46300,-800,100,"bu","10:45:04",680900
46300,-800,1700,"bu","10:44:52",680800
46300,-800,100,"bu","10:44:02",679100
46300,-800,200,"sd","10:43:37",679000
46300,-800,1500,"sd","10:43:28",678800
46300,-800,500,"sd","10:43:20",677300
46300,-800,3000,"sd","10:43:08",676800
46300,-800,100,"sd","10:42:38",673800
46300,-800,1000,"sd","10:42:25",673700
46300,-800,3800,"sd","10:41:40",672700
46200,-900,2000,"sd","10:39:59",668900
46200,-900,500,"sd","10:39:31",666900
46200,-900,1000,"sd","10:39:20",666400
46300,-800,1800,"bu","10:37:44",665400
46200,-900,2000,"sd","10:36:48",663600
46300,-800,1200,"sd","10:36:32",661600
46400,-700,500,"bu","10:36:05",660400
46300,-800,600,"bu","10:35:47",659900
46300,-800,500,"bu","10:35:03",659300
46300,-800,100,"bu","10:34:38",658800
46200,-900,100,"sd","10:34:00",658700
46200,-900,1600,"sd","10:33:59",658600
46200,-900,1000,"bu","10:33:45",657000
46200,-900,200,"bu","10:33:44",656000
46200,-900,200,"bu","10:33:31",655800
46200,-900,100,"bu","10:33:24",655600
46200,-900,400,"bu","10:33:15",655500
46100,-1000,600,"bu","10:33:06",655100
46100,-1000,300,"bu","10:33:04",654500
46100,-1000,100,"bu","10:33:02",654200
46100,-1000,700,"bu","10:32:55",654100
46000,-1100,100,"sd","10:32:50",653400
46000,-1100,200,"bu","10:32:34",653300
46000,-1100,300,"bu","10:32:33",653100
46000,-1100,400,"bu","10:32:32",652800
46000,-1100,100,"bu","10:32:28",652400
46000,-1100,2500,"bu","10:32:23",652300
46000,-1100,1000,"bu","10:32:21",649800
46000,-1100,1000,"bu","10:32:19",648800
46000,-1100,100,"bu","10:31:58",647800
46000,-1100,1000,"bu","10:31:53",647700
46000,-1100,1000,"bu","10:31:51",646700
46000,-1100,100,"bu","10:31:50",645700
46000,-1100,100,"bu","10:31:47",645600
46000,-1100,1000,"bu","10:31:36",645500
46000,-1100,600,"bu","10:31:30",644500
46000,-1100,100,"bu","10:31:26",643900
46000,-1100,1000,"bu","10:31:23",643800
46000,-1100,100,"bu","10:31:03",642800
45900,-1200,1000,"sd","10:30:38",642700
46100,-1000,100,"bu","10:30:12",641700
45900,-1200,12000,"sd","10:30:08",641600
46000,-1100,20000,"sd","10:30:03",629600
46100,-1000,500,"bu","10:29:43",609600
46100,-1000,100,"bu","10:29:27",609100
46000,-1100,300,"sd","10:29:19",609000
46100,-1000,100,"bu","10:28:40",608700
46000,-1100,300,"sd","10:28:29",608600
46000,-1100,600,"sd","10:28:28",608300
46100,-1000,500,"bu","10:28:27",607700
46100,-1000,200,"unknown","10:28:17",607200
46000,-1100,2000,"sd","10:28:05",607000
46100,-1000,100,"unknown","10:27:54",605000
46000,-1100,2400,"sd","10:27:50",604900
46100,-1000,500,"sd","10:27:46",602500
46100,-1000,100,"sd","10:27:36",602000
46100,-1000,100,"bu","10:27:14",601900
46000,-1100,10000,"sd","10:26:49",601800
46000,-1100,1000,"sd","10:26:40",591800
46000,-1100,5000,"sd","10:26:31",590800
46100,-1000,100,"bu","10:26:23",585800
46000,-1100,55000,"sd","10:26:22",585700
46000,-1100,700,"sd","10:26:20",530700
46000,-1100,8600,"sd","10:26:19",530000
46100,-1000,1600,"sd","10:26:14",521400
46100,-1000,500,"sd","10:26:08",519800
46100,-1000,30000,"sd","10:25:52",519300
46300,-800,2000,"bu","10:25:30",489300
46300,-800,500,"bu","10:24:56",487300
46300,-800,1000,"bu","10:24:35",486800
46300,-800,1000,"bu","10:24:22",485800
46300,-800,100,"sd","10:23:25",484800
46400,-700,300,"bu","10:23:12",484700
46300,-800,5000,"sd","10:23:11",484400
46400,-700,200,"bu","10:22:52",479400
46300,-800,15000,"sd","10:22:50",479200
46300,-800,4300,"sd","10:22:48",464200
46400,-700,500,"bu","10:22:47",459900
46300,-800,400,"sd","10:22:43",459400
46400,-700,500,"bu","10:22:33",459000
46300,-800,20200,"sd","10:22:24",458500
46300,-800,6000,"sd","10:22:21",438300
46300,-800,2000,"sd","10:22:18",432300
46300,-800,5000,"sd","10:22:17",430300
46300,-800,1000,"sd","10:22:08",425300
46300,-800,5000,"sd","10:21:53",424300
46400,-700,1500,"bu","10:21:09",419300
46400,-700,100,"bu","10:20:55",417800
46400,-700,1000,"bu","10:20:13",417700
46400,-700,100,"bu","10:19:21",416700
46400,-700,11000,"sd","10:18:26",416600
46400,-700,1000,"sd","10:18:24",405600
46400,-700,300,"sd","10:18:01",404600
46500,-600,500,"bu","10:17:57",404300
46500,-600,200,"bu","10:17:13",403800
46500,-600,100,"bu","10:16:36",403600
46500,-600,100,"bu","10:15:35",403500
46500,-600,100,"bu","10:15:08",403400
46500,-600,1500,"bu","10:15:04",403300
46500,-600,500,"sd","10:14:55",401800
46600,-500,1000,"bu","10:14:53",401300
46500,-600,10000,"bu","10:14:17",400300
46500,-600,200,"sd","10:13:52",390300
46500,-600,2000,"sd","10:13:45",390100
46500,-600,20000,"sd","10:13:20",388100
46500,-600,13300,"sd","10:11:50",368100
46400,-700,200,"bu","10:11:47",354800
46400,-700,200,"bu","10:11:42",354600
46400,-700,100,"bu","10:11:34",354400
46400,-700,100,"bu","10:11:31",354300
46400,-700,2000,"sd","10:11:30",354200
46400,-700,4000,"sd","10:11:23",352200
46400,-700,200,"sd","10:11:17",348200
46400,-700,200,"sd","10:11:05",348000
46400,-700,200,"sd","10:10:29",347800
46500,-600,100,"bu","10:10:25",347600
46500,-600,100,"bu","10:10:12",347500
46500,-600,400,"bu","10:09:50",347400
46500,-600,1000,"bu","10:09:22",347000
46500,-600,100,"bu","10:09:09",346000
46500,-600,100,"bu","10:08:17",345900
46500,-600,100,"bu","10:08:12",345800
46500,-600,3400,"sd","10:07:51",345700
46500,-600,100,"sd","10:07:50",342300
46500,-600,500,"sd","10:07:47",342200
46500,-600,200,"sd","10:07:36",341700
46500,-600,10000,"sd","10:07:11",341500
46500,-600,100,"bu","10:06:41",331500
46500,-600,1000,"bu","10:06:29",331400
46500,-600,100,"bu","10:06:25",330400
46400,-700,800,"bu","10:06:06",330300
46400,-700,100,"bu","10:06:05",329500
46400,-700,5000,"bu","10:05:52",329400
46400,-700,1100,"bu","10:05:48",324400
46300,-800,4500,"sd","10:05:46",323300
46400,-700,2000,"bu","10:05:04",318800
46300,-800,300,"sd","10:04:43",316800
46400,-700,500,"bu","10:03:53",316500
46400,-700,600,"bu","10:03:52",316000
46400,-700,100,"bu","10:03:36",315400
46400,-700,200,"bu","10:03:32",315300
46400,-700,1000,"bu","10:02:25",315100
46400,-700,100,"bu","10:02:21",314100
46400,-700,100,"bu","10:01:47",314000
46400,-700,600,"bu","10:01:33",313900
46400,-700,2100,"sd","10:01:02",313300
46400,-700,400,"bu","10:00:45",311200
46300,-800,2500,"sd","10:00:23",310800
46400,-700,2000,"bu","10:00:22",308300
46400,-700,2000,"bu","10:00:13",306300
46400,-700,100,"bu","09:59:47",304300
46300,-800,5000,"sd","09:59:45",304200
46400,-700,200,"bu","09:59:37",299200
46400,-700,100,"bu","09:59:18",299000
46400,-700,2200,"sd","09:58:49",298900
46400,-700,5000,"sd","09:58:31",296700
46400,-700,500,"sd","09:57:24",291700
46400,-700,300,"bu","09:57:22",291200
46400,-700,1000,"bu","09:57:18",290900
46400,-700,100,"bu","09:57:09",289900
46400,-700,1000,"bu","09:57:08",289800
46400,-700,1000,"bu","09:56:57",288800
46400,-700,3200,"bu","09:56:44",287800
46400,-700,100,"bu","09:56:39",284600
46400,-700,100,"bu","09:56:09",284500
46400,-700,100,"bu","09:56:07",284400
46400,-700,2100,"bu","09:55:44",284300
46400,-700,600,"bu","09:55:39",282200
46400,-700,100,"bu","09:55:38",281600
46400,-700,100,"bu","09:55:28",281500
46400,-700,41600,"sd","09:55:17",281400
46500,-600,100,"bu","09:55:12",239800
46500,-600,100,"bu","09:55:10",239700
46500,-600,1000,"bu","09:55:01",239600
46500,-600,300,"bu","09:54:57",238600
46500,-600,1500,"sd","09:54:28",238300
46500,-600,1800,"sd","09:54:01",236800
46500,-600,300,"sd","09:53:56",235000
46500,-600,1400,"sd","09:53:35",234700
46600,-500,2000,"bu","09:52:35",233300
46500,-600,700,"sd","09:52:23",231300
46500,-600,600,"bu","09:52:21",230600
46500,-600,200,"bu","09:52:14",230000
46500,-600,100,"bu","09:52:11",229800
46500,-600,100,"bu","09:51:55",229700
46500,-600,1000,"bu","09:51:50",229600
46500,-600,100,"bu","09:51:47",228600
46500,-600,500,"bu","09:51:42",228500
46500,-600,100,"bu","09:51:31",228000
46500,-600,6600,"bu","09:51:19",227900
46500,-600,5000,"sd","09:51:16",221300
46500,-600,1000,"sd","09:50:59",216300
46500,-600,10000,"sd","09:50:36",215300
46500,-600,600,"sd","09:50:28",205300
46500,-600,100,"sd","09:50:16",204700
46500,-600,3100,"sd","09:50:13",204600
46500,-600,3000,"sd","09:49:49",201500
46500,-600,1800,"sd","09:49:10",198500
46600,-500,1000,"sd","09:48:12",196700
46700,-400,800,"bu","09:48:10",195700
46700,-400,1200,"bu","09:47:57",194900
46600,-500,11000,"sd","09:47:53",193700
46600,-500,1900,"sd","09:47:31",182700
46700,-400,100,"bu","09:47:09",180800
46700,-400,100,"bu","09:47:08",180700
46700,-400,200,"bu","09:46:52",180600
46700,-400,100,"bu","09:45:54",180400
46700,-400,200,"bu","09:45:26",180300
46700,-400,1300,"bu","09:45:17",180100
46600,-500,400,"sd","09:45:15",178800
46600,-500,1000,"sd","09:44:32",178400
46600,-500,4000,"sd","09:44:31",177400
46700,-400,700,"bu","09:44:30",173400
46700,-400,3000,"bu","09:44:26",172700
46700,-400,100,"bu","09:43:40",169700
46600,-500,100,"sd","09:43:30",169600
46600,-500,3500,"sd","09:43:00",169500
46600,-500,1000,"sd","09:42:50",166000
46600,-500,600,"sd","09:41:19",165000
46700,-400,100,"bu","09:41:10",164400
46600,-500,500,"sd","09:40:44",164300
46600,-500,2000,"sd","09:40:07",163800
46600,-500,500,"sd","09:39:55",161800
46600,-500,500,"sd","09:39:49",161300
46700,-400,10000,"unknown","09:39:42",160800
46700,-400,100,"bu","09:39:37",150800
46700,-400,700,"bu","09:39:29",150700
46600,-500,6000,"sd","09:39:22",150000
46600,-500,500,"sd","09:39:10",144000
46600,-500,500,"sd","09:39:00",143500
46700,-400,100,"bu","09:37:14",143000
46700,-400,100,"bu","09:36:48",142900
46700,-400,400,"bu","09:36:21",142800
46700,-400,1000,"bu","09:35:58",142400
46600,-500,1100,"sd","09:35:07",141400
46600,-500,700,"sd","09:34:54",140300
46700,-400,100,"bu","09:34:46",139600
46700,-400,1000,"bu","09:34:42",139500
46700,-400,1500,"sd","09:34:03",138500
46700,-400,3000,"sd","09:33:45",137000
46700,-400,100,"sd","09:33:05",134000
46700,-400,2700,"sd","09:33:01",133900
46700,-400,100,"bu","09:32:53",131200
46700,-400,2000,"bu","09:32:46",131100
46700,-400,100,"bu","09:32:41",129100
46700,-400,1100,"bu","09:31:58",129000
46700,-400,1000,"sd","09:31:45",127900
46700,-400,100,"bu","09:31:37",126900
46700,-400,100,"bu","09:31:36",126800
46700,-400,100,"bu","09:31:34",126700
46700,-400,8800,"sd","09:31:25",126600
46700,-400,700,"sd","09:31:19",117800
46700,-400,1000,"sd","09:30:59",117100
46700,-400,3600,"sd","09:30:15",116100
46800,-300,2000,"bu","09:29:59",112500
46800,-300,1100,"sd","09:29:49",110500
46800,-300,3000,"sd","09:29:45",109400
46800,-300,1000,"sd","09:29:10",106400
46800,-300,1000,"sd","09:28:25",105400
47000,-100,100,"bu","09:28:04",104400
46800,-300,1700,"sd","09:27:59",104300
46900,-200,300,"sd","09:27:53",102600
47000,-100,200,"bu","09:27:52",102300
47000,-100,700,"sd","09:27:49",102100
47000,-100,400,"sd","09:27:37",101400
47000,-100,100,"sd","09:27:35",101000
47000,-100,1500,"sd","09:26:43",100900
47000,-100,6500,"sd","09:26:37",99400
47000,-100,1000,"sd","09:26:28",92900
47000,-100,3900,"sd","09:26:25",91900
47000,-100,2000,"sd","09:26:14",88000
47000,-100,500,"sd","09:25:55",86000
47000,-100,4000,"sd","09:25:27",85500
47000,-100,900,"sd","09:25:20",81500
47100,0,200,"bu","09:25:15",80600
47100,0,400,"bu","09:25:07",80400
47100,0,100,"bu","09:24:39",80000
47100,0,200,"bu","09:24:26",79900
47000,-100,500,"sd","09:24:21",79700
47000,-100,5400,"bu","09:23:55",79200
47000,-100,100,"bu","09:23:52",73800
47000,-100,500,"bu","09:23:45",73700
47000,-100,2100,"bu","09:23:44",73200
47000,-100,800,"bu","09:23:23",71100
46700,-400,5000,"bu","09:21:52",70300
46700,-400,400,"bu","09:21:48",65300
46700,-400,200,"bu","09:21:44",64900
46700,-400,1000,"bu","09:21:38",64700
46700,-400,100,"bu","09:21:33",63700
46700,-400,300,"bu","09:21:25",63600
46700,-400,100,"bu","09:21:12",63300
46700,-400,100,"bu","09:21:07",63200
46700,-400,7700,"sd","09:21:05",63100
46800,-300,1000,"bu","09:20:57",55400
46800,-300,100,"bu","09:20:53",54400
46800,-300,100,"bu","09:20:52",54300
46800,-300,8000,"bu","09:20:47",54200
46800,-300,100,"bu","09:20:43",46200
46800,-300,200,"bu","09:20:34",46100
46800,-300,200,"bu","09:20:15",45900
46800,-300,1000,"bu","09:20:04",45700
46800,-300,100,"bu","09:20:01",44700
46800,-300,100,"bu","09:19:44",44600
46800,-300,100,"bu","09:19:25",44500
46600,-500,5400,"bu","09:19:07",44400
46600,-500,2700,"bu","09:19:05",39000
46600,-500,100,"bu","09:19:02",36300
46600,-500,100,"bu","09:18:54",36200
46600,-500,100,"bu","09:18:46",36100
46600,-500,500,"bu","09:18:38",36000
46600,-500,2000,"bu","09:18:32",35500
46600,-500,100,"bu","09:18:04",33500
46600,-500,500,"bu","09:18:03",33400
46600,-500,400,"bu","09:18:00",32900
46600,-500,100,"bu","09:17:54",32500
46600,-500,200,"bu","09:17:26",32400
46600,-500,400,"bu","09:17:17",32200
46600,-500,100,"bu","09:17:15",31800
46600,-500,100,"bu","09:16:59",31700
46600,-500,100,"bu","09:16:40",31600
46600,-500,200,"bu","09:16:32",31500
46400,-700,1000,"sd","09:16:26",31300
46400,-700,900,"sd","09:15:55",30300
46400,-700,1000,"sd","09:15:30",29400
46400,-700,10000,"sd","09:14:38",28400
46800,-300,1300,"bu","09:14:20",18400
46600,-500,1000,"sd","09:13:32",17100
46600,-500,1000,"sd","09:12:44",16100
46800,-300,300,"bu","09:12:31",15100
46600,-500,2000,"sd","09:12:27",14800
46600,-500,500,"unknown","09:10:44",12800
46800,-300,100,"bu","09:10:13",12300
46800,-300,600,"bu","09:09:52",12200
46800,-300,1000,"sd","09:09:36",11600
46800,-300,1000,"sd","09:07:26",10600
47000,-100,100,"bu","09:07:14",9600
47000,-100,100,"bu","09:06:36",9500
47000,-100,100,"bu","09:05:10",9400
47000,-100,1200,"bu","09:04:32",9300
47100,0,500,"bu","09:04:19",8100
47100,0,100,"bu","09:02:18",7600
47100,0,100,"bu","09:02:12",7500
47500,400,100,"bu","09:01:18",7400
47000,-100,1000,"sd","09:01:11",7300
47100,0,4100,"unknown","09:00:11",6300
47100,0,200,"sd","09:00:10",2200
47100,0,1800,"sd","09:00:08",2000
47100,0,100,"bu","09:00:03",200
46800,-300,100,"sd","09:00:02",100
