"price","change","match_qtty","side","time","total_vol"
38450,-550,400,"bu","14:18:56",298200
38450,-550,3900,"bu","13:49:12",297800
38500,-500,25000,"bu","13:48:35",293900
38500,-500,25000,"unknown","13:48:08",268900
38500,-500,20000,"unknown","13:47:37",243900
38300,-700,2000,"unknown","13:45:25",223900
38300,-700,2000,"sd","13:45:25",221900
38300,-700,2000,"sd","13:45:25",219900
38300,-700,2000,"sd","13:45:25",217900
38300,-700,2000,"sd","13:45:25",215900
38300,-700,2000,"sd","13:45:25",213900
38300,-700,2000,"sd","13:45:24",211900
38300,-700,2000,"sd","13:45:24",209900
38300,-700,2000,"sd","13:45:24",207900
38300,-700,2000,"sd","13:45:24",205900
38300,-700,500,"sd","13:31:08",203900
38300,-700,500,"sd","13:31:08",203400
38300,-700,500,"sd","13:31:08",202900
38300,-700,500,"sd","13:31:08",202400
38300,-700,500,"sd","13:31:08",201900
38300,-700,500,"sd","13:31:08",201400
38300,-700,500,"sd","13:31:08",200900
38300,-700,500,"bu","13:31:07",200400
38300,-700,500,"bu","13:31:07",199900
38300,-700,500,"bu","13:31:07",199400
38300,-700,5000,"unknown","13:30:40",198900
38300,-700,5000,"sd","13:30:40",193900
38300,-700,5000,"sd","13:30:40",188900
38300,-700,5000,"sd","13:30:40",183900
38300,-700,5000,"sd","13:30:40",178900
38300,-700,5000,"sd","13:30:40",173900
38300,-700,5000,"sd","13:30:40",168900
38300,-700,5000,"sd","13:30:40",163900
38300,-700,5000,"sd","13:30:40",158900
38300,-700,5000,"unknown","13:30:40",153900
38200,-800,4100,"bu","13:15:14",148900
38200,-800,100,"sd","13:06:34",144800
38200,-800,200,"bu","11:23:29",144700
38200,-800,200,"bu","11:23:26",144500
38200,-800,200,"bu","11:19:11",144300
38200,-800,200,"bu","11:19:04",144100
38200,-800,200,"bu","11:18:58",143900
38200,-800,200,"bu","11:18:50",143700
38200,-800,200,"bu","11:17:57",143500
38100,-900,1800,"sd","10:59:25",143300
38200,-800,2000,"sd","10:49:31",141500
38200,-800,100,"sd","10:49:31",139500
38300,-700,2100,"sd","10:37:59",139400
38400,-600,100,"sd","10:37:45",137300
38400,-600,45000,"unknown","10:37:30",137200
38400,-600,2200,"sd","10:34:27",92200
38500,-500,2700,"sd","10:24:20",90000
38500,-500,2300,"sd","10:18:27",87300
38500,-500,1200,"sd","10:18:27",85000
38500,-500,1500,"sd","10:18:27",83800
38500,-500,1000,"sd","10:16:50",82300
38700,-300,2200,"bu","10:15:38",81300
38700,-300,300,"bu","10:15:38",79100
38550,-450,200,"sd","10:14:35",78800
38700,-300,200,"bu","10:13:56",78600
38600,-400,1400,"sd","10:13:11",78400
38600,-400,1200,"sd","10:13:11",77000
38600,-400,400,"sd","10:13:11",75800
38700,-300,100,"sd","10:07:33",75400
38600,-400,900,"sd","10:04:49",75300
38600,-400,700,"sd","10:04:49",74400
38600,-400,500,"sd","10:04:36",73700
38600,-400,800,"sd","10:04:36",73200
38600,-400,600,"sd","10:04:22",72400
38600,-400,1100,"sd","10:04:22",71800
38600,-400,100,"sd","10:04:09",70700
38600,-400,900,"sd","10:04:09",70600
38600,-400,500,"sd","10:03:58",69700
38600,-400,800,"sd","10:03:58",69200
38600,-400,300,"sd","10:03:46",68400
38600,-400,900,"sd","10:03:46",68100
38600,-400,100,"sd","10:03:33",67200
38600,-400,1000,"sd","10:03:33",67100
38600,-400,200,"sd","10:03:22",66100
38600,-400,1500,"sd","10:03:22",65900
38600,-400,200,"sd","10:03:22",64400
38600,-400,1200,"sd","10:03:10",64200
38600,-400,600,"sd","10:03:10",63000
38600,-400,900,"sd","10:02:55",62400
38600,-400,500,"sd","10:02:55",61500
38600,-400,1000,"sd","10:02:45",61000
38600,-400,500,"sd","10:02:45",60000
38600,-400,500,"sd","10:02:30",59500
38600,-400,1600,"sd","10:02:30",59000
38600,-400,600,"sd","10:02:00",57400
38700,-300,1800,"sd","09:57:25",56800
38700,-300,2200,"sd","09:35:02",55000
38800,-200,700,"sd","09:34:51",52800
38900,-100,1800,"bu","09:34:41",52100
38900,-100,900,"sd","09:34:36",50300
38900,-100,500,"sd","09:34:35",49400
38900,-100,1500,"sd","09:34:35",48900
38900,-100,1700,"sd","09:34:35",47400
38900,-100,1300,"sd","09:34:35",45700
38900,-100,300,"sd","09:34:27",44400
38900,-100,2000,"sd","09:34:27",44100
38900,-100,1000,"sd","09:34:14",42100
38900,-100,700,"sd","09:34:00",41100
38800,-200,1700,"sd","09:33:53",40400
38900,-100,1300,"sd","09:33:53",38700
38900,-100,1400,"sd","09:33:53",37400
38900,-100,600,"sd","09:33:53",36000
38900,-100,1100,"sd","09:33:49",35400
38900,-100,700,"sd","09:33:49",34300
38900,-100,900,"sd","09:33:35",33600
38900,-100,1300,"sd","09:33:35",32700
38900,-100,700,"sd","09:33:35",31400
38900,-100,1000,"sd","09:33:26",30700
38900,-100,300,"sd","09:33:26",29700
38900,-100,1200,"sd","09:33:17",29400
38900,-100,1000,"sd","09:33:17",28200
38900,-100,200,"sd","09:33:08",27200
38900,-100,1400,"sd","09:33:08",27000
38900,-100,500,"sd","09:33:08",25600
38900,-100,800,"sd","09:32:57",25100
38900,-100,1200,"sd","09:32:57",24300
38900,-100,800,"sd","09:32:57",23100
38900,-100,600,"sd","09:32:44",22300
38900,-100,600,"sd","09:32:44",21700
38900,-100,900,"sd","09:32:34",21100
38900,-100,500,"sd","09:32:34",20200
38900,-100,1000,"sd","09:32:24",19700
38900,-100,500,"sd","09:32:24",18700
38900,-100,700,"sd","09:32:13",18200
38900,-100,1400,"sd","09:32:13",17500
38900,-100,600,"sd","09:32:13",16100
38900,-100,1000,"sd","09:31:55",15500
38900,-100,1100,"sd","09:31:55",14500
38900,-100,400,"sd","09:31:47",13400
38900,-100,300,"sd","09:31:47",13000
38900,-100,1200,"sd","09:31:35",12700
38900,-100,100,"sd","09:31:22",11500
38900,-100,1300,"sd","09:31:22",11400
38900,-100,1200,"sd","09:31:22",10100
38900,-100,300,"sd","09:31:10",8900
38900,-100,1200,"sd","09:31:10",8600
38900,-100,200,"sd","09:30:59",7400
38900,-100,1200,"sd","09:30:59",7200
38900,-100,400,"sd","09:30:59",6000
38900,-100,1100,"sd","09:30:44",5600
38900,-100,1000,"sd","09:30:30",4500
38900,-100,1000,"sd","09:30:30",3500
38900,-100,1300,"sd","09:30:06",2500
39000,0,1100,"sd","09:29:17",1200
39000,0,100,"sd","09:15:00",100
