"price","change","match_qtty","side","time","total_vol"
17300,-1200,3547800,"sd","14:45:03",12758100
17900,-600,2000,"bu","14:29:59",9210300
17900,-600,100,"sd","14:29:58",9208300
17950,-550,100,"bu","14:29:58",9208200
17900,-600,100,"sd","14:29:58",9208100
17900,-600,400,"sd","14:29:58",9208000
17950,-550,1000,"bu","14:29:57",9207600
17850,-650,2600,"sd","14:29:56",9206600
17850,-650,100,"sd","14:29:56",9204000
17850,-650,2000,"sd","14:29:56",9203900
17900,-600,4200,"sd","14:29:56",9201900
17900,-600,500,"sd","14:29:56",9197700
17900,-600,100,"sd","14:29:56",9197200
17900,-600,500,"sd","14:29:56",9197100
17900,-600,100,"unknown","14:29:55",9196600
17900,-600,400,"unknown","14:29:54",9196500
17950,-550,2900,"bu","14:29:53",9196100
17950,-550,100,"bu","14:29:53",9193200
17950,-550,2000,"bu","14:29:53",9193100
17850,-650,200,"sd","14:29:53",9191100
17850,-650,100,"sd","14:29:53",9190900
17850,-650,500,"sd","14:29:53",9190800
17850,-650,100,"sd","14:29:53",9190300
17850,-650,1000,"sd","14:29:53",9190200
17850,-650,100,"sd","14:29:53",9189200
17850,-650,200,"sd","14:29:53",9189100
17850,-650,500,"sd","14:29:53",9188900
17850,-650,300,"sd","14:29:53",9188400
17850,-650,1000,"sd","14:29:53",9188100
17850,-650,1000,"sd","14:29:53",9187100
17900,-600,10000,"sd","14:29:53",9186100
17850,-650,1000,"sd","14:29:53",9176100
17850,-650,300,"sd","14:29:53",9175100
17900,-600,2400,"sd","14:29:53",9174800
17850,-650,10000,"sd","14:29:53",9172400
17850,-650,100,"sd","14:29:53",9162400
17850,-650,100,"sd","14:29:53",9162300
17850,-650,800,"sd","14:29:53",9162200
17900,-600,1000,"sd","14:29:53",9161400
17850,-650,3000,"sd","14:29:53",9160400
17900,-600,700,"sd","14:29:53",9157400
17900,-600,500,"sd","14:29:53",9156700
17900,-600,2400,"sd","14:29:53",9156200
17850,-650,1000,"sd","14:29:53",9153800
17900,-600,3000,"sd","14:29:53",9152800
17850,-650,100,"sd","14:29:53",9149800
17900,-600,100,"sd","14:29:53",9149700
17850,-650,100,"sd","14:29:53",9149600
17900,-600,1000,"sd","14:29:53",9149500
17900,-600,700,"sd","14:29:53",9148500
17850,-650,100,"sd","14:29:53",9147800
17900,-600,100,"sd","14:29:53",9147700
17850,-650,200,"sd","14:29:53",9147600
17850,-650,500,"sd","14:29:53",9147400
17850,-650,400,"sd","14:29:53",9146900
17850,-650,100,"sd","14:29:53",9146500
17900,-600,5200,"sd","14:29:53",9146400
17850,-650,100,"sd","14:29:53",9141200
17900,-600,400,"sd","14:29:53",9141100
17850,-650,900,"sd","14:29:53",9140700
17900,-600,300,"sd","14:29:53",9139800
17900,-600,2000,"sd","14:29:53",9139500
17900,-600,100,"sd","14:29:53",9137500
17900,-600,1500,"sd","14:29:53",9137400
17900,-600,1000,"sd","14:29:53",9135900
17900,-600,100,"sd","14:29:53",9134900
17900,-600,2000,"sd","14:29:53",9134800
17900,-600,300,"sd","14:29:53",9132800
17900,-600,2000,"sd","14:29:53",9132500
17900,-600,200,"sd","14:29:53",9130500
17900,-600,100,"sd","14:29:53",9130300
17900,-600,1000,"sd","14:29:53",9130200
17900,-600,200,"sd","14:29:53",9129200
17900,-600,3500,"sd","14:29:53",9129000
17900,-600,43000,"sd","14:29:53",9125500
17900,-600,100,"sd","14:29:53",9082500
17900,-600,1000,"sd","14:29:53",9082400
17900,-600,200,"sd","14:29:53",9081400
17900,-600,100,"sd","14:29:53",9081200
17900,-600,100,"sd","14:29:51",9081100
17950,-550,500,"bu","14:29:50",9081000
17950,-550,400,"bu","14:29:50",9080500
17950,-550,200,"bu","14:29:49",9080100
17900,-600,6900,"sd","14:29:49",9079900
17900,-600,100,"sd","14:29:49",9073000
17900,-600,4000,"sd","14:29:49",9072900
17900,-600,2500,"sd","14:29:49",9068900
17900,-600,200,"sd","14:29:49",9066400
17900,-600,100,"sd","14:29:49",9066200
17900,-600,1000,"sd","14:29:49",9066100
17900,-600,500,"sd","14:29:49",9065100
17900,-600,200,"sd","14:29:49",9064600
17900,-600,200,"sd","14:29:49",9064400
17900,-600,1000,"sd","14:29:49",9064200
17900,-600,500,"sd","14:29:49",9063200
17900,-600,500,"sd","14:29:49",9062700
17900,-600,200,"sd","14:29:49",9062200
17900,-600,2000,"sd","14:29:49",9062000
17900,-600,1000,"sd","14:29:49",9060000
17900,-600,300,"sd","14:29:49",9059000
17900,-600,100,"sd","14:29:49",9058700
17900,-600,1000,"sd","14:29:49",9058600
17900,-600,1000,"sd","14:29:49",9057600
17900,-600,2000,"sd","14:29:49",9056600
17900,-600,1000,"sd","14:29:49",9054600
17900,-600,300,"sd","14:29:49",9053600
17900,-600,100,"sd","14:29:49",9053300
17900,-600,200,"sd","14:29:49",9053200
17900,-600,500,"sd","14:29:49",9053000
17900,-600,200,"sd","14:29:49",9052500
17900,-600,2000,"sd","14:29:49",9052300
17900,-600,100,"sd","14:29:49",9050300
17900,-600,19300,"sd","14:29:49",9050200
17900,-600,1000,"sd","14:29:49",9030900
17950,-550,600,"bu","14:29:49",9029900
17950,-550,2000,"bu","14:29:48",9029300
17950,-550,1000,"bu","14:29:48",9027300
17900,-600,700,"sd","14:29:43",9026300
17900,-600,1300,"sd","14:29:43",9025600
17900,-600,100,"sd","14:29:43",9024300
17950,-550,100,"bu","14:29:43",9024200
17900,-600,3000,"sd","14:29:42",9024100
17900,-600,15600,"sd","14:29:42",9021100
17900,-600,1000,"sd","14:29:42",9005500
17900,-600,500,"sd","14:29:42",9004500
17900,-600,100,"sd","14:29:42",9004000
17900,-600,100,"sd","14:29:42",9003900
17900,-600,300,"sd","14:29:42",9003800
17900,-600,100,"sd","14:29:42",9003500
17900,-600,5000,"sd","14:29:42",9003400
17900,-600,200,"sd","14:29:42",8998400
17900,-600,1000,"sd","14:29:42",8998200
17900,-600,100,"sd","14:29:42",8997200
17900,-600,900,"sd","14:29:42",8997100
17900,-600,200,"sd","14:29:42",8996200
17900,-600,2000,"sd","14:29:42",8996000
17900,-600,200,"sd","14:29:42",8994000
17900,-600,500,"sd","14:29:42",8993800
17900,-600,1000,"sd","14:29:42",8993300
17900,-600,300,"sd","14:29:42",8992300
17900,-600,2000,"sd","14:29:42",8992000
17900,-600,1000,"sd","14:29:42",8990000
17900,-600,500,"sd","14:29:42",8989000
17900,-600,1000,"sd","14:29:42",8988500
17900,-600,400,"sd","14:29:42",8987500
17900,-600,1000,"sd","14:29:42",8987100
17900,-600,100,"sd","14:29:42",8986100
17900,-600,100,"sd","14:29:42",8986000
17900,-600,100,"sd","14:29:42",8985900
17900,-600,5000,"sd","14:29:42",8985800
17900,-600,200,"sd","14:29:42",8980800
17900,-600,1200,"sd","14:29:42",8980600
17900,-600,100,"sd","14:29:42",8979400
17900,-600,5000,"sd","14:29:42",8979300
17900,-600,1200,"sd","14:29:42",8974300
17900,-600,100,"sd","14:29:42",8973100
17900,-600,300,"sd","14:29:42",8973000
17900,-600,5000,"sd","14:29:42",8972700
17900,-600,300,"sd","14:29:42",8967700
17900,-600,100,"sd","14:29:42",8967400
17900,-600,1000,"sd","14:29:42",8967300
17900,-600,100,"sd","14:29:42",8966300
17900,-600,100,"sd","14:29:42",8966200
17950,-550,1100,"bu","14:29:41",8966100
17950,-550,1500,"bu","14:29:41",8965000
17950,-550,100,"bu","14:29:41",8963500
17950,-550,2300,"bu","14:29:41",8963400
17950,-550,1500,"bu","14:29:39",8961100
17950,-550,1000,"bu","14:29:38",8959600
17950,-550,1500,"bu","14:29:37",8958600
17950,-550,1000,"bu","14:29:36",8957100
17900,-600,900,"sd","14:29:36",8956100
17900,-600,1000,"sd","14:29:36",8955200
17900,-600,1000,"sd","14:29:36",8954200
17900,-600,100,"sd","14:29:36",8953200
17900,-600,200,"sd","14:29:35",8953100
17950,-550,1900,"bu","14:29:34",8952900
17900,-600,200,"sd","14:29:33",8951000
17900,-600,100,"sd","14:29:33",8950800
17900,-600,800,"sd","14:29:30",8950700
17950,-550,500,"bu","14:29:29",8949900
17950,-550,100,"bu","14:29:29",8949400
17900,-600,1500,"sd","14:29:29",8949300
17950,-550,100,"bu","14:29:27",8947800
17900,-600,1500,"sd","14:29:26",8947700
17950,-550,100,"bu","14:29:23",8946200
17900,-600,300,"sd","14:29:23",8946100
17900,-600,5800,"sd","14:29:23",8945800
17900,-600,2000,"sd","14:29:23",8940000
17900,-600,100,"sd","14:29:23",8938000
17900,-600,500,"sd","14:29:23",8937900
17900,-600,100,"sd","14:29:23",8937400
17900,-600,500,"sd","14:29:23",8937300
17900,-600,1000,"sd","14:29:23",8936800
17900,-600,2000,"sd","14:29:23",8935800
17900,-600,300,"sd","14:29:23",8933800
17900,-600,1000,"sd","14:29:23",8933500
17900,-600,1000,"sd","14:29:23",8932500
17900,-600,900,"sd","14:29:23",8931500
17900,-600,100,"sd","14:29:23",8930600
17900,-600,500,"sd","14:29:23",8930500
17900,-600,1000,"sd","14:29:23",8930000
17900,-600,300,"sd","14:29:23",8929000
17900,-600,2900,"sd","14:29:23",8928700
17950,-550,100,"bu","14:29:23",8925800
17950,-550,800,"bu","14:29:22",8925700
17900,-600,500,"sd","14:29:21",8924900
17900,-600,2000,"sd","14:29:20",8924400
17950,-550,100,"bu","14:29:19",8922400
17900,-600,4600,"sd","14:29:16",8922300
17900,-600,200,"sd","14:29:16",8917700
17900,-600,200,"sd","14:29:16",8917500
17900,-600,300,"sd","14:29:16",8917300
17900,-600,300,"sd","14:29:16",8917000
17900,-600,1500,"sd","14:29:16",8916700
17900,-600,200,"sd","14:29:16",8915200
17900,-600,1000,"sd","14:29:16",8915000
17900,-600,1900,"sd","14:29:16",8914000
17900,-600,300,"sd","14:29:16",8912100
17900,-600,500,"sd","14:29:16",8911800
17950,-550,700,"bu","14:29:16",8911300
17950,-550,3000,"bu","14:29:16",8910600
17950,-550,100,"bu","14:29:14",8907600
17900,-600,1400,"sd","14:29:12",8907500
17900,-600,100,"sd","14:29:12",8906100
17900,-600,500,"sd","14:29:12",8906000
17900,-600,100,"sd","14:29:12",8905500
17900,-600,1000,"sd","14:29:12",8905400
17900,-600,200,"sd","14:29:12",8904400
17900,-600,800,"sd","14:29:12",8904200
17900,-600,1000,"sd","14:29:11",8903400
17900,-600,500,"sd","14:29:11",8902400
17900,-600,500,"sd","14:29:11",8901900
17900,-600,500,"sd","14:29:11",8901400
17900,-600,100,"sd","14:29:11",8900900
17900,-600,1000,"sd","14:29:11",8900800
17900,-600,500,"sd","14:29:11",8899800
17900,-600,20000,"sd","14:29:11",8899300
17900,-600,2000,"sd","14:29:11",8879300
17900,-600,200,"sd","14:29:11",8877300
17900,-600,200,"sd","14:29:11",8877100
17900,-600,2000,"sd","14:29:11",8876900
17900,-600,200,"sd","14:29:11",8874900
17900,-600,5000,"sd","14:29:11",8874700
17900,-600,100,"sd","14:29:11",8869700
17900,-600,1000,"sd","14:29:11",8869600
17900,-600,2100,"sd","14:29:11",8868600
17900,-600,1000,"sd","14:29:11",8866500
17900,-600,500,"sd","14:29:11",8865500
17900,-600,100,"sd","14:29:11",8865000
17900,-600,100,"sd","14:29:11",8864900
17900,-600,100,"sd","14:29:11",8864800
17900,-600,800,"sd","14:29:11",8864700
17900,-600,400,"sd","14:29:11",8863900
17900,-600,200,"sd","14:29:11",8863500
17900,-600,200,"sd","14:29:11",8863300
17900,-600,200,"sd","14:29:11",8863100
17900,-600,1000,"sd","14:29:11",8862900
17900,-600,200,"sd","14:29:11",8861900
17900,-600,1000,"sd","14:29:10",8861700
17950,-550,200,"bu","14:29:10",8860700
17950,-550,2900,"bu","14:29:10",8860500
17900,-600,200,"sd","14:29:10",8857600
17900,-600,700,"sd","14:29:10",8857400
17950,-550,100,"bu","14:29:10",8856700
17950,-550,400,"bu","14:29:10",8856600
17900,-600,900,"sd","14:29:09",8856200
17900,-600,100,"sd","14:29:09",8855300
17900,-600,100,"sd","14:29:09",8855200
17900,-600,100,"sd","14:29:09",8855100
17900,-600,100,"sd","14:29:09",8855000
17900,-600,4700,"sd","14:29:09",8854900
17900,-600,300,"sd","14:29:08",8850200
17900,-600,100,"sd","14:29:08",8849900
17900,-600,100,"sd","14:29:08",8849800
17900,-600,100,"sd","14:29:08",8849700
17900,-600,100,"sd","14:29:08",8849600
17950,-550,100,"bu","14:29:07",8849500
17900,-600,500,"sd","14:29:07",8849400
17900,-600,500,"sd","14:29:07",8848900
17900,-600,1000,"sd","14:29:07",8848400
17900,-600,1000,"sd","14:29:04",8847400
17900,-600,200,"sd","14:29:04",8846400
17900,-600,1000,"sd","14:29:04",8846200
17900,-600,100,"sd","14:29:04",8845200
17900,-600,100,"sd","14:29:04",8845100
17900,-600,100,"sd","14:29:04",8845000
17900,-600,500,"sd","14:29:04",8844900
17900,-600,100,"sd","14:29:04",8844400
17900,-600,500,"sd","14:29:04",8844300
17900,-600,1000,"sd","14:29:04",8843800
17900,-600,500,"sd","14:29:04",8842800
17900,-600,100,"sd","14:29:04",8842300
17900,-600,400,"sd","14:29:04",8842200
17900,-600,500,"sd","14:29:03",8841800
17900,-600,100,"sd","14:29:03",8841300
17900,-600,200,"sd","14:29:03",8841200
17900,-600,100,"sd","14:29:03",8841000
17900,-600,100,"sd","14:29:03",8840900
17900,-600,100,"sd","14:29:02",8840800
17900,-600,200,"sd","14:29:02",8840700
17900,-600,100,"sd","14:29:02",8840500
17900,-600,500,"sd","14:29:02",8840400
17900,-600,100,"sd","14:29:02",8839900
17900,-600,100,"sd","14:29:02",8839800
17900,-600,2000,"sd","14:29:02",8839700
17900,-600,100,"sd","14:29:02",8837700
17900,-600,100,"sd","14:29:02",8837600
17900,-600,1000,"sd","14:29:02",8837500
17900,-600,200,"sd","14:29:02",8836500
17900,-600,1000,"sd","14:29:02",8836300
17900,-600,500,"sd","14:29:02",8835300
17900,-600,100,"sd","14:29:00",8834800
17950,-550,100,"bu","14:29:00",8834700
17950,-550,100,"bu","14:29:00",8834600
17950,-550,400,"bu","14:29:00",8834500
17950,-550,1000,"bu","14:29:00",8834100
17950,-550,500,"bu","14:29:00",8833100
17950,-550,1800,"bu","14:29:00",8832600
17950,-550,1200,"bu","14:29:00",8830800
17900,-600,1000,"sd","14:29:00",8829600
17900,-600,2000,"sd","14:28:59",8828600
17900,-600,200,"sd","14:28:58",8826600
17950,-550,1000,"bu","14:28:58",8826400
17950,-550,700,"bu","14:28:57",8825400
17950,-550,200,"bu","14:28:55",8824700
17950,-550,100,"bu","14:28:54",8824500
17900,-600,200,"sd","14:28:53",8824400
17900,-600,100,"sd","14:28:53",8824200
17900,-600,1000,"sd","14:28:50",8824100
17950,-550,300,"bu","14:28:49",8823100
17900,-600,200,"sd","14:28:48",8822800
17900,-600,500,"sd","14:28:47",8822600
17900,-600,100,"sd","14:28:47",8822100
17900,-600,1000,"sd","14:28:47",8822000
17900,-600,200,"sd","14:28:47",8821000
17900,-600,100,"sd","14:28:47",8820800
17900,-600,500,"sd","14:28:47",8820700
17900,-600,100,"sd","14:28:47",8820200
17900,-600,100,"sd","14:28:47",8820100
17900,-600,300,"sd","14:28:47",8820000
17900,-600,800,"sd","14:28:47",8819700
17900,-600,100,"sd","14:28:47",8818900
17900,-600,300,"sd","14:28:47",8818800
17900,-600,100,"sd","14:28:47",8818500
17950,-550,1000,"bu","14:28:45",8818400
17950,-550,1000,"bu","14:28:44",8817400
17950,-550,1500,"bu","14:28:44",8816400
17950,-550,500,"bu","14:28:44",8814900
17900,-600,200,"sd","14:28:40",8814400
17900,-600,400,"sd","14:28:40",8814200
17900,-600,500,"sd","14:28:40",8813800
17900,-600,100,"sd","14:28:40",8813300
17900,-600,500,"sd","14:28:40",8813200
17900,-600,2000,"sd","14:28:40",8812700
17900,-600,100,"sd","14:28:40",8810700
17900,-600,1200,"sd","14:28:40",8810600
17950,-550,600,"bu","14:28:40",8809400
17900,-600,200,"sd","14:28:39",8808800
17900,-600,100,"sd","14:28:39",8808600
17900,-600,500,"sd","14:28:38",8808500
17900,-600,500,"sd","14:28:38",8808000
17900,-600,100,"sd","14:28:38",8807500
17900,-600,500,"sd","14:28:38",8807400
17900,-600,200,"sd","14:28:38",8806900
17900,-600,100,"sd","14:28:38",8806700
17900,-600,100,"sd","14:28:38",8806600
17950,-550,200,"bu","14:28:37",8806500
17900,-600,900,"sd","14:28:36",8806300
17900,-600,1000,"sd","14:28:36",8805400
17900,-600,200,"sd","14:28:36",8804400
17900,-600,100,"sd","14:28:36",8804200
17900,-600,100,"sd","14:28:36",8804100
17900,-600,300,"sd","14:28:36",8804000
17900,-600,100,"sd","14:28:36",8803700
17900,-600,100,"sd","14:28:36",8803600
17900,-600,500,"sd","14:28:36",8803500
17900,-600,100,"sd","14:28:36",8803000
17900,-600,100,"sd","14:28:36",8802900
17900,-600,1500,"sd","14:28:36",8802800
17950,-550,100,"bu","14:28:36",8801300
17950,-550,100,"bu","14:28:35",8801200
17950,-550,1000,"bu","14:28:33",8801100
17950,-550,5000,"bu","14:28:30",8800100
17950,-550,100,"bu","14:28:30",8795100
17950,-550,100,"bu","14:28:29",8795000
17950,-550,300,"bu","14:28:29",8794900
17950,-550,200,"bu","14:28:27",8794600
17950,-550,1000,"bu","14:28:27",8794400
17900,-600,500,"sd","14:28:24",8793400
17900,-600,1000,"sd","14:28:24",8792900
17900,-600,100,"sd","14:28:24",8791900
17900,-600,300,"sd","14:28:24",8791800
17900,-600,100,"sd","14:28:24",8791500
17900,-600,1000,"sd","14:28:24",8791400
17900,-600,100,"sd","14:28:24",8790400
17900,-600,200,"sd","14:28:24",8790300
17900,-600,500,"sd","14:28:24",8790100
17900,-600,500,"sd","14:28:24",8789600
17900,-600,100,"sd","14:28:24",8789100
17900,-600,5000,"sd","14:28:24",8789000
17900,-600,200,"sd","14:28:24",8784000
17900,-600,1500,"sd","14:28:24",8783800
17900,-600,100,"sd","14:28:24",8782300
17900,-600,500,"sd","14:28:24",8782200
17900,-600,100,"sd","14:28:24",8781700
17900,-600,400,"sd","14:28:24",8781600
17900,-600,500,"sd","14:28:24",8781200
17900,-600,100,"sd","14:28:24",8780700
17900,-600,8000,"sd","14:28:24",8780600
17900,-600,100,"sd","14:28:24",8772600
17900,-600,4500,"sd","14:28:24",8772500
17900,-600,500,"sd","14:28:24",8768000
17900,-600,1200,"sd","14:28:24",8767500
17900,-600,100,"sd","14:28:24",8766300
17900,-600,100,"sd","14:28:24",8766200
17900,-600,1000,"sd","14:28:24",8766100
17900,-600,2000,"sd","14:28:24",8765100
17950,-550,600,"sd","14:28:23",8763100
17950,-550,1800,"sd","14:28:23",8762500
17950,-550,1000,"sd","14:28:23",8760700
18000,-500,11100,"bu","14:28:19",8759700
18000,-500,10000,"bu","14:28:19",8748600
18000,-500,100,"bu","14:28:19",8738600
18000,-500,1000,"bu","14:28:19",8738500
18000,-500,4800,"bu","14:28:19",8737500
18000,-500,8000,"bu","14:28:19",8732700
18000,-500,1000,"bu","14:28:19",8724700
18000,-500,2000,"bu","14:28:19",8723700
18000,-500,1000,"bu","14:28:19",8721700
18000,-500,14200,"bu","14:28:19",8720700
17900,-600,1000,"sd","14:28:17",8706500
17900,-600,400,"sd","14:28:15",8705500
17950,-550,2000,"sd","14:28:15",8705100
17950,-550,100,"sd","14:28:15",8703100
17950,-550,17500,"sd","14:28:15",8703000
17950,-550,200,"sd","14:28:14",8685500
17950,-550,1100,"sd","14:28:12",8685300
17950,-550,300,"bu","14:28:11",8684200
17950,-550,900,"bu","14:28:11",8683900
17950,-550,500,"bu","14:28:09",8683000
17900,-600,500,"sd","14:28:09",8682500
17950,-550,600,"bu","14:28:08",8682000
17900,-600,40000,"sd","14:28:08",8681400
17950,-550,300,"sd","14:28:08",8641400
17950,-550,1000,"sd","14:28:08",8641100
17950,-550,100,"sd","14:28:08",8640100
17950,-550,200,"sd","14:28:08",8640000
17950,-550,5000,"sd","14:28:08",8639800
17950,-550,600,"sd","14:28:08",8634800
17950,-550,200,"sd","14:28:08",8634200
17950,-550,4000,"sd","14:28:08",8634000
17950,-550,500,"sd","14:28:08",8630000
17950,-550,1000,"sd","14:28:08",8629500
17950,-550,100,"sd","14:28:08",8628500
17950,-550,100,"sd","14:28:06",8628400
17950,-550,500,"sd","14:28:06",8628300
17950,-550,1000,"sd","14:28:06",8627800
17950,-550,100,"sd","14:28:06",8626800
17950,-550,100,"sd","14:28:06",8626700
17950,-550,100,"sd","14:28:06",8626600
17950,-550,1000,"sd","14:28:06",8626500
17950,-550,1000,"sd","14:28:06",8625500
17950,-550,1000,"sd","14:28:06",8624500
17950,-550,2000,"sd","14:28:06",8623500
17950,-550,200,"sd","14:28:06",8621500
17950,-550,500,"sd","14:28:06",8621300
17950,-550,300,"sd","14:28:06",8620800
17950,-550,200,"sd","14:28:06",8620500
17950,-550,800,"sd","14:28:06",8620300
17950,-550,200,"sd","14:28:04",8619500
17950,-550,4800,"sd","14:28:04",8619300
17950,-550,900,"sd","14:28:00",8614500
18000,-500,1000,"bu","14:27:59",8613600
18000,-500,600,"bu","14:27:59",8612600
17950,-550,600,"sd","14:27:57",8612000
17950,-550,200,"sd","14:27:57",8611400
17950,-550,1000,"sd","14:27:55",8611200
17950,-550,7500,"sd","14:27:54",8610200
17950,-550,100,"sd","14:27:54",8602700
17950,-550,300,"sd","14:27:54",8602600
17950,-550,2000,"sd","14:27:54",8602300
17950,-550,100,"sd","14:27:54",8600300
17950,-550,100,"sd","14:27:54",8600200
17950,-550,100,"sd","14:27:54",8600100
17950,-550,600,"sd","14:27:54",8600000
17950,-550,500,"sd","14:27:54",8599400
17950,-550,100,"sd","14:27:54",8598900
17950,-550,500,"sd","14:27:54",8598800
17950,-550,100,"sd","14:27:54",8598300
17950,-550,200,"sd","14:27:54",8598200
17950,-550,200,"sd","14:27:54",8598000
17950,-550,900,"sd","14:27:54",8597800
18000,-500,1000,"bu","14:27:53",8596900
17950,-550,9100,"sd","14:27:49",8595900
17950,-550,100,"sd","14:27:49",8586800
17950,-550,200,"sd","14:27:49",8586700
17950,-550,100,"sd","14:27:49",8586500
17950,-550,100,"sd","14:27:49",8586400
17950,-550,400,"sd","14:27:49",8586300
17950,-550,200,"sd","14:27:48",8585900
18000,-500,300,"bu","14:27:47",8585700
18000,-500,500,"bu","14:27:47",8585400
17950,-550,400,"sd","14:27:47",8584900
17950,-550,500,"sd","14:27:47",8584500
17950,-550,1000,"sd","14:27:47",8584000
17950,-550,1700,"sd","14:27:47",8583000
17950,-550,300,"sd","14:27:45",8581300
17950,-550,200,"sd","14:27:45",8581000
17950,-550,500,"sd","14:27:44",8580800
17950,-550,1000,"sd","14:27:44",8580300
17950,-550,100,"sd","14:27:44",8579300
17950,-550,100,"sd","14:27:44",8579200
17950,-550,400,"sd","14:27:44",8579100
17950,-550,100,"sd","14:27:44",8578700
17950,-550,300,"sd","14:27:44",8578600
17950,-550,100,"sd","14:27:43",8578300
17950,-550,5000,"sd","14:27:43",8578200
17950,-550,100,"sd","14:27:43",8573200
17950,-550,200,"sd","14:27:43",8573100
17950,-550,100,"sd","14:27:43",8572900
17950,-550,200,"sd","14:27:43",8572800
17950,-550,100,"sd","14:27:43",8572600
17950,-550,1700,"sd","14:27:43",8572500
18000,-500,2400,"bu","14:27:42",8570800
18000,-500,10000,"bu","14:27:42",8568400
18000,-500,200,"bu","14:27:42",8558400
18000,-500,12400,"bu","14:27:42",8558200
18000,-500,1300,"bu","14:27:40",8545800
18000,-500,500,"bu","14:27:39",8544500
18000,-500,800,"bu","14:27:39",8544000
18000,-500,200,"bu","14:27:39",8543200
17950,-550,300,"sd","14:27:38",8543000
17950,-550,500,"sd","14:27:38",8542700
17950,-550,100,"sd","14:27:38",8542200
17950,-550,100,"sd","14:27:38",8542100
17950,-550,100,"sd","14:27:38",8542000
17950,-550,1200,"sd","14:27:38",8541900
17950,-550,100,"sd","14:27:38",8540700
17950,-550,700,"sd","14:27:38",8540600
17950,-550,500,"sd","14:27:38",8539900
17950,-550,400,"sd","14:27:38",8539400
17950,-550,500,"sd","14:27:38",8539000
17950,-550,100,"sd","14:27:38",8538500
17950,-550,2000,"sd","14:27:38",8538400
17950,-550,1300,"sd","14:27:37",8536400
17950,-550,1000,"sd","14:27:37",8535100
17950,-550,1000,"sd","14:27:37",8534100
17950,-550,500,"sd","14:27:37",8533100
17950,-550,2300,"sd","14:27:37",8532600
17950,-550,1000,"sd","14:27:37",8530300
17950,-550,100,"sd","14:27:37",8529300
17950,-550,1800,"sd","14:27:37",8529200
17950,-550,300,"sd","14:27:37",8527400
17950,-550,100,"sd","14:27:37",8527100
17950,-550,100,"sd","14:27:37",8527000
17950,-550,500,"sd","14:27:37",8526900
17950,-550,100,"sd","14:27:37",8526400
17950,-550,200,"sd","14:27:37",8526300
17950,-550,100,"sd","14:27:37",8526100
17950,-550,100,"sd","14:27:37",8526000
17950,-550,500,"sd","14:27:37",8525900
17950,-550,1000,"sd","14:27:37",8525400
17950,-550,100,"sd","14:27:37",8524400
17950,-550,500,"sd","14:27:37",8524300
17950,-550,100,"sd","14:27:37",8523800
17950,-550,500,"sd","14:27:37",8523700
17950,-550,200,"sd","14:27:37",8523200
18000,-500,500,"bu","14:27:35",8523000
17950,-550,300,"sd","14:27:35",8522500
17950,-550,500,"sd","14:27:34",8522200
17950,-550,200,"sd","14:27:34",8521700
17950,-550,100,"sd","14:27:34",8521500
17950,-550,200,"sd","14:27:34",8521400
18000,-500,100,"bu","14:27:33",8521200
18000,-500,200,"bu","14:27:30",8521100
18000,-500,800,"bu","14:27:30",8520900
18000,-500,100,"bu","14:27:29",8520100
18000,-500,1000,"sd","14:27:28",8520000
18000,-500,1100,"sd","14:27:28",8519000
18050,-450,800,"bu","14:27:28",8517900
18000,-500,1500,"sd","14:27:27",8517100
18000,-500,3400,"sd","14:27:27",8515600
18000,-500,10000,"sd","14:27:27",8512200
18000,-500,100,"sd","14:27:27",8502200
18000,-500,500,"sd","14:27:27",8502100
18000,-500,300,"sd","14:27:27",8501600
18000,-500,300,"sd","14:27:27",8501300
18000,-500,100,"sd","14:27:27",8501000
18000,-500,200,"sd","14:27:27",8500900
18000,-500,200,"sd","14:27:27",8500700
18000,-500,500,"sd","14:27:27",8500500
18000,-500,100,"sd","14:27:27",8500000
18000,-500,1000,"sd","14:27:27",8499900
18000,-500,200,"sd","14:27:27",8498900
18000,-500,500,"sd","14:27:27",8498700
18000,-500,500,"sd","14:27:27",8498200
18000,-500,700,"sd","14:27:27",8497700
18000,-500,100,"sd","14:27:27",8497000
18000,-500,300,"sd","14:27:27",8496900
18000,-500,1400,"sd","14:27:27",8496600
18000,-500,300,"sd","14:27:25",8495200
18000,-500,1000,"sd","14:27:25",8494900
18000,-500,1400,"sd","14:27:25",8493900
18000,-500,300,"sd","14:27:25",8492500
18000,-500,100,"sd","14:27:25",8492200
18000,-500,300,"sd","14:27:25",8492100
18000,-500,200,"sd","14:27:25",8491800
18000,-500,500,"sd","14:27:25",8491600
18000,-500,100,"sd","14:27:25",8491100
18000,-500,300,"sd","14:27:25",8491000
18000,-500,100,"sd","14:27:25",8490700
18000,-500,10000,"sd","14:27:25",8490600
18000,-500,1000,"sd","14:27:25",8480600
18000,-500,1000,"sd","14:27:25",8479600
18000,-500,1700,"sd","14:27:25",8478600
18000,-500,100,"sd","14:27:25",8476900
18000,-500,100,"sd","14:27:25",8476800
18000,-500,1900,"sd","14:27:25",8476700
18000,-500,1000,"sd","14:27:25",8474800
18000,-500,2800,"sd","14:27:25",8473800
18000,-500,100,"sd","14:27:25",8471000
18000,-500,500,"sd","14:27:25",8470900
18000,-500,100,"sd","14:27:25",8470400
18000,-500,1000,"sd","14:27:25",8470300
18000,-500,1200,"sd","14:27:25",8469300
18000,-500,200,"sd","14:27:25",8468100
18000,-500,100,"sd","14:27:25",8467900
18000,-500,1000,"sd","14:27:25",8467800
18000,-500,5000,"sd","14:27:25",8466800
18000,-500,500,"sd","14:27:25",8461800
18000,-500,500,"sd","14:27:25",8461300
18000,-500,1000,"sd","14:27:25",8460800
18000,-500,100,"sd","14:27:25",8459800
18000,-500,500,"sd","14:27:25",8459700
18000,-500,3000,"sd","14:27:25",8459200
18000,-500,1000,"sd","14:27:25",8456200
18000,-500,200,"sd","14:27:25",8455200
18000,-500,400,"sd","14:27:25",8455000
18000,-500,100,"sd","14:27:25",8454600
18000,-500,500,"sd","14:27:25",8454500
18000,-500,200,"sd","14:27:25",8454000
18000,-500,2000,"sd","14:27:25",8453800
18000,-500,1000,"sd","14:27:25",8451800
18000,-500,300,"sd","14:27:25",8450800
18000,-500,100,"sd","14:27:25",8450500
18000,-500,100,"sd","14:27:25",8450400
18000,-500,1800,"sd","14:27:25",8450300
18000,-500,200,"sd","14:27:25",8448500
18000,-500,500,"sd","14:27:25",8448300
18000,-500,500,"sd","14:27:25",8447800
18000,-500,600,"sd","14:27:25",8447300
18000,-500,2000,"sd","14:27:25",8446700
18000,-500,400,"sd","14:27:25",8444700
18000,-500,1100,"sd","14:27:24",8444300
18050,-450,500,"bu","14:27:23",8443200
18000,-500,3500,"sd","14:27:23",8442700
18000,-500,1000,"sd","14:27:23",8439200
18000,-500,4400,"sd","14:27:23",8438200
18000,-500,700,"sd","14:27:23",8433800
18000,-500,700,"sd","14:27:23",8433100
18000,-500,100,"sd","14:27:23",8432400
18000,-500,100,"sd","14:27:23",8432300
18000,-500,200,"sd","14:27:23",8432200
18000,-500,1000,"sd","14:27:23",8432000
18000,-500,100,"sd","14:27:23",8431000
18000,-500,1000,"sd","14:27:23",8430900
18000,-500,100,"sd","14:27:23",8429900
18000,-500,2500,"sd","14:27:23",8429800
18000,-500,500,"sd","14:27:23",8427300
18000,-500,100,"sd","14:27:23",8426800
18000,-500,100,"sd","14:27:23",8426700
18000,-500,600,"sd","14:27:23",8426600
18000,-500,500,"sd","14:27:23",8426000
18000,-500,600,"sd","14:27:23",8425500
18000,-500,100,"sd","14:27:23",8424900
18000,-500,500,"sd","14:27:23",8424800
18000,-500,100,"sd","14:27:23",8424300
18000,-500,500,"sd","14:27:23",8424200
18000,-500,10000,"sd","14:27:23",8423700
18000,-500,100,"sd","14:27:23",8413700
18000,-500,500,"sd","14:27:23",8413600
18000,-500,400,"sd","14:27:23",8413100
18000,-500,200,"sd","14:27:23",8412700
18000,-500,2000,"sd","14:27:23",8412500
18000,-500,800,"sd","14:27:23",8410500
18000,-500,100,"sd","14:27:22",8409700
18000,-500,2100,"sd","14:27:21",8409600
18000,-500,600,"sd","14:27:21",8407500
18000,-500,500,"sd","14:27:21",8406900
18000,-500,5000,"sd","14:27:21",8406400
18000,-500,500,"sd","14:27:21",8401400
18000,-500,500,"sd","14:27:21",8400900
18000,-500,800,"sd","14:27:21",8400400
18000,-500,100,"sd","14:27:18",8399600
18000,-500,4900,"sd","14:27:18",8399500
18000,-500,500,"sd","14:27:17",8394600
18000,-500,2700,"sd","14:27:15",8394100
18000,-500,1500,"sd","14:27:15",8391400
18000,-500,400,"sd","14:27:13",8389900
18000,-500,500,"sd","14:27:13",8389500
18000,-500,100,"sd","14:27:13",8389000
18000,-500,100,"sd","14:27:13",8388900
18000,-500,4900,"sd","14:27:13",8388800
18000,-500,100,"sd","14:27:13",8383900
18000,-500,100,"sd","14:27:13",8383800
18000,-500,200,"sd","14:27:13",8383700
18000,-500,3000,"sd","14:27:13",8383500
18000,-500,100,"sd","14:27:13",8380500
18000,-500,1500,"sd","14:27:13",8380400
18000,-500,1500,"sd","14:27:13",8378900
18000,-500,100,"sd","14:27:13",8377400
18000,-500,100,"sd","14:27:13",8377300
18000,-500,2000,"sd","14:27:13",8377200
18000,-500,100,"sd","14:27:13",8375200
18000,-500,300,"sd","14:27:13",8375100
18000,-500,500,"sd","14:27:13",8374800
18000,-500,300,"sd","14:27:13",8374300
18000,-500,1000,"sd","14:27:13",8374000
18000,-500,100,"sd","14:27:13",8373000
18000,-500,100,"sd","14:27:13",8372900
18000,-500,100,"sd","14:27:13",8372800
18000,-500,100,"sd","14:27:13",8372700
18000,-500,500,"sd","14:27:13",8372600
18000,-500,200,"sd","14:27:13",8372100
18000,-500,200,"sd","14:27:13",8371900
18000,-500,2000,"sd","14:27:13",8371700
18000,-500,4000,"sd","14:27:13",8369700
18000,-500,200,"sd","14:27:13",8365700
18000,-500,2000,"sd","14:27:13",8365500
18000,-500,400,"sd","14:27:13",8363500
18000,-500,1000,"sd","14:27:13",8363100
18000,-500,300,"sd","14:27:13",8362100
18000,-500,2000,"sd","14:27:13",8361800
18000,-500,900,"sd","14:27:13",8359800
18000,-500,100,"sd","14:27:11",8358900
18000,-500,500,"sd","14:27:11",8358800
18000,-500,1200,"sd","14:27:11",8358300
18000,-500,700,"sd","14:27:11",8357100
18000,-500,1000,"sd","14:27:11",8356400
18000,-500,1000,"sd","14:27:11",8355400
18000,-500,1000,"sd","14:27:11",8354400
18000,-500,1300,"sd","14:27:11",8353400
18000,-500,100,"sd","14:27:11",8352100
18000,-500,100,"sd","14:27:11",8352000
18050,-450,100,"bu","14:27:10",8351900
18050,-450,600,"bu","14:27:10",8351800
18000,-500,1000,"sd","14:27:10",8351200
18000,-500,300,"sd","14:27:10",8350200
18000,-500,500,"sd","14:27:10",8349900
18000,-500,200,"sd","14:27:10",8349400
18000,-500,500,"sd","14:27:10",8349200
18000,-500,500,"sd","14:27:10",8348700
18000,-500,100,"sd","14:27:10",8348200
18000,-500,1000,"sd","14:27:10",8348100
18000,-500,100,"sd","14:27:10",8347100
18000,-500,500,"sd","14:27:10",8347000
18000,-500,1300,"sd","14:27:10",8346500
18000,-500,1000,"sd","14:27:09",8345200
18000,-500,2700,"sd","14:27:08",8344200
18000,-500,800,"sd","14:27:08",8341500
18000,-500,200,"sd","14:27:08",8340700
18000,-500,500,"sd","14:27:08",8340500
18000,-500,100,"sd","14:27:08",8340000
18000,-500,200,"sd","14:27:08",8339900
18000,-500,500,"sd","14:27:08",8339700
18000,-500,100,"sd","14:27:08",8339200
18000,-500,400,"sd","14:27:08",8339100
18000,-500,800,"sd","14:27:08",8338700
18000,-500,300,"sd","14:27:08",8337900
18000,-500,1000,"sd","14:27:08",8337600
18000,-500,100,"sd","14:27:08",8336600
18000,-500,200,"sd","14:27:08",8336500
18000,-500,200,"sd","14:27:08",8336300
18000,-500,200,"sd","14:27:08",8336100
18000,-500,5000,"sd","14:27:08",8335900
18000,-500,1000,"sd","14:27:08",8330900
18000,-500,100,"sd","14:27:08",8329900
18000,-500,100,"sd","14:27:08",8329800
18000,-500,500,"sd","14:27:08",8329700
18000,-500,100,"sd","14:27:08",8329200
18000,-500,200,"sd","14:27:08",8329100
18000,-500,200,"sd","14:27:08",8328900
18000,-500,100,"sd","14:27:08",8328700
18000,-500,16000,"sd","14:27:08",8328600
18000,-500,100,"sd","14:27:08",8312600
18000,-500,200,"sd","14:27:08",8312500
18000,-500,300,"sd","14:27:08",8312300
18000,-500,300,"sd","14:27:08",8312000
18000,-500,500,"sd","14:27:08",8311700
18000,-500,100,"sd","14:27:08",8311200
18000,-500,100,"sd","14:27:08",8311100
18000,-500,500,"sd","14:27:08",8311000
18000,-500,500,"sd","14:27:08",8310500
18000,-500,300,"sd","14:27:08",8310000
18000,-500,100,"sd","14:27:08",8309700
18000,-500,500,"sd","14:27:08",8309600
18000,-500,200,"sd","14:27:08",8309100
18000,-500,200,"sd","14:27:08",8308900
18000,-500,100,"sd","14:27:08",8308700
18000,-500,1000,"sd","14:27:08",8308600
18000,-500,1900,"sd","14:27:08",8307600
18000,-500,900,"sd","14:27:07",8305700
18000,-500,100,"sd","14:27:07",8304800
18000,-500,100,"sd","14:27:07",8304700
18000,-500,200,"sd","14:27:07",8304600
18000,-500,300,"sd","14:27:07",8304400
18000,-500,1000,"sd","14:27:07",8304100
18000,-500,2000,"sd","14:27:07",8303100
18000,-500,400,"sd","14:27:07",8301100
18000,-500,800,"sd","14:27:05",8300700
18000,-500,200,"sd","14:27:05",8299900
18000,-500,500,"sd","14:27:05",8299700
18000,-500,300,"sd","14:27:05",8299200
18000,-500,100,"sd","14:27:05",8298900
18000,-500,1000,"sd","14:27:05",8298800
18000,-500,700,"sd","14:27:05",8297800
18000,-500,1000,"sd","14:27:05",8297100
18000,-500,200,"sd","14:27:05",8296100
18000,-500,3000,"sd","14:27:05",8295900
18000,-500,200,"sd","14:27:05",8292900
18000,-500,200,"sd","14:27:05",8292700
18000,-500,300,"sd","14:27:05",8292500
18000,-500,3000,"sd","14:27:05",8292200
18000,-500,2000,"sd","14:27:05",8289200
18000,-500,1500,"sd","14:27:05",8287200
18000,-500,1200,"sd","14:27:05",8285700
18000,-500,2300,"sd","14:27:03",8284500
18000,-500,100,"sd","14:27:03",8282200
18000,-500,100,"sd","14:27:03",8282100
18000,-500,500,"sd","14:27:03",8282000
18000,-500,1000,"sd","14:27:03",8281500
18000,-500,600,"sd","14:27:03",8280500
18000,-500,600,"sd","14:27:02",8279900
18000,-500,400,"sd","14:27:02",8279300
18000,-500,200,"sd","14:27:02",8278900
18000,-500,100,"sd","14:27:02",8278700
18000,-500,700,"sd","14:27:02",8278600
18000,-500,400,"sd","14:27:01",8277900
18000,-500,200,"sd","14:27:01",8277500
18000,-500,300,"sd","14:27:01",8277300
18000,-500,200,"sd","14:27:01",8277000
18000,-500,200,"sd","14:27:01",8276800
18000,-500,1500,"sd","14:27:01",8276600
18000,-500,100,"sd","14:27:01",8275100
18000,-500,100,"sd","14:27:01",8275000
18000,-500,100,"sd","14:27:01",8274900
18000,-500,1000,"sd","14:27:01",8274800
18000,-500,1900,"sd","14:27:01",8273800
18000,-500,300,"sd","14:27:00",8271900
18000,-500,1000,"sd","14:27:00",8271600
18000,-500,3000,"sd","14:27:00",8270600
18000,-500,100,"sd","14:27:00",8267600
18000,-500,1000,"sd","14:27:00",8267500
18000,-500,300,"sd","14:27:00",8266500
18000,-500,200,"sd","14:27:00",8266200
18000,-500,100,"sd","14:27:00",8266000
18000,-500,1000,"sd","14:27:00",8265900
18000,-500,300,"sd","14:27:00",8264900
18000,-500,900,"sd","14:27:00",8264600
18000,-500,200,"sd","14:27:00",8263700
18000,-500,200,"sd","14:27:00",8263500
18000,-500,100,"sd","14:27:00",8263300
18000,-500,1000,"sd","14:27:00",8263200
18000,-500,100,"sd","14:27:00",8262200
18000,-500,100,"sd","14:27:00",8262100
18000,-500,100,"sd","14:27:00",8262000
18000,-500,100,"sd","14:27:00",8261900
18000,-500,200,"sd","14:27:00",8261800
18000,-500,1400,"sd","14:27:00",8261600
18000,-500,100,"sd","14:27:00",8260200
18000,-500,100,"sd","14:27:00",8260100
18000,-500,3000,"sd","14:27:00",8260000
18000,-500,100,"sd","14:27:00",8257000
18000,-500,200,"sd","14:27:00",8256900
18000,-500,1000,"sd","14:27:00",8256700
18000,-500,1000,"sd","14:27:00",8255700
18000,-500,600,"sd","14:26:59",8254700
18050,-450,100,"bu","14:26:58",8254100
18050,-450,500,"bu","14:26:58",8254000
18050,-450,100,"bu","14:26:58",8253500
18000,-500,1500,"sd","14:26:57",8253400
18000,-500,1000,"sd","14:26:57",8251900
18000,-500,200,"sd","14:26:57",8250900
18000,-500,100,"sd","14:26:57",8250700
18000,-500,200,"sd","14:26:57",8250600
18000,-500,300,"sd","14:26:57",8250400
18000,-500,200,"sd","14:26:57",8250100
18000,-500,20000,"sd","14:26:57",8249900
18000,-500,500,"sd","14:26:57",8229900
18000,-500,700,"sd","14:26:57",8229400
18000,-500,100,"sd","14:26:57",8228700
18000,-500,1400,"sd","14:26:57",8228600
18000,-500,100,"sd","14:26:57",8227200
18000,-500,500,"sd","14:26:57",8227100
18000,-500,100,"sd","14:26:57",8226600
18000,-500,1000,"sd","14:26:57",8226500
18000,-500,100,"sd","14:26:57",8225500
18000,-500,500,"sd","14:26:57",8225400
18000,-500,300,"sd","14:26:57",8224900
18000,-500,100,"sd","14:26:57",8224600
18000,-500,1100,"sd","14:26:57",8224500
18000,-500,15000,"sd","14:26:55",8223400
18050,-450,2000,"bu","14:26:49",8208400
18050,-450,600,"sd","14:26:47",8206400
18050,-450,200,"sd","14:26:47",8205800
18050,-450,100,"sd","14:26:47",8205600
18050,-450,500,"sd","14:26:47",8205500
18050,-450,500,"sd","14:26:47",8205000
18050,-450,100,"sd","14:26:47",8204500
18050,-450,200,"sd","14:26:47",8204400
18050,-450,100,"sd","14:26:47",8204200
18050,-450,1000,"sd","14:26:47",8204100
18050,-450,500,"sd","14:26:47",8203100
18050,-450,1100,"sd","14:26:47",8202600
18050,-450,8100,"sd","14:26:47",8201500
18050,-450,100,"sd","14:26:47",8193400
18050,-450,500,"sd","14:26:47",8193300
18050,-450,100,"sd","14:26:47",8192800
18050,-450,700,"sd","14:26:47",8192700
18100,-400,500,"bu","14:26:46",8192000
18050,-450,1200,"sd","14:26:45",8191500
18050,-450,800,"sd","14:26:45",8190300
18050,-450,200,"sd","14:26:44",8189500
18050,-450,800,"sd","14:26:43",8189300
18050,-450,300,"sd","14:26:43",8188500
18050,-450,300,"sd","14:26:43",8188200
18050,-450,500,"sd","14:26:43",8187900
18050,-450,1000,"sd","14:26:43",8187400
18050,-450,100,"sd","14:26:43",8186400
18050,-450,2000,"sd","14:26:43",8186300
18050,-450,1300,"sd","14:26:42",8184300
18050,-450,100,"sd","14:26:40",8183000
18050,-450,500,"sd","14:26:40",8182900
18050,-450,100,"sd","14:26:40",8182400
18050,-450,100,"sd","14:26:40",8182300
18050,-450,7700,"sd","14:26:40",8182200
18050,-450,4000,"sd","14:26:40",8174500
18050,-450,1100,"sd","14:26:40",8170500
18050,-450,700,"sd","14:26:40",8169400
18050,-450,100,"sd","14:26:40",8168700
18050,-450,100,"sd","14:26:40",8168600
18050,-450,1000,"sd","14:26:40",8168500
18050,-450,100,"sd","14:26:40",8167500
18050,-450,100,"sd","14:26:40",8167400
18050,-450,500,"sd","14:26:40",8167300
18050,-450,5000,"sd","14:26:40",8166800
18050,-450,100,"sd","14:26:40",8161800
18050,-450,2100,"sd","14:26:40",8161700
18050,-450,100,"sd","14:26:40",8159600
18050,-450,200,"sd","14:26:40",8159500
18050,-450,2000,"sd","14:26:40",8159300
18050,-450,500,"sd","14:26:40",8157300
18050,-450,300,"sd","14:26:40",8156800
18050,-450,300,"sd","14:26:40",8156500
18050,-450,800,"sd","14:26:40",8156200
18050,-450,300,"sd","14:26:40",8155400
18050,-450,100,"sd","14:26:40",8155100
18050,-450,200,"sd","14:26:40",8155000
18050,-450,300,"sd","14:26:40",8154800
18050,-450,200,"sd","14:26:40",8154500
18050,-450,200,"sd","14:26:40",8154300
18050,-450,300,"sd","14:26:40",8154100
18050,-450,300,"sd","14:26:40",8153800
18050,-450,100,"sd","14:26:40",8153500
18050,-450,200,"sd","14:26:40",8153400
18050,-450,1000,"sd","14:26:40",8153200
18050,-450,2500,"sd","14:26:40",8152200
18050,-450,100,"sd","14:26:40",8149700
18050,-450,100,"sd","14:26:40",8149600
18050,-450,500,"sd","14:26:40",8149500
18100,-400,5000,"bu","14:26:38",8149000
18100,-400,200,"bu","14:26:38",8144000
18100,-400,500,"bu","14:26:34",8143800
18100,-400,700,"bu","14:26:31",8143300
18100,-400,200,"bu","14:26:31",8142600
18100,-400,200,"bu","14:26:31",8142400
18100,-400,500,"bu","14:26:30",8142200
18100,-400,2600,"sd","14:26:28",8141700
18100,-400,1000,"sd","14:26:28",8139100
18100,-400,5000,"sd","14:26:28",8138100
18100,-400,200,"sd","14:26:28",8133100
18100,-400,2000,"sd","14:26:28",8132900
18100,-400,100,"sd","14:26:28",8130900
18100,-400,1000,"sd","14:26:28",8130800
18100,-400,1000,"sd","14:26:25",8129800
18100,-400,100,"sd","14:26:25",8128800
18100,-400,1900,"sd","14:26:25",8128700
18100,-400,100,"sd","14:26:23",8126800
18100,-400,500,"sd","14:26:23",8126700
18150,-350,600,"bu","14:26:22",8126200
18100,-400,500,"sd","14:26:19",8125600
18100,-400,500,"sd","14:26:19",8125100
18100,-400,500,"sd","14:26:18",8124600
18100,-400,100,"sd","14:26:18",8124100
18100,-400,400,"sd","14:26:18",8124000
18100,-400,400,"sd","14:26:18",8123600
18100,-400,2000,"sd","14:26:17",8123200
18100,-400,200,"sd","14:26:16",8121200
18100,-400,200,"sd","14:26:16",8121000
18100,-400,100,"sd","14:26:16",8120800
18100,-400,1400,"sd","14:26:16",8120700
18100,-400,300,"sd","14:26:16",8119300
18100,-400,1500,"sd","14:26:16",8119000
18100,-400,300,"sd","14:26:16",8117500
18100,-400,1000,"sd","14:26:16",8117200
18150,-350,700,"bu","14:26:16",8116200
18150,-350,2200,"bu","14:26:13",8115500
18100,-400,300,"sd","14:26:11",8113300
18150,-350,500,"bu","14:26:10",8113000
18100,-400,500,"sd","14:26:09",8112500
18100,-400,200,"sd","14:26:03",8112000
18100,-400,3800,"sd","14:26:03",8111800
18150,-350,1400,"bu","14:26:02",8108000
18150,-350,500,"bu","14:25:58",8106600
18100,-400,200,"sd","14:25:57",8106100
18100,-400,1000,"sd","14:25:48",8105900
18150,-350,600,"bu","14:25:45",8104900
18150,-350,100,"bu","14:25:40",8104300
18150,-350,100,"bu","14:25:34",8104200
18150,-350,500,"bu","14:25:34",8104100
18200,-300,3100,"bu","14:25:34",8103600
18150,-350,500,"bu","14:25:33",8100500
18100,-400,4000,"sd","14:25:33",8100000
18100,-400,100,"sd","14:25:33",8096000
18100,-400,100,"sd","14:25:33",8095900
18100,-400,400,"sd","14:25:33",8095800
18100,-400,1000,"sd","14:25:33",8095400
18100,-400,10000,"sd","14:25:33",8094400
18100,-400,7000,"sd","14:25:33",8084400
18100,-400,5100,"sd","14:25:33",8077400
18100,-400,300,"sd","14:25:33",8072300
18100,-400,5000,"sd","14:25:33",8072000
18100,-400,600,"sd","14:25:33",8067000
18100,-400,200,"sd","14:25:33",8066400
18100,-400,3700,"sd","14:25:33",8066200
18100,-400,300,"sd","14:25:33",8062500
18100,-400,3000,"sd","14:25:33",8062200
18100,-400,5000,"sd","14:25:33",8059200
18100,-400,100,"sd","14:25:33",8054200
18100,-400,3000,"sd","14:25:33",8054100
18100,-400,2000,"sd","14:25:33",8051100
18100,-400,10000,"sd","14:25:33",8049100
18100,-400,100,"sd","14:25:33",8039100
18100,-400,2300,"sd","14:25:33",8039000
18100,-400,800,"sd","14:25:33",8036700
18100,-400,5000,"sd","14:25:33",8035900
18100,-400,100,"sd","14:25:33",8030900
18100,-400,600,"sd","14:25:33",8030800
18100,-400,1300,"sd","14:25:33",8030200
18100,-400,400,"sd","14:25:33",8028900
18100,-400,1100,"sd","14:25:33",8028500
18100,-400,6600,"sd","14:25:33",8027400
18100,-400,1100,"sd","14:25:33",8020800
18100,-400,2500,"sd","14:25:33",8019700
18100,-400,1200,"sd","14:25:33",8017200
18100,-400,1400,"sd","14:25:33",8016000
18100,-400,1900,"sd","14:25:33",8014600
18150,-350,1500,"sd","14:25:33",8012700
18100,-400,300,"sd","14:25:33",8011200
18150,-350,200,"sd","14:25:33",8010900
18100,-400,1000,"sd","14:25:33",8010700
18100,-400,1000,"sd","14:25:33",8009700
18100,-400,1000,"sd","14:25:33",8008700
18100,-400,500,"sd","14:25:33",8007700
18100,-400,100,"sd","14:25:33",8007200
18150,-350,300,"sd","14:25:33",8007100
18100,-400,500,"sd","14:25:33",8006800
18100,-400,1400,"sd","14:25:33",8006300
18100,-400,20000,"sd","14:25:33",8004900
18100,-400,2000,"sd","14:25:33",7984900
18150,-350,1100,"sd","14:25:33",7982900
18100,-400,20000,"sd","14:25:33",7981800
18150,-350,300,"sd","14:25:33",7961800
18150,-350,1400,"sd","14:25:33",7961500
18100,-400,2100,"sd","14:25:33",7960100
18100,-400,500,"sd","14:25:33",7958000
18100,-400,1000,"sd","14:25:33",7957500
18150,-350,1500,"sd","14:25:33",7956500
18100,-400,10400,"sd","14:25:33",7955000
18100,-400,7000,"sd","14:25:33",7944600
18100,-400,300,"sd","14:25:33",7937600
18100,-400,5100,"sd","14:25:33",7937300
18150,-350,200,"sd","14:25:33",7932200
18100,-400,1300,"sd","14:25:33",7932000
18100,-400,500,"sd","14:25:33",7930700
18150,-350,6000,"sd","14:25:33",7930200
18100,-400,100,"sd","14:25:33",7924200
18100,-400,1000,"sd","14:25:33",7924100
18150,-350,100,"sd","14:25:33",7923100
18100,-400,1100,"sd","14:25:33",7923000
18150,-350,100,"sd","14:25:33",7921900
18100,-400,800,"sd","14:25:33",7921800
18150,-350,2000,"sd","14:25:33",7921000
18150,-350,200,"sd","14:25:33",7919000
18150,-350,6000,"sd","14:25:33",7918800
18150,-350,500,"sd","14:25:33",7912800
18150,-350,100,"sd","14:25:33",7912300
18150,-350,100,"sd","14:25:33",7912200
18150,-350,500,"sd","14:25:33",7912100
18150,-350,200,"sd","14:25:33",7911600
18150,-350,6200,"sd","14:25:33",7911400
18150,-350,200,"sd","14:25:33",7905200
18150,-350,2000,"sd","14:25:33",7905000
18150,-350,3000,"sd","14:25:33",7903000
18150,-350,3000,"sd","14:25:23",7900000
18200,-300,500,"bu","14:25:21",7897000
18200,-300,1400,"bu","14:25:19",7896500
18200,-300,100,"bu","14:25:15",7895100
18150,-350,100,"sd","14:25:14",7895000
18150,-350,200,"sd","14:25:14",7894900
18150,-350,800,"sd","14:25:14",7894700
18150,-350,2800,"sd","14:25:14",7893900
18150,-350,800,"sd","14:25:14",7891100
18150,-350,200,"sd","14:25:14",7890300
18150,-350,100,"sd","14:25:14",7890100
18200,-300,2800,"bu","14:25:10",7890000
18200,-300,500,"bu","14:25:09",7887200
18200,-300,1400,"bu","14:25:05",7886700
18200,-300,400,"bu","14:25:04",7885300
18200,-300,600,"bu","14:24:57",7884900
18200,-300,100,"bu","14:24:56",7884300
18200,-300,1000,"bu","14:24:56",7884200
18200,-300,2800,"bu","14:24:53",7883200
18200,-300,3000,"bu","14:24:53",7880400
18200,-300,1500,"bu","14:24:51",7877400
18200,-300,500,"bu","14:24:45",7875900
18200,-300,100,"bu","14:24:44",7875400
18200,-300,100,"bu","14:24:43",7875300
18150,-350,1000,"sd","14:24:38",7875200
18150,-350,700,"sd","14:24:38",7874200
18150,-350,100,"sd","14:24:38",7873500
18150,-350,200,"sd","14:24:38",7873400
18150,-350,200,"sd","14:24:38",7873200
18150,-350,100,"sd","14:24:38",7873000
18150,-350,200,"sd","14:24:38",7872900
18150,-350,3000,"sd","14:24:38",7872700
18150,-350,100,"sd","14:24:38",7869700
18150,-350,2200,"sd","14:24:38",7869600
18150,-350,100,"sd","14:24:38",7867400
18150,-350,500,"sd","14:24:38",7867300
18150,-350,500,"sd","14:24:38",7866800
18150,-350,800,"sd","14:24:38",7866300
18150,-350,1000,"sd","14:24:38",7865500
18150,-350,300,"sd","14:24:38",7864500
18200,-300,1400,"bu","14:24:37",7864200
18200,-300,500,"bu","14:24:37",7862800
18200,-300,100,"bu","14:24:37",7862300
18200,-300,300,"bu","14:24:36",7862200
18200,-300,1000,"bu","14:24:35",7861900
18200,-300,500,"bu","14:24:33",7860900
18150,-350,100,"sd","14:24:28",7860400
18200,-300,300,"bu","14:24:26",7860300
18150,-350,4100,"sd","14:24:25",7860000
18150,-350,1000,"sd","14:24:25",7855900
18150,-350,100,"sd","14:24:25",7854900
18150,-350,1000,"sd","14:24:25",7854800
18150,-350,1000,"sd","14:24:25",7853800
18150,-350,100,"sd","14:24:25",7852800
18150,-350,2700,"sd","14:24:25",7852700
18200,-300,1400,"bu","14:24:22",7850000
18200,-300,3000,"bu","14:24:20",7848600
18200,-300,600,"bu","14:24:20",7845600
18200,-300,100,"bu","14:24:19",7845000
18200,-300,100,"bu","14:24:18",7844900
18200,-300,5800,"bu","14:24:14",7844800
18200,-300,300,"bu","14:24:09",7839000
18200,-300,1500,"bu","14:24:08",7838700
18200,-300,5000,"bu","14:24:08",7837200
18200,-300,500,"bu","14:24:08",7832200
18200,-300,100,"bu","14:23:57",7831700
18200,-300,500,"bu","14:23:56",7831600
18200,-300,1400,"bu","14:23:54",7831100
18200,-300,1000,"bu","14:23:52",7829700
18200,-300,2400,"bu","14:23:50",7828700
18200,-300,200,"bu","14:23:47",7826300
18200,-300,800,"sd","14:23:47",7826100
18200,-300,600,"sd","14:23:47",7825300
18200,-300,600,"sd","14:23:47",7824700
18200,-300,200,"sd","14:23:47",7824100
18200,-300,100,"sd","14:23:47",7823900
18200,-300,1500,"sd","14:23:47",7823800
18200,-300,3600,"sd","14:23:47",7822300
18200,-300,2000,"sd","14:23:45",7818700
18250,-250,100,"bu","14:23:44",7816700
18250,-250,600,"bu","14:23:44",7816600
18200,-300,100,"sd","14:23:37",7816000
18200,-300,100,"sd","14:23:37",7815900
18200,-300,200,"sd","14:23:37",7815800
18200,-300,1500,"sd","14:23:37",7815600
18200,-300,100,"sd","14:23:37",7814100
18200,-300,200,"sd","14:23:36",7814000
18200,-300,500,"sd","14:23:36",7813800
18200,-300,100,"sd","14:23:36",7813300
18200,-300,400,"sd","14:23:35",7813200
18200,-300,100,"sd","14:23:35",7812800
18200,-300,1900,"sd","14:23:35",7812700
18200,-300,100,"sd","14:23:33",7810800
18200,-300,1100,"sd","14:23:33",7810700
18200,-300,900,"sd","14:23:33",7809600
18200,-300,500,"sd","14:23:33",7808700
18200,-300,500,"sd","14:23:33",7808200
18200,-300,100,"sd","14:23:33",7807700
18200,-300,100,"sd","14:23:33",7807600
18200,-300,1600,"sd","14:23:33",7807500
18200,-300,100,"sd","14:23:33",7805900
18250,-250,500,"bu","14:23:32",7805800
18200,-300,900,"sd","14:23:28",7805300
18200,-300,4100,"sd","14:23:28",7804400
18200,-300,100,"sd","14:23:26",7800300
18200,-300,900,"sd","14:23:25",7800200
18250,-250,500,"bu","14:23:20",7799300
18200,-300,600,"sd","14:23:13",7798800
18200,-300,1600,"sd","14:23:13",7798200
18250,-250,1500,"bu","14:23:11",7796600
18250,-250,500,"bu","14:23:08",7795100
18200,-300,1000,"sd","14:23:06",7794600
18200,-300,2000,"sd","14:23:03",7793600
18250,-250,1400,"bu","14:22:57",7791600
18250,-250,200,"bu","14:22:57",7790200
18250,-250,600,"bu","14:22:56",7790000
18200,-300,400,"sd","14:22:49",7789400
18200,-300,200,"sd","14:22:49",7789000
18200,-300,400,"sd","14:22:49",7788800
18200,-300,200,"sd","14:22:49",7788400
18200,-300,1000,"sd","14:22:49",7788200
18200,-300,2000,"sd","14:22:49",7787200
18200,-300,200,"sd","14:22:49",7785200
18200,-300,5000,"sd","14:22:49",7785000
18200,-300,600,"sd","14:22:49",7780000
18250,-250,100,"bu","14:22:43",7779400
18250,-250,1600,"bu","14:22:43",7779300
18250,-250,500,"bu","14:22:43",7777700
18250,-250,500,"bu","14:22:31",7777200
18250,-250,5000,"bu","14:22:30",7776700
18200,-300,400,"sd","14:22:24",7771700
18200,-300,600,"sd","14:22:24",7771300
18250,-250,600,"bu","14:22:19",7770700
18250,-250,900,"bu","14:22:14",7770100
18250,-250,700,"bu","14:22:14",7769200
18250,-250,500,"bu","14:22:07",7768500
18250,-250,100,"bu","14:22:04",7768000
18250,-250,1700,"bu","14:22:00",7767900
18200,-300,100,"sd","14:22:00",7766200
18250,-250,500,"bu","14:22:00",7766100
18250,-250,500,"bu","14:21:55",7765600
18200,-300,100,"sd","14:21:54",7765100
18250,-250,100,"bu","14:21:48",7765000
18250,-250,5400,"bu","14:21:48",7764900
18250,-250,500,"bu","14:21:46",7759500
18250,-250,500,"bu","14:21:46",7759000
18250,-250,600,"bu","14:21:46",7758500
18250,-250,500,"bu","14:21:43",7757900
18200,-300,700,"sd","14:21:42",7757400
18200,-300,100,"sd","14:21:39",7756700
18200,-300,2000,"bu","14:21:39",7756600
18200,-300,6000,"bu","14:21:39",7754600
18200,-300,400,"bu","14:21:39",7748600
18200,-300,100,"bu","14:21:37",7748200
18200,-300,300,"bu","14:21:36",7748100
18200,-300,100,"bu","14:21:34",7747800
18200,-300,100,"bu","14:21:32",7747700
18200,-300,1500,"bu","14:21:32",7747600
18200,-300,600,"bu","14:21:31",7746100
18200,-300,400,"bu","14:21:29",7745500
18200,-300,100,"bu","14:21:29",7745100
18200,-300,100,"bu","14:21:29",7745000
18200,-300,400,"bu","14:21:29",7744900
18200,-300,100,"bu","14:21:28",7744500
18200,-300,500,"bu","14:21:28",7744400
18200,-300,1400,"bu","14:21:28",7743900
18200,-300,1000,"bu","14:21:28",7742500
18200,-300,2000,"bu","14:21:26",7741500
18200,-300,100,"bu","14:21:26",7739500
18200,-300,3000,"bu","14:21:24",7739400
18150,-350,300,"sd","14:21:23",7736400
18150,-350,700,"sd","14:21:23",7736100
18200,-300,5000,"bu","14:21:21",7735400
18200,-300,1000,"bu","14:21:21",7730400
18200,-300,500,"bu","14:21:18",7729400
18200,-300,1600,"bu","14:21:17",7728900
18200,-300,1000,"bu","14:21:15",7727300
18200,-300,500,"bu","14:21:11",7726300
18200,-300,5000,"bu","14:21:09",7725800
18200,-300,1000,"bu","14:21:09",7720800
18200,-300,5000,"bu","14:21:07",7719800
18200,-300,1000,"bu","14:21:07",7714800
18200,-300,500,"bu","14:21:06",7713800
18200,-300,1100,"bu","14:21:05",7713300
18200,-300,1600,"bu","14:21:03",7712200
18200,-300,300,"bu","14:21:02",7710600
18200,-300,200,"bu","14:21:01",7710300
18200,-300,100,"bu","14:20:56",7710100
18200,-300,600,"bu","14:20:54",7710000
18200,-300,2000,"bu","14:20:54",7709400
18200,-300,1000,"bu","14:20:50",7707400
18200,-300,300,"bu","14:20:49",7706400
18200,-300,1300,"bu","14:20:49",7706100
18200,-300,4600,"bu","14:20:43",7704800
18200,-300,500,"bu","14:20:42",7700200
18200,-300,1600,"bu","14:20:35",7699700
18200,-300,100,"bu","14:20:34",7698100
18200,-300,200,"bu","14:20:33",7698000
18150,-350,700,"sd","14:20:32",7697800
18200,-300,500,"bu","14:20:30",7697100
18200,-300,1000,"bu","14:20:24",7696600
18200,-300,1000,"bu","14:20:23",7695600
18200,-300,200,"bu","14:20:21",7694600
18200,-300,500,"bu","14:20:21",7694400
18200,-300,900,"bu","14:20:21",7693900
18200,-300,600,"bu","14:20:18",7693000
18200,-300,500,"bu","14:20:15",7692400
18200,-300,2300,"bu","14:20:12",7691900
18200,-300,3000,"bu","14:20:11",7689600
18200,-300,1200,"bu","14:20:06",7686600
18200,-300,500,"bu","14:20:06",7685400
18200,-300,500,"bu","14:20:06",7684900
18200,-300,1300,"bu","14:20:04",7684400
18200,-300,700,"bu","14:20:04",7683100
18200,-300,100,"bu","14:20:02",7682400
18200,-300,100,"bu","14:19:59",7682300
18200,-300,500,"bu","14:19:53",7682200
18200,-300,1600,"bu","14:19:53",7681700
18200,-300,100,"bu","14:19:50",7680100
18200,-300,500,"bu","14:19:47",7680000
18200,-300,500,"bu","14:19:41",7679500
18200,-300,500,"sd","14:19:39",7679000
18200,-300,2500,"sd","14:19:39",7678500
18200,-300,100,"sd","14:19:39",7676000
18200,-300,500,"sd","14:19:39",7675900
18200,-300,100,"sd","14:19:39",7675400
18200,-300,1000,"sd","14:19:39",7675300
18200,-300,1200,"sd","14:19:39",7674300
18250,-250,1600,"bu","14:19:38",7673100
18250,-250,600,"bu","14:19:29",7671500
18250,-250,100,"bu","14:19:29",7670900
18250,-250,1600,"bu","14:19:24",7670800
18250,-250,600,"bu","14:19:23",7669200
18200,-300,100,"sd","14:19:19",7668600
18200,-300,300,"sd","14:19:17",7668500
18250,-250,500,"bu","14:19:17",7668200
18200,-300,100,"sd","14:19:17",7667700
18200,-300,1000,"sd","14:19:17",7667600
18200,-300,200,"sd","14:19:17",7666600
18200,-300,1600,"sd","14:19:17",7666400
18200,-300,2100,"sd","14:19:17",7664800
18200,-300,2900,"sd","14:19:13",7662700
18200,-300,400,"sd","14:19:13",7659800
18200,-300,2500,"sd","14:19:13",7659400
18250,-250,100,"bu","14:19:10",7656900
18200,-300,1000,"sd","14:19:10",7656800
18200,-300,300,"sd","14:19:10",7655800
18250,-250,1000,"bu","14:19:10",7655500
18250,-250,1600,"bu","14:19:10",7654500
18250,-250,100,"bu","14:19:05",7652900
18250,-250,300,"bu","14:19:05",7652800
18250,-250,100,"bu","14:19:05",7652500
18200,-300,1700,"sd","14:19:03",7652400
18200,-300,1000,"sd","14:19:03",7650700
18200,-300,2000,"sd","14:19:03",7649700
18200,-300,500,"sd","14:19:02",7647700
18200,-300,1000,"sd","14:19:02",7647200
18200,-300,1500,"sd","14:19:02",7646200
18200,-300,100,"sd","14:19:02",7644700
18200,-300,300,"sd","14:19:02",7644600
18200,-300,200,"sd","14:19:02",7644300
18200,-300,1600,"sd","14:19:02",7644100
18200,-300,200,"sd","14:19:02",7642500
18200,-300,100,"sd","14:19:02",7642300
18200,-300,1000,"sd","14:19:02",7642200
18200,-300,2500,"sd","14:19:02",7641200
18200,-300,1000,"sd","14:19:02",7638700
18200,-300,1600,"sd","14:19:02",7637700
18200,-300,500,"sd","14:19:02",7636100
18200,-300,1000,"sd","14:19:02",7635600
18200,-300,1900,"sd","14:19:02",7634600
18200,-300,3100,"sd","14:18:57",7632700
18200,-300,100,"sd","14:18:57",7629600
18200,-300,500,"sd","14:18:57",7629500
18200,-300,10000,"sd","14:18:57",7629000
18200,-300,200,"sd","14:18:57",7619000
18200,-300,1000,"sd","14:18:57",7618800
18200,-300,500,"sd","14:18:57",7617800
18200,-300,4500,"sd","14:18:57",7617300
18200,-300,100,"sd","14:18:57",7612800
18250,-250,2700,"bu","14:18:56",7612700
18250,-250,1100,"bu","14:18:56",7610000
18250,-250,200,"bu","14:18:56",7608900
18200,-300,200,"sd","14:18:55",7608700
18200,-300,700,"sd","14:18:54",7608500
18200,-300,200,"sd","14:18:54",7607800
18250,-250,300,"bu","14:18:53",7607600
18250,-250,300,"bu","14:18:53",7607300
18200,-300,300,"sd","14:18:53",7607000
18200,-300,20000,"sd","14:18:45",7606700
18200,-300,1600,"sd","14:18:45",7586700
18200,-300,1200,"sd","14:18:43",7585100
18200,-300,500,"sd","14:18:42",7583900
18250,-250,1600,"bu","14:18:41",7583400
18250,-250,500,"bu","14:18:41",7581800
18200,-300,600,"sd","14:18:41",7581300
18250,-250,4600,"bu","14:18:34",7580700
18200,-300,1000,"sd","14:18:31",7576100
18200,-300,2000,"sd","14:18:31",7575100
18250,-250,500,"bu","14:18:28",7573100
18250,-250,500,"bu","14:18:28",7572600
18200,-300,40000,"sd","14:18:25",7572100
18200,-300,32600,"sd","14:18:22",7532100
18200,-300,1000,"sd","14:18:22",7499500
18200,-300,1800,"sd","14:18:22",7498500
18200,-300,200,"sd","14:18:22",7496700
18200,-300,10000,"sd","14:18:22",7496500
18200,-300,200,"sd","14:18:22",7486500
18200,-300,200,"sd","14:18:22",7486300
18200,-300,1000,"sd","14:18:22",7486100
18200,-300,300,"sd","14:18:22",7485100
18200,-300,2700,"sd","14:18:22",7484800
18250,-250,1000,"bu","14:18:18",7482100
18250,-250,600,"bu","14:18:16",7481100
18250,-250,400,"bu","14:18:12",7480500
18250,-250,1200,"bu","14:18:12",7480100
18200,-300,100,"sd","14:18:12",7478900
18250,-250,500,"bu","14:18:04",7478800
18200,-300,500,"sd","14:17:59",7478300
18250,-250,300,"bu","14:17:58",7477800
18250,-250,500,"bu","14:17:58",7477500
18250,-250,800,"bu","14:17:58",7477000
18250,-250,2000,"bu","14:17:57",7476200
18200,-300,1300,"sd","14:17:56",7474200
18200,-300,2000,"sd","14:17:56",7472900
18200,-300,100,"sd","14:17:56",7470900
18200,-300,100,"sd","14:17:56",7470800
18200,-300,2500,"sd","14:17:56",7470700
18200,-300,200,"sd","14:17:56",7468200
18200,-300,300,"sd","14:17:56",7468000
18200,-300,500,"sd","14:17:56",7467700
18250,-250,500,"bu","14:17:52",7467200
18200,-300,1000,"sd","14:17:49",7466700
18200,-300,600,"sd","14:17:41",7465700
18250,-250,500,"bu","14:17:40",7465100
18200,-300,2000,"sd","14:17:39",7464600
18200,-300,3000,"sd","14:17:31",7462600
18250,-250,1600,"bu","14:17:30",7459600
18250,-250,600,"bu","14:17:28",7458000
18200,-300,2900,"sd","14:17:22",7457400
18200,-300,300,"sd","14:17:22",7454500
18200,-300,100,"sd","14:17:22",7454200
18200,-300,200,"sd","14:17:22",7454100
18200,-300,100,"sd","14:17:22",7453900
18200,-300,100,"sd","14:17:22",7453800
18200,-300,9000,"sd","14:17:22",7453700
18200,-300,5000,"sd","14:17:22",7444700
18200,-300,2300,"sd","14:17:22",7439700
18200,-300,1000,"sd","14:17:16",7437400
18250,-250,500,"bu","14:17:16",7436400
18200,-300,1300,"sd","14:17:05",7435900
18200,-300,700,"sd","14:17:05",7434600
18250,-250,500,"bu","14:17:03",7433900
18250,-250,1600,"bu","14:17:02",7433400
18250,-250,500,"bu","14:16:57",7431800
18250,-250,600,"bu","14:16:51",7431300
18250,-250,1700,"bu","14:16:47",7430700
18250,-250,500,"bu","14:16:39",7429000
18250,-250,500,"bu","14:16:39",7428500
18250,-250,800,"bu","14:16:38",7428000
18250,-250,1600,"bu","14:16:33",7427200
18250,-250,500,"bu","14:16:27",7425600
18250,-250,4600,"bu","14:16:22",7425100
18250,-250,100,"bu","14:16:20",7420500
18250,-250,900,"bu","14:16:20",7420400
18250,-250,100,"bu","14:16:19",7419500
18250,-250,1500,"bu","14:16:19",7419400
18250,-250,500,"bu","14:16:15",7417900
18250,-250,300,"bu","14:16:08",7417400
18250,-250,400,"bu","14:16:05",7417100
18250,-250,1600,"bu","14:16:05",7416700
18250,-250,600,"bu","14:16:03",7415100
18250,-250,100,"bu","14:15:57",7414500
18250,-250,1300,"sd","14:15:55",7414400
18250,-250,200,"sd","14:15:53",7413100
18250,-250,100,"sd","14:15:52",7412900
18250,-250,500,"sd","14:15:52",7412800
18250,-250,100,"sd","14:15:52",7412300
18250,-250,10000,"sd","14:15:52",7412200
18250,-250,100,"sd","14:15:52",7402200
18250,-250,200,"sd","14:15:52",7402100
18250,-250,500,"sd","14:15:52",7401900
18250,-250,8300,"sd","14:15:52",7401400
18250,-250,3500,"sd","14:15:52",7393100
18250,-250,200,"sd","14:15:52",7389600
18250,-250,100,"sd","14:15:52",7389400
18250,-250,100,"sd","14:15:52",7389300
18250,-250,4600,"sd","14:15:52",7389200
18250,-250,1700,"sd","14:15:52",7384600
18300,-200,500,"bu","14:15:51",7382900
18250,-250,10000,"sd","14:15:51",7382400
18300,-200,1000,"bu","14:15:51",7372400
18250,-250,5700,"sd","14:15:50",7371400
18250,-250,4300,"sd","14:15:50",7365700
18250,-250,700,"sd","14:15:46",7361400
18250,-250,300,"sd","14:15:46",7360700
18300,-200,300,"bu","14:15:45",7360400
18300,-200,500,"bu","14:15:39",7360100
18300,-200,1400,"bu","14:15:36",7359600
18300,-200,200,"bu","14:15:36",7358200
18300,-200,200,"bu","14:15:27",7358000
18300,-200,600,"bu","14:15:26",7357800
18300,-200,1600,"bu","14:15:22",7357200
18300,-200,500,"bu","14:15:14",7355600
18250,-250,100,"sd","14:15:14",7355100
18300,-200,900,"bu","14:15:13",7355000
18300,-200,100,"bu","14:15:13",7354100
18250,-250,500,"sd","14:15:10",7354000
18300,-200,1000,"bu","14:15:07",7353500
18300,-200,700,"bu","14:15:07",7352500
18300,-200,300,"bu","14:15:02",7351800
18300,-200,200,"bu","14:15:02",7351500
18300,-200,1700,"bu","14:14:53",7351300
18300,-200,600,"bu","14:14:50",7349600
18300,-200,1500,"bu","14:14:40",7349000
18300,-200,100,"bu","14:14:40",7347500
18300,-200,100,"bu","14:14:40",7347400
18300,-200,500,"bu","14:14:39",7347300
18300,-200,100,"bu","14:14:36",7346800
18300,-200,400,"bu","14:14:33",7346700
18300,-200,600,"bu","14:14:33",7346300
18300,-200,500,"bu","14:14:26",7345700
18300,-200,1700,"bu","14:14:25",7345200
18300,-200,200,"bu","14:14:14",7343500
18300,-200,300,"bu","14:14:14",7343300
18250,-250,100,"sd","14:14:14",7343000
18250,-250,500,"sd","14:14:03",7342900
18300,-200,600,"bu","14:14:01",7342400
18300,-200,100,"bu","14:13:57",7341800
18300,-200,1500,"bu","14:13:57",7341700
18300,-200,500,"bu","14:13:49",7340200
18250,-250,200,"sd","14:13:48",7339700
18250,-250,100,"sd","14:13:48",7339500
18250,-250,300,"sd","14:13:48",7339400
18250,-250,100,"sd","14:13:48",7339100
18250,-250,300,"sd","14:13:48",7339000
18300,-200,1000,"bu","14:13:42",7338700
18300,-200,700,"bu","14:13:42",7337700
18300,-200,500,"bu","14:13:37",7337000
18250,-250,700,"sd","14:13:32",7336500
18250,-250,300,"sd","14:13:32",7335800
18250,-250,500,"sd","14:13:29",7335500
18300,-200,800,"bu","14:13:28",7335000
18300,-200,200,"bu","14:13:28",7334200
18300,-200,100,"bu","14:13:28",7334000
18300,-200,600,"bu","14:13:28",7333900
18300,-200,500,"bu","14:13:25",7333300
18300,-200,100,"bu","14:13:25",7332800
18250,-250,1200,"bu","14:13:25",7332700
18250,-250,1000,"sd","14:13:19",7331500
18250,-250,100,"sd","14:13:19",7330500
18250,-250,1700,"sd","14:13:19",7330400
18250,-250,700,"sd","14:13:19",7328700
18250,-250,100,"sd","14:13:19",7328000
18250,-250,5200,"sd","14:13:19",7327900
18300,-200,1700,"bu","14:13:15",7322700
18300,-200,500,"bu","14:13:13",7321000
18250,-250,600,"sd","14:13:11",7320500
18250,-250,500,"sd","14:13:04",7319900
18250,-250,3000,"sd","14:13:03",7319400
18250,-250,1000,"sd","14:13:03",7316400
18300,-200,500,"bu","14:13:01",7315400
18250,-250,800,"sd","14:12:54",7314900
18250,-250,5000,"bu","14:12:51",7314100
18250,-250,2000,"bu","14:12:51",7309100
18250,-250,100,"bu","14:12:51",7307100
18250,-250,1800,"bu","14:12:51",7307000
18250,-250,500,"bu","14:12:49",7305200
18250,-250,1700,"bu","14:12:45",7304700
18250,-250,100,"bu","14:12:45",7303000
18250,-250,19900,"bu","14:12:41",7302900
18250,-250,100,"bu","14:12:41",7283000
18250,-250,600,"bu","14:12:36",7282900
18250,-250,2200,"bu","14:12:35",7282300
18250,-250,100,"bu","14:12:35",7280100
18250,-250,200,"bu","14:12:35",7280000
18250,-250,1000,"bu","14:12:34",7279800
18250,-250,1700,"bu","14:12:32",7278800
18250,-250,1100,"bu","14:12:27",7277100
18250,-250,300,"bu","14:12:27",7276000
18250,-250,200,"bu","14:12:27",7275700
18250,-250,1400,"bu","14:12:27",7275500
18250,-250,500,"bu","14:12:24",7274100
18250,-250,1600,"bu","14:12:17",7273600
18250,-250,1000,"bu","14:12:17",7272000
18250,-250,3900,"bu","14:12:17",7271000
18250,-250,500,"bu","14:12:12",7267100
18250,-250,1100,"bu","14:12:02",7266600
18250,-250,600,"bu","14:12:02",7265500
18250,-250,500,"bu","14:12:01",7264900
18250,-250,600,"bu","14:12:00",7264400
18250,-250,300,"bu","14:12:00",7263800
18250,-250,5000,"bu","14:12:00",7263500
18250,-250,1700,"bu","14:12:00",7258500
18250,-250,3500,"bu","14:11:59",7256800
18250,-250,1100,"bu","14:11:59",7253300
18250,-250,1700,"bu","14:11:48",7252200
18250,-250,400,"bu","14:11:47",7250500
18250,-250,100,"bu","14:11:47",7250100
18250,-250,1000,"bu","14:11:44",7250000
18250,-250,1700,"bu","14:11:35",7249000
18250,-250,1000,"sd","14:11:31",7247300
18250,-250,1000,"sd","14:11:31",7246300
18250,-250,200,"sd","14:11:26",7245300
18250,-250,1700,"sd","14:11:26",7245100
18250,-250,500,"sd","14:11:26",7243400
18250,-250,600,"sd","14:11:26",7242900
18250,-250,400,"sd","14:11:23",7242300
18250,-250,1600,"sd","14:11:23",7241900
18250,-250,100,"sd","14:11:10",7240300
18250,-250,1000,"bu","14:11:01",7240200
18250,-250,400,"sd","14:11:01",7239200
18250,-250,400,"sd","14:11:01",7238800
18250,-250,2000,"sd","14:11:01",7238400
18250,-250,1200,"sd","14:11:01",7236400
18250,-250,100,"bu","14:10:51",7235200
18250,-250,400,"bu","14:10:51",7235100
18250,-250,100,"bu","14:10:50",7234700
18250,-250,400,"bu","14:10:50",7234600
18250,-250,100,"bu","14:10:50",7234200
18250,-250,200,"bu","14:10:50",7234100
18250,-250,200,"bu","14:10:50",7233900
18250,-250,2000,"bu","14:10:49",7233700
18250,-250,5000,"bu","14:10:49",7231700
18200,-300,100,"sd","14:10:46",7226700
18200,-300,700,"sd","14:10:46",7226600
18200,-300,4200,"sd","14:10:46",7225900
18250,-250,5000,"bu","14:10:41",7221700
18250,-250,1400,"bu","14:10:41",7216700
18250,-250,100,"bu","14:10:41",7215300
18250,-250,5000,"bu","14:10:41",7215200
18250,-250,200,"bu","14:10:41",7210200
18250,-250,100,"bu","14:10:41",7210000
18250,-250,2000,"bu","14:10:41",7209900
18250,-250,100,"bu","14:10:41",7207900
18250,-250,3000,"bu","14:10:41",7207800
18250,-250,5000,"bu","14:10:41",7204800
18250,-250,1100,"bu","14:10:41",7199800
18250,-250,2000,"bu","14:10:41",7198700
18250,-250,100,"bu","14:10:41",7196700
18250,-250,500,"bu","14:10:41",7196600
18250,-250,26600,"bu","14:10:41",7196100
18250,-250,20000,"bu","14:10:41",7169500
18250,-250,27800,"bu","14:10:41",7149500
18200,-300,100,"sd","14:10:21",7121700
18200,-300,100,"sd","14:10:05",7121600
18200,-300,2000,"sd","14:10:04",7121500
18200,-300,1000,"sd","14:09:56",7119500
18200,-300,500,"sd","14:09:47",7118500
18200,-300,1000,"sd","14:09:27",7118000
18250,-250,2000,"bu","14:09:14",7117000
18250,-250,100,"bu","14:09:06",7115000
18250,-250,100,"bu","14:08:48",7114900
18250,-250,300,"bu","14:08:45",7114800
18250,-250,2800,"bu","14:08:42",7114500
18250,-250,300,"bu","14:08:26",7111700
18250,-250,300,"bu","14:08:15",7111400
18200,-300,1000,"sd","14:08:04",7111100
18200,-300,100,"sd","14:08:00",7110100
18200,-300,100,"sd","14:07:46",7110000
18200,-300,400,"sd","14:07:46",7109900
18200,-300,100,"sd","14:07:46",7109500
18200,-300,100,"sd","14:07:44",7109400
18200,-300,200,"sd","14:07:40",7109300
18250,-250,100,"bu","14:07:37",7109100
18200,-300,500,"sd","14:07:19",7109000
18200,-300,200,"sd","14:07:15",7108500
18250,-250,300,"bu","14:07:07",7108300
18200,-300,1300,"sd","14:07:07",7108000
18200,-300,1500,"sd","14:07:03",7106700
18200,-300,200,"sd","14:07:03",7105200
18200,-300,200,"sd","14:07:03",7105000
18200,-300,100,"sd","14:07:03",7104800
18200,-300,200,"sd","14:07:03",7104700
18200,-300,100,"sd","14:07:03",7104500
18200,-300,500,"sd","14:07:03",7104400
18200,-300,1000,"sd","14:07:03",7103900
18200,-300,100,"sd","14:07:03",7102900
18200,-300,1100,"sd","14:07:03",7102800
18200,-300,2000,"sd","14:07:02",7101700
18250,-250,300,"bu","14:06:46",7099700
18200,-300,400,"sd","14:06:36",7099400
18200,-300,1100,"sd","14:06:36",7099000
18200,-300,100,"sd","14:06:36",7097900
18200,-300,900,"sd","14:06:36",7097800
18200,-300,4000,"sd","14:06:26",7096900
18200,-300,100,"sd","14:06:19",7092900
18200,-300,500,"sd","14:06:19",7092800
18200,-300,3500,"sd","14:06:19",7092300
18200,-300,1000,"sd","14:06:18",7088800
18200,-300,100,"sd","14:06:16",7087800
18200,-300,600,"sd","14:06:16",7087700
18200,-300,5000,"sd","14:06:15",7087100
18200,-300,300,"sd","14:06:13",7082100
18200,-300,100,"sd","14:06:08",7081800
18200,-300,100,"sd","14:06:07",7081700
18200,-300,2000,"sd","14:06:04",7081600
18200,-300,10000,"sd","14:06:00",7079600
18200,-300,600,"sd","14:05:52",7069600
18200,-300,2000,"sd","14:05:51",7069000
18200,-300,300,"sd","14:05:46",7067000
18200,-300,4000,"sd","14:05:42",7066700
18200,-300,1000,"sd","14:05:41",7062700
18200,-300,3800,"sd","14:05:28",7061700
18200,-300,15600,"sd","14:04:56",7057900
18200,-300,400,"sd","14:04:56",7042300
18200,-300,1000,"sd","14:04:56",7041900
18200,-300,1000,"sd","14:04:56",7040900
18200,-300,10000,"sd","14:04:56",7039900
18200,-300,300,"sd","14:04:56",7029900
18200,-300,1000,"sd","14:04:56",7029600
18200,-300,700,"sd","14:04:56",7028600
18200,-300,3000,"sd","14:04:43",7027900
18200,-300,100,"sd","14:04:39",7024900
18200,-300,1000,"sd","14:04:30",7024800
18200,-300,200,"sd","14:04:25",7023800
18200,-300,500,"sd","14:04:25",7023600
18200,-300,100,"sd","14:04:25",7023100
18200,-300,100,"sd","14:04:25",7023000
18200,-300,100,"sd","14:04:25",7022900
18200,-300,200,"sd","14:04:23",7022800
18200,-300,100,"sd","14:04:23",7022600
18200,-300,1000,"sd","14:04:23",7022500
18200,-300,600,"sd","14:04:23",7021500
18200,-300,100,"sd","14:04:23",7020900
18200,-300,900,"sd","14:04:19",7020800
18200,-300,4100,"sd","14:04:19",7019900
18200,-300,2000,"sd","14:04:18",7015800
18200,-300,300,"sd","14:04:18",7013800
18200,-300,100,"sd","14:04:18",7013500
18200,-300,100,"sd","14:04:18",7013400
18200,-300,200,"sd","14:04:18",7013300
18200,-300,4800,"sd","14:04:18",7013100
18200,-300,1000,"sd","14:04:18",7008300
18200,-300,500,"sd","14:04:18",7007300
18200,-300,500,"sd","14:04:18",7006800
18200,-300,2000,"sd","14:04:18",7006300
18200,-300,400,"sd","14:04:18",7004300
18200,-300,100,"sd","14:04:18",7003900
18200,-300,1000,"sd","14:04:18",7003800
18200,-300,100,"sd","14:04:18",7002800
18200,-300,2200,"sd","14:04:18",7002700
18200,-300,100,"sd","14:04:18",7000500
18200,-300,1000,"sd","14:04:18",7000400
18200,-300,500,"sd","14:04:18",6999400
18200,-300,500,"sd","14:04:18",6998900
18200,-300,1000,"sd","14:04:18",6998400
18200,-300,1000,"sd","14:04:18",6997400
18200,-300,500,"sd","14:04:18",6996400
18200,-300,1000,"sd","14:04:18",6995900
18200,-300,100,"sd","14:04:18",6994900
18200,-300,100,"sd","14:04:18",6994800
18200,-300,2000,"sd","14:04:18",6994700
18200,-300,1000,"sd","14:04:18",6992700
18200,-300,100,"sd","14:04:18",6991700
18200,-300,1000,"sd","14:04:18",6991600
18200,-300,500,"sd","14:04:18",6990600
18200,-300,500,"sd","14:04:18",6990100
18200,-300,100,"sd","14:04:18",6989600
18200,-300,500,"sd","14:04:18",6989500
18200,-300,1000,"sd","14:04:18",6989000
18200,-300,100,"sd","14:04:18",6988000
18200,-300,5000,"sd","14:04:18",6987900
18200,-300,17100,"sd","14:04:18",6982900
18200,-300,500,"sd","14:04:10",6965800
18200,-300,200,"sd","14:03:58",6965300
18200,-300,1000,"sd","14:03:58",6965100
18200,-300,20000,"sd","14:03:54",6964100
18250,-250,1000,"bu","14:03:54",6944100
18200,-300,6000,"sd","14:03:45",6943100
18200,-300,3000,"sd","14:03:34",6937100
18200,-300,2200,"sd","14:03:27",6934100
18200,-300,800,"sd","14:03:27",6931900
18200,-300,100,"sd","14:03:20",6931100
18200,-300,1000,"sd","14:03:20",6931000
18200,-300,1000,"sd","14:03:20",6930000
18200,-300,200,"sd","14:03:20",6929000
18200,-300,200,"sd","14:03:20",6928800
18200,-300,500,"sd","14:03:20",6928600
18200,-300,200,"sd","14:03:10",6928100
18200,-300,800,"sd","14:03:05",6927900
18200,-300,2000,"sd","14:03:05",6927100
18200,-300,1800,"sd","14:03:05",6925100
18200,-300,200,"sd","14:03:05",6923300
18200,-300,200,"sd","14:03:05",6923100
18200,-300,200,"sd","14:03:04",6922900
18250,-250,100,"sd","14:03:01",6922700
18250,-250,1000,"sd","14:03:01",6922600
18250,-250,700,"sd","14:03:01",6921600
18250,-250,100,"sd","14:03:01",6920900
18250,-250,500,"sd","14:03:01",6920800
18250,-250,100,"sd","14:03:01",6920300
18250,-250,4900,"sd","14:03:01",6920200
18250,-250,100,"sd","14:03:01",6915300
18250,-250,1000,"sd","14:03:01",6915200
18250,-250,2000,"sd","14:03:01",6914200
18250,-250,500,"sd","14:03:01",6912200
18250,-250,500,"sd","14:03:01",6911700
18250,-250,5000,"sd","14:03:01",6911200
18250,-250,1000,"sd","14:03:01",6906200
18250,-250,500,"sd","14:03:01",6905200
18250,-250,100,"sd","14:03:01",6904700
18250,-250,6000,"sd","14:03:01",6904600
18250,-250,15000,"sd","14:03:01",6898600
18250,-250,500,"sd","14:03:01",6883600
18250,-250,1000,"sd","14:03:01",6883100
18250,-250,1100,"sd","14:03:01",6882100
18250,-250,1000,"sd","14:03:01",6881000
18250,-250,1000,"sd","14:03:01",6880000
18250,-250,1000,"sd","14:03:01",6879000
18250,-250,1000,"sd","14:03:01",6878000
18250,-250,1000,"sd","14:03:01",6877000
18300,-200,200,"bu","14:02:54",6876000
18300,-200,600,"bu","14:02:54",6875800
18300,-200,100,"bu","14:02:53",6875200
18300,-200,200,"bu","14:02:49",6875100
18300,-200,100,"bu","14:02:45",6874900
18300,-200,1000,"sd","14:02:41",6874800
18300,-200,1000,"sd","14:02:39",6873800
18350,-150,600,"bu","14:02:39",6872800
18300,-200,2000,"sd","14:02:39",6872200
18300,-200,500,"sd","14:02:39",6870200
18300,-200,500,"sd","14:02:38",6869700
18300,-200,2000,"sd","14:02:36",6869200
18300,-200,200,"sd","14:02:34",6867200
18300,-200,4800,"sd","14:02:34",6867000
18300,-200,15200,"sd","14:02:34",6862200
18300,-200,100,"sd","14:02:34",6847000
18300,-200,200,"sd","14:02:34",6846900
18300,-200,100,"sd","14:02:34",6846700
18300,-200,500,"sd","14:02:34",6846600
18300,-200,4000,"sd","14:02:34",6846100
18300,-200,2000,"sd","14:02:32",6842100
18300,-200,200,"sd","14:02:31",6840100
18300,-200,3800,"sd","14:02:31",6839900
18300,-200,400,"sd","14:02:31",6836100
18300,-200,300,"sd","14:02:31",6835700
18300,-200,2000,"sd","14:02:31",6835400
18300,-200,100,"sd","14:02:31",6833400
18300,-200,3400,"sd","14:02:31",6833300
18300,-200,500,"sd","14:02:29",6829900
18300,-200,100,"sd","14:02:28",6829400
18300,-200,2000,"sd","14:02:27",6829300
18300,-200,1000,"sd","14:02:27",6827300
18300,-200,500,"sd","14:02:26",6826300
18300,-200,2500,"sd","14:02:23",6825800
18300,-200,300,"sd","14:02:23",6823300
18300,-200,2000,"sd","14:02:23",6823000
18300,-200,100,"sd","14:02:23",6821000
18300,-200,5100,"sd","14:02:23",6820900
18300,-200,4900,"sd","14:02:23",6815800
18300,-200,1000,"sd","14:02:23",6810900
18300,-200,1000,"sd","14:02:23",6809900
18300,-200,2000,"sd","14:02:23",6808900
18300,-200,100,"sd","14:02:23",6806900
18300,-200,500,"sd","14:02:23",6806800
18300,-200,10000,"sd","14:02:23",6806300
18300,-200,500,"sd","14:02:23",6796300
18300,-200,400,"sd","14:02:21",6795800
18350,-150,1000,"bu","14:02:19",6795400
18300,-200,100,"sd","14:02:18",6794400
18300,-200,100,"sd","14:02:18",6794300
18300,-200,900,"sd","14:02:15",6794200
18300,-200,1100,"sd","14:02:15",6793300
18300,-200,900,"sd","14:02:15",6792200
18300,-200,100,"sd","14:02:15",6791300
18300,-200,300,"sd","14:02:15",6791200
18300,-200,1000,"sd","14:02:15",6790900
18300,-200,100,"sd","14:02:15",6789900
18300,-200,100,"sd","14:02:15",6789800
18300,-200,200,"sd","14:02:15",6789700
18300,-200,1200,"sd","14:02:15",6789500
18300,-200,100,"sd","14:02:15",6788300
18300,-200,1000,"sd","14:02:15",6788200
18300,-200,300,"sd","14:02:11",6787200
18300,-200,1000,"sd","14:02:11",6786900
18300,-200,1000,"sd","14:02:11",6785900
18300,-200,100,"sd","14:02:11",6784900
18300,-200,200,"sd","14:02:11",6784800
18300,-200,10000,"sd","14:02:11",6784600
18300,-200,100,"sd","14:02:11",6774600
18300,-200,5000,"sd","14:02:11",6774500
18300,-200,2300,"sd","14:02:11",6769500
18300,-200,100,"sd","14:01:59",6767200
18350,-150,200,"bu","14:01:58",6767100
18350,-150,500,"bu","14:01:53",6766900
18350,-150,500,"bu","14:01:44",6766400
18350,-150,600,"bu","14:01:40",6765900
18350,-150,900,"bu","14:01:40",6765300
18350,-150,3500,"bu","14:01:40",6764400
18350,-150,1000,"bu","14:01:39",6760900
18350,-150,500,"bu","14:01:38",6759900
18350,-150,400,"bu","14:01:33",6759400
18350,-150,600,"bu","14:01:32",6759000
18350,-150,300,"bu","14:01:28",6758400
18350,-150,2400,"bu","14:01:21",6758100
18350,-150,400,"bu","14:01:21",6755700
18350,-150,100,"bu","14:01:21",6755300
18300,-200,500,"sd","14:01:17",6755200
18350,-150,800,"bu","14:01:11",6754700
18350,-150,1000,"bu","14:01:11",6753900
18350,-150,2800,"bu","14:01:11",6752900
18350,-150,100,"bu","14:01:11",6750100
18350,-150,100,"bu","14:01:08",6750000
18350,-150,200,"bu","14:01:06",6749900
18350,-150,100,"bu","14:00:59",6749700
18350,-150,1000,"bu","14:00:58",6749600
18350,-150,500,"bu","14:00:54",6748600
18350,-150,600,"bu","14:00:54",6748100
18350,-150,2000,"bu","14:00:51",6747500
18350,-150,100,"bu","14:00:51",6745500
18350,-150,200,"bu","14:00:40",6745400
18350,-150,1000,"bu","14:00:39",6745200
18350,-150,1300,"sd","14:00:39",6744200
18350,-150,7700,"sd","14:00:39",6742900
18350,-150,100,"sd","14:00:39",6735200
18350,-150,100,"sd","14:00:39",6735100
18350,-150,500,"sd","14:00:39",6735000
18350,-150,1600,"sd","14:00:39",6734500
18350,-150,1000,"sd","14:00:38",6732900
18350,-150,400,"sd","14:00:36",6731900
18350,-150,3000,"sd","14:00:32",6731500
18350,-150,500,"sd","14:00:32",6728500
18350,-150,200,"sd","14:00:32",6728000
18350,-150,100,"sd","14:00:32",6727800
18350,-150,10000,"sd","14:00:32",6727700
18350,-150,100,"sd","14:00:32",6717700
18350,-150,500,"sd","14:00:32",6717600
18350,-150,100,"sd","14:00:32",6717100
18350,-150,2000,"sd","14:00:32",6717000
18350,-150,3500,"sd","14:00:32",6715000
18350,-150,1000,"sd","14:00:26",6711500
18400,-100,500,"bu","14:00:21",6710500
18350,-150,500,"sd","14:00:21",6710000
18350,-150,4600,"sd","14:00:21",6709500
18350,-150,300,"sd","14:00:21",6704900
18350,-150,300,"sd","14:00:21",6704600
18350,-150,1000,"sd","14:00:21",6704300
18350,-150,500,"sd","14:00:21",6703300
18350,-150,100,"sd","14:00:21",6702800
18350,-150,1000,"sd","14:00:21",6702700
18350,-150,1000,"sd","14:00:21",6701700
18350,-150,100,"sd","14:00:21",6700700
18350,-150,500,"sd","14:00:21",6700600
18350,-150,100,"sd","14:00:21",6700100
18400,-100,2600,"bu","14:00:17",6700000
18400,-100,1000,"bu","14:00:17",6697400
18400,-100,4000,"bu","14:00:17",6696400
18400,-100,2000,"bu","14:00:17",6692400
18400,-100,300,"bu","14:00:17",6690400
18400,-100,1000,"bu","14:00:17",6690100
18400,-100,6700,"bu","14:00:17",6689100
18350,-150,2400,"sd","14:00:16",6682400
18350,-150,500,"sd","14:00:16",6680000
18350,-150,500,"sd","14:00:16",6679500
18350,-150,300,"sd","14:00:16",6679000
18350,-150,6300,"sd","14:00:16",6678700
18350,-150,10000,"sd","14:00:14",6672400
18400,-100,3300,"bu","14:00:10",6662400
18400,-100,1000,"bu","14:00:10",6659100
18400,-100,200,"bu","14:00:10",6658100
18400,-100,100,"bu","14:00:10",6657900
18400,-100,500,"bu","14:00:10",6657800
18400,-100,500,"bu","14:00:10",6657300
18400,-100,400,"bu","14:00:10",6656800
18400,-100,1000,"bu","14:00:10",6656400
18350,-150,500,"sd","14:00:06",6655400
18400,-100,500,"bu","13:59:56",6654900
18400,-100,100,"bu","13:59:50",6654400
18400,-100,200,"bu","13:59:46",6654300
18400,-100,100,"bu","13:59:38",6654100
18400,-100,100,"bu","13:59:35",6654000
18400,-100,100,"bu","13:59:22",6653900
18400,-100,500,"bu","13:59:17",6653800
18400,-100,4400,"bu","13:59:17",6653300
18400,-100,5000,"bu","13:59:17",6648900
18400,-100,500,"bu","13:59:17",6643900
18400,-100,500,"bu","13:59:17",6643400
18400,-100,200,"bu","13:59:17",6642900
18400,-100,2000,"bu","13:59:17",6642700
18400,-100,1000,"bu","13:59:17",6640700
18400,-100,15900,"bu","13:59:17",6639700
18400,-100,1000,"bu","13:59:06",6623800
18400,-100,1000,"bu","13:59:02",6622800
18350,-150,500,"sd","13:58:56",6621800
18400,-100,100,"bu","13:58:56",6621300
18400,-100,500,"bu","13:58:56",6621200
18400,-100,100,"bu","13:58:56",6620700
18400,-100,400,"bu","13:58:56",6620600
18400,-100,100,"bu","13:58:56",6620200
18400,-100,100,"bu","13:58:56",6620100
18400,-100,500,"bu","13:58:56",6620000
18400,-100,100,"bu","13:58:56",6619500
18400,-100,1000,"bu","13:58:56",6619400
18400,-100,100,"bu","13:58:56",6618400
18350,-150,100,"sd","13:58:50",6618300
18350,-150,2500,"sd","13:58:50",6618200
18350,-150,100,"sd","13:58:41",6615700
18400,-100,900,"bu","13:58:38",6615600
18400,-100,1000,"bu","13:58:38",6614700
18400,-100,1000,"bu","13:58:38",6613700
18400,-100,100,"bu","13:58:38",6612700
18400,-100,2000,"bu","13:58:38",6612600
18350,-150,10000,"sd","13:58:33",6610600
18350,-150,5000,"sd","13:58:33",6600600
18350,-150,1000,"sd","13:58:33",6595600
18350,-150,1000,"sd","13:58:33",6594600
18350,-150,10000,"sd","13:58:33",6593600
18350,-150,300,"sd","13:58:33",6583600
18350,-150,1000,"sd","13:58:33",6583300
18350,-150,5000,"sd","13:58:33",6582300
18350,-150,13000,"sd","13:58:33",6577300
18350,-150,100,"sd","13:58:29",6564300
18400,-100,200,"bu","13:58:28",6564200
18350,-150,36900,"bu","13:58:15",6564000
18350,-150,200,"bu","13:58:13",6527100
18350,-150,200,"bu","13:58:12",6526900
18350,-150,200,"bu","13:58:12",6526700
18350,-150,500,"bu","13:58:10",6526500
18350,-150,500,"bu","13:58:05",6526000
18350,-150,200,"bu","13:58:05",6525500
18350,-150,200,"bu","13:58:05",6525300
18350,-150,12000,"bu","13:58:05",6525100
18350,-150,2000,"bu","13:58:05",6513100
18350,-150,10000,"bu","13:58:05",6511100
18350,-150,500,"bu","13:58:05",6501100
18350,-150,1500,"bu","13:58:05",6500600
18350,-150,12000,"bu","13:58:05",6499100
18350,-150,10000,"bu","13:58:05",6487100
18350,-150,100,"bu","13:58:05",6477100
18350,-150,1000,"bu","13:58:05",6477000
18350,-150,1000,"bu","13:58:02",6476000
18350,-150,100,"bu","13:57:59",6475000
18350,-150,7400,"bu","13:57:53",6474900
18350,-150,1500,"bu","13:57:53",6467500
18350,-150,200,"bu","13:57:53",6466000
18350,-150,500,"bu","13:57:52",6465800
18350,-150,2000,"bu","13:57:48",6465300
18350,-150,500,"bu","13:57:44",6463300
18350,-150,100,"bu","13:57:39",6462800
18300,-200,100,"sd","13:57:36",6462700
18350,-150,1200,"bu","13:57:35",6462600
18350,-150,10000,"bu","13:57:32",6461400
18350,-150,2000,"bu","13:57:32",6451400
18350,-150,500,"bu","13:57:30",6449400
18350,-150,1000,"bu","13:57:25",6448900
18300,-200,300,"sd","13:57:24",6447900
18350,-150,300,"bu","13:57:20",6447600
18350,-150,100,"bu","13:57:19",6447300
18350,-150,3000,"bu","13:57:07",6447200
18350,-150,500,"bu","13:57:05",6444200
18350,-150,100,"bu","13:57:04",6443700
18350,-150,100,"bu","13:57:02",6443600
18350,-150,100,"bu","13:57:01",6443500
18350,-150,1000,"bu","13:57:00",6443400
18350,-150,1000,"bu","13:56:56",6442400
18350,-150,2000,"bu","13:56:54",6441400
18350,-150,5000,"bu","13:56:53",6439400
18350,-150,1200,"bu","13:56:53",6434400
18350,-150,3800,"bu","13:56:53",6433200
18350,-150,200,"bu","13:56:52",6429400
18350,-150,1000,"bu","13:56:51",6429200
18350,-150,600,"bu","13:56:48",6428200
18350,-150,5000,"bu","13:56:48",6427600
18350,-150,2000,"bu","13:56:46",6422600
18350,-150,1000,"bu","13:56:46",6420600
18350,-150,2000,"bu","13:56:46",6419600
18350,-150,300,"bu","13:56:46",6417600
18350,-150,4600,"bu","13:56:45",6417300
18350,-150,200,"sd","13:56:34",6412700
18350,-150,200,"sd","13:56:34",6412500
18350,-150,400,"sd","13:56:34",6412300
18350,-150,300,"sd","13:56:34",6411900
18350,-150,2000,"sd","13:56:34",6411600
18350,-150,200,"sd","13:56:27",6409600
18350,-150,5000,"sd","13:56:27",6409400
18350,-150,1000,"sd","13:56:27",6404400
18350,-150,2000,"sd","13:56:27",6403400
18350,-150,1000,"sd","13:56:27",6401400
18350,-150,500,"sd","13:56:27",6400400
18350,-150,2900,"sd","13:56:27",6399900
18350,-150,500,"sd","13:56:27",6397000
18350,-150,10000,"sd","13:56:27",6396500
18350,-150,2300,"sd","13:56:27",6386500
18350,-150,2000,"sd","13:56:27",6384200
18350,-150,300,"sd","13:56:27",6382200
18350,-150,2200,"sd","13:56:27",6381900
18350,-150,100,"sd","13:56:27",6379700
18400,-100,700,"bu","13:56:23",6379600
18350,-150,200,"sd","13:56:22",6378900
18400,-100,2100,"bu","13:56:22",6378700
18400,-100,2000,"bu","13:56:22",6376600
18400,-100,2000,"bu","13:56:22",6374600
18400,-100,200,"bu","13:56:22",6372600
18400,-100,100,"bu","13:56:22",6372400
18400,-100,3000,"bu","13:56:22",6372300
18400,-100,600,"bu","13:56:22",6369300
18350,-150,10000,"sd","13:56:21",6368700
18400,-100,200,"bu","13:56:19",6358700
18400,-100,200,"bu","13:56:15",6358500
18400,-100,500,"bu","13:56:15",6358300
18400,-100,300,"bu","13:56:15",6357800
18400,-100,300,"bu","13:56:09",6357500
18400,-100,100,"bu","13:56:01",6357200
18350,-150,10000,"sd","13:56:00",6357100
18350,-150,300,"sd","13:56:00",6347100
18350,-150,100,"sd","13:55:59",6346800
18350,-150,400,"sd","13:55:59",6346700
18400,-100,100,"bu","13:55:56",6346300
18400,-100,300,"bu","13:55:56",6346200
18400,-100,500,"bu","13:55:56",6345900
18400,-100,100,"bu","13:55:56",6345400
18400,-100,1000,"bu","13:55:51",6345300
18400,-100,1600,"bu","13:55:50",6344300
18400,-100,100,"bu","13:55:50",6342700
18350,-150,10000,"sd","13:55:44",6342600
18400,-100,500,"bu","13:55:37",6332600
18400,-100,2000,"bu","13:55:37",6332100
18350,-150,700,"sd","13:55:36",6330100
18400,-100,100,"bu","13:55:35",6329400
18350,-150,10000,"sd","13:55:31",6329300
18350,-150,100,"sd","13:55:28",6319300
18400,-100,400,"bu","13:55:25",6319200
18400,-100,100,"bu","13:55:25",6318800
18400,-100,200,"bu","13:55:22",6318700
18400,-100,800,"bu","13:55:21",6318500
18400,-100,100,"bu","13:55:20",6317700
18400,-100,100,"bu","13:55:12",6317600
18400,-100,500,"bu","13:55:10",6317500
18400,-100,2400,"bu","13:55:05",6317000
18400,-100,2600,"bu","13:55:05",6314600
18400,-100,2000,"bu","13:55:01",6312000
18350,-150,200,"sd","13:54:58",6310000
18400,-100,400,"bu","13:54:58",6309800
18400,-100,100,"bu","13:54:58",6309400
18350,-150,200,"sd","13:54:55",6309300
18350,-150,300,"sd","13:54:50",6309100
18350,-150,500,"sd","13:54:48",6308800
18350,-150,100,"bu","13:54:47",6308300
18350,-150,2000,"bu","13:54:47",6308200
18350,-150,400,"bu","13:54:47",6306200
18350,-150,1000,"bu","13:54:47",6305800
18350,-150,900,"bu","13:54:47",6304800
18350,-150,12000,"bu","13:54:47",6303900
18350,-150,700,"bu","13:54:47",6291900
18350,-150,200,"bu","13:54:47",6291200
18350,-150,500,"bu","13:54:47",6291000
18350,-150,2000,"bu","13:54:47",6290500
18350,-150,1000,"bu","13:54:47",6288500
18350,-150,900,"bu","13:54:47",6287500
18350,-150,500,"bu","13:54:47",6286600
18350,-150,200,"bu","13:54:47",6286100
18350,-150,300,"bu","13:54:47",6285900
18350,-150,2000,"bu","13:54:47",6285600
18350,-150,100,"bu","13:54:42",6283600
18350,-150,4600,"bu","13:54:39",6283500
18350,-150,2000,"bu","13:54:38",6278900
18350,-150,1000,"bu","13:54:33",6276900
18350,-150,100,"bu","13:54:31",6275900
18350,-150,1400,"bu","13:54:28",6275800
18350,-150,900,"bu","13:54:23",6274400
18350,-150,100,"bu","13:54:23",6273500
18350,-150,200,"bu","13:54:13",6273400
18350,-150,500,"bu","13:54:13",6273200
18350,-150,1300,"bu","13:54:13",6272700
18350,-150,700,"bu","13:54:05",6271400
18350,-150,200,"bu","13:54:05",6270700
18350,-150,100,"bu","13:54:05",6270500
18300,-200,600,"bu","13:53:53",6270400
18300,-200,500,"bu","13:53:53",6269800
18300,-200,1500,"bu","13:53:53",6269300
18300,-200,10000,"bu","13:53:53",6267800
18300,-200,1000,"bu","13:53:53",6257800
18300,-200,100,"bu","13:53:53",6256800
18300,-200,200,"bu","13:53:53",6256700
18300,-200,200,"bu","13:53:53",6256500
18300,-200,1000,"bu","13:53:53",6256300
18300,-200,1000,"bu","13:53:53",6255300
18300,-200,600,"bu","13:53:53",6254300
18300,-200,100,"bu","13:53:53",6253700
18300,-200,400,"bu","13:53:53",6253600
18300,-200,600,"bu","13:53:53",6253200
18300,-200,300,"bu","13:53:51",6252600
18300,-200,1100,"bu","13:53:51",6252300
18300,-200,100,"bu","13:53:51",6251200
18300,-200,800,"bu","13:53:51",6251100
18300,-200,3500,"bu","13:53:48",6250300
18300,-200,4600,"bu","13:53:48",6246800
18300,-200,500,"bu","13:53:48",6242200
18300,-200,600,"bu","13:53:48",6241700
18300,-200,5000,"bu","13:53:48",6241100
18300,-200,4400,"bu","13:53:48",6236100
18300,-200,500,"bu","13:53:42",6231700
18300,-200,100,"bu","13:53:40",6231200
18300,-200,2000,"bu","13:53:39",6231100
18300,-200,200,"bu","13:53:39",6229100
18300,-200,500,"bu","13:53:39",6228900
18300,-200,2300,"bu","13:53:39",6228400
18300,-200,700,"bu","13:53:30",6226100
18300,-200,1500,"bu","13:53:30",6225400
18300,-200,100,"bu","13:53:30",6223900
18300,-200,100,"bu","13:53:30",6223800
18300,-200,2400,"bu","13:53:30",6223700
18300,-200,200,"bu","13:53:30",6221300
18250,-250,100,"sd","13:53:19",6221100
18250,-250,3000,"bu","13:53:07",6221000
18250,-250,15000,"bu","13:53:07",6218000
18250,-250,1900,"bu","13:53:07",6203000
18250,-250,100,"bu","13:53:06",6201100
18250,-250,1000,"bu","13:53:04",6201000
18250,-250,200,"bu","13:53:04",6200000
18250,-250,10000,"bu","13:52:59",6199800
18250,-250,200,"bu","13:52:58",6189800
18250,-250,500,"bu","13:52:56",6189600
18250,-250,500,"bu","13:52:55",6189100
18250,-250,100,"bu","13:52:53",6188600
18250,-250,4700,"bu","13:52:50",6188500
18250,-250,1000,"bu","13:52:46",6183800
18250,-250,5000,"bu","13:52:30",6182800
18250,-250,4600,"bu","13:52:29",6177800
18250,-250,10000,"bu","13:52:25",6173200
18250,-250,200,"bu","13:52:21",6163200
18250,-250,200,"bu","13:52:17",6163000
18250,-250,500,"bu","13:52:16",6162800
18250,-250,200,"sd","13:52:15",6162300
18250,-250,500,"sd","13:52:15",6162100
18250,-250,1000,"sd","13:52:15",6161600
18250,-250,600,"sd","13:52:15",6160600
18250,-250,2400,"bu","13:52:05",6160000
18250,-250,200,"bu","13:52:03",6157600
18250,-250,1000,"bu","13:51:58",6157400
18250,-250,1400,"bu","13:51:58",6156400
18250,-250,400,"bu","13:51:58",6155000
18200,-300,300,"sd","13:51:56",6154600
18200,-300,3000,"sd","13:51:56",6154300
18200,-300,1700,"sd","13:51:56",6151300
18250,-250,100,"bu","13:51:56",6149600
18250,-250,900,"bu","13:51:56",6149500
18250,-250,100,"bu","13:51:51",6148600
18250,-250,100,"bu","13:51:51",6148500
18250,-250,100,"bu","13:51:47",6148400
18250,-250,700,"bu","13:51:47",6148300
18250,-250,1000,"bu","13:51:47",6147600
18250,-250,2100,"bu","13:51:47",6146600
18250,-250,3000,"bu","13:51:47",6144500
18250,-250,1200,"bu","13:51:47",6141500
18250,-250,100,"bu","13:51:47",6140300
18250,-250,100,"bu","13:51:47",6140200
18250,-250,500,"bu","13:51:47",6140100
18250,-250,1300,"bu","13:51:47",6139600
18250,-250,200,"bu","13:51:44",6138300
18250,-250,300,"bu","13:51:42",6138100
18250,-250,1000,"bu","13:51:36",6137800
18250,-250,200,"bu","13:51:33",6136800
18250,-250,7000,"bu","13:51:31",6136600
18250,-250,1000,"bu","13:51:31",6129600
18250,-250,200,"bu","13:51:31",6128600
18250,-250,1800,"bu","13:51:31",6128400
18250,-250,100,"bu","13:51:31",6126600
18250,-250,200,"bu","13:51:22",6126500
18250,-250,800,"bu","13:51:22",6126300
18200,-300,100,"sd","13:50:49",6125500
18200,-300,100,"bu","13:50:39",6125400
18200,-300,100,"bu","13:50:39",6125300
18200,-300,1400,"bu","13:50:36",6125200
18200,-300,8600,"bu","13:50:36",6123800
18200,-300,3000,"bu","13:50:35",6115200
18200,-300,100,"bu","13:50:34",6112200
18200,-300,700,"bu","13:50:34",6112100
18150,-350,4000,"sd","13:50:32",6111400
18200,-300,1000,"bu","13:50:31",6107400
18200,-300,5000,"bu","13:50:29",6106400
18200,-300,6600,"bu","13:50:23",6101400
18150,-350,100,"sd","13:50:19",6094800
18200,-300,4600,"bu","13:50:18",6094700
18200,-300,400,"bu","13:50:17",6090100
18200,-300,1600,"bu","13:50:17",6089700
18200,-300,300,"bu","13:50:16",6088100
18200,-300,100,"bu","13:50:13",6087800
18200,-300,48000,"bu","13:50:05",6087700
18200,-300,2000,"bu","13:50:05",6039700
18150,-350,4500,"bu","13:49:44",6037700
18150,-350,3000,"bu","13:49:43",6033200
18150,-350,1000,"bu","13:49:42",6030200
18150,-350,500,"bu","13:49:40",6029200
18150,-350,1000,"bu","13:49:39",6028700
18150,-350,100,"bu","13:49:39",6027700
18150,-350,1000,"bu","13:49:38",6027600
18150,-350,1000,"bu","13:49:36",6026600
18150,-350,1000,"bu","13:49:29",6025600
18150,-350,2000,"bu","13:49:26",6024600
18150,-350,9000,"sd","13:49:18",6022600
18150,-350,100,"sd","13:49:18",6013600
18150,-350,200,"sd","13:49:18",6013500
18150,-350,300,"sd","13:49:18",6013300
18150,-350,1000,"sd","13:49:18",6013000
18150,-350,400,"sd","13:49:18",6012000
18150,-350,300,"sd","13:49:18",6011600
18150,-350,3100,"sd","13:49:18",6011300
18150,-350,1000,"sd","13:49:18",6008200
18150,-350,100,"sd","13:49:18",6007200
18150,-350,100,"sd","13:49:18",6007100
18150,-350,1000,"sd","13:49:18",6007000
18150,-350,5000,"sd","13:49:18",6006000
18150,-350,2000,"sd","13:49:18",6001000
18150,-350,200,"sd","13:49:18",5999000
18150,-350,5000,"sd","13:49:18",5998800
18150,-350,100,"sd","13:49:18",5993800
18150,-350,2000,"sd","13:49:18",5993700
18150,-350,1000,"sd","13:49:18",5991700
18150,-350,3000,"sd","13:49:18",5990700
18200,-300,1000,"bu","13:49:12",5987700
18200,-300,100,"bu","13:49:03",5986700
18200,-300,1000,"bu","13:49:02",5986600
18200,-300,100,"bu","13:49:00",5985600
18200,-300,200,"bu","13:48:59",5985500
18200,-300,100,"bu","13:48:57",5985300
18200,-300,500,"bu","13:48:52",5985200
18200,-300,500,"bu","13:48:51",5984700
18200,-300,11000,"bu","13:48:51",5984200
18200,-300,100,"bu","13:48:49",5973200
18200,-300,200,"bu","13:48:49",5973100
18200,-300,33200,"bu","13:48:47",5972900
18200,-300,2800,"bu","13:48:47",5939700
18200,-300,500,"bu","13:48:44",5936900
18200,-300,1000,"bu","13:48:33",5936400
18200,-300,1000,"bu","13:48:32",5935400
18200,-300,3000,"bu","13:48:26",5934400
18200,-300,11500,"bu","13:48:26",5931400
18200,-300,4400,"bu","13:48:23",5919900
18200,-300,500,"bu","13:48:21",5915500
18200,-300,900,"bu","13:48:14",5915000
18200,-300,5000,"sd","13:48:14",5914100
18200,-300,1000,"sd","13:48:14",5909100
18200,-300,1000,"sd","13:48:14",5908100
18200,-300,2000,"sd","13:48:14",5907100
18200,-300,100,"sd","13:48:14",5905100
18200,-300,1000,"sd","13:48:14",5905000
18200,-300,14300,"sd","13:48:14",5904000
18250,-250,4600,"bu","13:48:03",5889700
18250,-250,100,"bu","13:47:55",5885100
18200,-300,200,"bu","13:47:40",5885000
18200,-300,500,"bu","13:47:40",5884800
18200,-300,500,"bu","13:47:39",5884300
18200,-300,500,"bu","13:47:39",5883800
18200,-300,2500,"bu","13:47:31",5883300
18200,-300,1000,"bu","13:47:31",5880800
18200,-300,100,"bu","13:47:31",5879800
18200,-300,200,"bu","13:47:31",5879700
18200,-300,500,"bu","13:47:31",5879500
18200,-300,300,"bu","13:47:31",5879000
18200,-300,400,"bu","13:47:31",5878700
18200,-300,200,"bu","13:47:31",5878300
18200,-300,800,"bu","13:47:31",5878100
18200,-300,4000,"bu","13:47:31",5877300
18200,-300,1000,"bu","13:46:59",5873300
18200,-300,100,"bu","13:46:20",5872300
18150,-350,100,"bu","13:46:19",5872200
18150,-350,100,"bu","13:46:02",5872100
18150,-350,400,"bu","13:46:02",5872000
18150,-350,100,"bu","13:45:59",5871600
18150,-350,1200,"bu","13:45:59",5871500
18150,-350,1300,"bu","13:45:57",5870300
18150,-350,1000,"bu","13:45:57",5869000
18150,-350,300,"bu","13:45:57",5868000
18150,-350,1000,"bu","13:45:57",5867700
18150,-350,100,"bu","13:45:57",5866700
18150,-350,1000,"bu","13:45:57",5866600
18150,-350,300,"bu","13:45:56",5865600
18150,-350,3000,"bu","13:45:56",5865300
18150,-350,1200,"bu","13:45:52",5862300
18150,-350,2000,"bu","13:45:46",5861100
18150,-350,200,"bu","13:45:40",5859100
18150,-350,1000,"bu","13:45:39",5858900
18150,-350,20000,"bu","13:45:35",5857900
18150,-350,100,"bu","13:45:34",5837900
18150,-350,1000,"bu","13:45:20",5837800
18150,-350,1200,"bu","13:45:20",5836800
18150,-350,300,"bu","13:45:20",5835600
18150,-350,2100,"bu","13:45:09",5835300
18150,-350,1400,"bu","13:45:00",5833200
18150,-350,3000,"bu","13:44:58",5831800
18150,-350,100,"bu","13:44:34",5828800
18150,-350,2000,"bu","13:44:34",5828700
18100,-400,500,"sd","13:44:29",5826700
18100,-400,500,"sd","13:44:22",5826200
18150,-350,1800,"bu","13:44:01",5825700
18150,-350,200,"bu","13:43:59",5823900
18150,-350,1500,"sd","13:43:57",5823700
18150,-350,100,"sd","13:43:57",5822200
18150,-350,300,"sd","13:43:57",5822100
18150,-350,100,"sd","13:43:57",5821800
18150,-350,100,"sd","13:43:57",5821700
18150,-350,5000,"sd","13:43:57",5821600
18150,-350,1000,"sd","13:43:57",5816600
18150,-350,800,"sd","13:43:57",5815600
18150,-350,200,"sd","13:43:57",5814800
18150,-350,800,"sd","13:43:39",5814600
18150,-350,1500,"sd","13:43:39",5813800
18150,-350,10000,"sd","13:43:39",5812300
18150,-350,10000,"sd","13:43:39",5802300
18150,-350,10000,"sd","13:43:39",5792300
18150,-350,100,"sd","13:43:39",5782300
18150,-350,200,"sd","13:43:39",5782200
18150,-350,200,"sd","13:43:39",5782000
18150,-350,100,"sd","13:43:39",5781800
18150,-350,5000,"sd","13:43:39",5781700
18150,-350,10000,"sd","13:43:39",5776700
18150,-350,1000,"sd","13:43:39",5766700
18150,-350,200,"sd","13:43:39",5765700
18150,-350,500,"sd","13:43:39",5765500
18150,-350,300,"sd","13:43:39",5765000
18150,-350,100,"sd","13:43:39",5764700
18200,-300,100,"bu","13:43:17",5764600
18200,-300,1000,"bu","13:43:14",5764500
18200,-300,100,"bu","13:43:09",5763500
18200,-300,100,"sd","13:43:00",5763400
18200,-300,100,"sd","13:43:00",5763300
18200,-300,1600,"sd","13:43:00",5763200
18200,-300,100,"sd","13:43:00",5761600
18200,-300,200,"sd","13:43:00",5761500
18200,-300,200,"sd","13:43:00",5761300
18200,-300,500,"sd","13:43:00",5761100
18200,-300,500,"sd","13:43:00",5760600
18200,-300,200,"sd","13:43:00",5760100
18200,-300,3500,"sd","13:43:00",5759900
18200,-300,500,"sd","13:43:00",5756400
18200,-300,100,"sd","13:43:00",5755900
18200,-300,100,"sd","13:43:00",5755800
18200,-300,100,"sd","13:43:00",5755700
18200,-300,100,"sd","13:43:00",5755600
18200,-300,100,"sd","13:43:00",5755500
18200,-300,200,"sd","13:43:00",5755400
18200,-300,100,"sd","13:43:00",5755200
18200,-300,500,"sd","13:43:00",5755100
18200,-300,1000,"sd","13:43:00",5754600
18200,-300,500,"sd","13:43:00",5753600
18200,-300,3400,"sd","13:43:00",5753100
18250,-250,100,"bu","13:42:59",5749700
18200,-300,1600,"sd","13:42:58",5749600
18200,-300,2400,"sd","13:42:58",5748000
18200,-300,500,"sd","13:42:58",5745600
18200,-300,4000,"sd","13:42:58",5745100
18200,-300,6500,"sd","13:42:58",5741100
18200,-300,20000,"sd","13:42:51",5734600
18250,-250,1000,"bu","13:42:49",5714600
18200,-300,800,"sd","13:42:47",5713600
18200,-300,500,"sd","13:42:47",5712800
18200,-300,3000,"sd","13:42:36",5712300
18200,-300,5000,"sd","13:42:30",5709300
18200,-300,9000,"sd","13:42:17",5704300
18200,-300,5200,"sd","13:42:08",5695300
18200,-300,100,"sd","13:42:08",5690100
18200,-300,2700,"sd","13:42:08",5690000
18200,-300,100,"sd","13:42:07",5687300
18200,-300,2200,"sd","13:41:53",5687200
18200,-300,800,"sd","13:41:53",5685000
18250,-250,200,"bu","13:41:47",5684200
18250,-250,4000,"bu","13:41:41",5684000
18200,-300,1200,"sd","13:41:38",5680000
18200,-300,100,"sd","13:41:38",5678800
18200,-300,500,"sd","13:41:38",5678700
18200,-300,200,"sd","13:41:38",5678200
18200,-300,300,"sd","13:41:28",5678000
18200,-300,200,"sd","13:41:25",5677700
18200,-300,1000,"sd","13:41:23",5677500
18200,-300,100,"sd","13:41:19",5676500
18200,-300,900,"sd","13:41:19",5676400
18250,-250,100,"bu","13:41:17",5675500
18200,-300,300,"sd","13:41:16",5675400
18200,-300,600,"sd","13:41:09",5675100
18200,-300,6000,"sd","13:40:49",5674500
18250,-250,300,"bu","13:40:39",5668500
18250,-250,200,"bu","13:40:39",5668200
18200,-300,2800,"sd","13:40:36",5668000
18200,-300,100,"sd","13:40:36",5665200
18200,-300,300,"sd","13:40:36",5665100
18250,-250,5000,"bu","13:40:28",5664800
18250,-250,2300,"bu","13:40:27",5659800
18250,-250,1000,"bu","13:40:27",5657500
18250,-250,3200,"bu","13:40:27",5656500
18250,-250,1800,"bu","13:40:27",5653300
18250,-250,100,"bu","13:40:27",5651500
18250,-250,100,"bu","13:40:27",5651400
18250,-250,1000,"bu","13:40:27",5651300
18200,-300,100,"sd","13:40:24",5650300
18250,-250,100,"bu","13:40:22",5650200
18250,-250,500,"bu","13:40:18",5650100
18250,-250,2000,"bu","13:40:17",5649600
18250,-250,1000,"bu","13:40:12",5647600
18250,-250,200,"bu","13:40:10",5646600
18250,-250,200,"bu","13:40:10",5646400
18250,-250,300,"bu","13:40:08",5646200
18250,-250,3500,"bu","13:40:08",5645900
18250,-250,1500,"bu","13:40:01",5642400
18250,-250,300,"bu","13:40:01",5640900
18250,-250,1000,"bu","13:39:57",5640600
18250,-250,700,"bu","13:39:52",5639600
18250,-250,300,"bu","13:39:52",5638900
18250,-250,100,"bu","13:39:52",5638600
18250,-250,100,"bu","13:39:49",5638500
18250,-250,1300,"bu","13:39:48",5638400
18250,-250,500,"bu","13:39:45",5637100
18250,-250,400,"sd","13:39:45",5636600
18250,-250,200,"sd","13:39:45",5636200
18250,-250,100,"sd","13:39:45",5636000
18250,-250,100,"sd","13:39:45",5635900
18250,-250,300,"sd","13:39:45",5635800
18250,-250,1000,"sd","13:39:45",5635500
18250,-250,1000,"sd","13:39:45",5634500
18250,-250,100,"sd","13:39:45",5633500
18250,-250,2100,"sd","13:39:45",5633400
18250,-250,700,"sd","13:39:37",5631300
18250,-250,9300,"sd","13:39:37",5630600
18250,-250,10000,"sd","13:39:35",5621300
18250,-250,5000,"sd","13:39:34",5611300
18250,-250,100,"sd","13:39:34",5606300
18300,-200,100,"bu","13:39:32",5606200
18250,-250,100,"sd","13:39:29",5606100
18300,-200,500,"bu","13:39:28",5606000
18250,-250,500,"sd","13:39:27",5605500
18250,-250,200,"sd","13:39:21",5605000
18250,-250,500,"sd","13:39:20",5604800
18300,-200,1000,"bu","13:39:19",5604300
18300,-200,400,"bu","13:39:18",5603300
18250,-250,4300,"sd","13:39:17",5602900
18250,-250,100,"sd","13:39:17",5598600
18250,-250,400,"sd","13:39:17",5598500
18250,-250,200,"sd","13:39:17",5598100
18250,-250,5000,"sd","13:39:13",5597900
