"price","change","match_qtty","side","time","total_vol"
14100,0,23800,"sd","14:45:01",494900
14000,-100,1500,"bu","14:29:08",471100
14000,-100,3500,"bu","14:29:08",469600
14000,-100,6500,"bu","14:26:28",466100
14000,-100,3500,"bu","14:26:28",459600
13900,-200,700,"bu","14:25:24",456100
13900,-200,100,"sd","14:25:04",455400
13900,-200,1000,"sd","14:25:04",455300
13900,-200,1300,"sd","14:25:04",454300
13900,-200,100,"sd","14:25:04",453000
13900,-200,10000,"sd","14:25:04",452900
13900,-200,1000,"sd","14:25:04",442900
13900,-200,100,"sd","14:25:04",441900
13900,-200,1000,"sd","14:25:04",441800
13950,-150,200,"sd","14:25:04",440800
13950,-150,500,"sd","14:25:04",440600
13950,-150,300,"sd","14:25:04",440100
13950,-150,1000,"sd","14:25:04",439800
13950,-150,1300,"sd","14:25:04",438800
13950,-150,400,"sd","14:23:40",437500
13950,-150,300,"sd","14:21:02",437100
13950,-150,100,"sd","14:21:01",436800
13950,-150,1000,"sd","14:21:01",436700
13950,-150,100,"sd","14:21:01",435700
13950,-150,1000,"sd","14:21:01",435600
13950,-150,500,"sd","14:21:01",434600
13950,-150,1000,"sd","14:21:01",434100
13950,-150,600,"sd","14:21:01",433100
13950,-150,1700,"sd","14:21:01",432500
13950,-150,2000,"sd","14:19:55",430800
13950,-150,300,"sd","14:19:13",428800
13950,-150,200,"sd","14:19:13",428500
13950,-150,300,"sd","14:18:05",428300
13950,-150,700,"sd","14:18:05",428000
14000,-100,100,"sd","14:17:29",427300
14000,-100,1000,"sd","14:17:29",427200
14000,-100,1000,"sd","14:17:29",426200
14000,-100,100,"sd","14:17:29",425200
14000,-100,1500,"sd","14:17:29",425100
14050,-50,100,"bu","14:16:27",423600
14000,-100,500,"sd","14:16:17",423500
14000,-100,500,"sd","14:16:17",423000
14000,-100,500,"sd","14:15:57",422500
14000,-100,300,"sd","14:15:57",422000
14000,-100,700,"sd","14:15:57",421700
14000,-100,500,"sd","14:15:52",421000
14000,-100,500,"sd","14:14:18",420500
14000,-100,100,"sd","14:13:23",420000
14000,-100,1000,"sd","14:12:05",419900
14000,-100,200,"sd","14:11:12",418900
14000,-100,200,"sd","14:11:12",418700
14000,-100,100,"sd","14:11:12",418500
14050,-50,100,"sd","14:11:12",418400
14050,-50,100,"sd","14:11:12",418300
14050,-50,300,"bu","14:06:49",418200
14000,-100,500,"bu","14:04:25",417900
14000,-100,300,"bu","14:04:25",417400
14000,-100,100,"bu","14:03:18",417100
14000,-100,500,"bu","14:03:06",417000
14000,-100,600,"bu","14:01:44",416500
14000,-100,2600,"bu","14:01:44",415900
14000,-100,100,"bu","14:00:56",413300
14000,-100,100,"bu","14:00:20",413200
14000,-100,100,"bu","14:00:04",413100
14000,-100,1000,"bu","13:59:33",413000
14000,-100,200,"bu","13:57:43",412000
14000,-100,100,"bu","13:57:42",411800
14000,-100,200,"bu","13:57:16",411700
14000,-100,200,"sd","13:56:09",411500
14000,-100,100,"sd","13:56:09",411300
14000,-100,100,"sd","13:56:09",411200
14000,-100,200,"sd","13:56:09",411100
14000,-100,800,"sd","13:54:04",410900
14000,-100,100,"sd","13:54:04",410100
14000,-100,200,"sd","13:54:04",410000
14000,-100,3000,"sd","13:54:04",409800
14000,-100,300,"sd","13:54:04",406800
14000,-100,400,"sd","13:54:04",406500
14100,0,100,"bu","13:51:21",406100
14100,0,100,"sd","13:50:56",406000
14100,0,5000,"bu","13:48:49",405900
14100,0,600,"sd","13:46:19",400900
14100,0,500,"bu","13:45:29",400300
14100,0,900,"bu","13:45:29",399800
14000,-100,100,"sd","13:44:32",398900
14100,0,3100,"bu","13:44:10",398800
14100,0,1900,"bu","13:44:10",395700
14100,0,100,"bu","13:43:48",393800
13950,-150,300,"sd","13:39:22",393700
13950,-150,200,"sd","13:39:22",393400
13950,-150,1000,"sd","13:39:22",393200
14000,-100,1000,"bu","13:39:12",392200
14000,-100,1000,"bu","13:38:47",391200
14000,-100,300,"sd","13:38:40",390200
14000,-100,200,"sd","13:38:40",389900
14000,-100,2000,"sd","13:37:34",389700
14000,-100,100,"sd","13:37:34",387700
14000,-100,100,"sd","13:37:34",387600
14000,-100,200,"sd","13:33:17",387500
14000,-100,200,"sd","13:33:17",387300
14000,-100,300,"sd","13:33:17",387100
14000,-100,4500,"sd","13:33:17",386800
14000,-100,500,"sd","13:28:36",382300
14000,-100,500,"sd","13:28:36",381800
14000,-100,500,"sd","13:28:36",381300
14000,-100,1000,"sd","13:28:36",380800
14000,-100,1000,"sd","13:28:36",379800
14000,-100,300,"sd","13:28:36",378800
14000,-100,500,"sd","13:28:36",378500
14000,-100,300,"sd","13:28:36",378000
14000,-100,500,"sd","13:28:36",377700
14000,-100,4000,"sd","13:28:36",377200
14000,-100,600,"sd","13:28:36",373200
14050,-50,500,"sd","13:28:36",372600
14100,0,400,"sd","13:28:36",372100
14100,0,100,"sd","13:28:36",371700
14100,0,600,"sd","13:25:55",371600
14100,0,1300,"sd","13:23:27",371000
14100,0,1700,"sd","13:23:27",369700
14100,0,600,"sd","13:21:38",368000
14100,0,500,"sd","13:21:37",367400
14100,0,200,"sd","13:20:10",366900
14100,0,100,"bu","13:19:18",366700
14100,0,600,"bu","13:19:18",366600
14100,0,700,"bu","13:19:18",366000
14100,0,300,"sd","13:17:36",365300
14100,0,400,"sd","13:17:32",365000
14100,0,1600,"sd","13:16:47",364600
14100,0,700,"sd","13:16:47",363000
14100,0,700,"sd","13:16:47",362300
14100,0,1000,"bu","13:15:41",361600
14100,0,600,"bu","13:15:41",360600
14100,0,1500,"bu","13:15:41",360000
14100,0,1600,"bu","13:15:41",358500
14100,0,200,"bu","13:15:41",356900
14100,0,2500,"bu","13:15:41",356700
14100,0,1900,"bu","13:15:41",354200
14100,0,1000,"bu","13:15:22",352300
14000,-100,500,"sd","13:14:57",351300
14000,-100,700,"sd","13:13:41",350800
14000,-100,200,"sd","13:12:32",350100
14000,-100,800,"sd","13:12:32",349900
14000,-100,1200,"sd","13:09:14",349100
14000,-100,500,"sd","13:09:14",347900
14000,-100,4000,"sd","13:09:14",347400
14000,-100,3000,"sd","13:08:45",343400
14000,-100,2900,"sd","13:08:23",340400
14000,-100,100,"sd","13:08:05",337500
14000,-100,600,"sd","13:07:20",337400
14000,-100,100,"bu","13:07:07",336800
14000,-100,300,"bu","13:07:06",336700
14000,-100,200,"sd","13:07:00",336400
14000,-100,300,"sd","13:06:37",336200
14000,-100,1000,"sd","13:06:37",335900
14000,-100,200,"sd","13:06:37",334900
14000,-100,200,"sd","13:05:54",334700
14000,-100,100,"sd","13:05:51",334500
14000,-100,100,"sd","13:05:51",334400
14000,-100,200,"sd","13:05:51",334300
14000,-100,200,"sd","13:05:42",334100
14000,-100,100,"sd","13:05:42",333900
14000,-100,2700,"sd","13:05:42",333800
14000,-100,700,"sd","13:05:24",331100
14000,-100,1000,"sd","13:05:18",330400
14000,-100,600,"sd","13:05:09",329400
14000,-100,10000,"sd","13:05:09",328800
14000,-100,2000,"sd","13:05:09",318800
14000,-100,500,"sd","13:05:09",316800
14000,-100,200,"sd","13:05:09",316300
14000,-100,500,"sd","13:05:09",316100
14000,-100,5000,"sd","13:05:09",315600
14000,-100,1000,"sd","13:05:09",310600
14000,-100,200,"sd","13:05:09",309600
14050,-50,500,"bu","13:04:22",309400
14000,-100,300,"sd","13:03:07",308900
14050,-50,500,"sd","13:03:07",308600
14050,-50,500,"sd","13:02:38",308100
14050,-50,500,"sd","13:02:38",307600
14050,-50,4000,"sd","13:02:38",307100
14050,-50,100,"sd","13:00:52",303100
14050,-50,600,"sd","13:00:07",303000
14100,0,500,"bu","13:00:03",302400
14050,-50,700,"sd","13:00:00",301900
14050,-50,1000,"sd","13:00:00",300900
14050,-50,300,"sd","13:00:00",301200
14100,0,100,"bu","11:28:40",299900
14100,0,2000,"bu","11:27:26",299800
14100,0,100,"sd","11:24:56",297800
14100,0,400,"sd","11:24:56",297700
14100,0,100,"sd","11:24:55",297300
14100,0,100,"sd","11:24:55",297200
14100,0,300,"sd","11:24:55",297100
14100,0,4700,"sd","11:24:20",296800
14100,0,300,"sd","11:24:20",292100
14150,50,100,"bu","11:20:13",291800
14100,0,100,"sd","11:20:08",291700
14150,50,2000,"bu","11:17:57",291600
14100,0,500,"sd","11:16:57",289600
14100,0,6100,"sd","11:13:32",289100
14100,0,200,"sd","11:13:32",283000
14100,0,100,"sd","11:13:32",282800
14100,0,2200,"sd","11:13:32",282700
14100,0,100,"sd","11:13:32",280500
14100,0,100,"sd","11:13:32",280400
14100,0,500,"sd","11:13:32",280300
14100,0,300,"sd","11:13:32",279800
14100,0,100,"sd","11:13:32",279500
14100,0,300,"sd","11:13:32",279400
14100,0,200,"sd","11:12:02",279100
14100,0,200,"sd","11:12:02",278900
14100,0,100,"sd","11:12:02",278700
14100,0,400,"sd","11:04:54",278600
14100,0,700,"sd","11:04:54",278200
14100,0,1000,"sd","11:04:54",277500
14100,0,900,"sd","11:04:54",276500
14100,0,100,"sd","10:59:34",275600
14100,0,500,"sd","10:58:59",275500
14150,50,200,"bu","10:57:14",275000
14150,50,1000,"bu","10:53:30",274800
14100,0,100,"sd","10:49:35",273800
14100,0,400,"sd","10:48:54",273700
14100,0,1000,"sd","10:48:54",273300
14100,0,1000,"sd","10:48:54",272300
14100,0,100,"sd","10:48:54",271300
14100,0,2500,"sd","10:48:54",271200
14100,0,2500,"sd","10:48:40",268700
14100,0,1000,"sd","10:48:40",266200
14100,0,1500,"sd","10:48:40",265200
14100,0,500,"sd","10:46:37",263700
14100,0,300,"sd","10:46:37",263200
14100,0,200,"sd","10:46:37",262900
14100,0,2000,"sd","10:46:37",262700
14150,50,2000,"sd","10:44:22",260700
14200,100,100,"sd","10:43:35",258700
14200,100,400,"sd","10:43:35",258600
14200,100,2000,"sd","10:43:35",258200
14200,100,700,"sd","10:43:35",256200
14200,100,4700,"sd","10:43:35",255500
14200,100,2300,"sd","10:43:19",250800
14200,100,10000,"sd","10:43:19",248500
14200,100,2000,"sd","10:43:19",238500
14200,100,2000,"sd","10:43:19",236500
14200,100,1000,"sd","10:43:19",234500
14200,100,1000,"sd","10:43:19",233500
14250,150,4600,"sd","10:40:09",232500
14250,150,500,"sd","10:40:09",227900
14250,150,5000,"sd","10:40:08",227400
14250,150,2000,"sd","10:40:08",222400
14250,150,2900,"sd","10:40:08",220400
14250,150,3100,"sd","10:39:52",217500
14250,150,15400,"sd","10:39:52",214400
14250,150,500,"sd","10:39:52",199000
14250,150,1000,"sd","10:39:52",198500
14300,200,800,"bu","10:37:00",197500
14300,200,200,"bu","10:37:00",196700
14300,200,1200,"bu","10:37:00",196500
14300,200,200,"bu","10:37:00",195300
14300,200,200,"bu","10:37:00",195100
14300,200,1400,"bu","10:37:00",194900
14300,200,500,"bu","10:36:27",193500
14300,200,2000,"bu","10:36:21",193000
14300,200,1100,"bu","10:36:04",191000
14300,200,200,"bu","10:36:04",189900
14300,200,100,"bu","10:33:02",189700
14300,200,100,"bu","10:32:35",189600
14300,200,100,"bu","10:29:13",189500
14300,200,100,"bu","10:29:13",189400
14300,200,3000,"sd","10:27:45",189300
14300,200,1900,"sd","10:27:45",186300
14300,200,100,"sd","10:27:38",184400
14300,200,1000,"sd","10:24:17",184300
14300,200,2000,"sd","10:24:17",183300
14300,200,300,"sd","10:24:17",181300
14300,200,1000,"sd","10:22:52",181000
14300,200,700,"sd","10:22:43",180000
14300,200,300,"sd","10:22:43",179300
14300,200,500,"sd","10:22:32",179000
14300,200,500,"sd","10:20:01",178500
14300,200,700,"sd","10:15:25",178000
14300,200,300,"sd","10:15:25",177300
14300,200,100,"sd","10:14:35",177000
14300,200,1500,"sd","10:10:47",176900
14350,250,1000,"bu","10:07:33",175400
14300,200,100,"sd","10:07:25",174400
14300,200,100,"sd","10:07:07",174300
14300,200,300,"sd","10:06:10",174200
14300,200,700,"sd","10:06:10",173900
14300,200,100,"sd","10:04:46",173200
14300,200,300,"sd","10:04:46",173100
14300,200,600,"sd","10:04:46",172800
14300,200,100,"sd","10:03:13",172200
14300,200,400,"sd","10:03:13",172100
14300,200,100,"sd","10:03:13",171700
14300,200,700,"sd","10:03:13",171600
14300,200,1200,"sd","10:03:09",170900
14300,200,100,"sd","10:03:02",169700
14300,200,100,"sd","10:03:02",169600
14300,200,500,"sd","10:03:02",169500
14300,200,1500,"sd","09:59:50",169000
14350,250,500,"bu","09:58:43",167500
14350,250,1400,"bu","09:58:16",167000
14350,250,1000,"sd","09:56:47",165600
14350,250,2000,"sd","09:56:47",164600
14350,250,2000,"sd","09:56:47",162600
14350,250,10500,"sd","09:56:47",160600
14350,250,6700,"sd","09:56:29",150100
14450,350,300,"sd","09:56:08",143400
14450,350,1700,"sd","09:55:28",143100
14450,350,200,"sd","09:55:06",141400
14450,350,500,"bu","09:54:37",141200
14450,350,100,"bu","09:53:14",140700
14450,350,1400,"sd","09:51:48",140600
14450,350,1000,"sd","09:51:42",139200
14450,350,100,"bu","09:51:35",138200
14450,350,100,"bu","09:51:35",138100
14450,350,400,"bu","09:51:35",138000
14450,350,600,"bu","09:51:03",137600
14450,350,300,"bu","09:51:03",137000
14450,350,300,"bu","09:51:03",136700
14400,300,1000,"bu","09:51:03",136400
14400,300,1800,"bu","09:51:03",135400
14400,300,200,"bu","09:50:57",133600
14400,300,1800,"bu","09:50:57",133400
14400,300,200,"bu","09:50:53",131600
14450,350,500,"bu","09:49:23",131400
14450,350,200,"bu","09:49:05",130900
14450,350,500,"bu","09:49:05",130700
14450,350,5000,"bu","09:49:05",130200
14450,350,4100,"bu","09:49:05",125200
14400,300,100,"bu","09:49:05",121100
14400,300,100,"bu","09:49:05",121000
14400,300,100,"bu","09:47:43",120900
14400,300,400,"bu","09:47:07",120800
14400,300,500,"sd","09:45:31",120400
14400,300,500,"bu","09:45:22",119900
14400,300,100,"bu","09:45:21",119400
14400,300,3000,"bu","09:45:21",119300
14400,300,900,"bu","09:45:21",116300
14400,300,1100,"bu","09:45:10",115400
14400,300,200,"bu","09:45:10",114300
14400,300,200,"bu","09:45:10",114100
14400,300,1200,"bu","09:45:10",113900
14400,300,100,"bu","09:45:10",112700
14400,300,200,"bu","09:45:10",112600
14350,250,500,"sd","09:44:12",112400
14350,250,1000,"sd","09:43:14",111900
14350,250,500,"bu","09:43:04",110900
14350,250,400,"bu","09:43:04",110400
14350,250,400,"bu","09:43:04",110000
14350,250,100,"sd","09:40:40",109600
14350,250,900,"sd","09:38:10",109500
14350,250,1000,"sd","09:38:10",108600
14350,250,200,"sd","09:36:49",107600
14350,250,500,"sd","09:35:34",107400
14400,300,100,"bu","09:34:53",106900
14400,300,700,"bu","09:34:53",106800
14350,250,1200,"sd","09:34:27",106100
14350,250,300,"sd","09:33:40",104900
14400,300,500,"bu","09:32:55",104600
14400,300,200,"sd","09:32:04",104100
14400,300,100,"sd","09:31:51",103900
14400,300,100,"sd","09:31:45",103800
14400,300,1400,"sd","09:31:45",103700
14400,300,500,"sd","09:31:45",102300
14400,300,200,"sd","09:31:43",101800
14400,300,100,"sd","09:31:19",101600
14400,300,1500,"bu","09:30:34",101500
14400,300,200,"bu","09:30:34",100000
14400,300,500,"bu","09:30:33",99800
14400,300,300,"bu","09:30:33",99300
14400,300,500,"bu","09:30:33",99000
14400,300,500,"bu","09:30:33",98500
14400,300,500,"bu","09:30:33",98000
14350,250,200,"bu","09:30:33",97500
14350,250,300,"sd","09:30:16",97300
14400,300,500,"bu","09:29:14",97000
14400,300,200,"bu","09:28:57",96500
14400,300,3000,"bu","09:28:57",96300
14400,300,1800,"bu","09:28:57",93300
14400,300,200,"bu","09:26:40",91500
14400,300,100,"bu","09:26:40",91300
14400,300,200,"bu","09:26:40",91200
14350,250,1000,"sd","09:26:25",91000
14350,250,3700,"sd","09:25:56",90000
14350,250,1000,"unknown","09:25:47",86300
14350,250,100,"sd","09:23:33",85300
14400,300,100,"bu","09:23:26",85200
14400,300,100,"bu","09:23:15",85100
14400,300,2900,"bu","09:22:39",85000
14400,300,100,"bu","09:22:02",82100
14400,300,100,"bu","09:21:35",82000
14300,200,900,"bu","09:21:33",81900
14300,200,100,"bu","09:20:58",81000
14200,100,300,"sd","09:20:33",80900
14250,150,1900,"sd","09:20:33",80600
14250,150,100,"sd","09:20:30",78700
14250,150,100,"sd","09:20:27",78600
14250,150,100,"sd","09:20:17",78500
14250,150,1000,"sd","09:19:33",78400
14300,200,100,"bu","09:19:27",77400
14300,200,400,"sd","09:19:01",77300
14300,200,400,"sd","09:19:01",76900
14400,300,100,"bu","09:19:01",76500
14300,200,600,"sd","09:18:55",76400
14300,200,400,"sd","09:18:55",75800
14400,300,200,"sd","09:18:48",75400
14400,300,300,"sd","09:18:48",75200
14400,300,700,"sd","09:18:46",74900
14400,300,1000,"sd","09:18:46",74200
14400,300,100,"sd","09:18:36",73200
14400,300,900,"bu","09:18:32",73100
14400,300,4100,"sd","09:18:28",72200
14400,300,900,"sd","09:18:22",68100
14400,300,2000,"sd","09:18:22",67200
14400,300,2100,"sd","09:18:22",65200
14450,350,700,"bu","09:18:15",63100
14450,350,200,"sd","09:18:10",62400
14450,350,300,"bu","09:17:58",62200
14400,300,900,"sd","09:17:54",61900
14400,300,600,"sd","09:17:54",61000
14500,400,1900,"bu","09:17:29",60400
14500,400,800,"sd","09:17:20",58500
14500,400,100,"bu","09:17:17",57700
14450,350,100,"bu","09:17:17",57600
14450,350,300,"sd","09:17:15",57500
14500,400,500,"bu","09:17:09",57200
14500,400,100,"bu","09:17:09",56700
14500,400,100,"bu","09:17:09",56600
14500,400,2000,"bu","09:17:09",56500
14500,400,100,"bu","09:17:09",54500
14500,400,1500,"bu","09:17:09",54400
14500,400,700,"bu","09:17:09",52900
14500,400,100,"bu","09:17:05",52200
14450,350,500,"sd","09:17:04",52100
14500,400,200,"bu","09:16:59",51600
14500,400,900,"bu","09:16:56",51400
14500,400,1000,"bu","09:16:56",50500
14500,400,500,"bu","09:16:56",49500
14500,400,600,"bu","09:16:56",49000
14500,400,200,"bu","09:16:47",48400
14450,350,1200,"sd","09:16:45",48200
14450,350,1000,"sd","09:16:45",47000
14450,350,800,"sd","09:16:45",46000
14450,350,500,"sd","09:16:45",45200
14450,350,1500,"sd","09:16:45",44700
14450,350,300,"sd","09:16:42",43200
14450,350,100,"sd","09:16:25",42900
14450,350,500,"sd","09:16:13",42800
14450,350,300,"sd","09:16:06",42300
14450,350,100,"bu","09:15:57",42000
14450,350,300,"bu","09:15:57",41900
14450,350,100,"bu","09:15:57",41600
14450,350,300,"bu","09:15:54",41500
14450,350,200,"unknown","09:15:43",41200
14500,400,200,"bu","09:15:41",41000
14500,400,100,"bu","09:15:41",40800
14500,400,1000,"bu","09:15:41",40700
14500,400,500,"bu","09:15:41",39700
14450,350,2000,"sd","09:15:28",39200
14450,350,2000,"bu","09:15:15",37200
14450,350,200,"bu","09:15:15",35200
14400,300,200,"bu","09:15:08",35000
14400,300,5200,"bu","09:15:08",34800
14400,300,2800,"bu","09:15:08",29600
14300,200,100,"sd","09:15:01",26800
14400,300,26700,"bu","09:14:59",26700
