"price","change","match_qtty","side","time","total_vol"
4600,0,100,"bu","14:45:02",32800
4560,-40,100,"sd","14:29:01",32700
4560,-40,1300,"bu","14:25:37",32600
4560,-40,200,"bu","14:24:50",31300
4560,-40,300,"bu","14:24:13",31100
4560,-40,200,"sd","14:22:48",30800
4560,-40,100,"bu","14:20:48",30600
4560,-40,200,"sd","14:19:11",30500
4560,-40,700,"sd","14:19:11",30300
4560,-40,1300,"sd","14:17:49",29600
4560,-40,900,"sd","14:17:49",28300
4570,-30,1000,"sd","14:16:15",27400
4560,-40,100,"sd","14:09:12",26400
4590,-10,100,"bu","14:08:36",26300
4590,-10,100,"bu","14:05:30",26200
4590,-10,500,"bu","14:04:38",26100
4550,-50,100,"sd","13:56:26",25600
4550,-50,100,"sd","13:48:26",25500
4540,-60,100,"bu","13:40:45",25400
4530,-70,100,"sd","13:40:41",25300
4540,-60,100,"bu","13:40:11",25200
4530,-70,1100,"sd","13:40:03",25100
4530,-70,100,"sd","13:40:03",24000
4530,-70,100,"sd","13:40:03",23900
4530,-70,100,"sd","13:40:03",23800
4530,-70,500,"sd","13:40:03",23700
4530,-70,300,"sd","13:40:03",23200
4540,-60,800,"bu","13:37:59",22900
4540,-60,100,"sd","13:36:51",22100
4540,-60,200,"sd","13:36:51",22000
4530,-70,700,"sd","13:32:11",21800
4530,-70,200,"sd","13:32:11",21100
4530,-70,100,"sd","13:32:11",20900
4540,-60,200,"sd","13:32:11",20800
4540,-60,100,"sd","13:32:11",20600
4540,-60,100,"sd","13:32:11",20500
4550,-50,100,"sd","13:32:11",20400
4550,-50,200,"sd","13:32:11",20300
4560,-40,100,"sd","13:32:11",20100
4560,-40,200,"sd","13:32:11",20000
4560,-40,100,"sd","13:32:11",19800
4590,-10,1500,"sd","13:26:22",19700
4590,-10,1500,"sd","13:22:19",18200
4590,-10,500,"sd","13:22:19",16700
4590,-10,500,"sd","13:18:48",16200
4590,-10,2000,"bu","13:16:25",15700
4600,0,1000,"bu","13:08:30",13700
4590,-10,100,"bu","13:08:30",12700
4600,0,800,"bu","13:00:11",12600
4600,0,200,"bu","13:00:02",11800
4600,0,100,"bu","13:00:02",11600
4600,0,900,"sd","11:16:52",11500
4600,0,200,"sd","11:01:33",10600
4600,0,1000,"sd","11:01:33",10400
4600,0,700,"sd","11:01:33",9400
4600,0,200,"sd","10:52:19",8700
4620,20,100,"bu","10:48:34",8500
4600,0,2100,"sd","10:35:25",8400
4600,0,400,"sd","10:34:01",6300
4630,30,100,"bu","10:24:28",5900
4600,0,500,"sd","10:10:32",5800
4600,0,100,"sd","10:05:23",5300
4600,0,100,"sd","10:05:23",5200
4600,0,100,"sd","09:47:15",5100
4600,0,100,"sd","09:41:41",5000
4600,0,100,"sd","09:41:41",4900
4600,0,100,"sd","09:40:01",4800
4640,40,200,"bu","09:35:54",4700
4650,50,3400,"bu","09:31:14",4500
4650,50,1000,"bu","09:31:14",1100
4600,0,100,"unknown","09:15:01",100
