"price","change","match_qtty","side","time","total_vol"
6190,400,5200,"unknown","14:44:59",3374900
6190,400,1000,"sd","14:29:45",3369700
6190,400,900,"sd","14:28:51",3368700
6190,400,2100,"sd","14:28:51",3367800
6190,400,800,"sd","14:27:49",3365700
6190,400,100,"sd","14:23:36",3364900
6190,400,100,"sd","14:23:36",3364800
6190,400,2000,"sd","14:22:03",3364700
6190,400,2000,"sd","14:19:34",3362700
6190,400,200,"sd","14:13:01",3360700
6190,400,500,"sd","14:08:59",3360500
6190,400,3900,"sd","14:05:41",3360000
6190,400,1000,"sd","14:05:41",3356100
6190,400,100,"sd","14:05:41",3355100
6190,400,400,"sd","14:05:21",3355000
6190,400,10000,"sd","14:04:49",3354600
6190,400,200,"sd","14:04:21",3344600
6190,400,5000,"sd","14:04:14",3344400
6190,400,100,"sd","14:02:44",3339400
6190,400,200,"sd","13:59:00",3339300
6190,400,200,"sd","13:59:00",3339100
6190,400,100,"sd","13:57:18",3338900
6190,400,100,"sd","13:57:18",3338800
6190,400,100,"sd","13:57:18",3338700
6190,400,1500,"sd","13:57:18",3338600
6190,400,300,"sd","13:57:18",3337100
6190,400,100,"sd","13:57:18",3336800
6190,400,400,"sd","13:57:18",3336700
6190,400,100,"sd","13:56:49",3336300
6190,400,900,"sd","13:56:49",3336200
6190,400,300,"sd","13:55:41",3335300
6190,400,300,"sd","13:53:58",3335000
6190,400,500,"sd","13:51:28",3334700
6190,400,700,"sd","13:51:28",3334200
6190,400,5000,"sd","13:48:28",3333500
6190,400,100,"sd","13:48:16",3328500
6190,400,100,"sd","13:46:55",3328400
6190,400,300,"sd","13:46:11",3328300
6190,400,1000,"sd","13:45:14",3328000
6190,400,100,"sd","13:44:47",3327000
6190,400,1700,"sd","13:44:33",3326900
6190,400,5000,"sd","13:44:33",3325200
6190,400,900,"sd","13:44:33",3320200
6190,400,1000,"sd","13:44:33",3319300
6190,400,400,"sd","13:44:33",3318300
6190,400,600,"sd","13:43:52",3317900
6190,400,200,"sd","13:43:10",3317300
6190,400,100,"sd","13:41:53",3317100
6190,400,1000,"sd","13:40:26",3317000
6190,400,10000,"sd","13:39:23",3316000
6190,400,200,"sd","13:38:17",3306000
6190,400,100,"sd","13:36:56",3305800
6190,400,5000,"sd","13:36:56",3305700
6190,400,2200,"sd","13:36:55",3300700
6190,400,1400,"sd","13:36:55",3298500
6190,400,5000,"sd","13:36:55",3297100
6190,400,100,"sd","13:36:55",3292100
6190,400,200,"sd","13:36:55",3292000
6190,400,500,"sd","13:36:55",3291800
6190,400,600,"sd","13:36:55",3291300
6190,400,3000,"sd","13:36:47",3290700
6190,400,1000,"sd","13:35:05",3287700
6190,400,2900,"bu","13:35:02",3286700
6190,400,1300,"bu","13:35:02",3283800
6190,400,800,"bu","13:35:02",3282500
6190,400,200,"bu","13:35:02",3281700
6190,400,40000,"bu","13:35:02",3281500
6190,400,100,"bu","13:35:02",3241500
6190,400,1100,"bu","13:35:02",3241400
6190,400,900,"bu","13:34:56",3240300
6190,400,100,"bu","13:34:56",3239400
6190,400,2000,"bu","13:34:56",3239300
6190,400,3000,"bu","13:34:51",3237300
6190,400,2400,"bu","13:34:42",3234300
6190,400,700,"bu","13:34:42",3231900
6190,400,10000,"bu","13:34:30",3231200
6190,400,700,"bu","13:34:29",3221200
6190,400,2600,"bu","13:34:27",3220500
6190,400,5000,"bu","13:34:17",3217900
6190,400,500,"bu","13:34:12",3212900
6190,400,2000,"bu","13:34:12",3212400
6190,400,200,"bu","13:34:00",3210400
6190,400,500,"bu","13:33:56",3210200
6190,400,400,"bu","13:33:54",3209700
6190,400,100,"bu","13:33:54",3209300
6190,400,900,"bu","13:33:48",3209200
6190,400,100,"bu","13:33:48",3208300
6190,400,300,"bu","13:33:48",3208200
6190,400,2000,"bu","13:33:44",3207900
6190,400,2000,"bu","13:33:43",3205900
6190,400,1000,"bu","13:33:43",3203900
6190,400,1000,"bu","13:33:41",3202900
6190,400,10000,"bu","13:33:39",3201900
6190,400,12600,"bu","13:33:36",3191900
6190,400,2100,"bu","13:33:34",3179300
6190,400,300,"bu","13:33:27",3177200
6190,400,1000,"bu","13:33:24",3176900
6190,400,1000,"bu","13:33:12",3175900
6190,400,100,"bu","13:33:11",3174900
6190,400,1300,"bu","13:33:11",3174800
6190,400,200,"bu","13:33:04",3173500
6190,400,3000,"bu","13:33:04",3173300
6190,400,12000,"bu","13:33:01",3170300
6190,400,200,"bu","13:33:01",3158300
6190,400,300,"bu","13:33:01",3158100
6190,400,2100,"bu","13:33:01",3157800
6190,400,4400,"bu","13:33:01",3155700
6190,400,10000,"bu","13:33:00",3151300
6190,400,1000,"bu","13:32:59",3141300
6190,400,3000,"bu","13:32:53",3140300
6190,400,8000,"bu","13:32:52",3137300
6190,400,10000,"bu","13:32:50",3129300
6190,400,1000,"bu","13:32:45",3119300
6190,400,10000,"bu","13:32:44",3118300
6190,400,2600,"bu","13:32:42",3108300
6190,400,4000,"bu","13:32:42",3105700
6190,400,5000,"bu","13:32:40",3101700
6190,400,500,"bu","13:32:39",3096700
6190,400,2800,"bu","13:32:38",3096200
6190,400,1000,"bu","13:32:29",3093400
6190,400,2000,"bu","13:32:28",3092400
6190,400,100,"bu","13:32:27",3090400
6190,400,200,"bu","13:32:26",3090300
6190,400,4400,"bu","13:32:18",3090100
6190,400,500,"bu","13:32:18",3085700
6190,400,4700,"bu","13:32:18",3085200
6190,400,10000,"bu","13:32:18",3080500
6190,400,1000,"bu","13:32:18",3070500
6190,400,1800,"bu","13:32:18",3069500
6190,400,5000,"bu","13:32:18",3067700
6190,400,100,"bu","13:32:18",3062700
6190,400,200,"bu","13:32:18",3062600
6190,400,1000,"bu","13:32:18",3062400
6190,400,600,"bu","13:32:18",3061400
6190,400,200,"bu","13:32:18",3060800
6190,400,200,"bu","13:32:18",3060600
6190,400,200,"bu","13:32:18",3060400
6190,400,3000,"bu","13:32:18",3060200
6190,400,1000,"bu","13:32:18",3057200
6190,400,200,"bu","13:32:18",3056200
6190,400,300,"bu","13:32:18",3056000
6190,400,200,"bu","13:32:18",3055700
6190,400,800,"bu","13:32:18",3055500
6190,400,200,"bu","13:32:18",3054700
6190,400,3000,"bu","13:32:18",3054500
6190,400,500,"bu","13:32:18",3051500
6190,400,200,"bu","13:32:18",3051000
6190,400,7000,"bu","13:32:18",3050800
6190,400,1100,"bu","13:32:18",3043800
6190,400,100,"bu","13:32:18",3042700
6190,400,100,"bu","13:32:18",3042600
6190,400,800,"bu","13:32:18",3042500
6190,400,100,"bu","13:32:18",3041700
6190,400,1000,"bu","13:32:18",3041600
6190,400,300,"bu","13:32:18",3040600
6190,400,100,"bu","13:32:18",3040300
6190,400,100,"bu","13:32:18",3040200
6190,400,400,"bu","13:32:09",3040100
6190,400,400,"bu","13:32:09",3039700
6180,390,100,"sd","13:32:08",3039300
6190,400,500,"bu","13:32:02",3039200
6190,400,700,"bu","13:32:02",3038700
6190,400,200,"bu","13:31:50",3038000
6190,400,3000,"bu","13:31:43",3037800
6190,400,100,"bu","13:30:59",3034800
6190,400,500,"bu","13:30:58",3034700
6190,400,1000,"bu","13:30:53",3034200
6190,400,700,"bu","13:30:44",3033200
6190,400,5000,"bu","13:30:27",3032500
6180,390,100,"sd","13:29:57",3027500
6190,400,2000,"bu","13:29:56",3027400
6180,390,2800,"sd","13:29:38",3025400
6180,390,1000,"sd","13:29:38",3022600
6180,390,100,"sd","13:29:38",3021600
6180,390,11100,"sd","13:29:38",3021500
6190,400,1000,"bu","13:29:09",3010400
6190,400,200,"bu","13:29:05",3009400
6190,400,500,"bu","13:29:04",3009200
6190,400,4400,"bu","13:28:59",3008700
6190,400,500,"bu","13:28:59",3004300
6190,400,500,"bu","13:28:59",3003800
6190,400,1000,"bu","13:28:59",3003300
6190,400,200,"bu","13:28:59",3002300
6190,400,3400,"bu","13:28:59",3002100
6190,400,1000,"bu","13:28:56",2998700
6190,400,200,"bu","13:28:56",2997700
6190,400,11200,"bu","13:28:52",2997500
6190,400,200,"bu","13:28:46",2986300
6190,400,100,"bu","13:28:44",2986100
6190,400,2000,"bu","13:28:43",2986000
6190,400,1000,"bu","13:28:34",2984000
6190,400,2400,"bu","13:28:34",2983000
6190,400,2400,"bu","13:28:34",2980600
6190,400,100,"bu","13:28:34",2978200
6190,400,800,"bu","13:28:34",2978100
6190,400,300,"bu","13:28:34",2977300
6190,400,3000,"bu","13:28:34",2977000
6190,400,2000,"bu","13:28:30",2974000
6190,400,1000,"bu","13:28:30",2972000
6190,400,1000,"bu","13:28:30",2971000
6190,400,5000,"bu","13:28:30",2970000
6190,400,1200,"bu","13:28:30",2965000
6190,400,100,"bu","13:28:30",2963800
6190,400,200,"bu","13:28:30",2963700
6190,400,9000,"bu","13:28:30",2963500
6190,400,3000,"bu","13:28:30",2954500
6190,400,2000,"bu","13:28:25",2951500
6190,400,1700,"bu","13:28:25",2949500
6190,400,1500,"bu","13:28:25",2947800
6190,400,400,"bu","13:28:25",2946300
6190,400,400,"bu","13:28:25",2945900
6190,400,2700,"bu","13:28:25",2945500
6190,400,300,"bu","13:28:23",2942800
6190,400,200,"bu","13:28:23",2942500
6190,400,1000,"bu","13:28:15",2942300
6190,400,300,"bu","13:28:12",2941300
6190,400,1400,"bu","13:28:07",2941000
6190,400,1000,"bu","13:27:56",2939600
6190,400,2000,"bu","13:27:44",2938600
6180,390,100,"sd","13:27:40",2936600
6180,390,100,"sd","13:27:36",2936500
6190,400,1800,"bu","13:27:31",2936400
6190,400,2500,"bu","13:27:15",2934600
6190,400,2500,"bu","13:27:15",2932100
6190,400,100,"bu","13:27:12",2929600
6190,400,1700,"bu","13:27:12",2929500
6180,390,5600,"sd","13:26:55",2927800
6180,390,1000,"sd","13:26:42",2922200
6180,390,100,"sd","13:26:41",2921200
6190,400,100,"bu","13:26:40",2921100
6190,400,1000,"bu","13:26:39",2921000
6190,400,200,"bu","13:26:27",2920000
6190,400,1500,"bu","13:26:25",2919800
6180,390,900,"sd","13:26:22",2918300
6180,390,1000,"sd","13:26:16",2917400
6180,390,100,"sd","13:25:52",2916400
6180,390,1900,"sd","13:25:52",2916300
6180,390,5000,"sd","13:25:48",2914400
6180,390,100,"sd","13:25:44",2909400
6180,390,100,"sd","13:25:37",2909300
6190,400,200,"bu","13:25:34",2909200
6180,390,1000,"sd","13:25:32",2909000
6190,400,100,"bu","13:25:31",2908000
6180,390,2000,"sd","13:25:11",2907900
6180,390,1100,"sd","13:25:08",2905900
6190,400,200,"bu","13:24:58",2904800
6190,400,1900,"bu","13:24:58",2904600
6190,400,100,"bu","13:24:53",2902700
6190,400,3100,"bu","13:24:53",2902600
6190,400,2400,"bu","13:24:53",2899500
6190,400,300,"bu","13:24:53",2897100
6190,400,100,"bu","13:24:53",2896800
6180,390,5000,"sd","13:24:46",2896700
6190,400,100,"bu","13:24:36",2891700
6190,400,900,"bu","13:24:17",2891600
6190,400,2500,"bu","13:24:17",2890700
6180,390,100,"sd","13:23:29",2888200
6190,400,500,"bu","13:22:53",2888100
6190,400,11000,"bu","13:22:39",2887600
6190,400,1000,"bu","13:22:39",2876600
6190,400,100,"bu","13:22:39",2875600
6190,400,500,"bu","13:22:39",2875500
6190,400,1000,"bu","13:22:39",2875000
6190,400,400,"bu","13:22:39",2874000
6190,400,300,"bu","13:22:39",2873600
6190,400,1000,"bu","13:22:39",2873300
6190,400,5000,"bu","13:22:39",2872300
6190,400,1000,"bu","13:22:39",2867300
6190,400,4000,"bu","13:22:39",2866300
6190,400,1000,"bu","13:22:39",2862300
6190,400,5000,"bu","13:22:39",2861300
6190,400,2000,"bu","13:22:39",2856300
6190,400,500,"bu","13:22:39",2854300
6190,400,4700,"bu","13:22:39",2853800
6190,400,2000,"bu","13:22:39",2849100
6190,400,200,"bu","13:22:39",2847100
6190,400,300,"bu","13:22:39",2846900
6190,400,2000,"bu","13:22:39",2846600
6190,400,900,"bu","13:22:39",2844600
6190,400,4100,"bu","13:22:39",2843700
6190,400,100,"bu","13:22:28",2839600
6180,390,1000,"sd","13:22:28",2839500
6180,390,22700,"bu","13:22:09",2838500
6170,380,1000,"sd","13:22:07",2815800
6180,390,3000,"bu","13:22:00",2814800
6170,380,100,"sd","13:21:23",2811800
6180,390,800,"bu","13:20:49",2811700
6180,390,100,"sd","13:20:29",2810900
6180,390,3000,"sd","13:20:29",2810800
6180,390,400,"sd","13:20:29",2807800
6190,400,3300,"bu","13:20:28",2807400
6180,390,2600,"bu","13:20:09",2804100
6180,390,100,"bu","13:20:02",2801500
6180,390,100,"sd","13:20:02",2801400
6180,390,200,"sd","13:20:02",2801300
6180,390,2000,"sd","13:20:02",2801100
6180,390,5000,"sd","13:20:02",2799100
6190,400,500,"bu","13:20:01",2794100
6190,400,2000,"bu","13:19:28",2793600
6190,400,500,"bu","13:19:28",2791600
6190,400,200,"bu","13:19:28",2791100
6190,400,500,"bu","13:19:28",2790900
6190,400,400,"bu","13:19:28",2790400
6190,400,600,"bu","13:19:04",2790000
6190,400,400,"bu","13:19:04",2789400
6190,400,500,"bu","13:18:48",2789000
6190,400,300,"bu","13:18:48",2788500
6180,390,100,"sd","13:18:42",2788200
6190,400,2800,"bu","13:18:31",2788100
6190,400,600,"bu","13:18:27",2785300
6180,390,1400,"sd","13:18:26",2784700
6180,390,600,"sd","13:18:26",2783300
6190,400,12000,"bu","13:18:21",2782700
6180,390,5000,"bu","13:18:13",2770700
6180,390,200,"bu","13:18:13",2765700
6180,390,1000,"bu","13:18:13",2765500
6180,390,3200,"bu","13:18:13",2764500
6180,390,200,"bu","13:18:10",2761300
6180,390,300,"bu","13:17:54",2761100
6180,390,500,"bu","13:17:52",2760800
6180,390,2800,"bu","13:17:46",2760300
6180,390,900,"bu","13:17:46",2757500
6180,390,500,"bu","13:17:46",2756600
6180,390,400,"bu","13:17:46",2756100
6180,390,500,"bu","13:17:46",2755700
6180,390,800,"bu","13:17:46",2755200
6180,390,200,"bu","13:17:46",2754400
6180,390,1000,"bu","13:17:46",2754200
6180,390,1000,"bu","13:17:46",2753200
6180,390,1900,"bu","13:17:46",2752200
6180,390,100,"bu","13:17:36",2750300
6170,380,5000,"bu","13:17:35",2750200
6170,380,200,"bu","13:17:35",2745200
6170,380,900,"bu","13:17:35",2745000
6170,380,100,"bu","13:17:32",2744100
6170,380,1000,"bu","13:17:32",2744000
6170,380,9500,"bu","13:17:32",2743000
6170,380,4400,"bu","13:17:32",2733500
6170,380,800,"bu","13:17:30",2729100
6170,380,200,"bu","13:17:22",2728300
6170,380,100,"bu","13:17:13",2728100
6170,380,3000,"bu","13:16:00",2728000
6160,370,2100,"sd","13:15:20",2725000
6160,370,100,"sd","13:15:20",2722900
6160,370,100,"sd","13:15:20",2722800
6160,370,500,"sd","13:15:20",2722700
6160,370,3000,"sd","13:15:20",2722200
6160,370,4200,"sd","13:15:20",2719200
6160,370,1300,"sd","13:14:39",2715000
6160,370,5000,"bu","13:13:32",2713700
6160,370,1000,"bu","13:13:32",2708700
6160,370,1000,"bu","13:13:32",2707700
6160,370,700,"bu","13:13:32",2706700
6160,370,500,"bu","13:13:09",2706000
6160,370,500,"bu","13:12:50",2705500
6160,370,8000,"bu","13:12:33",2705000
6150,360,5000,"sd","13:11:46",2697000
6160,370,3000,"sd","13:11:29",2692000
6160,370,1400,"sd","13:11:29",2689000
6160,370,700,"sd","13:11:29",2687600
6160,370,1100,"sd","13:11:29",2686900
6160,370,1000,"sd","13:11:10",2685800
6160,370,1000,"sd","13:10:58",2684800
6160,370,100,"bu","13:10:37",2683800
6160,370,1800,"bu","13:10:37",2683700
6160,370,200,"sd","13:10:25",2681900
6160,370,500,"bu","13:10:12",2681700
6160,370,500,"sd","13:10:08",2681200
6170,380,900,"bu","13:10:01",2680700
6170,380,100,"bu","13:09:58",2679800
6170,380,100,"bu","13:09:58",2679700
6160,370,200,"sd","13:09:44",2679600
6160,370,500,"sd","13:09:27",2679400
6160,370,1100,"sd","13:08:54",2678900
6160,370,200,"sd","13:08:51",2677800
6160,370,500,"bu","13:08:04",2677600
6160,370,1500,"bu","13:08:04",2677100
6160,370,100,"bu","13:07:49",2675600
6160,370,1100,"bu","13:07:17",2675500
6160,370,300,"bu","13:07:07",2674400
6160,370,700,"bu","13:07:07",2674100
6160,370,100,"bu","13:06:58",2673400
6160,370,300,"sd","13:06:49",2673300
6160,370,700,"bu","13:06:35",2673000
6160,370,3000,"sd","13:06:27",2672300
6160,370,300,"sd","13:06:27",2669300
6160,370,300,"bu","13:06:25",2669000
6160,370,1100,"bu","13:05:50",2668700
6160,370,1000,"bu","13:05:50",2667600
6160,370,1100,"bu","13:05:50",2666600
6160,370,900,"bu","13:05:34",2665500
6160,370,200,"bu","13:05:34",2664600
6160,370,900,"bu","13:05:34",2664400
6150,360,600,"sd","13:05:02",2663500
6150,360,800,"bu","13:04:59",2662900
6150,360,1000,"bu","13:04:59",2662100
6150,360,100,"bu","13:04:59",2661100
6140,350,100,"sd","13:03:44",2661000
6140,350,100,"sd","13:03:02",2660900
6140,350,1000,"sd","13:02:34",2660800
6140,350,1500,"sd","13:02:30",2659800
6140,350,1300,"sd","13:01:55",2658300
6150,360,3700,"sd","13:01:55",2657000
6160,370,1300,"bu","13:01:22",2653300
6160,370,500,"bu","13:01:22",2652000
6160,370,2000,"bu","13:01:22",2651500
6160,370,1200,"bu","13:01:22",2649500
6160,370,7300,"bu","13:01:11",2648300
6160,370,500,"bu","13:01:00",2641000
6150,360,2000,"sd","13:00:25",2640500
6150,360,800,"sd","13:00:25",2638500
6150,360,500,"bu","13:00:17",2637700
6150,360,3000,"bu","13:00:17",2637200
6150,360,200,"bu","13:00:16",2634200
6150,360,1000,"bu","13:00:16",2634000
6150,360,500,"bu","13:00:16",2633000
6150,360,1000,"bu","13:00:16",2632500
6140,350,500,"bu","13:00:16",2631500
6140,350,100,"bu","13:00:16",2631000
6140,350,4000,"bu","13:00:16",2630900
6140,350,100,"bu","13:00:16",2626900
6140,350,100,"bu","13:00:16",2626800
6140,350,100,"bu","13:00:16",2626700
6140,350,200,"bu","13:00:16",2626600
6140,350,1000,"bu","13:00:16",2626400
6140,350,200,"bu","13:00:16",2625400
6140,350,400,"bu","13:00:16",2625200
6140,350,600,"bu","13:00:16",2624800
6140,350,1000,"bu","13:00:15",2624200
6140,350,2000,"bu","13:00:15",2623200
6130,340,3000,"sd","13:00:15",2621200
6140,350,5000,"bu","13:00:14",2618200
6140,350,200,"bu","13:00:13",2613200
6130,340,9000,"sd","13:00:11",2613000
6130,340,1000,"sd","13:00:05",2604000
6140,350,600,"bu","13:00:04",2603000
6140,350,800,"bu","13:00:01",2602400
6130,340,100,"sd","13:00:00",2601600
6140,350,300,"sd","12:59:59",2601500
6130,340,2000,"sd","12:59:59",2601200
6130,340,900,"sd","12:59:59",2599200
6140,350,100,"sd","12:59:59",2598300
6140,350,1000,"sd","11:29:56",2598200
6140,350,1000,"sd","11:29:25",2597200
6140,350,1000,"sd","11:28:56",2596200
6140,350,1900,"bu","11:28:47",2595200
6140,350,200,"bu","11:28:36",2593300
6140,350,2900,"bu","11:28:31",2593100
6140,350,2000,"bu","11:28:31",2590200
6140,350,5000,"bu","11:28:31",2588200
6140,350,100,"bu","11:28:31",2583200
6130,340,2500,"sd","11:27:59",2583100
6130,340,300,"sd","11:27:59",2580600
6130,340,200,"bu","11:26:58",2580300
6130,340,800,"bu","11:26:36",2580100
6130,340,1000,"bu","11:26:36",2579300
6130,340,1000,"bu","11:26:36",2578300
6130,340,300,"bu","11:26:36",2577300
6130,340,500,"bu","11:26:33",2577000
6130,340,2500,"bu","11:26:22",2576500
6130,340,300,"bu","11:26:13",2574000
6130,340,200,"bu","11:26:12",2573700
6130,340,100,"bu","11:26:09",2573500
6130,340,1000,"bu","11:26:01",2573400
6130,340,100,"bu","11:25:50",2572400
6130,340,500,"bu","11:25:40",2572300
6120,330,1000,"bu","11:25:24",2571800
6120,330,900,"bu","11:25:24",2570800
6120,330,100,"bu","11:25:19",2569900
6130,340,800,"bu","11:24:43",2569800
6120,330,200,"bu","11:24:43",2569000
6120,330,4000,"bu","11:24:43",2568800
6120,330,5000,"bu","11:24:43",2564800
6100,310,200,"bu","11:24:33",2559800
6080,290,5000,"sd","11:24:22",2559600
6090,300,1000,"sd","11:24:22",2554600
6090,300,500,"bu","11:24:20",2553600
6090,300,200,"bu","11:24:15",2553100
6090,300,100,"bu","11:24:06",2552900
6090,300,1200,"sd","11:23:57",2552800
6100,310,1000,"bu","11:23:42",2551600
6100,310,1300,"sd","11:23:32",2550600
6100,310,100,"sd","11:23:32",2549300
6100,310,3000,"sd","11:23:32",2549200
6100,310,2200,"sd","11:23:32",2546200
6100,310,4200,"sd","11:23:20",2544000
6100,310,800,"sd","11:23:20",2539800
6100,310,500,"sd","11:23:09",2539000
6100,310,3700,"sd","11:23:03",2538500
6100,310,2000,"sd","11:23:03",2534800
6100,310,100,"sd","11:23:03",2532800
6100,310,3700,"sd","11:23:03",2532700
6110,320,500,"sd","11:23:03",2529000
6110,320,5000,"sd","11:23:03",2528500
6120,330,1500,"sd","11:22:35",2523500
6120,330,3500,"sd","11:22:35",2522000
6130,340,500,"bu","11:22:00",2518500
6120,330,500,"sd","11:21:58",2518000
6130,340,200,"bu","11:21:54",2517500
6130,340,1000,"sd","11:21:40",2517300
6130,340,2000,"sd","11:21:40",2516300
6140,350,400,"bu","11:20:57",2514300
6140,350,200,"bu","11:20:13",2513900
6140,350,300,"sd","11:19:57",2513700
6140,350,300,"bu","11:19:49",2513400
6140,350,200,"bu","11:19:49",2513100
6140,350,100,"bu","11:19:49",2512900
6140,350,900,"bu","11:18:59",2512800
6130,340,100,"bu","11:18:59",2511900
6130,340,100,"bu","11:18:59",2511800
6130,340,400,"bu","11:18:17",2511700
6130,340,700,"sd","11:18:16",2511300
6130,340,3500,"sd","11:18:16",2510600
6130,340,300,"sd","11:18:16",2507100
6130,340,1400,"sd","11:18:16",2506800
6130,340,3500,"sd","11:18:16",2505400
6130,340,1500,"sd","11:18:03",2501900
6150,360,300,"bu","11:16:42",2500400
6150,360,1000,"bu","11:16:42",2500100
6150,360,400,"bu","11:16:42",2499100
6130,340,100,"sd","11:16:27",2498700
6150,360,100,"sd","11:15:52",2498600
6150,360,300,"sd","11:15:52",2498500
6150,360,1500,"sd","11:15:49",2498200
6150,360,2600,"sd","11:15:46",2496700
6150,360,400,"sd","11:15:46",2494100
6150,360,600,"sd","11:15:45",2493700
6150,360,400,"sd","11:15:45",2493100
6160,370,200,"bu","11:15:42",2492700
6160,370,100,"bu","11:15:42",2492500
6150,360,6100,"sd","11:15:36",2492400
6150,360,6000,"sd","11:15:36",2486300
6150,360,5000,"sd","11:15:36",2480300
6150,360,22900,"sd","11:15:36",2475300
6150,360,5400,"sd","11:13:54",2452400
6160,370,400,"sd","11:13:45",2447000
6160,370,1000,"sd","11:12:52",2446600
6160,370,2000,"sd","11:12:41",2445600
6160,370,500,"sd","11:12:24",2443600
6160,370,2000,"sd","11:12:06",2443100
6160,370,1100,"sd","11:12:03",2441100
6160,370,600,"bu","11:11:50",2440000
6160,370,2400,"bu","11:11:50",2439400
6160,370,2000,"bu","11:11:24",2437000
6160,370,1000,"sd","11:11:12",2435000
6160,370,4000,"sd","11:11:12",2434000
6160,370,600,"sd","11:11:12",2430000
6170,380,1900,"bu","11:10:58",2429400
6170,380,100,"bu","11:10:58",2427500
6160,370,600,"sd","11:10:52",2427400
6170,380,100,"bu","11:10:45",2426800
6170,380,1800,"bu","11:09:51",2426700
6170,380,100,"bu","11:09:51",2424900
6170,380,100,"bu","11:09:51",2424800
6160,370,1100,"bu","11:09:46",2424700
6160,370,3900,"bu","11:09:33",2423600
6150,360,1000,"sd","11:09:10",2419700
6150,360,5000,"sd","11:08:39",2418700
6150,360,5000,"bu","11:08:36",2413700
6150,360,200,"bu","11:08:36",2408700
6150,360,300,"bu","11:08:36",2408500
6150,360,200,"bu","11:08:36",2408200
6140,350,100,"sd","11:08:29",2408000
6150,360,300,"bu","11:07:28",2407900
6150,360,100,"bu","11:07:28",2407600
6150,360,300,"bu","11:07:13",2407500
6150,360,1000,"sd","11:06:11",2407200
6150,360,14000,"bu","11:05:32",2406200
6150,360,100,"bu","11:05:25",2392200
6180,390,100,"bu","11:04:53",2392100
6180,390,800,"bu","11:04:53",2392000
6180,390,7100,"bu","11:04:24",2391200
6180,390,1000,"bu","11:04:24",2384100
6180,390,500,"bu","11:04:24",2383100
6180,390,100,"bu","11:04:24",2382600
6180,390,500,"bu","11:04:24",2382500
6180,390,2700,"bu","11:04:24",2382000
6180,390,100,"bu","11:04:20",2379300
6180,390,2500,"bu","11:03:42",2379200
6170,380,1000,"bu","11:03:42",2376700
6130,340,100,"bu","11:03:37",2375700
6180,390,1100,"bu","11:03:33",2375600
6130,340,3900,"bu","11:03:33",2374500
6130,340,100,"sd","11:03:24",2370600
6180,390,500,"bu","11:03:20",2370500
6170,380,100,"bu","11:03:20",2370000
6170,380,2000,"bu","11:03:20",2369900
6150,360,400,"bu","11:03:20",2367900
6150,360,200,"bu","11:02:38",2367500
6180,390,100,"bu","11:02:26",2367300
6180,390,2000,"bu","11:02:24",2367200
6160,370,1000,"bu","11:02:24",2365200
6160,370,1000,"bu","11:02:24",2364200
6150,360,1000,"bu","11:02:24",2363200
6150,360,500,"bu","11:02:24",2362200
6150,360,3500,"bu","11:02:24",2361700
6130,340,100,"bu","11:02:18",2358200
6130,340,100,"bu","11:02:12",2358100
6100,310,2400,"sd","11:01:38",2358000
6100,310,400,"sd","11:01:35",2355600
6150,360,200,"bu","11:01:23",2355200
6150,360,800,"bu","11:01:23",2355000
6150,360,500,"bu","11:01:23",2354200
6150,360,500,"bu","11:01:23",2353700
6150,360,200,"bu","11:01:23",2353200
6150,360,1000,"bu","11:01:23",2353000
6150,360,7800,"bu","11:01:23",2352000
6140,350,2200,"bu","11:01:23",2344200
6150,360,1500,"bu","11:01:23",2342000
6140,350,500,"bu","11:01:23",2340500
6140,350,2000,"bu","11:01:23",2340000
6140,350,1000,"bu","11:01:23",2338000
6130,340,1000,"bu","11:01:23",2337000
6100,310,3500,"bu","11:01:14",2336000
6100,310,3000,"bu","11:01:07",2332500
6100,310,3000,"sd","11:01:06",2329500
6100,310,500,"sd","11:01:06",2326500
6100,310,500,"bu","11:00:49",2326000
6100,310,3500,"bu","11:00:49",2325500
6100,310,500,"bu","11:00:46",2322000
6100,310,1000,"sd","11:00:25",2321500
6100,310,3000,"sd","11:00:25",2320500
6100,310,2000,"sd","11:00:25",2317500
6110,320,500,"sd","11:00:21",2315500
6100,310,700,"sd","11:00:20",2315000
6100,310,1000,"sd","11:00:13",2314300
6100,310,4500,"sd","11:00:13",2313300
6100,310,500,"sd","11:00:13",2308800
6110,320,300,"sd","11:00:13",2308300
6110,320,700,"sd","11:00:09",2308000
6140,350,300,"bu","11:00:08",2307300
6120,330,200,"bu","11:00:08",2307000
6120,330,300,"sd","11:00:06",2306800
6120,330,500,"sd","10:59:58",2306500
6130,340,500,"sd","10:59:58",2306000
6140,350,500,"sd","10:59:44",2305500
6140,350,2000,"sd","10:59:44",2305000
6140,350,1000,"sd","10:59:44",2303000
6140,350,500,"sd","10:59:44",2302000
6140,350,900,"sd","10:59:34",2301500
6140,350,400,"sd","10:59:19",2300600
6140,350,100,"sd","10:59:11",2300200
6150,360,2000,"bu","10:59:01",2300100
6150,360,500,"bu","10:58:41",2298100
6150,360,5000,"bu","10:58:25",2297600
6150,360,200,"bu","10:58:19",2292600
6150,360,2000,"sd","10:58:10",2292400
6150,360,500,"sd","10:58:10",2290400
6150,360,300,"sd","10:58:10",2289900
6160,370,1700,"sd","10:58:10",2289600
6160,370,2300,"sd","10:58:04",2287900
6160,370,1000,"sd","10:58:04",2285600
6160,370,300,"sd","10:58:04",2284600
6170,380,400,"sd","10:58:04",2284300
6170,380,100,"unknown","10:57:56",2283900
6160,370,100,"sd","10:57:48",2283800
6170,380,100,"sd","10:57:38",2283700
6170,380,100,"sd","10:57:28",2283600
6170,380,4800,"bu","10:57:27",2283500
6170,380,200,"bu","10:57:27",2278700
6170,380,300,"bu","10:57:27",2278500
6180,390,1000,"bu","10:56:54",2278200
6170,380,2000,"bu","10:56:54",2277200
6160,370,600,"sd","10:56:45",2275200
6190,400,2000,"bu","10:56:31",2274600
6180,390,100,"bu","10:56:26",2272600
6190,400,10300,"bu","10:56:21",2272500
6190,400,2000,"bu","10:56:21",2262200
6190,400,3000,"bu","10:56:21",2260200
6190,400,1000,"bu","10:56:21",2257200
6190,400,100,"bu","10:56:21",2256200
6190,400,2000,"bu","10:56:21",2256100
6190,400,2000,"bu","10:56:21",2254100
6190,400,2700,"bu","10:56:21",2252100
6180,390,7000,"bu","10:56:21",2249400
6180,390,4900,"bu","10:56:21",2242400
6180,390,500,"bu","10:56:21",2237500
6180,390,300,"sd","10:56:15",2237000
6180,390,900,"sd","10:56:15",2236700
6180,390,1000,"sd","10:56:15",2235800
6180,390,300,"sd","10:56:15",2234800
6180,390,700,"sd","10:56:10",2234500
6180,390,300,"sd","10:56:10",2233800
6180,390,1100,"sd","10:56:05",2233500
6180,390,2000,"sd","10:56:05",2232400
6180,390,3000,"sd","10:56:05",2230400
6180,390,3900,"sd","10:56:05",2227400
6180,390,100,"sd","10:56:03",2223500
6180,390,600,"sd","10:56:02",2223400
6190,400,5000,"bu","10:55:50",2222800
6190,400,1000,"bu","10:55:48",2217800
6190,400,3600,"bu","10:55:42",2216800
6190,400,3000,"bu","10:55:36",2213200
6190,400,300,"bu","10:55:29",2210200
6180,390,100,"sd","10:55:23",2209900
6190,400,1300,"bu","10:55:14",2209800
6190,400,1100,"bu","10:55:13",2208500
6190,400,100,"bu","10:55:13",2207400
6190,400,3800,"bu","10:55:13",2207300
6190,400,700,"bu","10:54:59",2203500
6190,400,100,"bu","10:54:55",2202800
6190,400,100,"sd","10:54:38",2202700
6190,400,500,"sd","10:54:38",2202600
6190,400,100,"sd","10:54:38",2202100
6190,400,2000,"sd","10:54:38",2202000
6190,400,100,"sd","10:54:38",2200000
6190,400,100,"sd","10:54:38",2199900
6190,400,2500,"sd","10:54:38",2199800
6190,400,5000,"sd","10:54:37",2197300
6190,400,2000,"sd","10:54:32",2192300
6190,400,500,"sd","10:54:26",2190300
6190,400,20000,"sd","10:54:17",2189800
6190,400,100,"sd","10:54:17",2169800
6190,400,100,"sd","10:54:17",2169700
6190,400,12700,"sd","10:54:17",2169600
6190,400,1000,"sd","10:54:15",2156900
6190,400,1500,"sd","10:53:56",2155900
6190,400,1000,"sd","10:53:56",2154400
6190,400,2500,"sd","10:53:51",2153400
6190,400,100,"sd","10:53:34",2150900
6190,400,1000,"sd","10:53:23",2150800
6190,400,1000,"bu","10:53:20",2149800
6190,400,2000,"bu","10:53:20",2148800
6190,400,1200,"bu","10:53:20",2146800
6190,400,200,"bu","10:53:20",2145600
6190,400,5800,"bu","10:53:20",2145400
6190,400,2000,"bu","10:53:19",2139600
6190,400,100,"bu","10:53:17",2137600
6190,400,9100,"bu","10:53:00",2137500
6190,400,200,"bu","10:53:00",2128400
6190,400,500,"bu","10:53:00",2128200
6190,400,600,"bu","10:53:00",2127700
6190,400,1000,"bu","10:53:00",2127100
6190,400,1000,"bu","10:52:59",2126100
6190,400,7600,"bu","10:52:59",2125100
6180,390,100,"sd","10:52:58",2117500
6190,400,1400,"bu","10:52:30",2117400
6190,400,1500,"sd","10:52:02",2116000
6190,400,100,"sd","10:52:02",2114500
6190,400,100,"sd","10:52:02",2114400
6190,400,5000,"sd","10:52:02",2114300
6190,400,300,"sd","10:52:02",2109300
6190,400,1000,"sd","10:52:02",2109000
6190,400,8100,"sd","10:52:02",2108000
6190,400,1000,"sd","10:51:52",2099900
6190,400,500,"sd","10:51:48",2098900
6190,400,2500,"sd","10:51:48",2098400
6190,400,300,"sd","10:51:01",2095900
6190,400,500,"sd","10:50:36",2095600
6190,400,1500,"bu","10:50:20",2095100
6190,400,1000,"bu","10:50:20",2093600
6190,400,600,"bu","10:50:20",2092600
6190,400,100,"bu","10:50:20",2092000
6190,400,3900,"bu","10:50:20",2091900
6190,400,3100,"bu","10:49:41",2088000
6190,400,3900,"bu","10:49:41",2084900
6180,390,100,"sd","10:49:40",2081000
6190,400,3200,"bu","10:49:39",2080900
6190,400,4400,"bu","10:49:39",2077700
6190,400,500,"bu","10:49:37",2073300
6190,400,200,"sd","10:49:30",2072800
6190,400,2000,"sd","10:49:30",2072600
6190,400,100,"sd","10:49:30",2070600
6190,400,7800,"sd","10:49:30",2070500
6190,400,1000,"sd","10:49:29",2062700
6190,400,200,"sd","10:49:26",2061700
6190,400,800,"sd","10:49:26",2061500
6190,400,200,"sd","10:49:19",2060700
6190,400,500,"sd","10:49:19",2060500
6190,400,10000,"sd","10:49:19",2060000
6190,400,1000,"sd","10:49:19",2050000
6190,400,600,"sd","10:49:19",2049000
6190,400,7700,"sd","10:49:19",2048400
6190,400,500,"sd","10:49:12",2040700
6190,400,5000,"sd","10:48:59",2040200
6190,400,5000,"sd","10:48:39",2035200
6190,400,3800,"sd","10:48:25",2030200
6190,400,4000,"sd","10:48:24",2026400
6190,400,1000,"sd","10:48:06",2022400
6190,400,1000,"sd","10:47:49",2021400
6190,400,1000,"sd","10:47:48",2020400
6190,400,300,"sd","10:47:45",2019400
6190,400,200,"sd","10:47:37",2019100
6190,400,3000,"sd","10:47:33",2018900
6190,400,1000,"sd","10:47:27",2015900
6190,400,200,"sd","10:47:17",2014900
6190,400,500,"sd","10:47:06",2014700
6190,400,1000,"sd","10:46:48",2014200
6190,400,2000,"sd","10:46:43",2013200
6190,400,1700,"sd","10:46:40",2011200
6190,400,5000,"sd","10:46:38",2009500
6190,400,1800,"sd","10:46:26",2004500
6190,400,3000,"sd","10:46:14",2002700
6190,400,1300,"sd","10:45:51",1999700
6190,400,2700,"sd","10:45:51",1998400
6190,400,300,"sd","10:45:25",1995700
6190,400,9800,"sd","10:45:19",1995400
6190,400,5000,"sd","10:45:19",1985600
6190,400,100,"sd","10:45:17",1980600
6190,400,500,"sd","10:45:17",1980500
6190,400,100,"bu","10:45:08",1980000
6190,400,1000,"bu","10:45:08",1979900
6190,400,3000,"bu","10:45:08",1978900
6190,400,500,"bu","10:45:08",1975900
6190,400,900,"bu","10:44:52",1975400
6190,400,300,"bu","10:44:52",1974500
6190,400,400,"bu","10:44:38",1974200
6190,400,1500,"sd","10:44:36",1973800
6190,400,1000,"sd","10:44:36",1972300
6190,400,100,"sd","10:44:36",1971300
6190,400,100,"sd","10:44:36",1971200
6190,400,900,"sd","10:44:36",1971100
6190,400,200,"sd","10:44:36",1970200
6190,400,2500,"sd","10:44:36",1970000
6190,400,9500,"sd","10:44:34",1967500
6190,400,100,"sd","10:44:34",1958000
6190,400,400,"sd","10:44:34",1957900
6190,400,1800,"sd","10:44:26",1957500
6190,400,1800,"sd","10:44:24",1955700
6190,400,1000,"sd","10:44:23",1953900
6190,400,300,"sd","10:44:23",1952900
6190,400,1900,"sd","10:44:23",1952600
6190,400,600,"sd","10:44:16",1950700
6190,400,200,"sd","10:44:04",1950100
6190,400,6000,"sd","10:43:50",1949900
6190,400,1000,"sd","10:43:31",1943900
6190,400,100,"sd","10:43:31",1942900
6190,400,2000,"sd","10:43:26",1942800
6190,400,3000,"sd","10:43:25",1940800
6190,400,300,"sd","10:43:16",1937800
6190,400,1000,"sd","10:43:10",1937500
6190,400,5100,"sd","10:43:10",1936500
6190,400,200,"sd","10:43:10",1931400
6190,400,3000,"sd","10:43:03",1931200
6190,400,1500,"sd","10:42:53",1928200
6190,400,1500,"sd","10:42:34",1926700
6190,400,100,"sd","10:42:34",1925200
6190,400,400,"sd","10:42:34",1925100
6190,400,1900,"sd","10:42:23",1924700
6190,400,5000,"sd","10:42:17",1922800
6190,400,1000,"sd","10:42:12",1917800
6190,400,2000,"sd","10:42:10",1916800
6190,400,500,"sd","10:41:42",1914800
6190,400,1500,"sd","10:41:40",1914300
6190,400,500,"sd","10:41:31",1912800
6190,400,4200,"sd","10:41:27",1912300
6190,400,600,"sd","10:41:27",1908100
6190,400,1200,"sd","10:41:27",1907500
6190,400,500,"sd","10:41:03",1906300
6190,400,3300,"sd","10:40:54",1905800
6190,400,200,"sd","10:40:54",1902500
6190,400,500,"sd","10:40:54",1902300
6190,400,300,"sd","10:40:54",1901800
6190,400,1000,"sd","10:40:54",1901500
6190,400,1600,"sd","10:40:54",1900500
6190,400,900,"sd","10:40:50",1898900
6190,400,100,"sd","10:40:50",1898000
6190,400,1500,"sd","10:40:47",1897900
6190,400,500,"sd","10:40:41",1896400
6190,400,3600,"sd","10:40:39",1895900
6190,400,500,"sd","10:40:39",1892300
6190,400,100,"sd","10:40:35",1891800
6190,400,200,"sd","10:40:34",1891700
6190,400,100,"sd","10:40:22",1891500
6190,400,2000,"sd","10:40:22",1891400
6190,400,100,"sd","10:40:22",1889400
6190,400,300,"bu","10:40:21",1889300
6190,400,400,"bu","10:40:21",1889000
6190,400,100,"bu","10:40:21",1888600
6190,400,1000,"bu","10:40:21",1888500
6190,400,2500,"bu","10:40:21",1887500
6190,400,1500,"bu","10:40:21",1885000
6190,400,3800,"bu","10:40:21",1883500
6190,400,100,"bu","10:40:21",1879700
6190,400,1600,"bu","10:40:21",1879600
6190,400,1000,"bu","10:40:09",1878000
6190,400,200,"bu","10:39:57",1877000
6180,390,100,"sd","10:39:57",1876800
6190,400,1000,"bu","10:39:46",1876700
6190,400,4400,"sd","10:39:44",1875700
6190,400,1500,"sd","10:39:44",1871300
6190,400,100,"sd","10:39:44",1869800
6190,400,4000,"sd","10:39:44",1869700
6190,400,4000,"sd","10:39:44",1865700
6190,400,300,"sd","10:39:41",1861700
6190,400,200,"sd","10:39:40",1861400
6190,400,200,"sd","10:39:38",1861200
6190,400,4000,"sd","10:39:37",1861000
6190,400,1000,"sd","10:39:35",1857000
6190,400,300,"sd","10:39:35",1856000
6190,400,2700,"sd","10:39:35",1855700
6190,400,5500,"sd","10:39:34",1853000
6190,400,2000,"sd","10:39:34",1847500
6190,400,400,"sd","10:39:34",1845500
6190,400,700,"sd","10:39:34",1845100
6190,400,4600,"sd","10:39:34",1844400
6190,400,5000,"sd","10:39:34",1839800
6190,400,1800,"sd","10:39:34",1834800
6190,400,200,"sd","10:39:33",1833000
6190,400,200,"sd","10:39:33",1832800
6190,400,100,"sd","10:39:33",1832600
6190,400,500,"sd","10:39:33",1832500
6190,400,9500,"sd","10:39:33",1832000
6190,400,500,"sd","10:39:33",1822500
6190,400,1300,"sd","10:39:28",1822000
6190,400,5100,"sd","10:39:28",1820700
6190,400,1000,"sd","10:39:28",1815600
6190,400,2100,"sd","10:39:27",1814600
6190,400,3000,"sd","10:39:27",1812500
6190,400,1000,"sd","10:39:27",1809500
6190,400,1000,"sd","10:39:27",1808500
6190,400,5000,"sd","10:39:27",1807500
6190,400,3400,"sd","10:39:27",1802500
6190,400,1600,"sd","10:39:27",1799100
6190,400,3400,"sd","10:39:27",1797500
6190,400,2800,"sd","10:39:26",1794100
6190,400,8300,"sd","10:39:24",1791300
6190,400,600,"sd","10:39:24",1783000
6190,400,2000,"sd","10:39:24",1782400
6190,400,2000,"sd","10:39:24",1780400
6190,400,500,"sd","10:39:24",1778400
6190,400,2000,"sd","10:39:24",1777900
6190,400,300,"sd","10:39:24",1775900
6190,400,21000,"sd","10:39:24",1775600
6190,400,7300,"sd","10:39:24",1754600
6190,400,6000,"sd","10:39:24",1747300
6190,400,1000,"sd","10:39:19",1741300
6190,400,1100,"sd","10:39:19",1740300
6190,400,3900,"sd","10:39:19",1739200
6190,400,10000,"sd","10:39:17",1735300
6190,400,6000,"sd","10:39:16",1725300
6190,400,5000,"sd","10:39:15",1719300
6190,400,1400,"sd","10:39:15",1714300
6190,400,500,"sd","10:39:13",1712900
6190,400,1200,"sd","10:39:10",1712400
6190,400,1000,"sd","10:39:10",1711200
6190,400,100,"sd","10:39:10",1710200
6190,400,1700,"sd","10:39:10",1710100
6190,400,500,"sd","10:39:07",1708400
6190,400,1000,"sd","10:39:06",1707900
6190,400,500,"sd","10:38:59",1706900
6190,400,1000,"sd","10:38:57",1706400
6190,400,100,"sd","10:38:55",1705400
6190,400,1900,"sd","10:38:55",1705300
6190,400,10000,"sd","10:38:54",1703400
6190,400,1100,"sd","10:38:51",1693400
6190,400,500,"sd","10:38:51",1692300
6190,400,1000,"sd","10:38:46",1691800
6190,400,500,"sd","10:38:45",1690800
6190,400,100,"sd","10:38:45",1690300
6190,400,1400,"sd","10:38:44",1690200
6190,400,19700,"sd","10:38:44",1688800
6190,400,300,"sd","10:38:42",1669100
6190,400,700,"sd","10:38:42",1668800
6190,400,1500,"sd","10:38:40",1668100
6190,400,800,"sd","10:38:39",1666600
6190,400,1200,"sd","10:38:39",1665800
6190,400,3000,"sd","10:38:36",1664600
6190,400,2000,"sd","10:38:36",1661600
6190,400,3800,"sd","10:38:33",1659600
6190,400,100,"sd","10:38:33",1655800
6190,400,1100,"sd","10:38:33",1655700
6190,400,3000,"sd","10:38:32",1654600
6190,400,10000,"sd","10:38:31",1651600
6190,400,500,"sd","10:38:30",1641600
6190,400,500,"sd","10:38:28",1641100
6190,400,3000,"sd","10:38:28",1640600
6190,400,200,"sd","10:38:27",1637600
6190,400,500,"sd","10:38:24",1637400
6190,400,2000,"sd","10:38:24",1636900
6190,400,20000,"sd","10:38:24",1634900
6190,400,13900,"sd","10:38:24",1614900
6190,400,200,"sd","10:38:21",1601000
6190,400,900,"sd","10:38:15",1600800
6190,400,100,"sd","10:38:15",1599900
6190,400,400,"sd","10:38:13",1599800
6190,400,2500,"sd","10:38:08",1599400
6190,400,1500,"sd","10:38:08",1596900
6190,400,1500,"sd","10:38:07",1595400
6190,400,9300,"sd","10:38:05",1593900
6190,400,500,"sd","10:38:03",1584600
6190,400,1000,"sd","10:38:00",1584100
6190,400,300,"sd","10:37:58",1583100
6190,400,2000,"sd","10:37:57",1582800
6190,400,10600,"sd","10:37:54",1580800
6190,400,1700,"sd","10:37:45",1570200
6190,400,10000,"sd","10:37:45",1568500
6190,400,200,"sd","10:37:40",1558500
6190,400,500,"sd","10:37:39",1558300
6190,400,1000,"sd","10:37:37",1557800
6190,400,3900,"sd","10:37:33",1556800
6190,400,5600,"sd","10:37:33",1552900
6190,400,1000,"sd","10:37:25",1547300
6190,400,3400,"sd","10:37:22",1546300
6190,400,2600,"sd","10:37:22",1542900
6190,400,500,"sd","10:37:19",1540300
6190,400,500,"sd","10:37:06",1539800
6190,400,2000,"sd","10:37:05",1539300
6190,400,100,"sd","10:37:04",1537300
6190,400,100,"sd","10:37:04",1537200
6190,400,1500,"sd","10:37:01",1537100
6190,400,12700,"sd","10:36:57",1535600
6190,400,1000,"sd","10:36:57",1522900
6190,400,6300,"sd","10:36:57",1521900
6190,400,100,"sd","10:36:55",1515600
6190,400,8600,"sd","10:36:55",1515500
6190,400,1400,"sd","10:36:52",1506900
6190,400,10000,"sd","10:36:52",1505500
6190,400,3600,"sd","10:36:52",1495500
6190,400,3000,"sd","10:36:50",1491900
6190,400,500,"sd","10:36:50",1488900
6190,400,2600,"sd","10:36:48",1488400
6190,400,6000,"sd","10:36:36",1485800
6190,400,300,"sd","10:36:35",1479800
6190,400,100,"sd","10:36:33",1479500
6190,400,800,"sd","10:36:27",1479400
6190,400,2000,"sd","10:36:24",1478600
6190,400,2000,"sd","10:36:24",1476600
6190,400,100,"sd","10:36:14",1474600
6190,400,100,"sd","10:36:12",1474500
6190,400,1000,"sd","10:36:12",1474400
6190,400,100,"sd","10:36:04",1473400
6190,400,200,"sd","10:36:04",1473300
6190,400,100,"sd","10:36:00",1473100
6190,400,100,"sd","10:35:53",1473000
6190,400,300,"sd","10:35:49",1472900
6190,400,100,"sd","10:35:41",1472600
6190,400,1500,"sd","10:35:40",1472500
6190,400,1800,"sd","10:35:39",1471000
6190,400,4000,"sd","10:35:26",1469200
6190,400,1000,"sd","10:35:21",1465200
6190,400,500,"sd","10:35:17",1464200
6190,400,2000,"sd","10:35:17",1463700
6190,400,1000,"sd","10:35:15",1461700
6190,400,100,"sd","10:35:06",1460700
6190,400,100,"sd","10:34:57",1460600
6190,400,1200,"sd","10:34:55",1460500
6190,400,15000,"sd","10:34:45",1459300
6190,400,3000,"sd","10:34:38",1444300
6190,400,100,"sd","10:34:34",1441300
6190,400,2000,"sd","10:34:32",1441200
6190,400,100,"sd","10:34:32",1439200
6190,400,100,"sd","10:34:32",1439100
6190,400,500,"sd","10:34:29",1439000
6190,400,1500,"sd","10:34:24",1438500
6190,400,100,"sd","10:34:23",1437000
6190,400,300,"sd","10:34:22",1436900
6190,400,100,"sd","10:34:16",1436600
6190,400,200,"sd","10:34:07",1436500
6190,400,1000,"sd","10:34:07",1436300
6190,400,14800,"sd","10:34:00",1435300
6190,400,5000,"sd","10:33:59",1420500
6190,400,100,"sd","10:33:55",1415500
6190,400,200,"sd","10:33:51",1415400
6190,400,100,"sd","10:33:45",1415200
6190,400,1000,"sd","10:33:41",1415100
6190,400,1000,"sd","10:33:34",1414100
6190,400,500,"sd","10:33:32",1413100
6190,400,2000,"sd","10:33:29",1412600
6190,400,600,"sd","10:33:23",1410600
6190,400,1000,"sd","10:33:19",1410000
6190,400,2000,"sd","10:33:17",1409000
6190,400,100,"sd","10:33:10",1407000
6190,400,300,"sd","10:33:10",1406900
6190,400,2000,"sd","10:33:06",1406600
6190,400,500,"sd","10:33:05",1404600
6190,400,2000,"sd","10:33:03",1404100
6190,400,5000,"bu","10:33:01",1402100
6190,400,500,"bu","10:33:01",1397100
6190,400,1100,"bu","10:33:01",1396600
6190,400,8900,"bu","10:33:01",1395500
6190,400,1100,"bu","10:33:01",1386600
6190,400,900,"bu","10:33:00",1385500
6190,400,2000,"bu","10:33:00",1384600
6190,400,300,"bu","10:33:00",1382600
6190,400,3000,"bu","10:33:00",1382300
6190,400,1700,"bu","10:33:00",1379300
6190,400,1000,"bu","10:33:00",1377600
6190,400,5000,"bu","10:33:00",1376600
6190,400,500,"bu","10:33:00",1371600
6190,400,100,"bu","10:33:00",1371100
6190,400,3400,"bu","10:33:00",1371000
6190,400,500,"bu","10:33:00",1367600
6190,400,100,"bu","10:33:00",1367100
6190,400,2000,"bu","10:33:00",1367000
6190,400,3000,"bu","10:33:00",1365000
6190,400,100,"bu","10:33:00",1362000
6190,400,5000,"bu","10:33:00",1361900
6190,400,600,"bu","10:33:00",1356900
6190,400,500,"bu","10:33:00",1356300
6190,400,500,"bu","10:33:00",1355800
6190,400,100,"bu","10:33:00",1355300
6190,400,2900,"bu","10:33:00",1355200
6190,400,100,"bu","10:32:59",1352300
6190,400,900,"bu","10:32:59",1352200
6190,400,500,"bu","10:32:57",1351300
6190,400,5000,"bu","10:32:57",1350800
6190,400,100,"bu","10:32:57",1345800
6190,400,1100,"bu","10:32:57",1345700
6190,400,100,"bu","10:32:57",1344600
6190,400,1000,"bu","10:32:57",1344500
6190,400,5000,"bu","10:32:57",1343500
6190,400,2000,"bu","10:32:57",1338500
6190,400,30000,"bu","10:32:57",1336500
6190,400,100,"bu","10:32:57",1306500
6190,400,800,"bu","10:32:57",1306400
6190,400,100,"bu","10:32:57",1305600
6190,400,500,"bu","10:32:57",1305500
6190,400,2000,"bu","10:32:57",1305000
6190,400,10500,"bu","10:32:57",1303000
6190,400,300,"bu","10:32:57",1292500
6190,400,5000,"bu","10:32:57",1292200
6190,400,600,"bu","10:32:57",1287200
6190,400,5000,"bu","10:32:57",1286600
6190,400,2000,"bu","10:32:57",1281600
6190,400,500,"bu","10:32:57",1279600
6190,400,100,"bu","10:32:57",1279100
6190,400,500,"bu","10:32:57",1279000
6190,400,10000,"bu","10:32:57",1278500
6190,400,100,"bu","10:32:57",1268500
6190,400,300,"bu","10:32:57",1268400
6190,400,10000,"bu","10:32:57",1268100
6190,400,100,"bu","10:32:57",1258100
6190,400,6700,"bu","10:32:57",1258000
6190,400,3000,"bu","10:32:56",1251300
6190,400,1700,"bu","10:32:53",1248300
6190,400,5000,"bu","10:32:53",1246600
6190,400,200,"bu","10:32:53",1241600
6190,400,2000,"bu","10:32:53",1241400
6190,400,5000,"bu","10:32:53",1239400
6190,400,10000,"bu","10:32:53",1234400
6190,400,1100,"bu","10:32:53",1224400
6190,400,500,"bu","10:32:49",1223300
6190,400,400,"bu","10:32:47",1222800
6190,400,2000,"bu","10:32:47",1222400
6190,400,1100,"bu","10:32:47",1220400
6190,400,100,"bu","10:32:47",1219300
6190,400,1000,"bu","10:32:47",1219200
6190,400,5400,"bu","10:32:47",1218200
6180,390,400,"sd","10:32:43",1212800
6180,390,100,"sd","10:32:43",1212400
6190,400,1000,"bu","10:32:43",1212300
6190,400,3600,"bu","10:32:37",1211300
6190,400,4400,"bu","10:32:37",1207700
6190,400,100,"bu","10:32:33",1203300
6190,400,1500,"bu","10:32:33",1203200
6190,400,200,"bu","10:32:33",1201700
6190,400,1000,"bu","10:32:24",1201500
6190,400,8800,"bu","10:32:23",1200500
6190,400,1200,"bu","10:32:23",1191700
6180,390,300,"sd","10:32:22",1190500
6180,390,100,"sd","10:32:22",1190200
6180,390,600,"sd","10:32:22",1190100
6190,400,1500,"bu","10:32:21",1189500
6180,390,100,"sd","10:32:16",1188000
6180,390,2000,"sd","10:32:13",1187900
6180,390,300,"sd","10:32:05",1185900
6180,390,700,"sd","10:32:05",1185600
6190,400,1300,"bu","10:32:05",1184900
6190,400,100,"bu","10:32:05",1183600
6190,400,100,"bu","10:32:05",1183500
6190,400,3500,"bu","10:32:05",1183400
6190,400,4500,"bu","10:32:03",1179900
6190,400,4000,"bu","10:32:03",1175400
6190,400,200,"bu","10:32:02",1171400
6190,400,100,"bu","10:32:02",1171200
6190,400,1000,"bu","10:32:00",1171100
6190,400,100,"bu","10:31:58",1170100
6180,390,10000,"sd","10:31:58",1170000
6180,390,3000,"sd","10:31:57",1160000
6180,390,100,"sd","10:31:57",1157000
6190,400,900,"bu","10:31:57",1156900
6190,400,3000,"bu","10:31:57",1156000
6190,400,300,"bu","10:31:57",1153000
6190,400,400,"bu","10:31:56",1152700
6190,400,1000,"bu","10:31:51",1152300
6180,390,400,"sd","10:31:49",1151300
6180,390,1000,"sd","10:31:45",1150900
6180,390,2000,"sd","10:31:43",1149900
6190,400,1000,"bu","10:31:39",1147900
6190,400,100,"bu","10:31:39",1146900
6190,400,1000,"bu","10:31:39",1146800
6190,400,700,"bu","10:31:39",1145800
6190,400,3000,"bu","10:31:39",1145100
6180,390,1000,"bu","10:31:39",1142100
6190,400,1000,"bu","10:31:39",1141100
6180,390,1000,"bu","10:31:39",1140100
6190,400,1000,"bu","10:31:39",1139100
6180,390,1000,"bu","10:31:39",1138100
6190,400,500,"bu","10:31:39",1137100
6170,380,100,"bu","10:31:39",1136600
6190,400,1000,"bu","10:31:39",1136500
6190,400,600,"bu","10:31:39",1135500
6190,400,1000,"bu","10:31:39",1134900
6190,400,1000,"bu","10:31:39",1133900
6190,400,1400,"bu","10:31:26",1132900
6180,390,700,"bu","10:31:26",1131500
6190,400,6600,"bu","10:31:23",1130800
6190,400,100,"bu","10:31:23",1124200
6180,390,100,"bu","10:31:23",1124100
6180,390,5000,"bu","10:31:23",1124000
6180,390,11000,"bu","10:31:23",1119000
6180,390,200,"bu","10:31:23",1108000
6180,390,100,"bu","10:31:23",1107800
6180,390,10000,"bu","10:31:23",1107700
6180,390,200,"bu","10:31:23",1097700
6180,390,200,"bu","10:31:23",1097500
6180,390,1500,"bu","10:31:23",1097300
6180,390,1800,"bu","10:31:23",1095800
6180,390,20000,"bu","10:31:22",1094000
6180,390,1700,"bu","10:31:15",1074000
6180,390,100,"bu","10:31:15",1072300
6180,390,10000,"bu","10:31:15",1072200
6150,360,1000,"bu","10:31:15",1062200
6150,360,100,"bu","10:31:15",1061200
6150,360,1000,"bu","10:31:15",1061100
6170,380,1000,"bu","10:31:15",1060100
6150,360,1000,"bu","10:31:15",1059100
6170,380,200,"bu","10:31:15",1058100
6150,360,1100,"bu","10:31:15",1057900
6170,380,1000,"bu","10:31:15",1056800
6170,380,1500,"bu","10:31:15",1055800
6170,380,5000,"bu","10:31:15",1054300
6150,360,500,"bu","10:31:15",1049300
6150,360,900,"bu","10:31:14",1048800
6150,360,1000,"bu","10:31:14",1047900
6150,360,1700,"bu","10:31:14",1046900
6150,360,100,"bu","10:31:14",1045200
6150,360,1000,"bu","10:31:12",1045100
6150,360,200,"bu","10:31:08",1044100
6150,360,300,"bu","10:31:08",1043900
6150,360,500,"bu","10:31:08",1043600
6140,350,3000,"sd","10:31:08",1043100
6150,360,100,"bu","10:31:07",1040100
6140,350,100,"sd","10:31:06",1040000
6150,360,7500,"bu","10:31:05",1039900
6150,360,1000,"bu","10:31:00",1032400
6150,360,300,"bu","10:30:56",1031400
6140,350,500,"sd","10:30:49",1031100
6140,350,1000,"bu","10:30:43",1030600
6120,330,100,"sd","10:30:43",1029600
6150,360,600,"bu","10:30:33",1029500
6140,350,200,"bu","10:30:33",1028900
6140,350,500,"bu","10:30:33",1028700
6130,340,1000,"bu","10:30:33",1028200
6120,330,100,"bu","10:30:33",1027200
6120,330,5000,"bu","10:30:24",1027100
6120,330,1000,"bu","10:30:16",1022100
6100,310,1000,"bu","10:30:15",1021100
6100,310,100,"bu","10:30:15",1020100
6100,310,2300,"bu","10:30:15",1020000
6100,310,700,"bu","10:30:12",1017700
6100,310,300,"bu","10:30:12",1017000
6100,310,700,"bu","10:30:12",1016700
6100,310,200,"bu","10:30:04",1016000
6090,300,100,"sd","10:29:54",1015800
6100,310,1100,"bu","10:29:52",1015700
6100,310,5000,"bu","10:29:52",1014600
6100,310,500,"bu","10:29:52",1009600
6100,310,2000,"bu","10:29:52",1009100
6100,310,100,"bu","10:29:52",1007100
6100,310,2000,"bu","10:29:52",1007000
6100,310,2000,"bu","10:29:52",1005000
6100,310,1500,"bu","10:29:52",1003000
6100,310,100,"bu","10:29:52",1001500
6100,310,2000,"bu","10:29:52",1001400
6100,310,5000,"bu","10:29:52",999400
6100,310,400,"bu","10:29:52",994400
6100,310,1000,"bu","10:29:52",994000
6090,300,10800,"bu","10:29:52",993000
6050,260,300,"sd","10:29:49",982200
6060,270,3000,"sd","10:29:49",981900
6060,270,700,"sd","10:29:49",978900
6060,270,100,"sd","10:29:47",978200
6060,270,500,"sd","10:29:39",978100
6090,300,9200,"bu","10:29:39",977600
6090,300,500,"bu","10:29:39",968400
6090,300,1000,"bu","10:29:39",967900
6090,300,300,"bu","10:29:39",966900
6090,300,1100,"bu","10:29:39",966600
6090,300,6000,"bu","10:29:39",965400
6080,290,100,"bu","10:29:39",965500
6080,290,100,"bu","10:29:39",959400
6070,280,500,"bu","10:29:39",959300
6070,280,400,"bu","10:29:39",958800
6070,280,500,"bu","10:29:39",958400
6070,280,10000,"bu","10:29:39",957900
6060,270,300,"bu","10:29:39",947900
6060,270,300,"bu","10:29:39",947600
6060,270,500,"bu","10:29:39",947300
6060,270,200,"bu","10:29:39",946800
6050,260,1400,"bu","10:29:29",946600
6050,260,100,"bu","10:29:28",945200
6050,260,10000,"bu","10:29:26",945100
6050,260,2000,"bu","10:29:26",935100
6050,260,6500,"bu","10:29:26",933100
6050,260,100,"bu","10:29:26",926600
6050,260,500,"bu","10:29:26",926500
6050,260,2900,"bu","10:29:26",926000
6050,260,5000,"bu","10:29:23",923100
6050,260,700,"bu","10:29:23",918100
6050,260,1000,"bu","10:29:22",917400
6050,260,400,"bu","10:29:19",916400
6050,260,10000,"bu","10:29:19",916000
6050,260,5600,"bu","10:29:19",906000
6050,260,2500,"bu","10:29:19",900400
6050,260,1900,"bu","10:29:15",897900
6050,260,100,"bu","10:29:15",896000
6050,260,2900,"bu","10:29:14",895900
6050,260,2100,"bu","10:29:14",893000
6050,260,100,"bu","10:29:14",890900
6050,260,1800,"bu","10:29:00",890800
6050,260,200,"bu","10:29:00",889000
6050,260,1000,"bu","10:29:00",888800
6050,260,4500,"bu","10:29:00",887800
6050,260,500,"bu","10:29:00",883300
6050,260,100,"bu","10:28:59",882800
6050,260,100,"bu","10:28:59",882700
6050,260,200,"bu","10:28:59",882600
6050,260,600,"bu","10:28:59",882400
6040,250,300,"sd","10:28:59",881800
6040,250,1000,"sd","10:28:56",881500
6040,250,3800,"bu","10:28:52",880500
6040,250,100,"bu","10:28:45",876700
6040,250,1100,"bu","10:28:41",876600
6040,250,100,"bu","10:28:41",875500
6040,250,100,"bu","10:28:41",875400
6040,250,500,"bu","10:28:41",875300
6040,250,1000,"bu","10:28:41",874800
6040,250,1000,"bu","10:28:37",873800
6040,250,5000,"bu","10:28:37",872800
6040,250,10000,"bu","10:28:37",867800
6030,240,500,"sd","10:28:23",857800
6030,240,200,"sd","10:27:55",857300
6030,240,100,"bu","10:27:53",857100
6030,240,700,"bu","10:27:53",857000
6030,240,1300,"bu","10:27:52",856300
6030,240,500,"bu","10:27:52",855000
6030,240,1500,"bu","10:27:50",854500
6030,240,500,"bu","10:27:50",853000
6030,240,500,"bu","10:27:49",852500
6030,240,500,"bu","10:27:49",852000
6030,240,500,"bu","10:27:49",851500
6030,240,500,"bu","10:27:49",851000
6030,240,6800,"bu","10:27:49",850500
6030,240,500,"bu","10:27:38",843700
6020,230,1000,"sd","10:27:32",843200
6030,240,2700,"bu","10:27:30",842200
6030,240,100,"bu","10:27:30",839500
6030,240,500,"bu","10:27:30",839400
6030,240,600,"bu","10:27:30",838900
6030,240,200,"bu","10:27:30",838300
6030,240,4600,"bu","10:27:30",838100
6030,240,500,"bu","10:27:30",833500
6030,240,500,"bu","10:27:30",833000
6030,240,300,"bu","10:27:30",832500
6020,230,200,"sd","10:27:23",832200
6030,240,5900,"bu","10:27:11",832000
6030,240,700,"bu","10:27:11",826100
6020,230,500,"bu","10:27:11",825400
6020,230,1000,"bu","10:27:11",824900
6020,230,500,"bu","10:27:11",823900
6020,230,500,"bu","10:27:11",823400
6020,230,400,"bu","10:27:11",822900
6020,230,400,"bu","10:27:11",822500
6020,230,2000,"bu","10:27:11",822100
6020,230,2100,"bu","10:27:11",820100
6000,210,2900,"sd","10:27:11",818000
6010,220,100,"sd","10:27:11",815100
6020,230,2900,"bu","10:27:10",815000
6020,230,100,"bu","10:27:10",812100
6020,230,2000,"bu","10:27:10",812000
6010,220,300,"bu","10:26:58",810000
6010,220,4700,"bu","10:26:57",809700
6010,220,1000,"bu","10:26:57",805000
6010,220,500,"bu","10:26:57",804000
6010,220,3800,"bu","10:26:57",803500
6000,210,100,"bu","10:26:45",799700
6000,210,4900,"bu","10:26:45",799600
6000,210,1000,"bu","10:26:45",794700
6000,210,2000,"bu","10:26:42",793700
6000,210,200,"bu","10:26:42",791700
6000,210,200,"bu","10:26:42",791500
6000,210,4000,"bu","10:26:32",791300
6000,210,2600,"bu","10:26:28",787300
6000,210,6100,"sd","10:26:28",784700
6000,210,1000,"bu","10:26:22",778600
6000,210,500,"bu","10:26:22",777600
6000,210,2900,"bu","10:26:22",777100
6000,210,4000,"bu","10:26:22",774200
6000,210,500,"bu","10:26:22",770200
6000,210,5100,"bu","10:26:22",769700
6000,210,1000,"bu","10:26:22",764600
6000,210,1000,"bu","10:26:22",763600
6000,210,100,"bu","10:26:22",762600
6000,210,500,"bu","10:26:22",762500
6000,210,8000,"bu","10:26:22",762000
6000,210,5000,"bu","10:26:22",754000
6000,210,300,"bu","10:26:22",749000
6000,210,500,"bu","10:26:22",748700
6000,210,300,"bu","10:26:22",748200
6000,210,500,"bu","10:26:22",747900
6000,210,5000,"bu","10:26:22",747400
6000,210,2400,"bu","10:26:22",742400
6000,210,5300,"bu","10:26:22",740000
5990,200,100,"sd","10:26:12",734700
5990,200,100,"sd","10:26:11",734600
5990,200,500,"bu","10:26:09",734500
5980,190,100,"sd","10:26:08",734000
5990,200,500,"bu","10:26:03",733900
5990,200,4400,"bu","10:26:03",733400
5990,200,200,"bu","10:26:03",729000
5990,200,5000,"bu","10:26:03",728800
5990,200,400,"bu","10:26:03",723800
5990,200,500,"bu","10:25:59",723400
5990,200,200,"bu","10:25:44",722900
5990,200,1700,"bu","10:25:09",722700
5990,200,100,"bu","10:24:40",721000
5990,200,2100,"sd","10:24:25",720900
5990,200,5000,"sd","10:24:25",718800
5990,200,100,"sd","10:24:21",713800
5990,200,500,"bu","10:24:16",713700
5990,200,100,"bu","10:24:16",713200
5990,200,1000,"bu","10:24:16",713100
5990,200,100,"bu","10:24:16",712100
5980,190,100,"bu","10:24:16",712000
5980,190,1000,"sd","10:24:08",711900
5990,200,300,"bu","10:23:46",710900
5980,190,500,"bu","10:23:46",710600
5980,190,100,"bu","10:23:46",710100
5980,190,400,"bu","10:23:42",710000
5990,200,100,"sd","10:23:38",709600
6000,210,2900,"bu","10:23:37",709500
6000,210,100,"bu","10:23:37",706600
6000,210,3000,"bu","10:23:37",706500
5990,200,1000,"bu","10:23:37",703500
5990,200,2000,"bu","10:23:22",702500
5990,200,5000,"bu","10:23:22",700500
5990,200,300,"bu","10:23:22",695500
5990,200,200,"bu","10:23:22",695200
5990,200,100,"bu","10:23:22",695000
5990,200,500,"bu","10:23:22",694900
5990,200,2300,"bu","10:23:22",694400
5980,190,1000,"bu","10:23:22",692100
5980,190,500,"bu","10:23:22",691100
5980,190,100,"bu","10:23:22",690600
5970,180,2000,"bu","10:23:22",690500
5980,190,100,"bu","10:22:56",688500
5970,180,2000,"sd","10:22:51",688400
5980,190,100,"bu","10:22:40",686400
5980,190,100,"bu","10:22:40",686300
5980,190,100,"sd","10:22:28",686200
5980,190,100,"sd","10:22:28",686100
5990,200,500,"bu","10:22:11",686000
5990,200,700,"sd","10:22:07",685500
5990,200,300,"sd","10:22:07",684800
5990,200,300,"sd","10:21:55",684500
5990,200,100,"sd","10:21:55",684200
5990,200,500,"sd","10:21:55",684100
5990,200,3000,"sd","10:21:55",683600
5990,200,11400,"sd","10:21:55",680600
5990,200,2000,"sd","10:21:54",669200
5990,200,7300,"sd","10:21:38",667200
5990,200,3500,"sd","10:21:35",659900
5990,200,300,"sd","10:21:34",656400
5990,200,100,"sd","10:21:31",656100
5990,200,100,"sd","10:21:27",656000
6000,210,900,"bu","10:21:19",655900
5990,200,500,"sd","10:21:17",655000
5990,200,500,"sd","10:21:07",654500
5990,200,2000,"bu","10:20:51",654000
5990,200,1000,"bu","10:20:51",652000
5990,200,1000,"bu","10:20:51",651000
5990,200,300,"bu","10:20:51",650000
5990,200,900,"bu","10:20:30",649700
5990,200,500,"bu","10:20:29",648800
5990,200,100,"bu","10:20:16",648300
5990,200,200,"sd","10:20:13",648200
5990,200,1800,"sd","10:20:12",648000
5990,200,200,"sd","10:20:12",646200
5990,200,3000,"sd","10:19:57",646000
5990,200,100,"sd","10:19:55",643000
6000,210,300,"bu","10:19:53",642900
6000,210,800,"bu","10:19:45",642600
6000,210,200,"bu","10:19:45",641800
5990,200,800,"sd","10:19:45",641600
5990,200,100,"sd","10:18:58",640800
6000,210,100,"bu","10:18:56",640700
5990,200,6000,"bu","10:18:52",640600
5990,200,4000,"bu","10:18:44",634600
5980,190,500,"sd","10:18:44",630600
5950,160,1200,"sd","10:18:18",630100
5950,160,1000,"sd","10:18:18",628900
5980,190,2000,"sd","10:18:18",627900
6000,210,800,"sd","10:18:18",625900
6000,210,1000,"bu","10:18:18",625100
6000,210,10000,"bu","10:18:18",624100
6000,210,10000,"bu","10:18:18",614100
6000,210,1500,"bu","10:18:18",604100
6000,210,5000,"bu","10:18:18",602600
6000,210,1000,"bu","10:18:18",597600
6000,210,100,"bu","10:18:18",596600
6000,210,200,"bu","10:18:18",596500
6000,210,2000,"bu","10:18:18",596300
6000,210,1000,"bu","10:18:18",594300
6000,210,500,"bu","10:18:18",593300
6000,210,500,"bu","10:18:18",592800
6000,210,8400,"bu","10:18:18",592300
5980,190,300,"sd","10:18:08",583900
5950,160,200,"sd","10:17:35",583600
5950,160,3000,"bu","10:17:26",583400
5950,160,500,"bu","10:17:26",580400
5950,160,100,"bu","10:17:15",579900
5950,160,100,"bu","10:17:09",579800
5960,170,700,"sd","10:16:56",579700
5960,170,1000,"sd","10:16:56",579000
5960,170,2600,"sd","10:16:56",578000
6000,210,5000,"bu","10:16:55",575400
6000,210,1000,"bu","10:16:46",570400
5990,200,4000,"bu","10:16:46",569400
5990,200,1000,"bu","10:16:42",565400
6000,210,500,"bu","10:16:38",564400
5990,200,100,"sd","10:16:36",563900
6000,210,2000,"sd","10:16:23",563800
6000,210,5000,"sd","10:16:23",561800
6000,210,2000,"sd","10:16:23",556800
6000,210,100,"sd","10:16:23",554800
6000,210,100,"sd","10:16:23",554700
6000,210,900,"sd","10:16:23",554600
6000,210,100,"sd","10:16:22",553700
6000,210,900,"sd","10:16:22",553600
6000,210,8000,"sd","10:16:19",552700
6000,210,10000,"sd","10:16:11",544700
6010,220,200,"bu","10:16:09",534700
6000,210,500,"sd","10:16:09",534500
6010,220,1000,"bu","10:16:05",534000
6000,210,5000,"sd","10:16:02",533000
6000,210,3400,"sd","10:15:39",528000
6020,230,400,"sd","10:15:39",524600
6020,230,6200,"sd","10:15:39",524200
6000,210,500,"sd","10:15:32",518000
6030,240,200,"bu","10:15:26",517500
6030,240,100,"bu","10:15:26",517300
6030,240,2000,"bu","10:15:26",517200
6020,230,900,"bu","10:15:26",515200
6000,210,10000,"sd","10:15:22",514300
6020,230,100,"sd","10:15:13",504300
6020,230,400,"bu","10:15:06",504200
6020,230,100,"bu","10:15:03",503800
6000,210,500,"sd","10:14:57",503700
6010,220,500,"sd","10:14:56",503200
6030,240,2000,"bu","10:14:54",502700
6020,230,1000,"bu","10:14:54",500700
6000,210,4000,"sd","10:14:44",499700
6000,210,5000,"bu","10:14:43",495700
6000,210,400,"bu","10:14:43",490700
6000,210,300,"bu","10:14:43",490300
6000,210,500,"bu","10:14:43",490000
6000,210,100,"bu","10:14:43",489500
6000,210,900,"bu","10:14:43",489400
6000,210,200,"bu","10:14:42",488500
6000,210,900,"bu","10:14:42",488300
6000,210,1000,"bu","10:14:42",487400
6000,210,5000,"bu","10:14:42",486400
6000,210,100,"bu","10:14:42",481400
6000,210,400,"bu","10:14:42",481300
6000,210,4600,"bu","10:14:42",480900
6000,210,400,"bu","10:14:41",476300
6000,210,300,"bu","10:14:41",475900
6000,210,500,"bu","10:14:41",475600
6000,210,800,"bu","10:14:41",475100
6000,210,200,"bu","10:14:37",474300
6000,210,700,"bu","10:14:37",474100
6000,210,100,"bu","10:14:37",473400
6000,210,400,"bu","10:14:34",473300
6000,210,100,"bu","10:14:34",472900
6000,210,500,"bu","10:14:34",472800
6000,210,500,"bu","10:14:33",472300
5990,200,100,"bu","10:14:14",471800
5990,200,11400,"bu","10:14:14",471700
5990,200,8600,"bu","10:14:09",460300
5990,200,10000,"bu","10:14:09",451700
5980,190,400,"bu","10:14:09",441700
5980,190,300,"sd","10:14:08",441300
5980,190,200,"bu","10:14:07",441000
5980,190,1000,"bu","10:14:07",440800
5980,190,800,"bu","10:14:06",439800
5980,190,1000,"bu","10:14:06",439000
5980,190,1000,"bu","10:14:06",438000
5980,190,100,"bu","10:14:06",437000
5980,190,2100,"bu","10:14:06",436900
5980,190,1900,"bu","10:14:05",434800
5980,190,2400,"bu","10:14:05",432900
5980,190,1000,"bu","10:14:05",430500
5980,190,300,"bu","10:13:58",429500
5980,190,300,"bu","10:13:39",429200
5980,190,100,"bu","10:13:39",428900
5960,170,400,"bu","10:13:33",428800
5960,170,200,"bu","10:13:33",428400
5960,170,1000,"bu","10:13:33",428200
5950,160,100,"sd","10:13:30",427200
5950,160,10000,"bu","10:13:24",427100
5950,160,1000,"bu","10:13:24",417100
5950,160,5000,"bu","10:13:24",416100
5950,160,200,"bu","10:13:24",411100
5940,150,20000,"bu","10:13:24",410900
5950,160,100,"bu","10:13:20",390900
5950,160,14200,"bu","10:13:20",390800
5950,160,3000,"bu","10:13:20",376600
5950,160,100,"bu","10:13:20",373600
5950,160,3000,"bu","10:13:20",373500
5950,160,500,"bu","10:13:20",370500
5950,160,6000,"bu","10:13:20",370000
5940,150,600,"bu","10:13:20",364000
5940,150,300,"bu","10:13:18",363400
5940,150,100,"bu","10:13:10",363100
5920,130,100,"bu","10:13:00",363000
5920,130,500,"bu","10:13:00",362900
5920,130,3700,"bu","10:13:00",362400
5920,130,1300,"bu","10:12:59",358700
5920,130,1700,"bu","10:12:59",357400
5920,130,200,"bu","10:12:59",355700
5920,130,800,"bu","10:12:54",355500
5920,130,400,"bu","10:12:54",354700
5900,110,1000,"bu","10:12:37",354300
5900,110,1000,"bu","10:12:37",353300
5900,110,100,"bu","10:12:37",352300
5900,110,1000,"bu","10:12:37",352200
5900,110,1000,"bu","10:12:37",351200
5900,110,500,"bu","10:12:37",350200
5900,110,5000,"bu","10:12:37",349700
5900,110,200,"bu","10:12:37",344700
5900,110,3800,"bu","10:12:37",344500
5900,110,100,"bu","10:12:30",340700
5900,110,6100,"bu","10:12:24",340600
5900,110,1000,"bu","10:12:24",334500
5900,110,300,"bu","10:12:24",333500
5900,110,100,"bu","10:12:24",333200
5900,110,500,"bu","10:12:24",333100
5900,110,300,"bu","10:12:24",332600
5900,110,100,"bu","10:12:24",332300
5900,110,4000,"bu","10:12:24",332200
5900,110,100,"bu","10:12:24",328200
5900,110,500,"bu","10:12:24",328100
5900,110,5000,"bu","10:12:24",327600
5900,110,200,"bu","10:12:24",322600
5900,110,700,"bu","10:12:24",322400
5890,100,300,"bu","10:12:24",321700
5890,100,5800,"bu","10:12:24",321400
5890,100,2000,"bu","10:12:20",315600
5890,100,1000,"bu","10:12:16",313600
5890,100,100,"sd","10:12:06",312600
5890,100,1000,"sd","10:12:06",312500
5890,100,100,"sd","10:12:06",311500
5890,100,100,"sd","10:11:49",311400
5890,100,800,"sd","10:11:41",311300
5890,100,2500,"sd","10:11:41",310500
5890,100,600,"sd","10:11:41",308000
5890,100,400,"sd","10:11:41",307400
5900,110,2500,"bu","10:11:40",307000
5890,100,500,"bu","10:11:19",304500
5890,100,100,"bu","10:11:19",304000
5890,100,1000,"bu","10:11:19",303900
5890,100,3000,"bu","10:11:19",302900
5890,100,2000,"bu","10:11:19",299900
5890,100,5000,"bu","10:11:19",297900
5880,90,500,"bu","10:11:18",292900
5880,90,100,"bu","10:11:18",292400
5880,90,400,"bu","10:11:02",292300
5880,90,300,"bu","10:11:02",291900
5880,90,1500,"bu","10:11:02",291600
5880,90,3500,"bu","10:10:26",290100
5880,90,6500,"bu","10:10:26",286600
5870,80,500,"sd","10:09:46",280100
5870,80,1000,"sd","10:09:41",279600
5870,80,200,"sd","10:09:18",278600
5870,80,100,"sd","10:09:02",278400
5880,90,1000,"bu","10:09:00",278300
5870,80,500,"bu","10:08:29",277300
5870,80,500,"bu","10:08:20",276800
5870,80,4500,"bu","10:08:20",276300
5870,80,500,"bu","10:08:12",271800
5860,70,100,"bu","10:07:33",271300
5860,70,1000,"bu","10:07:24",271200
5850,60,500,"sd","10:07:11",270200
5860,70,500,"bu","10:07:10",269700
5860,70,5000,"bu","10:07:08",269200
5850,60,800,"bu","10:06:45",264200
5850,60,200,"bu","10:06:39",263400
5850,60,9000,"bu","10:06:34",263200
5850,60,500,"bu","10:06:34",254200
5850,60,500,"bu","10:06:34",253700
5850,60,900,"bu","10:06:24",253200
5850,60,7500,"bu","10:06:22",252300
5850,60,1000,"bu","10:06:22",244800
5850,60,1500,"bu","10:06:22",243800
5850,60,1700,"bu","10:06:20",242300
5850,60,10000,"bu","10:06:20",240600
5850,60,3000,"bu","10:06:20",230600
5850,60,100,"bu","10:06:20",227600
5850,60,5000,"bu","10:06:20",227500
5850,60,6000,"bu","10:06:20",222500
5850,60,300,"bu","10:06:20",216500
5840,50,300,"bu","10:06:11",216200
5840,50,400,"bu","10:06:11",215900
5840,50,2100,"bu","10:06:11",215500
5830,40,300,"sd","10:05:59",213400
5830,40,200,"sd","10:05:59",213100
5830,40,1100,"bu","10:05:49",212900
5830,40,700,"bu","10:05:49",211800
5830,40,300,"bu","10:05:44",211100
5830,40,100,"bu","10:05:44",210800
5830,40,4600,"bu","10:05:43",210700
5830,40,400,"bu","10:05:18",206100
5820,30,2100,"bu","10:05:18",205700
5820,30,1000,"bu","10:05:18",203600
5820,30,1000,"bu","10:05:18",202600
5820,30,300,"bu","10:05:18",201600
5820,30,5000,"bu","10:05:18",201300
5820,30,100,"bu","10:05:18",196300
5820,30,100,"bu","10:05:18",196200
5810,20,5000,"bu","10:04:32",196100
5810,20,1000,"bu","10:04:32",191100
5810,20,1000,"bu","10:04:32",190100
5800,10,400,"bu","10:04:15",189100
5800,10,700,"bu","10:04:15",188700
5800,10,300,"bu","10:04:12",188000
5800,10,6000,"bu","10:04:12",187700
5800,10,1000,"bu","10:04:12",181700
5800,10,1000,"bu","10:04:12",180700
5800,10,200,"bu","10:04:12",179700
5800,10,1500,"bu","10:04:12",179500
5800,10,3500,"bu","10:04:10",178000
5800,10,600,"bu","10:04:10",174500
5800,10,15900,"bu","10:04:10",173900
5800,10,500,"bu","10:03:57",158000
5800,10,900,"bu","10:03:52",157500
5800,10,2000,"bu","10:03:52",156600
5800,10,25000,"bu","10:03:49",154600
5800,10,1000,"bu","10:03:32",129600
5800,10,2500,"bu","10:03:29",128600
5800,10,100,"bu","10:03:17",126100
5800,10,15000,"bu","10:03:03",126000
5800,10,1000,"bu","10:02:35",111000
5800,10,16000,"bu","10:01:51",110000
5800,10,800,"bu","09:59:42",94000
5800,10,300,"bu","09:59:33",93200
5800,10,1700,"bu","09:58:44",92900
5800,10,2800,"bu","09:55:09",91200
5800,10,500,"bu","09:54:03",88400
5800,10,2000,"bu","09:53:31",87900
5800,10,400,"bu","09:52:34",85900
5800,10,7000,"bu","09:52:09",85500
5800,10,600,"bu","09:49:14",78500
5800,10,100,"bu","09:47:32",77900
5790,0,200,"sd","09:46:24",77800
5780,-10,200,"sd","09:45:26",77600
5790,0,300,"bu","09:44:40",77400
5790,0,100,"bu","09:44:32",77100
5800,10,100,"bu","09:44:29",77000
5790,0,200,"bu","09:44:29",76900
5790,0,100,"bu","09:43:56",76700
5790,0,100,"bu","09:43:54",76600
5790,0,100,"bu","09:43:21",76500
5790,0,200,"bu","09:43:21",76400
5790,0,1700,"bu","09:43:21",76200
5790,0,500,"bu","09:43:16",74500
5790,0,100,"bu","09:42:38",74000
5790,0,2700,"bu","09:41:57",73900
5790,0,300,"bu","09:41:57",71200
5790,0,100,"bu","09:41:43",70900
5790,0,100,"bu","09:41:35",70800
5780,-10,2000,"sd","09:41:11",70700
5780,-10,100,"sd","09:40:09",68700
5780,-10,400,"sd","09:40:09",68600
5780,-10,800,"sd","09:39:13",68200
5780,-10,300,"sd","09:39:13",67400
5790,0,1000,"bu","09:36:13",67100
5790,0,1000,"bu","09:34:57",66100
5790,0,1000,"bu","09:34:17",65100
5790,0,5000,"sd","09:33:11",64100
5790,0,1700,"sd","09:33:11",59100
5790,0,700,"sd","09:33:11",57400
5790,0,2700,"sd","09:33:11",56700
5790,0,100,"sd","09:33:11",54000
5790,0,500,"sd","09:33:11",53900
5790,0,300,"sd","09:33:11",53400
5790,0,500,"sd","09:33:11",53100
5790,0,3000,"sd","09:33:11",52600
5790,0,1500,"bu","09:25:51",49600
5790,0,500,"bu","09:25:51",48100
5790,0,500,"bu","09:24:28",47600
5790,0,4000,"sd","09:23:58",47100
5790,0,500,"bu","09:22:23",43100
5790,0,100,"sd","09:22:13",42600
5790,0,100,"sd","09:22:13",42500
5790,0,100,"sd","09:22:08",42400
5790,0,400,"bu","09:19:33",42300
5790,0,100,"sd","09:19:25",41900
5790,0,300,"sd","09:19:25",41800
5790,0,200,"sd","09:19:25",41500
5790,0,100,"sd","09:18:25",41300
5790,0,100,"sd","09:18:25",41200
5790,0,100,"sd","09:18:25",41100
5800,10,8000,"bu","09:18:24",41000
5800,10,200,"bu","09:18:24",33000
5800,10,500,"bu","09:18:24",32800
5800,10,6000,"unknown","09:18:24",32300
5800,10,200,"unknown","09:18:24",26300
5800,10,100,"sd","09:18:24",26100
5800,10,10300,"sd","09:18:24",26000
5800,10,1000,"sd","09:18:24",15700
5800,10,100,"sd","09:18:24",14700
5800,10,5000,"sd","09:18:24",14600
5800,10,100,"sd","09:18:24",9600
5800,10,4000,"sd","09:18:24",9500
5800,10,100,"sd","09:15:16",5500
5800,10,5400,"unknown","09:14:59",5400
