"price","change","match_qtty","side","time","total_vol"
23750,-900,2060100,"unknown","14:45:02",10505100
24100,-550,900,"bu","14:29:58",8445000
24100,-550,600,"bu","14:29:57",8444100
24100,-550,200,"bu","14:29:57",8443500
24100,-550,500,"bu","14:29:55",8443300
24100,-550,2300,"bu","14:29:54",8442800
24100,-550,1700,"bu","14:29:54",8440500
24100,-550,500,"bu","14:29:53",8438800
24100,-550,100,"bu","14:29:53",8438300
24050,-600,5400,"sd","14:29:53",8438200
24100,-550,200,"bu","14:29:52",8432800
24050,-600,400,"sd","14:29:49",8432600
24050,-600,100,"sd","14:29:49",8432200
24050,-600,100,"sd","14:29:49",8432100
24050,-600,500,"sd","14:29:49",8432000
24050,-600,3000,"sd","14:29:49",8431500
24050,-600,5000,"sd","14:29:49",8428500
24050,-600,100,"sd","14:29:49",8423500
24050,-600,800,"sd","14:29:49",8423400
24100,-550,1000,"bu","14:29:48",8422600
24100,-550,1700,"bu","14:29:43",8421600
24100,-550,2000,"sd","14:29:42",8419900
24100,-550,200,"sd","14:29:41",8417900
24100,-550,600,"sd","14:29:41",8417700
24150,-500,200,"bu","14:29:40",8417100
24100,-550,300,"sd","14:29:37",8416900
24150,-500,1000,"bu","14:29:37",8416600
24100,-550,100,"sd","14:29:37",8415600
24100,-550,100,"sd","14:29:37",8415500
24100,-550,200,"sd","14:29:35",8415400
24100,-550,400,"sd","14:29:35",8415200
24100,-550,500,"sd","14:29:35",8414800
24100,-550,1000,"sd","14:29:35",8414300
24100,-550,900,"sd","14:29:35",8413300
24100,-550,100,"sd","14:29:30",8412400
24100,-550,200,"sd","14:29:30",8412300
24100,-550,400,"sd","14:29:30",8412100
24100,-550,200,"sd","14:29:30",8411700
24100,-550,400,"sd","14:29:30",8411500
24100,-550,500,"sd","14:29:30",8411100
24100,-550,100,"sd","14:29:30",8410600
24100,-550,1100,"sd","14:29:30",8410500
24150,-500,4000,"bu","14:29:27",8409400
24100,-550,100,"sd","14:29:26",8405400
24100,-550,800,"sd","14:29:24",8405300
24100,-550,2200,"sd","14:29:24",8404500
24100,-550,900,"sd","14:29:19",8402300
24100,-550,2000,"sd","14:29:19",8401400
24100,-550,100,"sd","14:29:19",8399400
24100,-550,900,"bu","14:29:14",8399300
24100,-550,1000,"bu","14:29:12",8398400
24100,-550,100,"bu","14:29:06",8397400
24100,-550,500,"bu","14:29:04",8397300
24050,-600,500,"bu","14:29:02",8396800
24050,-600,100,"bu","14:29:02",8396300
24050,-600,1200,"bu","14:29:02",8396200
24050,-600,2000,"bu","14:28:54",8395000
24000,-650,500,"bu","14:28:53",8393000
24000,-650,1400,"bu","14:28:52",8392500
24000,-650,4500,"bu","14:28:51",8391100
24000,-650,1500,"bu","14:28:51",8386600
24000,-650,900,"bu","14:28:51",8385100
24000,-650,5000,"bu","14:28:51",8384200
24000,-650,1000,"bu","14:28:51",8379200
24000,-650,200,"bu","14:28:51",8378200
24000,-650,100,"bu","14:28:51",8378000
24000,-650,600,"bu","14:28:51",8377900
24000,-650,1000,"bu","14:28:51",8377300
24000,-650,1000,"bu","14:28:51",8376300
24000,-650,500,"bu","14:28:51",8375300
24000,-650,500,"bu","14:28:51",8374800
24000,-650,200,"bu","14:28:51",8374300
24000,-650,300,"bu","14:28:51",8374100
24000,-650,1500,"bu","14:28:51",8373800
24000,-650,400,"bu","14:28:51",8372300
24000,-650,100,"bu","14:28:50",8371900
24000,-650,4000,"bu","14:28:50",8371800
24000,-650,500,"bu","14:28:50",8367800
24000,-650,7500,"bu","14:28:50",8367300
24000,-650,100,"bu","14:28:50",8359800
24000,-650,500,"bu","14:28:50",8359700
24000,-650,500,"bu","14:28:50",8359200
24000,-650,5000,"bu","14:28:50",8358700
24000,-650,6400,"bu","14:28:50",8353700
24000,-650,1000,"bu","14:28:49",8347300
24000,-650,600,"bu","14:28:48",8346300
24000,-650,5000,"bu","14:28:48",8345700
24000,-650,44400,"bu","14:28:48",8340700
24000,-650,1000,"bu","14:28:48",8296300
24000,-650,100,"bu","14:28:48",8295300
24000,-650,1000,"bu","14:28:46",8295200
24000,-650,3500,"bu","14:28:45",8294200
24000,-650,1500,"bu","14:28:45",8290700
24000,-650,2000,"bu","14:28:44",8289200
24000,-650,900,"bu","14:28:42",8287200
24000,-650,1100,"bu","14:28:42",8286300
24000,-650,4900,"bu","14:28:42",8285200
24000,-650,400,"bu","14:28:42",8280300
24000,-650,1000,"bu","14:28:42",8279900
24000,-650,200,"bu","14:28:42",8278900
23950,-700,500,"sd","14:28:40",8278700
23950,-700,500,"sd","14:28:40",8278200
24000,-650,31800,"bu","14:28:39",8277700
24000,-650,5200,"bu","14:28:39",8245900
24000,-650,200,"bu","14:28:39",8240700
24000,-650,200,"bu","14:28:38",8240500
24000,-650,1500,"bu","14:28:37",8240300
24000,-650,500,"bu","14:28:36",8238800
24000,-650,2400,"bu","14:28:36",8238300
24000,-650,100,"bu","14:28:36",8235900
24000,-650,1000,"bu","14:28:36",8235800
24000,-650,1000,"bu","14:28:35",8234800
24000,-650,100,"bu","14:28:35",8233800
24000,-650,5600,"bu","14:28:35",8233700
24000,-650,100,"bu","14:28:34",8228100
24000,-650,1000,"bu","14:28:34",8228000
24000,-650,500,"bu","14:28:33",8227000
23950,-700,2000,"sd","14:28:33",8226500
23950,-700,1200,"sd","14:28:33",8224500
23950,-700,200,"sd","14:28:33",8223300
23950,-700,1000,"sd","14:28:33",8223100
23950,-700,500,"sd","14:28:33",8222100
23950,-700,100,"sd","14:28:33",8221600
24000,-650,100,"bu","14:28:33",8221500
24000,-650,500,"bu","14:28:31",8221400
24000,-650,200,"bu","14:28:30",8220900
24000,-650,1000,"bu","14:28:29",8220700
24000,-650,100,"bu","14:28:29",8219700
24000,-650,2000,"bu","14:28:26",8219600
24000,-650,3000,"bu","14:28:24",8217600
24000,-650,200,"bu","14:28:23",8214600
23950,-700,200,"sd","14:28:23",8214400
24000,-650,200,"bu","14:28:22",8214200
24000,-650,3400,"bu","14:28:22",8214000
24000,-650,100,"bu","14:28:22",8210600
24000,-650,1000,"bu","14:28:21",8210500
24000,-650,100,"bu","14:28:20",8209500
24000,-650,500,"bu","14:28:15",8209400
24000,-650,400,"bu","14:28:14",8208900
24000,-650,4000,"bu","14:28:11",8208500
23950,-700,3000,"sd","14:28:10",8204500
23950,-700,100,"sd","14:28:07",8201500
23950,-700,1900,"sd","14:28:07",8201400
23950,-700,5000,"sd","14:28:07",8199500
23950,-700,200,"sd","14:28:07",8194500
23950,-700,1000,"sd","14:28:07",8194300
23950,-700,400,"sd","14:28:07",8193300
23950,-700,500,"sd","14:28:07",8192900
23950,-700,1000,"sd","14:28:07",8192400
23950,-700,100,"sd","14:28:03",8191400
23950,-700,200,"sd","14:28:03",8191300
23950,-700,1800,"sd","14:28:03",8191100
23950,-700,1000,"sd","14:28:02",8189300
23950,-700,200,"sd","14:28:02",8188300
23950,-700,1000,"sd","14:28:02",8188100
23950,-700,500,"sd","14:28:02",8187100
23950,-700,100,"sd","14:28:02",8186600
23950,-700,100,"sd","14:28:02",8186500
23950,-700,300,"sd","14:28:02",8186400
24000,-650,500,"bu","14:28:02",8186100
24000,-650,1000,"bu","14:28:00",8185600
23950,-700,3400,"sd","14:27:59",8184600
24000,-650,500,"bu","14:27:54",8181200
24000,-650,2600,"bu","14:27:53",8180700
24000,-650,600,"bu","14:27:52",8178100
23950,-700,1600,"sd","14:27:51",8177500
23950,-700,200,"sd","14:27:51",8175900
23950,-700,300,"sd","14:27:51",8175700
23950,-700,100,"sd","14:27:51",8175400
23950,-700,200,"sd","14:27:51",8175300
23950,-700,200,"sd","14:27:51",8175100
23950,-700,100,"sd","14:27:51",8174900
23950,-700,400,"sd","14:27:51",8174800
23950,-700,200,"sd","14:27:51",8174400
23950,-700,100,"sd","14:27:51",8174200
23950,-700,100,"sd","14:27:51",8174100
24000,-650,500,"bu","14:27:48",8174000
24000,-650,3000,"bu","14:27:47",8173500
24000,-650,2000,"bu","14:27:46",8170500
23950,-700,200,"sd","14:27:45",8168500
23950,-700,300,"sd","14:27:44",8168300
24000,-650,1000,"bu","14:27:44",8168000
23950,-700,200,"sd","14:27:44",8167000
23950,-700,1400,"sd","14:27:44",8166800
23950,-700,4700,"sd","14:27:44",8165400
23950,-700,10000,"sd","14:27:44",8160700
23950,-700,5000,"sd","14:27:44",8150700
24000,-650,600,"bu","14:27:43",8145700
23950,-700,100,"sd","14:27:41",8145100
23950,-700,100,"sd","14:27:41",8145000
23950,-700,100,"sd","14:27:41",8144900
24000,-650,100,"bu","14:27:40",8144800
24000,-650,100,"bu","14:27:38",8144700
23950,-700,2000,"sd","14:27:36",8144600
23950,-700,900,"sd","14:27:35",8142600
23950,-700,100,"sd","14:27:35",8141700
23950,-700,1000,"sd","14:27:35",8141600
23950,-700,500,"sd","14:27:35",8140600
23950,-700,1100,"sd","14:27:35",8140100
23950,-700,500,"sd","14:27:35",8139000
23950,-700,5000,"sd","14:27:35",8138500
23950,-700,900,"sd","14:27:35",8133500
23950,-700,100,"sd","14:27:35",8132600
24000,-650,200,"bu","14:27:31",8132500
23950,-700,1000,"sd","14:27:28",8132300
23950,-700,5800,"sd","14:27:28",8131300
23950,-700,3000,"sd","14:27:22",8125500
23950,-700,200,"sd","14:27:21",8122500
23950,-700,1000,"sd","14:27:21",8122300
23950,-700,4200,"sd","14:27:17",8121300
23950,-700,4000,"sd","14:27:16",8117100
23950,-700,2000,"sd","14:27:15",8113100
24000,-650,2200,"bu","14:27:13",8111100
23950,-700,1000,"sd","14:27:09",8108900
24000,-650,300,"bu","14:27:09",8107900
23950,-700,5000,"sd","14:27:09",8107600
23950,-700,5000,"sd","14:27:09",8102600
23950,-700,2000,"bu","14:27:06",8097600
23950,-700,200,"bu","14:27:06",8095600
23950,-700,5000,"bu","14:27:06",8095400
23950,-700,11600,"bu","14:27:06",8090400
23950,-700,500,"bu","14:27:04",8078800
23950,-700,1000,"bu","14:27:04",8078300
23950,-700,200,"bu","14:27:03",8077300
23950,-700,500,"bu","14:27:02",8077100
23950,-700,100,"bu","14:27:01",8076600
23950,-700,100,"bu","14:27:00",8076500
23950,-700,300,"sd","14:26:59",8076400
23950,-700,700,"sd","14:26:59",8076100
23950,-700,100,"bu","14:26:59",8075400
23950,-700,1000,"bu","14:26:59",8075300
23950,-700,2000,"bu","14:26:59",8074300
23950,-700,100,"sd","14:26:58",8072300
23950,-700,900,"sd","14:26:58",8072200
23950,-700,300,"sd","14:26:58",8071300
23950,-700,1000,"sd","14:26:58",8071000
23950,-700,200,"sd","14:26:58",8070000
23950,-700,100,"sd","14:26:58",8069800
23950,-700,200,"sd","14:26:58",8069700
23950,-700,200,"sd","14:26:58",8069500
23950,-700,100,"sd","14:26:58",8069300
23950,-700,200,"sd","14:26:58",8069200
23950,-700,100,"sd","14:26:58",8069000
23950,-700,200,"sd","14:26:58",8068900
23950,-700,1000,"sd","14:26:58",8068700
23950,-700,200,"sd","14:26:58",8067700
23950,-700,1000,"sd","14:26:58",8067500
23950,-700,200,"sd","14:26:58",8066500
23950,-700,900,"sd","14:26:58",8066300
23950,-700,500,"sd","14:26:57",8065400
23950,-700,1000,"sd","14:26:57",8064900
23950,-700,4000,"sd","14:26:57",8063900
23950,-700,100,"sd","14:26:57",8059900
23950,-700,400,"sd","14:26:57",8059800
23950,-700,100,"sd","14:26:57",8059400
23950,-700,100,"sd","14:26:57",8059300
23950,-700,100,"sd","14:26:57",8059200
23950,-700,100,"sd","14:26:57",8059100
23950,-700,1000,"sd","14:26:57",8059000
23950,-700,100,"sd","14:26:57",8058000
23950,-700,1000,"sd","14:26:57",8057900
23950,-700,500,"sd","14:26:57",8056900
23950,-700,400,"sd","14:26:57",8056400
23950,-700,100,"sd","14:26:57",8056000
23950,-700,500,"sd","14:26:57",8055900
23950,-700,600,"sd","14:26:57",8055400
23950,-700,100,"sd","14:26:57",8054800
23950,-700,100,"sd","14:26:57",8054700
23950,-700,100,"sd","14:26:57",8054600
24000,-650,700,"bu","14:26:56",8054500
24000,-650,9300,"bu","14:26:56",8053800
23950,-700,1000,"sd","14:26:54",8044500
23950,-700,500,"sd","14:26:54",8043500
23950,-700,1200,"sd","14:26:54",8043000
23950,-700,100,"sd","14:26:54",8041800
23950,-700,1000,"sd","14:26:54",8041700
23950,-700,10000,"sd","14:26:54",8040700
23950,-700,100,"sd","14:26:54",8030700
23950,-700,5000,"sd","14:26:54",8030600
23950,-700,1000,"sd","14:26:54",8025600
23950,-700,400,"sd","14:26:54",8024600
23950,-700,500,"sd","14:26:54",8024200
23950,-700,10000,"sd","14:26:54",8023700
23950,-700,500,"sd","14:26:54",8013700
23950,-700,500,"sd","14:26:54",8013200
23950,-700,3100,"sd","14:26:54",8012700
23950,-700,800,"sd","14:26:54",8009600
23950,-700,100,"sd","14:26:54",8008800
23950,-700,500,"sd","14:26:54",8008700
23950,-700,2200,"sd","14:26:54",8008200
23950,-700,700,"sd","14:26:54",8006000
23950,-700,100,"sd","14:26:54",8005300
23950,-700,100,"sd","14:26:54",8005200
23950,-700,1500,"sd","14:26:54",8005100
23950,-700,100,"sd","14:26:54",8003600
23950,-700,6400,"sd","14:26:54",8003500
23950,-700,2300,"sd","14:26:54",7997100
23950,-700,500,"sd","14:26:54",7994800
23950,-700,12000,"sd","14:26:54",7994300
23950,-700,500,"sd","14:26:54",7982300
23950,-700,200,"sd","14:26:54",7981800
23950,-700,100,"sd","14:26:54",7981600
23950,-700,200,"sd","14:26:54",7981500
23950,-700,1100,"sd","14:26:54",7981300
23950,-700,200,"sd","14:26:54",7980200
23950,-700,1000,"sd","14:26:54",7980000
23950,-700,4900,"sd","14:26:54",7979000
23950,-700,300,"sd","14:26:54",7974100
23950,-700,200,"sd","14:26:54",7973800
23950,-700,600,"sd","14:26:54",7973600
23950,-700,100,"sd","14:26:54",7973000
23950,-700,5300,"sd","14:26:54",7972900
23950,-700,100,"sd","14:26:54",7967600
23950,-700,100,"sd","14:26:54",7967500
23950,-700,200,"sd","14:26:54",7967400
23950,-700,500,"sd","14:26:54",7967200
23950,-700,2100,"sd","14:26:54",7966700
23950,-700,500,"sd","14:26:54",7964600
23950,-700,500,"sd","14:26:54",7964100
23950,-700,100,"sd","14:26:54",7963600
23950,-700,200,"sd","14:26:54",7963500
23950,-700,5000,"sd","14:26:54",7963300
23950,-700,1000,"sd","14:26:54",7958300
23950,-700,100,"sd","14:26:54",7957300
23950,-700,400,"sd","14:26:54",7957200
23950,-700,100,"sd","14:26:54",7956800
23950,-700,200,"sd","14:26:54",7956700
23950,-700,2100,"sd","14:26:54",7956500
23950,-700,1000,"sd","14:26:54",7954400
23950,-700,1000,"sd","14:26:54",7953400
23950,-700,5000,"sd","14:26:54",7952400
23950,-700,500,"sd","14:26:54",7947400
23950,-700,400,"sd","14:26:54",7946900
23950,-700,1900,"sd","14:26:54",7946500
23950,-700,100,"sd","14:26:54",7944600
23950,-700,3100,"sd","14:26:53",7944500
23950,-700,500,"sd","14:26:53",7941400
23950,-700,300,"sd","14:26:53",7940900
23950,-700,2100,"sd","14:26:53",7940600
23950,-700,2000,"sd","14:26:53",7938500
23950,-700,300,"sd","14:26:53",7936500
23950,-700,700,"sd","14:26:53",7936200
23950,-700,300,"sd","14:26:53",7935500
23950,-700,200,"sd","14:26:53",7935200
23950,-700,500,"sd","14:26:53",7935000
23950,-700,100,"sd","14:26:53",7934500
23950,-700,200,"sd","14:26:53",7934400
23950,-700,200,"sd","14:26:53",7934200
23950,-700,100,"sd","14:26:53",7934000
23950,-700,2000,"sd","14:26:53",7933900
23950,-700,500,"sd","14:26:53",7931900
23950,-700,100,"sd","14:26:53",7931400
23950,-700,300,"sd","14:26:53",7931300
23950,-700,500,"sd","14:26:53",7931000
24000,-650,3000,"bu","14:26:51",7930500
23950,-700,800,"sd","14:26:51",7927500
23950,-700,200,"sd","14:26:51",7926700
24000,-650,700,"bu","14:26:50",7926500
23950,-700,5000,"sd","14:26:49",7925800
23950,-700,100,"sd","14:26:49",7920800
23950,-700,400,"sd","14:26:49",7920700
23950,-700,100,"sd","14:26:49",7920300
23950,-700,100,"sd","14:26:49",7920200
23950,-700,10000,"sd","14:26:49",7920100
23950,-700,100,"sd","14:26:49",7910100
23950,-700,200,"sd","14:26:49",7910000
23950,-700,5000,"sd","14:26:49",7909800
23950,-700,500,"sd","14:26:49",7904800
23950,-700,300,"sd","14:26:49",7904300
23950,-700,100,"sd","14:26:49",7904000
23950,-700,300,"sd","14:26:49",7903900
23950,-700,1000,"sd","14:26:49",7903600
23950,-700,2000,"sd","14:26:49",7902600
23950,-700,2800,"sd","14:26:49",7900600
23950,-700,2000,"sd","14:26:49",7897800
23950,-700,500,"sd","14:26:49",7895800
23950,-700,1500,"sd","14:26:48",7895300
23950,-700,2000,"sd","14:26:46",7893800
23950,-700,3000,"sd","14:26:46",7891800
23950,-700,200,"sd","14:26:46",7888800
23950,-700,200,"sd","14:26:46",7888600
23950,-700,600,"sd","14:26:46",7888400
23950,-700,300,"sd","14:26:46",7887800
24000,-650,200,"bu","14:26:45",7887500
23950,-700,1100,"sd","14:26:42",7887300
23950,-700,2000,"sd","14:26:42",7886200
23950,-700,900,"sd","14:26:42",7884200
23950,-700,1400,"sd","14:26:40",7883300
24000,-650,100,"bu","14:26:40",7881900
24000,-650,1000,"bu","14:26:40",7881800
23950,-700,1000,"sd","14:26:38",7880800
24000,-650,500,"bu","14:26:37",7879800
24000,-650,100,"bu","14:26:36",7879300
24000,-650,100,"bu","14:26:35",7879200
24000,-650,1000,"bu","14:26:34",7879100
24000,-650,5000,"bu","14:26:32",7878100
24000,-650,2000,"bu","14:26:32",7873100
24000,-650,1000,"bu","14:26:31",7871100
24000,-650,1000,"bu","14:26:30",7870100
24000,-650,200,"bu","14:26:29",7869100
23950,-700,1700,"sd","14:26:25",7868900
23950,-700,400,"sd","14:26:25",7867200
24000,-650,100,"bu","14:26:23",7866800
24000,-650,2000,"bu","14:26:21",7866700
24000,-650,100,"bu","14:26:19",7864700
24000,-650,200,"bu","14:26:19",7864600
24000,-650,700,"bu","14:26:17",7864400
24000,-650,100,"bu","14:26:16",7863700
24000,-650,300,"bu","14:26:15",7863600
24000,-650,200,"bu","14:26:15",7863300
24000,-650,3000,"bu","14:26:13",7863100
24000,-650,100,"bu","14:26:12",7860100
23950,-700,500,"sd","14:26:12",7860000
23950,-700,300,"sd","14:26:12",7859500
23950,-700,200,"sd","14:26:12",7859200
23950,-700,500,"sd","14:26:12",7859000
23950,-700,1500,"sd","14:26:12",7858500
24000,-650,200,"bu","14:26:11",7857000
24000,-650,100,"bu","14:26:09",7856800
24000,-650,200,"bu","14:26:07",7856700
23950,-700,100,"sd","14:26:07",7856500
24000,-650,100,"bu","14:26:05",7856400
24000,-650,5000,"bu","14:26:02",7856300
23950,-700,3400,"sd","14:26:00",7851300
23950,-700,200,"sd","14:26:00",7847900
23950,-700,2000,"sd","14:26:00",7847700
23950,-700,200,"sd","14:26:00",7845700
23950,-700,100,"sd","14:26:00",7845500
23950,-700,1000,"sd","14:26:00",7845400
23950,-700,500,"sd","14:26:00",7844400
23950,-700,200,"sd","14:26:00",7843900
23950,-700,400,"sd","14:26:00",7843700
24000,-650,500,"bu","14:25:58",7843300
24000,-650,100,"bu","14:25:56",7842800
24000,-650,500,"bu","14:25:55",7842700
24000,-650,1300,"bu","14:25:53",7842200
24000,-650,100,"bu","14:25:53",7840900
24000,-650,600,"bu","14:25:53",7840800
24000,-650,400,"bu","14:25:52",7840200
23950,-700,600,"sd","14:25:52",7839800
23950,-700,200,"sd","14:25:52",7839200
23950,-700,300,"sd","14:25:52",7839000
23950,-700,1900,"sd","14:25:52",7838700
23950,-700,100,"sd","14:25:51",7836800
24000,-650,500,"bu","14:25:50",7836700
23950,-700,200,"sd","14:25:49",7836200
23950,-700,500,"sd","14:25:49",7836000
23950,-700,100,"sd","14:25:49",7835500
23950,-700,500,"sd","14:25:49",7835400
23950,-700,1000,"sd","14:25:49",7834900
23950,-700,5000,"sd","14:25:49",7833900
23950,-700,100,"sd","14:25:49",7828900
23950,-700,500,"sd","14:25:49",7828800
23950,-700,1200,"sd","14:25:49",7828300
23950,-700,100,"sd","14:25:49",7827100
23950,-700,100,"sd","14:25:49",7827000
23950,-700,100,"sd","14:25:49",7826900
23950,-700,100,"sd","14:25:49",7826800
23950,-700,100,"sd","14:25:49",7826700
23950,-700,500,"sd","14:25:49",7826600
23950,-700,200,"sd","14:25:49",7826100
23950,-700,1000,"sd","14:25:49",7825900
23950,-700,200,"sd","14:25:49",7824900
23950,-700,5000,"sd","14:25:49",7824700
23950,-700,1000,"sd","14:25:49",7819700
23950,-700,500,"sd","14:25:49",7818700
23950,-700,2000,"sd","14:25:49",7818200
24000,-650,10000,"bu","14:25:47",7816200
24000,-650,1000,"bu","14:25:46",7806200
23950,-700,5000,"sd","14:25:45",7805200
23950,-700,2000,"sd","14:25:45",7800200
23950,-700,1000,"sd","14:25:45",7798200
23950,-700,2000,"sd","14:25:45",7797200
23950,-700,1000,"sd","14:25:44",7795200
23950,-700,200,"sd","14:25:44",7794200
23950,-700,800,"sd","14:25:44",7794000
24000,-650,100,"bu","14:25:43",7793200
24000,-650,2400,"bu","14:25:42",7793100
24000,-650,2000,"bu","14:25:42",7790700
24000,-650,400,"bu","14:25:42",7788700
23950,-700,1200,"sd","14:25:42",7788300
23950,-700,900,"sd","14:25:42",7787100
24000,-650,1000,"bu","14:25:40",7786200
24000,-650,5000,"bu","14:25:39",7785200
24000,-650,4000,"bu","14:25:39",7780200
23950,-700,300,"sd","14:25:38",7776200
24000,-650,2900,"bu","14:25:37",7775900
24000,-650,1900,"bu","14:25:37",7773000
23950,-700,3500,"sd","14:25:37",7771100
24000,-650,3100,"bu","14:25:36",7767600
24000,-650,100,"bu","14:25:36",7764500
24000,-650,5200,"bu","14:25:36",7764400
24000,-650,1000,"bu","14:25:33",7759200
24000,-650,200,"bu","14:25:33",7758200
24000,-650,500,"bu","14:25:31",7758000
23950,-700,300,"sd","14:25:30",7757500
23950,-700,5000,"sd","14:25:30",7757200
23950,-700,500,"sd","14:25:30",7752200
23950,-700,400,"sd","14:25:30",7751700
24000,-650,100,"bu","14:25:30",7751300
24000,-650,200,"bu","14:25:30",7751200
24000,-650,100,"bu","14:25:27",7751000
24000,-650,1000,"bu","14:25:27",7750900
24000,-650,1000,"bu","14:25:26",7749900
24000,-650,100,"bu","14:25:26",7748900
24000,-650,2000,"bu","14:25:25",7748800
24000,-650,300,"bu","14:25:25",7746800
24000,-650,200,"bu","14:25:25",7746500
24000,-650,100,"sd","14:25:24",7746300
24000,-650,200,"sd","14:25:24",7746200
24000,-650,200,"sd","14:25:23",7746000
24000,-650,200,"sd","14:25:22",7745800
24000,-650,1000,"sd","14:25:22",7745600
24000,-650,100,"sd","14:25:21",7744600
24000,-650,1500,"sd","14:25:21",7744500
24000,-650,200,"sd","14:25:21",7743000
24000,-650,100,"sd","14:25:21",7742800
24000,-650,100,"sd","14:25:21",7742700
24000,-650,100,"sd","14:25:21",7742600
24000,-650,1400,"sd","14:25:21",7742500
24000,-650,100,"sd","14:25:21",7741100
24000,-650,100,"sd","14:25:21",7741000
24000,-650,100,"sd","14:25:21",7740900
24000,-650,300,"sd","14:25:21",7740800
24000,-650,200,"sd","14:25:21",7740500
24000,-650,500,"sd","14:25:21",7740300
24000,-650,300,"sd","14:25:21",7739800
24000,-650,200,"sd","14:25:21",7739500
24000,-650,300,"sd","14:25:21",7739300
24000,-650,800,"sd","14:25:21",7739000
24000,-650,3000,"sd","14:25:21",7738200
24000,-650,300,"sd","14:25:21",7735200
24000,-650,200,"sd","14:25:21",7734900
24000,-650,100,"sd","14:25:21",7734700
24000,-650,100,"sd","14:25:21",7734600
24000,-650,200,"sd","14:25:21",7734500
24000,-650,1000,"sd","14:25:21",7734300
24000,-650,100,"sd","14:25:21",7733300
24000,-650,100,"sd","14:25:21",7733200
24000,-650,1000,"sd","14:25:21",7733100
24000,-650,200,"sd","14:25:21",7732100
24000,-650,400,"sd","14:25:21",7731900
24000,-650,100,"sd","14:25:21",7731500
24000,-650,200,"sd","14:25:21",7731400
24000,-650,9000,"sd","14:25:18",7731200
24000,-650,100,"sd","14:25:18",7722200
24000,-650,200,"sd","14:25:18",7722100
24000,-650,5000,"sd","14:25:18",7721900
24000,-650,200,"sd","14:25:18",7716900
24000,-650,500,"sd","14:25:18",7716700
24000,-650,200,"sd","14:25:18",7716200
24000,-650,1000,"sd","14:25:18",7716000
24000,-650,300,"sd","14:25:18",7715000
24000,-650,2000,"sd","14:25:18",7714700
24000,-650,200,"sd","14:25:18",7712700
24000,-650,500,"sd","14:25:18",7712500
24000,-650,100,"sd","14:25:18",7712000
24000,-650,700,"sd","14:25:18",7711900
24000,-650,300,"sd","14:25:17",7711200
24000,-650,1400,"sd","14:25:17",7710900
24000,-650,4000,"sd","14:25:17",7709500
24000,-650,500,"sd","14:25:17",7705500
24000,-650,1000,"sd","14:25:17",7705000
24000,-650,500,"sd","14:25:17",7704000
24000,-650,500,"sd","14:25:17",7703500
24000,-650,200,"sd","14:25:17",7703000
24000,-650,100,"sd","14:25:17",7702800
24000,-650,1000,"sd","14:25:17",7702700
24000,-650,200,"sd","14:25:17",7701700
24000,-650,3000,"sd","14:25:17",7701500
24000,-650,100,"sd","14:25:17",7698500
24000,-650,300,"sd","14:25:17",7698400
24000,-650,600,"sd","14:25:17",7698100
24000,-650,2400,"sd","14:25:16",7697500
24000,-650,5600,"sd","14:25:16",7695100
24000,-650,1000,"sd","14:25:16",7689500
24000,-650,1000,"sd","14:25:16",7688500
24000,-650,1000,"sd","14:25:15",7687500
24000,-650,3000,"sd","14:25:14",7686500
24000,-650,5000,"sd","14:25:14",7683500
24000,-650,500,"sd","14:25:14",7678500
24000,-650,800,"sd","14:25:14",7678000
24000,-650,100,"sd","14:25:14",7677200
24000,-650,1000,"sd","14:25:14",7677100
24000,-650,500,"sd","14:25:14",7676100
24000,-650,1000,"sd","14:25:14",7675600
24000,-650,500,"sd","14:25:14",7674600
24000,-650,100,"sd","14:25:14",7674100
24000,-650,100,"sd","14:25:14",7674000
24000,-650,200,"sd","14:25:14",7673900
24000,-650,500,"sd","14:25:14",7673700
24000,-650,200,"sd","14:25:14",7673200
24000,-650,6500,"sd","14:25:14",7673000
24050,-600,1000,"bu","14:25:12",7666500
24000,-650,3500,"sd","14:25:12",7665500
24000,-650,300,"sd","14:25:12",7662000
24000,-650,1000,"sd","14:25:12",7661700
24000,-650,200,"sd","14:25:12",7660700
24000,-650,500,"sd","14:25:12",7660500
24000,-650,200,"sd","14:25:12",7660000
24000,-650,1000,"sd","14:25:12",7659800
24000,-650,2000,"sd","14:25:12",7658800
24000,-650,200,"sd","14:25:12",7656800
24000,-650,100,"sd","14:25:12",7656600
24000,-650,500,"sd","14:25:12",7656500
24000,-650,2500,"sd","14:25:12",7656000
24000,-650,1000,"sd","14:25:12",7653500
24000,-650,1600,"sd","14:25:12",7652500
24000,-650,5000,"sd","14:25:12",7650900
24000,-650,2000,"sd","14:25:12",7645900
24000,-650,2000,"sd","14:25:12",7643900
24000,-650,300,"sd","14:25:12",7641900
24000,-650,500,"sd","14:25:12",7641600
24000,-650,100,"sd","14:25:12",7641100
24000,-650,200,"sd","14:25:12",7641000
24000,-650,3000,"sd","14:25:12",7640800
24000,-650,200,"sd","14:25:12",7637800
24000,-650,100,"sd","14:25:12",7637600
24000,-650,2000,"sd","14:25:12",7637500
24000,-650,200,"sd","14:25:11",7635500
24000,-650,100,"sd","14:25:11",7635300
24000,-650,500,"sd","14:25:11",7635200
24000,-650,200,"sd","14:25:11",7634700
24000,-650,300,"sd","14:25:11",7634500
24000,-650,500,"sd","14:25:11",7634200
24000,-650,100,"sd","14:25:11",7633700
24000,-650,30000,"sd","14:25:11",7633600
24000,-650,5000,"sd","14:25:11",7603600
24000,-650,500,"sd","14:25:11",7598600
24000,-650,1600,"sd","14:25:11",7598100
24000,-650,200,"sd","14:25:11",7596500
24000,-650,300,"sd","14:25:11",7596300
24000,-650,500,"sd","14:25:11",7596000
24000,-650,5000,"sd","14:25:11",7595500
24000,-650,100,"sd","14:25:11",7590500
24000,-650,2000,"sd","14:25:11",7590400
24000,-650,3900,"sd","14:25:11",7588400
24000,-650,1100,"sd","14:25:11",7584500
24000,-650,100,"sd","14:25:11",7583400
24000,-650,100,"sd","14:25:11",7583300
24000,-650,200,"sd","14:25:11",7583200
24000,-650,200,"sd","14:25:11",7583000
24000,-650,200,"sd","14:25:11",7582800
24000,-650,100,"sd","14:25:11",7582600
24000,-650,3000,"sd","14:25:11",7582500
24000,-650,200,"sd","14:25:11",7579500
24000,-650,500,"sd","14:25:11",7579300
24000,-650,1000,"sd","14:25:11",7578800
24000,-650,300,"sd","14:25:11",7577800
24050,-600,500,"bu","14:25:08",7577500
24000,-650,100,"sd","14:25:08",7577000
24000,-650,5000,"sd","14:25:08",7576900
24050,-600,200,"bu","14:25:07",7571900
24000,-650,1000,"sd","14:25:07",7571700
24000,-650,500,"sd","14:25:07",7570700
24000,-650,200,"sd","14:25:07",7570200
24000,-650,100,"sd","14:25:07",7570000
24000,-650,1500,"sd","14:25:07",7569900
24000,-650,100,"sd","14:25:07",7568400
24000,-650,3000,"sd","14:25:07",7568300
24000,-650,2600,"sd","14:25:07",7565300
24000,-650,1000,"sd","14:25:07",7562700
24000,-650,7000,"sd","14:25:06",7561700
24000,-650,200,"sd","14:25:06",7554700
24000,-650,7000,"sd","14:25:06",7554500
24000,-650,500,"sd","14:25:06",7547500
24000,-650,1500,"sd","14:25:06",7547000
24000,-650,100,"sd","14:25:06",7545500
24000,-650,200,"sd","14:25:05",7545400
24000,-650,1000,"sd","14:25:05",7545200
24000,-650,2500,"sd","14:25:05",7544200
24000,-650,2500,"sd","14:25:05",7541700
24000,-650,3000,"sd","14:25:05",7539200
24000,-650,100,"sd","14:25:05",7536200
24000,-650,200,"sd","14:25:05",7536100
24000,-650,100,"sd","14:25:05",7535900
24000,-650,100,"sd","14:25:05",7535800
24050,-600,900,"bu","14:25:05",7535700
24000,-650,200,"sd","14:25:04",7534800
24000,-650,100,"sd","14:25:04",7534600
24000,-650,100,"sd","14:25:04",7534500
24050,-600,1000,"bu","14:25:03",7534400
24050,-600,100,"bu","14:25:03",7533400
24050,-600,1000,"bu","14:25:03",7533300
24000,-650,1000,"sd","14:25:02",7532300
24000,-650,1000,"sd","14:25:02",7531300
24000,-650,100,"sd","14:25:02",7530300
24000,-650,2000,"sd","14:25:02",7530200
24000,-650,100,"sd","14:25:02",7528200
24000,-650,100,"sd","14:25:02",7528100
24000,-650,4000,"sd","14:25:02",7528000
24000,-650,200,"sd","14:25:02",7524000
24000,-650,500,"sd","14:25:02",7523800
24000,-650,400,"sd","14:25:02",7523300
24000,-650,900,"sd","14:25:02",7522900
24000,-650,5000,"sd","14:25:02",7522000
24000,-650,700,"sd","14:25:02",7517000
24000,-650,500,"sd","14:25:02",7516300
24000,-650,1000,"sd","14:25:02",7515800
24000,-650,900,"sd","14:25:02",7514800
24000,-650,400,"sd","14:25:02",7513900
24000,-650,100,"sd","14:25:02",7513500
24000,-650,21900,"sd","14:25:02",7513400
24000,-650,900,"sd","14:25:02",7491500
24000,-650,500,"sd","14:25:02",7490600
24000,-650,6000,"sd","14:25:02",7490100
24000,-650,1100,"sd","14:25:02",7484100
24000,-650,400,"sd","14:25:02",7483000
24000,-650,6100,"sd","14:25:02",7482600
24000,-650,30800,"sd","14:25:02",7476500
24000,-650,200,"sd","14:25:02",7445700
24000,-650,1000,"sd","14:25:02",7445500
24000,-650,500,"sd","14:25:02",7444500
24000,-650,100,"sd","14:25:02",7444000
24000,-650,5000,"sd","14:25:02",7443900
24000,-650,200,"sd","14:25:02",7438900
24000,-650,100,"sd","14:25:02",7438700
24000,-650,10000,"sd","14:25:02",7438600
24000,-650,600,"sd","14:25:02",7428600
24000,-650,10100,"sd","14:25:02",7428000
24000,-650,2000,"sd","14:25:02",7417900
24000,-650,1000,"sd","14:25:02",7415900
24000,-650,100,"sd","14:25:02",7414900
24000,-650,1000,"sd","14:25:02",7414800
24000,-650,500,"sd","14:25:02",7413800
24000,-650,1400,"sd","14:25:02",7413300
24000,-650,1000,"sd","14:25:02",7411900
24000,-650,2000,"sd","14:25:02",7410900
24000,-650,800,"sd","14:25:02",7408900
24000,-650,100,"sd","14:25:02",7408100
24000,-650,100,"sd","14:25:02",7408000
24000,-650,500,"sd","14:25:02",7407900
24000,-650,1000,"sd","14:25:02",7407400
24000,-650,5000,"sd","14:25:02",7406400
24000,-650,700,"sd","14:25:02",7401400
24000,-650,1000,"sd","14:25:02",7400700
24000,-650,400,"sd","14:25:02",7399700
24000,-650,1000,"sd","14:25:02",7399300
24000,-650,700,"sd","14:25:02",7398300
24000,-650,700,"sd","14:25:02",7397600
24000,-650,300,"sd","14:25:02",7396900
24000,-650,2500,"sd","14:25:02",7396600
24000,-650,21600,"sd","14:25:02",7394100
24000,-650,5500,"sd","14:25:02",7372500
24000,-650,10000,"sd","14:25:02",7367000
24000,-650,6200,"sd","14:25:02",7357000
24000,-650,5000,"sd","14:25:02",7350800
24000,-650,5000,"sd","14:25:02",7345800
24000,-650,100,"sd","14:25:02",7340800
24000,-650,15000,"sd","14:25:02",7340700
24000,-650,1700,"sd","14:25:02",7325700
24000,-650,500,"sd","14:25:02",7324000
24000,-650,100,"sd","14:25:02",7323500
24000,-650,6000,"sd","14:25:02",7323400
24000,-650,3100,"sd","14:25:02",7317400
24000,-650,1000,"sd","14:25:02",7314300
24000,-650,1700,"sd","14:25:02",7313300
24000,-650,2400,"sd","14:25:02",7311600
24000,-650,2500,"sd","14:25:02",7309200
24000,-650,3300,"sd","14:25:02",7306700
24000,-650,5000,"sd","14:25:02",7303400
24000,-650,1500,"sd","14:25:02",7298400
24000,-650,3400,"sd","14:25:02",7296900
24000,-650,200,"sd","14:25:02",7293500
24000,-650,2000,"sd","14:25:02",7293300
24000,-650,2000,"sd","14:25:02",7291300
24000,-650,1400,"sd","14:25:02",7289300
24000,-650,1800,"sd","14:25:02",7287900
24000,-650,1000,"sd","14:25:02",7286100
24000,-650,1500,"sd","14:25:02",7285100
24000,-650,1200,"sd","14:25:02",7283600
24000,-650,5000,"sd","14:25:02",7282400
24000,-650,300,"sd","14:25:02",7277400
24000,-650,700,"sd","14:25:02",7277100
24000,-650,10000,"sd","14:25:02",7276400
24000,-650,200,"sd","14:25:02",7266400
24000,-650,500,"sd","14:25:02",7266200
24000,-650,2100,"sd","14:25:02",7265700
24000,-650,1900,"sd","14:25:02",7263600
24000,-650,500,"sd","14:25:02",7261700
24000,-650,2100,"sd","14:25:02",7261200
24000,-650,500,"sd","14:25:02",7259100
24000,-650,11400,"sd","14:25:02",7258600
24000,-650,100,"sd","14:25:02",7247200
24000,-650,100,"sd","14:25:02",7247100
24000,-650,2000,"sd","14:25:02",7247000
24000,-650,1000,"sd","14:25:02",7245000
24000,-650,200,"sd","14:25:02",7244000
24000,-650,300,"sd","14:25:02",7243800
24000,-650,300,"sd","14:25:02",7243500
24000,-650,200,"sd","14:25:02",7243200
24000,-650,1000,"sd","14:25:02",7243000
24000,-650,500,"sd","14:25:02",7242000
24000,-650,1000,"sd","14:25:02",7241500
24000,-650,400,"sd","14:25:02",7240500
24000,-650,200,"sd","14:25:02",7240100
24000,-650,5000,"sd","14:25:02",7239900
24000,-650,100,"sd","14:25:02",7234900
24000,-650,500,"sd","14:25:02",7234800
24000,-650,1700,"sd","14:25:02",7234300
24000,-650,100,"sd","14:25:02",7232600
24000,-650,200,"sd","14:25:02",7232500
24050,-600,200,"bu","14:25:01",7232300
24050,-600,10000,"bu","14:24:59",7232100
24050,-600,4200,"bu","14:24:58",7222100
24050,-600,100,"bu","14:24:58",7217900
24050,-600,100,"bu","14:24:57",7217800
24050,-600,500,"bu","14:24:56",7217700
24000,-650,2000,"sd","14:24:55",7217200
24050,-600,3000,"bu","14:24:54",7215200
24050,-600,100,"bu","14:24:53",7212200
24050,-600,1000,"bu","14:24:53",7212100
24050,-600,500,"bu","14:24:52",7211100
24050,-600,900,"bu","14:24:49",7210600
24050,-600,100,"bu","14:24:49",7209700
24050,-600,100,"bu","14:24:48",7209600
24050,-600,100,"bu","14:24:47",7209500
24050,-600,1000,"bu","14:24:46",7209400
24050,-600,200,"unknown","14:24:37",7208400
24000,-650,1000,"sd","14:24:36",7208200
24100,-550,200,"bu","14:24:35",7207200
24000,-650,1200,"sd","14:24:28",7207000
24100,-550,100,"bu","14:24:26",7205800
24100,-550,500,"bu","14:24:26",7205700
24050,-600,100,"sd","14:24:25",7205200
24050,-600,200,"sd","14:24:25",7205100
24050,-600,100,"sd","14:24:25",7204900
24050,-600,500,"sd","14:24:25",7204800
24050,-600,100,"sd","14:24:25",7204300
24050,-600,200,"sd","14:24:25",7204200
24050,-600,500,"sd","14:24:25",7204000
24050,-600,100,"sd","14:24:25",7203500
24050,-600,5000,"sd","14:24:25",7203400
24050,-600,2500,"sd","14:24:25",7198400
24050,-600,1100,"sd","14:24:25",7195900
24050,-600,100,"sd","14:24:25",7194800
24050,-600,1000,"sd","14:24:25",7194700
24050,-600,5000,"sd","14:24:25",7193700
24050,-600,1000,"sd","14:24:25",7188700
24050,-600,500,"sd","14:24:25",7187700
24050,-600,3000,"sd","14:24:25",7187200
24050,-600,100,"sd","14:24:25",7184200
24050,-600,200,"sd","14:24:25",7184100
24050,-600,100,"sd","14:24:25",7183900
24000,-650,24100,"sd","14:24:25",7183800
24050,-600,5000,"sd","14:24:25",7159700
24000,-650,15000,"sd","14:24:25",7154700
24050,-600,200,"sd","14:24:25",7139700
24050,-600,1200,"sd","14:24:25",7139500
24050,-600,200,"sd","14:24:25",7138300
24050,-600,400,"sd","14:24:25",7138100
24050,-600,100,"sd","14:24:25",7137700
24050,-600,300,"sd","14:24:25",7137600
24050,-600,200,"sd","14:24:25",7137300
24050,-600,1200,"sd","14:24:25",7137100
24050,-600,1000,"sd","14:24:25",7135900
24050,-600,5300,"sd","14:24:25",7134900
24050,-600,500,"sd","14:24:25",7129600
24050,-600,500,"sd","14:24:25",7129100
24050,-600,700,"sd","14:24:25",7128600
24050,-600,2700,"sd","14:24:25",7127900
24050,-600,1000,"sd","14:24:25",7125200
24050,-600,1700,"sd","14:24:25",7124200
24050,-600,1000,"sd","14:24:25",7122500
24050,-600,100,"sd","14:24:25",7121500
24050,-600,300,"sd","14:24:25",7121400
24050,-600,500,"sd","14:24:25",7121100
24050,-600,1000,"sd","14:24:25",7120600
24050,-600,1100,"sd","14:24:25",7119600
24050,-600,1500,"sd","14:24:25",7118500
24050,-600,2000,"sd","14:24:25",7117000
24050,-600,2100,"sd","14:24:25",7115000
24050,-600,2000,"sd","14:24:25",7112900
24050,-600,1000,"sd","14:24:25",7110900
24050,-600,2500,"sd","14:24:25",7109900
24050,-600,400,"sd","14:24:25",7107400
24050,-600,200,"sd","14:24:25",7107000
24050,-600,8200,"sd","14:24:25",7106800
24050,-600,2000,"sd","14:24:25",7098600
24050,-600,100,"sd","14:24:25",7096600
24050,-600,200,"sd","14:24:25",7096500
24050,-600,1200,"sd","14:24:25",7096300
24050,-600,500,"sd","14:24:24",7095100
24050,-600,1000,"sd","14:24:24",7094600
24050,-600,100,"sd","14:24:24",7093600
24050,-600,100,"sd","14:24:24",7093500
24050,-600,500,"sd","14:24:24",7093400
24050,-600,10800,"sd","14:24:24",7092900
24050,-600,1000,"sd","14:24:24",7082100
24050,-600,1000,"sd","14:24:24",7081100
24050,-600,100,"sd","14:24:24",7080100
24050,-600,1000,"sd","14:24:24",7080000
24050,-600,500,"sd","14:24:24",7079000
24050,-600,100,"sd","14:24:24",7078500
24050,-600,2100,"sd","14:24:24",7078400
24050,-600,10000,"sd","14:24:24",7076300
24050,-600,200,"sd","14:24:24",7066300
24050,-600,10000,"sd","14:24:24",7066100
24050,-600,19000,"sd","14:24:24",7056100
24050,-600,2000,"sd","14:24:24",7037100
24050,-600,1000,"sd","14:24:24",7035100
24050,-600,5000,"sd","14:24:24",7034100
24050,-600,500,"sd","14:24:24",7029100
24050,-600,100,"sd","14:24:24",7028600
24050,-600,10000,"sd","14:24:24",7028500
24050,-600,500,"sd","14:24:24",7005700
24050,-600,200,"sd","14:24:24",7018500
24050,-600,600,"sd","14:24:24",7018300
24050,-600,500,"sd","14:24:24",7017700
24050,-600,1000,"sd","14:24:24",7017200
24050,-600,500,"sd","14:24:24",7016200
24050,-600,5000,"sd","14:24:24",7015700
24050,-600,5000,"sd","14:24:24",7010700
24100,-550,500,"sd","14:24:20",7005200
24100,-550,400,"sd","14:24:20",7004700
24100,-550,600,"sd","14:24:19",7004300
24100,-550,200,"sd","14:24:19",7003700
24100,-550,100,"sd","14:24:19",7003500
24100,-550,200,"sd","14:24:19",7003400
24100,-550,5000,"sd","14:24:19",7003200
24100,-550,1100,"sd","14:24:19",6998200
24100,-550,1000,"sd","14:24:19",6997100
24100,-550,200,"sd","14:24:19",6996100
24100,-550,800,"sd","14:24:19",6995900
24100,-550,200,"sd","14:24:19",6995100
24100,-550,300,"sd","14:24:19",6994900
24100,-550,200,"sd","14:24:19",6994600
24100,-550,100,"sd","14:24:19",6994400
24100,-550,100,"sd","14:24:18",6994300
24100,-550,100,"sd","14:24:18",6994200
24100,-550,100,"sd","14:24:18",6994100
24100,-550,100,"sd","14:24:18",6994000
24100,-550,200,"sd","14:24:18",6993900
24100,-550,100,"sd","14:24:18",6993700
24100,-550,9900,"sd","14:24:16",6993600
24100,-550,100,"sd","14:24:16",6983700
24100,-550,200,"sd","14:24:16",6983600
24100,-550,20000,"sd","14:24:16",6983400
24100,-550,3000,"sd","14:24:16",6963400
24100,-550,6800,"sd","14:24:16",6960400
24100,-550,3000,"sd","14:24:16",6953600
24100,-550,200,"sd","14:24:06",6950600
24100,-550,3000,"sd","14:24:06",6950400
24100,-550,100,"sd","14:24:06",6947400
24100,-550,800,"sd","14:24:06",6947300
24100,-550,500,"sd","14:24:06",6946500
24100,-550,500,"sd","14:24:06",6946000
24100,-550,1000,"sd","14:24:06",6945500
24100,-550,200,"sd","14:24:06",6944500
24100,-550,100,"sd","14:24:06",6944300
24100,-550,100,"sd","14:24:06",6944200
24100,-550,1600,"sd","14:24:06",6944100
24100,-550,100,"sd","14:24:06",6942500
24100,-550,200,"sd","14:24:06",6942400
24100,-550,3000,"sd","14:24:06",6942200
24100,-550,2000,"sd","14:24:06",6939200
24100,-550,300,"sd","14:24:06",6937200
24100,-550,500,"sd","14:24:06",6936900
24100,-550,100,"sd","14:24:06",6936400
24100,-550,100,"sd","14:24:06",6936300
24100,-550,500,"sd","14:24:06",6936200
24100,-550,100,"sd","14:24:06",6935700
24100,-550,500,"sd","14:24:04",6935600
24150,-500,6000,"bu","14:23:59",6935100
24150,-500,500,"bu","14:23:56",6929100
24150,-500,300,"sd","14:23:53",6928600
24200,-450,2300,"bu","14:23:52",6928300
24200,-450,300,"bu","14:23:52",6926000
24200,-450,500,"bu","14:23:52",6925700
24200,-450,20000,"bu","14:23:52",6925200
24200,-450,10900,"bu","14:23:52",6905200
24150,-500,2000,"bu","14:23:52",6894300
24100,-550,300,"sd","14:23:51",6892300
24100,-550,20700,"sd","14:23:51",6892000
24100,-550,500,"sd","14:23:51",6871300
24100,-550,6200,"sd","14:23:51",6870800
24100,-550,500,"sd","14:23:51",6864600
24100,-550,2500,"sd","14:23:51",6864100
24100,-550,200,"sd","14:23:51",6861600
24100,-550,400,"sd","14:23:51",6861400
24100,-550,500,"sd","14:23:51",6861000
24100,-550,100,"sd","14:23:51",6860500
24100,-550,500,"sd","14:23:51",6860400
24100,-550,4300,"sd","14:23:51",6859900
24100,-550,1500,"sd","14:23:51",6855600
24100,-550,100,"sd","14:23:51",6854100
24100,-550,1000,"sd","14:23:51",6854000
24100,-550,1000,"sd","14:23:51",6853000
24100,-550,700,"sd","14:23:51",6852000
24100,-550,5000,"sd","14:23:51",6851300
24100,-550,200,"sd","14:23:51",6846300
24100,-550,2100,"sd","14:23:51",6846100
24100,-550,100,"sd","14:23:51",6844000
24100,-550,200,"sd","14:23:51",6843900
24100,-550,700,"sd","14:23:51",6843700
24100,-550,100,"sd","14:23:51",6843000
24100,-550,1000,"sd","14:23:51",6842900
24100,-550,1000,"sd","14:23:51",6841900
24100,-550,4000,"sd","14:23:51",6840900
24100,-550,2000,"sd","14:23:51",6836900
24100,-550,1000,"sd","14:23:51",6834900
24100,-550,800,"sd","14:23:51",6833900
24100,-550,500,"sd","14:23:51",6833100
24100,-550,2100,"sd","14:23:51",6832600
24100,-550,900,"sd","14:23:51",6830500
24100,-550,500,"sd","14:23:51",6829600
24100,-550,500,"sd","14:23:51",6829100
24100,-550,300,"sd","14:23:51",6828600
24100,-550,400,"sd","14:23:51",6828300
24100,-550,100,"sd","14:23:51",6827900
24100,-550,1000,"sd","14:23:51",6827800
24100,-550,700,"sd","14:23:51",6826800
24100,-550,100,"sd","14:23:51",6826100
24100,-550,1100,"sd","14:23:51",6826000
24100,-550,300,"sd","14:23:51",6824900
24100,-550,300,"sd","14:23:51",6824600
24100,-550,500,"sd","14:23:51",6824300
24100,-550,500,"sd","14:23:51",6823800
24100,-550,800,"sd","14:23:51",6823300
24100,-550,100,"sd","14:23:51",6822500
24150,-500,2000,"sd","14:23:51",6822400
24100,-550,2100,"sd","14:23:51",6820400
24100,-550,300,"sd","14:23:51",6818300
24100,-550,1000,"sd","14:23:51",6818000
24150,-500,1400,"sd","14:23:51",6817000
24100,-550,2000,"sd","14:23:51",6815600
24100,-550,200,"sd","14:23:51",6813600
24150,-500,2000,"sd","14:23:51",6813400
24100,-550,1100,"sd","14:23:51",6811400
24100,-550,200,"sd","14:23:51",6810300
24100,-550,100,"sd","14:23:51",6810100
24100,-550,500,"sd","14:23:51",6810000
24100,-550,1700,"sd","14:23:51",6809500
24100,-550,800,"sd","14:23:51",6807800
24100,-550,800,"sd","14:23:51",6807000
24100,-550,300,"sd","14:23:51",6806200
24100,-550,3600,"sd","14:23:51",6805900
24100,-550,200,"sd","14:23:51",6802300
24100,-550,1000,"sd","14:23:51",6802100
24100,-550,200,"sd","14:23:51",6801100
24100,-550,1200,"sd","14:23:51",6800900
24100,-550,2800,"sd","14:23:51",6799700
24150,-500,4000,"sd","14:23:51",6796900
24100,-550,100,"sd","14:23:51",6792900
24150,-500,3200,"sd","14:23:51",6792800
24100,-550,200,"sd","14:23:51",6789600
24100,-550,7100,"sd","14:23:51",6789400
24100,-550,1000,"sd","14:23:51",6782300
24100,-550,800,"sd","14:23:51",6781300
24100,-550,200,"sd","14:23:51",6780500
24150,-500,1000,"sd","14:23:51",6780300
24100,-550,100,"sd","14:23:51",6779300
24150,-500,5000,"sd","14:23:51",6779200
24150,-500,5000,"sd","14:23:51",6774200
24100,-550,400,"sd","14:23:51",6769200
24100,-550,100,"sd","14:23:51",6768800
24150,-500,100,"sd","14:23:51",6768700
24100,-550,500,"sd","14:23:51",6768600
24150,-500,200,"sd","14:23:51",6768100
24150,-500,200,"sd","14:23:51",6767900
24150,-500,100,"sd","14:23:51",6767700
24150,-500,2100,"sd","14:23:51",6767600
24150,-500,100,"sd","14:23:51",6765500
24150,-500,100,"sd","14:23:51",6765400
24150,-500,100,"sd","14:23:51",6765300
24150,-500,200,"sd","14:23:51",6765200
24150,-500,500,"sd","14:23:51",6765000
24150,-500,100,"sd","14:23:51",6764500
24150,-500,200,"sd","14:23:51",6764400
24150,-500,6000,"sd","14:23:51",6764200
24150,-500,500,"sd","14:23:51",6758200
24150,-500,200,"sd","14:23:51",6757700
24150,-500,100,"sd","14:23:51",6757500
24150,-500,500,"sd","14:23:51",6757400
24150,-500,100,"sd","14:23:51",6756900
24150,-500,2300,"sd","14:23:51",6756800
24150,-500,100,"sd","14:23:51",6754500
24150,-500,100,"sd","14:23:51",6754400
24150,-500,1300,"sd","14:23:51",6754300
24150,-500,100,"sd","14:23:51",6753000
24150,-500,4000,"sd","14:23:51",6752900
24150,-500,300,"sd","14:23:51",6748900
24150,-500,3000,"sd","14:23:51",6748600
24150,-500,200,"sd","14:23:51",6745600
24150,-500,500,"sd","14:23:51",6745400
24150,-500,100,"sd","14:23:51",6744900
24150,-500,100,"sd","14:23:51",6744800
24150,-500,200,"sd","14:23:51",6744700
24150,-500,100,"sd","14:23:51",6744500
24150,-500,700,"sd","14:23:51",6744400
24150,-500,200,"sd","14:23:51",6743700
24150,-500,100,"sd","14:23:51",6743500
24150,-500,2300,"sd","14:23:51",6743400
24150,-500,100,"sd","14:23:51",6741100
24150,-500,100,"sd","14:23:51",6741000
24150,-500,200,"sd","14:23:51",6740900
24150,-500,5000,"sd","14:23:51",6740700
24150,-500,1200,"sd","14:23:51",6735700
24150,-500,2000,"sd","14:23:51",6734500
24150,-500,200,"sd","14:23:51",6732500
24150,-500,100,"sd","14:23:51",6732300
24150,-500,100,"sd","14:23:51",6732200
24150,-500,3500,"sd","14:23:51",6732100
24150,-500,200,"sd","14:23:51",6728600
24150,-500,500,"sd","14:23:51",6728400
24150,-500,5600,"sd","14:23:51",6727900
24150,-500,400,"sd","14:23:51",6722300
24150,-500,500,"sd","14:23:51",6721900
24150,-500,600,"sd","14:23:51",6721400
24150,-500,2000,"sd","14:23:51",6720800
24150,-500,100,"sd","14:23:51",6718800
24150,-500,100,"sd","14:23:51",6718700
24150,-500,300,"sd","14:23:51",6718600
24150,-500,26000,"sd","14:23:51",6718300
24200,-450,100,"bu","14:23:46",6692300
24150,-500,10000,"sd","14:23:43",6692200
24200,-450,500,"bu","14:23:39",6682200
24150,-500,400,"sd","14:23:32",6681700
24150,-500,1900,"sd","14:23:22",6681300
24150,-500,500,"sd","14:22:57",6679400
24150,-500,500,"sd","14:22:54",6678900
24200,-450,2000,"bu","14:22:52",6678400
24200,-450,200,"bu","14:22:34",6676400
24150,-500,1600,"sd","14:22:33",6676200
24150,-500,500,"sd","14:22:33",6674600
24150,-500,1000,"sd","14:22:28",6674100
24150,-500,200,"sd","14:22:24",6673100
24150,-500,600,"sd","14:22:08",6672900
24150,-500,7000,"sd","14:22:07",6672300
24150,-500,300,"sd","14:21:59",6665300
24200,-450,200,"bu","14:21:54",6665000
24200,-450,6100,"bu","14:21:51",6664800
24200,-450,1000,"bu","14:21:51",6658700
24200,-450,200,"bu","14:21:51",6657700
24200,-450,2700,"bu","14:21:51",6657500
24200,-450,100,"bu","14:21:50",6654800
24200,-450,2800,"bu","14:21:43",6654700
24200,-450,1500,"bu","14:21:43",6651900
24200,-450,700,"bu","14:21:43",6650400
24200,-450,2900,"bu","14:21:43",6649700
24200,-450,4800,"bu","14:21:41",6646800
24200,-450,1000,"bu","14:21:38",6642000
24200,-450,100,"bu","14:21:36",6641000
24200,-450,5500,"bu","14:21:36",6640900
24200,-450,200,"bu","14:21:36",6635400
24200,-450,300,"bu","14:21:36",6635200
24200,-450,4000,"bu","14:21:36",6634900
24200,-450,1000,"bu","14:21:30",6630900
24200,-450,700,"bu","14:21:30",6629900
24200,-450,1200,"bu","14:21:16",6629200
24200,-450,5000,"bu","14:21:16",6628000
24200,-450,100,"bu","14:21:16",6623000
24200,-450,200,"bu","14:21:16",6622900
24200,-450,3800,"bu","14:21:16",6622700
24150,-500,2000,"sd","14:20:57",6618900
24200,-450,100,"bu","14:20:50",6616900
24200,-450,100,"bu","14:20:14",6616800
24150,-500,5000,"sd","14:20:13",6616700
24150,-500,20400,"sd","14:20:11",6611700
24150,-500,5600,"sd","14:20:01",6591300
24200,-450,1100,"bu","14:19:58",6585700
24150,-500,300,"sd","14:19:49",6584600
24200,-450,500,"bu","14:19:32",6584300
24200,-450,100,"bu","14:19:32",6583800
24200,-450,500,"bu","14:19:32",6583700
24200,-450,900,"bu","14:19:32",6583200
24200,-450,100,"bu","14:19:31",6582300
24200,-450,2000,"bu","14:19:21",6582200
24200,-450,100,"bu","14:19:09",6580200
24200,-450,100,"bu","14:19:07",6580100
24200,-450,400,"bu","14:19:06",6580000
24200,-450,100,"bu","14:19:04",6579600
24200,-450,1000,"bu","14:18:57",6579500
24200,-450,100,"bu","14:18:55",6578500
24200,-450,3000,"sd","14:18:49",6578400
24200,-450,100,"sd","14:18:48",6575400
24200,-450,5000,"sd","14:18:48",6575300
24200,-450,100,"sd","14:18:48",6570300
24250,-400,1500,"bu","14:18:41",6570200
24200,-450,5000,"sd","14:18:40",6568700
24150,-500,1000,"sd","14:18:40",6563700
24150,-500,2000,"sd","14:18:40",6562700
24150,-500,16200,"sd","14:18:40",6560700
24200,-450,1000,"sd","14:18:40",6544500
24150,-500,2000,"sd","14:18:40",6543500
24150,-500,100,"sd","14:18:40",6541500
24200,-450,2100,"sd","14:18:40",6541400
24150,-500,1500,"sd","14:18:40",6539300
24150,-500,100,"sd","14:18:40",6537800
24200,-450,300,"sd","14:18:40",6537700
24150,-500,100,"sd","14:18:40",6537400
24150,-500,10000,"sd","14:18:40",6537300
24200,-450,100,"sd","14:18:40",6527300
24150,-500,100,"sd","14:18:40",6527200
24200,-450,500,"sd","14:18:40",6527100
24150,-500,500,"sd","14:18:40",6526600
24150,-500,500,"sd","14:18:40",6526100
24150,-500,2300,"sd","14:18:40",6525600
24150,-500,100,"sd","14:18:40",6523300
24200,-450,300,"sd","14:18:40",6523200
24150,-500,700,"sd","14:18:40",6522900
24200,-450,500,"sd","14:18:40",6522200
24200,-450,1200,"sd","14:18:40",6521700
24200,-450,200,"sd","14:18:40",6520500
24200,-450,500,"sd","14:18:40",6520300
24150,-500,100,"sd","14:18:40",6519800
24200,-450,3100,"sd","14:18:40",6519700
24150,-500,5000,"sd","14:18:40",6516600
24150,-500,2000,"sd","14:18:40",6511600
24200,-450,1500,"sd","14:18:40",6509600
24200,-450,200,"sd","14:18:40",6508100
24200,-450,800,"sd","14:18:40",6507900
24200,-450,500,"sd","14:18:40",6507100
24200,-450,200,"sd","14:18:40",6506600
24200,-450,1000,"sd","14:18:40",6506400
24200,-450,2000,"sd","14:18:40",6505400
24200,-450,100,"sd","14:18:40",6503400
24200,-450,700,"sd","14:18:40",6503300
24200,-450,100,"sd","14:18:40",6502600
24200,-450,200,"sd","14:18:40",6502500
24200,-450,5000,"sd","14:18:40",6502300
24200,-450,100,"sd","14:18:40",6497300
24200,-450,800,"sd","14:18:40",6497200
24200,-450,100,"sd","14:18:40",6496400
24200,-450,400,"sd","14:18:40",6496300
24200,-450,1000,"sd","14:18:40",6495900
24200,-450,100,"sd","14:18:40",6494900
24200,-450,200,"sd","14:18:40",6494800
24200,-450,700,"sd","14:18:40",6494600
24200,-450,100,"sd","14:18:40",6493900
24200,-450,100,"sd","14:18:40",6493800
24200,-450,3000,"sd","14:18:40",6493700
24200,-450,5000,"sd","14:18:40",6490700
24200,-450,6000,"sd","14:18:40",6485700
24200,-450,100,"sd","14:18:40",6479700
24200,-450,10000,"sd","14:18:40",6479600
24200,-450,100,"sd","14:18:40",6469600
24200,-450,100,"sd","14:18:40",6469500
24200,-450,700,"sd","14:18:40",6469400
24200,-450,100,"sd","14:18:31",6468700
24200,-450,1200,"sd","14:18:28",6468600
24200,-450,200,"sd","14:18:28",6467400
24200,-450,200,"sd","14:18:28",6467200
24200,-450,3000,"sd","14:18:28",6467000
24200,-450,100,"sd","14:18:28",6464000
24200,-450,2000,"sd","14:18:28",6463900
24200,-450,100,"sd","14:18:28",6461900
24200,-450,1000,"sd","14:18:28",6461800
24200,-450,100,"sd","14:18:28",6460800
24200,-450,1200,"sd","14:18:28",6460700
24200,-450,900,"sd","14:18:28",6459500
24200,-450,100,"sd","14:18:11",6458600
24200,-450,100,"sd","14:18:11",6458500
24250,-400,100,"bu","14:18:09",6458400
24200,-450,900,"sd","14:17:53",6458300
24200,-450,2200,"sd","14:17:53",6457400
24250,-400,3100,"bu","14:17:42",6455200
24250,-400,1900,"bu","14:17:42",6452100
24250,-400,5000,"bu","14:17:37",6450200
24250,-400,200,"bu","14:17:30",6445200
24200,-450,2000,"sd","14:17:29",6445000
24200,-450,800,"sd","14:17:25",6443000
24200,-450,100,"sd","14:17:25",6442200
24200,-450,100,"sd","14:17:25",6442100
24200,-450,10000,"sd","14:17:25",6442000
24200,-450,4200,"sd","14:17:25",6432000
24250,-400,200,"bu","14:17:15",6427800
24250,-400,100,"bu","14:16:54",6427600
24250,-400,400,"bu","14:16:54",6427500
24250,-400,300,"bu","14:16:48",6427100
24250,-400,4800,"bu","14:16:41",6426800
24250,-400,200,"bu","14:16:31",6422000
24250,-400,900,"bu","14:16:22",6421800
24250,-400,1000,"bu","14:16:19",6420900
24250,-400,3000,"bu","14:16:19",6419900
24250,-400,1000,"bu","14:16:12",6416900
24250,-400,100,"sd","14:16:05",6415900
24300,-350,1500,"bu","14:16:05",6415800
24200,-450,15800,"sd","14:16:03",6414300
24200,-450,500,"sd","14:16:03",6398500
24250,-400,100,"sd","14:16:03",6398000
24250,-400,5900,"sd","14:16:03",6397900
24250,-400,5000,"sd","14:16:03",6392000
24250,-400,2000,"sd","14:16:03",6387000
24250,-400,1000,"sd","14:16:03",6385000
24250,-400,100,"sd","14:16:03",6384000
24250,-400,300,"sd","14:16:03",6383900
24250,-400,1000,"sd","14:16:03",6383600
24250,-400,5000,"sd","14:16:03",6382600
24250,-400,1000,"sd","14:16:03",6377600
24250,-400,300,"sd","14:16:03",6376600
24250,-400,1000,"sd","14:16:03",6376300
24250,-400,100,"sd","14:16:03",6375300
24250,-400,15000,"sd","14:16:03",6375200
24250,-400,500,"sd","14:16:03",6360200
24250,-400,45400,"sd","14:16:03",6359700
24250,-400,100,"sd","14:15:59",6314300
24250,-400,4500,"sd","14:15:43",6314200
24250,-400,400,"sd","14:15:43",6309700
24250,-400,400,"sd","14:15:43",6309300
24250,-400,600,"sd","14:15:43",6308900
24250,-400,300,"sd","14:15:43",6308300
24250,-400,300,"sd","14:15:43",6308000
24250,-400,400,"sd","14:15:43",6307700
24250,-400,100,"sd","14:15:43",6307300
24250,-400,5000,"sd","14:15:43",6307200
24250,-400,200,"sd","14:15:43",6302200
24250,-400,2500,"sd","14:15:43",6302000
24250,-400,900,"sd","14:15:43",6299500
24250,-400,1100,"sd","14:15:36",6298600
24250,-400,1000,"sd","14:15:36",6297500
24250,-400,100,"sd","14:15:36",6296500
24250,-400,100,"sd","14:15:36",6296400
24250,-400,2100,"sd","14:15:36",6296300
24250,-400,500,"sd","14:15:36",6294200
24250,-400,100,"sd","14:15:36",6293700
24300,-350,1000,"bu","14:15:25",6293600
24300,-350,300,"bu","14:15:19",6292600
24250,-400,200,"sd","14:15:05",6292300
24250,-400,800,"sd","14:15:05",6292100
24250,-400,1800,"sd","14:14:40",6291300
24300,-350,200,"bu","14:14:34",6289500
24300,-350,1000,"bu","14:14:02",6289300
24300,-350,200,"bu","14:13:48",6288300
24300,-350,1000,"bu","14:13:39",6288100
24300,-350,200,"bu","14:13:28",6287100
24250,-400,100,"sd","14:13:13",6286900
24250,-400,500,"sd","14:12:58",6286800
24250,-400,4700,"sd","14:12:47",6286300
24250,-400,300,"sd","14:12:47",6281600
24250,-400,700,"sd","14:12:07",6281300
24250,-400,1000,"sd","14:12:07",6280600
24250,-400,1000,"sd","14:12:07",6279600
24250,-400,200,"sd","14:12:07",6278600
24250,-400,100,"sd","14:12:07",6278400
24300,-350,2000,"bu","14:11:59",6278300
24300,-350,100,"bu","14:11:59",6276300
24250,-400,5000,"sd","14:11:58",6276200
24250,-400,5000,"sd","14:11:32",6271200
24300,-350,100,"bu","14:11:26",6266200
24250,-400,1000,"sd","14:11:18",6266100
24250,-400,500,"sd","14:11:18",6265100
24250,-400,4000,"sd","14:11:18",6264600
24250,-400,5000,"sd","14:11:18",6260600
24250,-400,500,"sd","14:11:18",6255600
24250,-400,100,"sd","14:11:18",6255100
24250,-400,100,"sd","14:11:18",6255000
24250,-400,100,"sd","14:11:18",6254900
24250,-400,800,"sd","14:11:18",6254800
24250,-400,10000,"sd","14:11:18",6254000
24250,-400,1000,"sd","14:11:18",6244000
24250,-400,5000,"sd","14:11:18",6243000
24250,-400,200,"sd","14:11:18",6238000
24250,-400,100,"sd","14:11:18",6237800
24250,-400,100,"sd","14:11:18",6237700
24250,-400,100,"sd","14:11:18",6237600
24250,-400,5000,"sd","14:11:18",6237500
24250,-400,500,"sd","14:11:18",6232500
24250,-400,900,"sd","14:11:18",6232000
24250,-400,30000,"sd","14:11:18",6231100
24300,-350,1000,"bu","14:10:51",6201100
24300,-350,500,"bu","14:10:39",6200100
24300,-350,200,"bu","14:10:34",6199600
24300,-350,100,"bu","14:10:34",6199400
24300,-350,100,"sd","14:10:21",6199300
24350,-300,3600,"bu","14:10:16",6199200
24350,-300,300,"bu","14:10:16",6195600
24350,-300,1000,"bu","14:10:16",6195300
24350,-300,100,"bu","14:10:16",6194300
24300,-350,9900,"sd","14:10:10",6194200
24300,-350,5100,"sd","14:10:10",6184300
24300,-350,1000,"bu","14:09:56",6179200
24300,-350,2000,"bu","14:09:53",6178200
24300,-350,6800,"bu","14:09:38",6176200
24300,-350,300,"bu","14:09:34",6169400
24300,-350,2000,"bu","14:09:23",6169100
24300,-350,500,"bu","14:09:21",6167100
24300,-350,1000,"bu","14:09:20",6166600
24300,-350,2500,"bu","14:08:48",6165600
24300,-350,1000,"bu","14:08:48",6163100
24300,-350,700,"bu","14:08:48",6162100
24300,-350,1600,"bu","14:08:48",6161400
24300,-350,2300,"bu","14:08:48",6159800
24300,-350,100,"bu","14:08:27",6157500
24300,-350,200,"bu","14:08:25",6157400
24300,-350,4000,"bu","14:07:49",6157200
24300,-350,300,"bu","14:07:30",6153200
24300,-350,100,"bu","14:07:24",6152900
24300,-350,3100,"bu","14:07:24",6152800
24300,-350,4900,"bu","14:07:24",6149700
24300,-350,100,"bu","14:07:06",6144800
24300,-350,500,"bu","14:07:03",6144700
24300,-350,500,"bu","14:06:49",6144200
24300,-350,1500,"bu","14:06:49",6143700
24300,-350,100,"bu","14:06:38",6142200
24300,-350,1900,"bu","14:06:38",6142100
24300,-350,100,"bu","14:06:15",6140200
24300,-350,300,"sd","14:06:02",6140100
24300,-350,300,"sd","14:06:02",6139800
24300,-350,2400,"sd","14:06:02",6139500
24300,-350,10000,"sd","14:05:59",6137100
24350,-300,1000,"bu","14:05:58",6127100
24300,-350,2000,"sd","14:05:55",6126100
24300,-350,200,"sd","14:05:52",6124100
24300,-350,100,"sd","14:05:52",6123900
24300,-350,100,"sd","14:05:52",6123800
24300,-350,100,"sd","14:05:52",6123700
24300,-350,1000,"sd","14:05:52",6123600
24300,-350,500,"sd","14:05:52",6122600
24300,-350,500,"sd","14:05:50",6122100
24300,-350,100,"sd","14:05:50",6121600
24300,-350,2000,"sd","14:05:50",6121500
24300,-350,700,"sd","14:05:50",6119500
24300,-350,100,"sd","14:05:50",6118800
24300,-350,100,"sd","14:05:50",6118700
24300,-350,3000,"sd","14:05:50",6118600
24300,-350,20000,"sd","14:05:50",6115600
24300,-350,500,"sd","14:05:50",6095600
24300,-350,100,"sd","14:05:50",6095100
24300,-350,500,"sd","14:05:50",6095000
24300,-350,2400,"sd","14:05:50",6094500
24300,-350,2000,"sd","14:05:45",6092100
24300,-350,3000,"sd","14:05:18",6090100
24350,-300,500,"bu","14:05:14",6087100
24350,-300,400,"bu","14:05:14",6086600
24350,-300,600,"bu","14:05:04",6086200
24350,-300,400,"bu","14:05:04",6085600
24350,-300,100,"bu","14:05:03",6085200
24350,-300,1400,"bu","14:05:03",6085100
24350,-300,7000,"bu","14:04:51",6083700
24350,-300,100,"bu","14:04:50",6076700
24350,-300,800,"bu","14:04:27",6076600
24300,-350,600,"sd","14:04:22",6075800
24300,-350,100,"sd","14:04:22",6075200
24350,-300,500,"bu","14:04:17",6075100
24350,-300,100,"bu","14:04:08",6074600
24300,-350,1500,"sd","14:04:03",6074500
24350,-300,100,"bu","14:04:00",6073000
24300,-350,400,"sd","14:02:59",6072900
24300,-350,400,"sd","14:02:59",6072500
24350,-300,300,"sd","14:02:59",6072100
24350,-300,900,"sd","14:02:59",6071800
24400,-250,500,"bu","14:02:47",6070900
24400,-250,1000,"bu","14:02:44",6070400
24350,-300,100,"sd","14:02:39",6069400
24400,-250,200,"bu","14:02:39",6069300
24400,-250,3000,"bu","14:02:34",6069100
24400,-250,200,"bu","14:02:18",6066100
24400,-250,200,"bu","14:02:09",6065900
24400,-250,4000,"bu","14:02:04",6065700
24400,-250,800,"bu","14:02:02",6061700
24400,-250,200,"bu","14:01:58",6060900
24400,-250,1800,"bu","14:01:58",6060700
24400,-250,100,"bu","14:01:50",6058900
24350,-300,100,"sd","14:01:49",6058800
24350,-300,500,"sd","14:01:49",6058700
24350,-300,900,"sd","14:01:49",6058200
24350,-300,100,"sd","14:01:44",6057300
24400,-250,1100,"bu","14:01:30",6057200
24400,-250,1000,"bu","14:01:30",6056100
24400,-250,900,"bu","14:01:30",6055100
24400,-250,4100,"bu","14:01:15",6054200
24350,-300,200,"sd","14:01:08",6050100
24400,-250,1000,"bu","14:00:59",6049900
24400,-250,100,"bu","14:00:54",6048900
24300,-350,100,"sd","14:00:41",6048800
24350,-300,1000,"sd","14:00:39",6048700
24300,-350,1000,"sd","14:00:16",6047700
24350,-300,1000,"sd","14:00:16",6046700
24400,-250,100,"bu","14:00:14",6045700
24400,-250,100,"bu","14:00:08",6045600
24400,-250,700,"bu","13:59:59",6045500
24400,-250,300,"bu","13:59:59",6044800
24400,-250,2000,"bu","13:59:59",6044500
24400,-250,1000,"bu","13:59:59",6042500
24350,-300,400,"bu","13:59:59",6041500
24350,-300,1400,"bu","13:59:59",6041100
24350,-300,200,"bu","13:59:59",6039700
24350,-300,4000,"bu","13:59:59",6039500
24300,-350,3500,"bu","13:59:42",6035500
24300,-350,500,"bu","13:59:40",6032000
24300,-350,2100,"bu","13:59:38",6031500
24300,-350,2000,"bu","13:59:38",6029400
24300,-350,300,"bu","13:59:38",6027400
24300,-350,5000,"bu","13:59:38",6027100
24300,-350,600,"bu","13:59:38",6022100
24300,-350,400,"bu","13:59:34",6021500
24300,-350,100,"bu","13:59:34",6021100
24300,-350,1000,"bu","13:59:29",6021000
24300,-350,900,"bu","13:59:18",6020000
24300,-350,1100,"bu","13:59:18",6019100
24300,-350,200,"bu","13:59:18",6018000
24300,-350,100,"bu","13:59:18",6017800
24300,-350,1300,"bu","13:59:18",6017700
24300,-350,1700,"bu","13:59:18",6016400
24300,-350,1300,"bu","13:59:18",6014700
24300,-350,500,"bu","13:59:16",6013400
24300,-350,1200,"bu","13:59:16",6012900
24300,-350,2000,"bu","13:59:07",6011700
24300,-350,1000,"bu","13:59:07",6009700
24250,-400,500,"bu","13:59:06",6008700
24250,-400,200,"bu","13:59:06",6008200
24250,-400,200,"bu","13:59:06",6008000
24250,-400,100,"bu","13:59:06",6007800
24250,-400,2800,"bu","13:59:06",6007700
24250,-400,2000,"bu","13:59:06",6004900
24250,-400,200,"bu","13:59:06",6002900
24250,-400,7900,"bu","13:59:06",6002700
24250,-400,12100,"bu","13:59:03",5994800
24250,-400,17900,"bu","13:59:03",5982700
24250,-400,1000,"bu","13:58:53",5964800
24250,-400,100,"bu","13:58:51",5963800
24250,-400,500,"bu","13:58:50",5963700
24250,-400,13000,"bu","13:58:49",5963200
24250,-400,12000,"bu","13:58:49",5950200
24250,-400,1000,"bu","13:58:46",5938200
24250,-400,15000,"bu","13:58:37",5937200
24250,-400,1000,"bu","13:58:35",5922200
24250,-400,300,"bu","13:58:27",5921200
24250,-400,500,"bu","13:58:24",5920900
24250,-400,17400,"bu","13:58:22",5920400
24250,-400,2000,"bu","13:58:09",5903000
24200,-450,500,"sd","13:58:07",5901000
24200,-450,500,"sd","13:58:07",5900500
24250,-400,100,"bu","13:58:06",5900000
24200,-450,1000,"sd","13:57:58",5899900
24200,-450,400,"bu","13:57:34",5898900
24200,-450,1300,"bu","13:57:34",5898500
24200,-450,2000,"bu","13:57:32",5897200
24200,-450,300,"bu","13:57:31",5895200
24200,-450,5000,"bu","13:57:31",5894900
24200,-450,300,"bu","13:57:29",5889900
24200,-450,500,"bu","13:57:29",5889600
24200,-450,300,"bu","13:57:25",5889100
24200,-450,1000,"bu","13:57:24",5888800
24200,-450,5200,"bu","13:57:24",5887800
24200,-450,4800,"bu","13:57:24",5882600
24200,-450,20000,"bu","13:57:24",5877800
24200,-450,2000,"bu","13:57:17",5857800
24200,-450,100,"bu","13:57:15",5855800
24200,-450,100,"sd","13:57:10",5855700
24200,-450,300,"sd","13:57:10",5855600
24200,-450,1000,"sd","13:57:10",5855300
24200,-450,100,"sd","13:57:10",5854300
24200,-450,400,"sd","13:57:10",5854200
24200,-450,100,"sd","13:57:10",5853800
24200,-450,500,"sd","13:57:10",5853700
24200,-450,1000,"sd","13:57:10",5853200
24200,-450,2800,"sd","13:57:10",5852200
24200,-450,5000,"sd","13:57:10",5849400
24200,-450,1000,"sd","13:57:10",5844400
24200,-450,300,"sd","13:57:10",5843400
24200,-450,200,"sd","13:57:10",5843100
24200,-450,300,"sd","13:57:10",5842900
24200,-450,700,"sd","13:56:34",5842600
24200,-450,100,"sd","13:56:34",5841900
24200,-450,5000,"sd","13:56:34",5841800
24200,-450,500,"sd","13:56:33",5836800
24200,-450,1000,"sd","13:56:33",5836300
24200,-450,700,"sd","13:56:33",5835300
24200,-450,400,"sd","13:56:14",5834600
24200,-450,500,"bu","13:56:07",5834200
24200,-450,500,"bu","13:56:07",5833700
24200,-450,2200,"bu","13:56:07",5833200
24200,-450,5700,"bu","13:56:07",5831000
24200,-450,500,"bu","13:56:05",5825300
24200,-450,500,"bu","13:56:04",5824800
24200,-450,1000,"bu","13:56:02",5824300
24200,-450,300,"bu","13:56:00",5823300
24200,-450,2000,"bu","13:56:00",5823000
24200,-450,500,"bu","13:56:00",5821000
24200,-450,500,"bu","13:56:00",5820500
24200,-450,100,"bu","13:56:00",5820000
24200,-450,18600,"bu","13:56:00",5819900
24200,-450,5000,"bu","13:55:59",5801300
24200,-450,1400,"bu","13:55:56",5796300
24200,-450,100,"bu","13:55:56",5794900
24200,-450,3500,"bu","13:55:56",5794800
24200,-450,500,"bu","13:55:54",5791300
24200,-450,200,"bu","13:55:51",5790800
24200,-450,800,"bu","13:55:49",5790600
24200,-450,100,"bu","13:55:49",5789800
24200,-450,4100,"bu","13:55:49",5789700
24200,-450,200,"bu","13:55:48",5785600
24200,-450,500,"bu","13:55:42",5785400
24200,-450,3000,"bu","13:55:36",5784900
24200,-450,100,"bu","13:55:34",5781900
24200,-450,10000,"bu","13:55:27",5781800
24200,-450,2000,"bu","13:55:08",5771800
24200,-450,5000,"bu","13:55:07",5769800
24200,-450,100,"bu","13:54:52",5764800
24200,-450,500,"bu","13:54:43",5764700
24200,-450,200,"bu","13:54:37",5764200
24200,-450,100,"bu","13:54:27",5764000
24200,-450,300,"bu","13:54:22",5763900
24200,-450,100,"bu","13:54:22",5763600
24200,-450,500,"bu","13:54:22",5763500
24200,-450,100,"bu","13:54:22",5763000
24200,-450,200,"bu","13:54:21",5762900
24200,-450,100,"bu","13:54:17",5762700
24150,-500,800,"sd","13:54:15",5762600
24200,-450,200,"bu","13:54:13",5761800
24200,-450,1100,"bu","13:54:04",5761600
24200,-450,1400,"bu","13:54:04",5760500
24150,-500,500,"sd","13:53:57",5759100
24150,-500,100,"sd","13:53:57",5758600
24150,-500,400,"sd","13:53:57",5758500
24150,-500,100,"sd","13:53:57",5758100
24150,-500,100,"sd","13:53:57",5758000
24150,-500,500,"sd","13:53:57",5757900
24150,-500,100,"sd","13:53:57",5757400
24150,-500,100,"sd","13:53:57",5757300
24150,-500,100,"sd","13:53:57",5757200
24200,-450,800,"bu","13:53:48",5757100
24200,-450,200,"bu","13:53:48",5756300
24150,-500,100,"sd","13:53:39",5756100
24200,-450,1000,"bu","13:53:25",5756000
24150,-500,800,"sd","13:53:18",5755000
24150,-500,4200,"sd","13:53:18",5754200
24150,-500,1000,"sd","13:53:18",5750000
24150,-500,500,"sd","13:53:18",5749000
24150,-500,2000,"sd","13:53:18",5748500
24150,-500,1500,"sd","13:53:18",5746500
24150,-500,800,"sd","13:53:12",5745000
24150,-500,1400,"sd","13:53:08",5744200
24200,-450,400,"bu","13:52:59",5742800
24200,-450,600,"bu","13:52:55",5742400
24150,-500,1300,"sd","13:52:52",5741800
24150,-500,500,"sd","13:52:52",5740500
24150,-500,200,"sd","13:52:52",5740000
24150,-500,4800,"sd","13:52:50",5739800
24150,-500,200,"sd","13:52:50",5735000
24150,-500,10000,"sd","13:52:50",5734800
24150,-500,300,"sd","13:52:50",5724800
24150,-500,400,"sd","13:52:50",5724500
24150,-500,300,"sd","13:52:50",5724100
24150,-500,1000,"sd","13:52:50",5723800
24150,-500,10000,"sd","13:52:50",5722800
24150,-500,1000,"sd","13:52:50",5712800
24150,-500,2000,"sd","13:52:50",5711800
24200,-450,100,"bu","13:52:33",5709800
24200,-450,1500,"bu","13:52:18",5709700
24150,-500,500,"bu","13:52:18",5708200
24150,-500,1000,"bu","13:52:17",5707700
24150,-500,1000,"bu","13:52:17",5706700
24150,-500,700,"bu","13:52:17",5705700
24150,-500,100,"bu","13:52:17",5705000
24150,-500,400,"bu","13:52:17",5704900
24150,-500,1800,"bu","13:52:17",5704500
24150,-500,200,"bu","13:52:16",5702700
24150,-500,300,"bu","13:52:16",5702500
24150,-500,10000,"bu","13:52:15",5702200
24150,-500,500,"bu","13:52:12",5692200
24150,-500,2000,"bu","13:52:10",5691700
24150,-500,3200,"bu","13:52:07",5689700
24150,-500,2000,"bu","13:52:04",5686500
24150,-500,300,"bu","13:52:03",5684500
24150,-500,4500,"bu","13:52:03",5684200
24150,-500,200,"bu","13:52:03",5679700
24100,-550,200,"sd","13:52:03",5679500
24150,-500,1000,"bu","13:52:00",5679300
24150,-500,100,"bu","13:51:58",5678300
24150,-500,200,"bu","13:51:53",5678200
24150,-500,5000,"bu","13:51:52",5678000
24150,-500,100,"bu","13:51:51",5673000
24150,-500,1000,"bu","13:51:49",5672900
24150,-500,2000,"bu","13:51:47",5671900
24150,-500,1500,"bu","13:51:47",5669900
24150,-500,100,"bu","13:51:44",5668400
24150,-500,100,"bu","13:51:44",5668300
24150,-500,700,"bu","13:51:44",5668200
24150,-500,300,"bu","13:51:44",5667500
24150,-500,100,"bu","13:51:42",5667200
24150,-500,100,"bu","13:51:38",5667100
24150,-500,2600,"bu","13:51:38",5667000
24150,-500,100,"bu","13:51:36",5664400
24150,-500,1000,"bu","13:51:36",5664300
24150,-500,3000,"bu","13:51:34",5663300
24150,-500,200,"bu","13:51:33",5660300
24150,-500,100,"bu","13:51:30",5660100
24150,-500,1000,"bu","13:51:29",5660000
24150,-500,1000,"bu","13:51:24",5659000
24150,-500,2000,"bu","13:51:17",5658000
24150,-500,10000,"bu","13:51:17",5656000
24150,-500,500,"bu","13:51:07",5646000
24150,-500,1000,"bu","13:51:06",5645500
24150,-500,2000,"bu","13:51:03",5644500
24150,-500,1000,"bu","13:51:02",5642500
24150,-500,2000,"bu","13:51:01",5641500
24150,-500,2000,"bu","13:50:58",5639500
24150,-500,10000,"bu","13:50:43",5637500
24150,-500,1000,"bu","13:50:32",5627500
24150,-500,4800,"bu","13:50:32",5626500
24150,-500,1100,"bu","13:50:23",5621700
24150,-500,1600,"bu","13:50:16",5620600
24150,-500,2000,"bu","13:50:15",5619000
24150,-500,2500,"bu","13:50:15",5617000
24150,-500,800,"bu","13:50:15",5614500
24150,-500,100,"bu","13:50:15",5613700
24150,-500,300,"bu","13:50:15",5613600
24150,-500,300,"bu","13:50:15",5613300
24150,-500,200,"bu","13:49:57",5613000
24150,-500,500,"bu","13:49:53",5612800
24150,-500,12200,"bu","13:49:53",5612300
24150,-500,1000,"bu","13:49:46",5600100
24100,-550,3300,"sd","13:49:42",5599100
24100,-550,300,"sd","13:49:42",5595800
24100,-550,1000,"sd","13:49:42",5595500
24100,-550,200,"sd","13:49:42",5594500
24100,-550,300,"sd","13:49:42",5594300
24100,-550,100,"sd","13:49:42",5594000
24100,-550,300,"sd","13:49:42",5593900
24100,-550,300,"sd","13:49:42",5593600
24100,-550,100,"sd","13:49:42",5593300
24100,-550,100,"sd","13:49:42",5593200
24100,-550,100,"sd","13:49:42",5593100
24100,-550,500,"sd","13:49:42",5593000
24100,-550,5000,"sd","13:49:42",5592500
24100,-550,500,"sd","13:49:42",5587500
24100,-550,200,"sd","13:49:42",5587000
24100,-550,300,"sd","13:49:42",5586800
24150,-500,700,"bu","13:49:31",5586500
24150,-500,500,"bu","13:49:15",5585800
24100,-550,100,"sd","13:49:13",5585300
24100,-550,200,"sd","13:49:09",5585200
24100,-550,200,"sd","13:49:09",5585000
24100,-550,400,"sd","13:49:09",5584800
24100,-550,500,"sd","13:49:09",5584400
24100,-550,200,"sd","13:49:09",5583900
24100,-550,500,"sd","13:49:09",5583700
24100,-550,100,"sd","13:49:09",5583200
24100,-550,300,"sd","13:49:09",5583100
24100,-550,500,"sd","13:49:09",5582800
24100,-550,1000,"sd","13:49:09",5582300
24100,-550,1000,"sd","13:49:09",5581300
24100,-550,500,"sd","13:49:09",5580300
24100,-550,500,"sd","13:49:09",5579800
24100,-550,100,"sd","13:49:09",5579300
24100,-550,400,"sd","13:49:09",5579200
24100,-550,200,"sd","13:49:09",5578800
24100,-550,500,"sd","13:49:09",5578600
24100,-550,300,"sd","13:49:09",5578100
24100,-550,200,"sd","13:49:09",5577800
24100,-550,5000,"sd","13:49:09",5577600
24100,-550,10000,"sd","13:49:09",5572600
24100,-550,100,"sd","13:49:09",5562600
24100,-550,500,"sd","13:49:09",5562500
24100,-550,100,"sd","13:49:09",5562000
24100,-550,500,"sd","13:49:09",5561900
24100,-550,500,"sd","13:49:09",5561400
24100,-550,100,"sd","13:49:09",5560900
24100,-550,45000,"sd","13:49:09",5560800
24100,-550,800,"sd","13:49:09",5515800
24100,-550,20000,"sd","13:49:09",5515000
24100,-550,200,"sd","13:49:09",5495000
24100,-550,600,"sd","13:49:09",5494800
24100,-550,100,"sd","13:49:09",5494200
24100,-550,1000,"sd","13:49:09",5494100
24100,-550,900,"sd","13:49:09",5493100
24100,-550,200,"sd","13:49:09",5492200
24100,-550,1000,"sd","13:49:09",5492000
24100,-550,500,"sd","13:49:09",5491000
24100,-550,100,"sd","13:49:09",5490500
24100,-550,300,"sd","13:49:09",5490400
24100,-550,9300,"sd","13:49:09",5490100
24150,-500,500,"bu","13:49:08",5480800
24150,-500,500,"bu","13:48:52",5480300
24100,-550,200,"sd","13:48:52",5479800
24100,-550,6000,"sd","13:48:43",5479600
24150,-500,3000,"bu","13:48:43",5473600
24100,-550,9500,"sd","13:48:43",5470600
24100,-550,500,"sd","13:48:43",5461100
24150,-500,100,"bu","13:48:40",5460600
24150,-500,200,"bu","13:48:38",5460500
24150,-500,100,"bu","13:48:13",5460300
24150,-500,600,"bu","13:48:12",5460200
24150,-500,100,"bu","13:48:05",5459600
24150,-500,500,"bu","13:47:47",5459500
24100,-550,500,"sd","13:47:42",5459000
24150,-500,200,"bu","13:47:42",5458500
24150,-500,100,"bu","13:47:41",5458300
24150,-500,400,"bu","13:47:37",5458200
24150,-500,4300,"bu","13:47:33",5457800
24150,-500,300,"bu","13:47:33",5453500
24150,-500,400,"bu","13:47:33",5453200
24150,-500,100,"bu","13:47:31",5452800
24150,-500,100,"bu","13:47:30",5452700
24150,-500,200,"bu","13:47:24",5452600
24150,-500,500,"bu","13:47:24",5452400
24150,-500,5000,"bu","13:47:22",5451900
24100,-550,2200,"sd","13:47:22",5446900
24150,-500,200,"bu","13:47:22",5444700
24150,-500,500,"bu","13:47:12",5444500
24150,-500,200,"bu","13:47:10",5444000
24150,-500,800,"bu","13:47:08",5443800
24150,-500,300,"bu","13:46:58",5443000
24150,-500,10000,"bu","13:46:58",5442700
24150,-500,1000,"bu","13:46:52",5432700
24150,-500,5000,"bu","13:46:44",5431700
24150,-500,500,"bu","13:46:40",5426700
24150,-500,9900,"bu","13:46:39",5426200
24150,-500,100,"bu","13:46:39",5416300
24150,-500,1000,"bu","13:46:36",5416200
24150,-500,200,"bu","13:46:35",5415200
24100,-550,1800,"sd","13:46:30",5415000
24100,-550,1000,"sd","13:46:30",5413200
24100,-550,500,"sd","13:46:30",5412200
24100,-550,1700,"sd","13:46:30",5411700
24150,-500,1000,"bu","13:46:26",5410000
24150,-500,300,"bu","13:46:26",5409000
24150,-500,100,"bu","13:46:16",5408700
24150,-500,600,"bu","13:46:16",5408600
24150,-500,700,"bu","13:46:16",5408000
24150,-500,100,"bu","13:46:16",5407300
24100,-550,4600,"sd","13:46:14",5407200
24100,-550,1000,"sd","13:46:14",5402600
24100,-550,100,"sd","13:46:14",5401600
24100,-550,100,"sd","13:46:14",5401500
24100,-550,6200,"sd","13:46:14",5401400
24150,-500,1000,"bu","13:46:11",5395200
24150,-500,200,"bu","13:46:10",5394200
24150,-500,700,"bu","13:46:09",5394000
24150,-500,1000,"bu","13:46:08",5393300
24150,-500,100,"bu","13:45:59",5392300
24150,-500,1000,"bu","13:45:56",5392200
24150,-500,100,"bu","13:45:56",5391200
24150,-500,1000,"bu","13:45:47",5391100
24150,-500,100,"bu","13:45:46",5390100
24150,-500,100,"bu","13:45:46",5390000
24150,-500,1000,"bu","13:45:41",5389900
24150,-500,100,"bu","13:45:36",5388900
24150,-500,100,"bu","13:45:31",5388800
24150,-500,2000,"bu","13:45:25",5388700
24150,-500,700,"sd","13:45:13",5386700
24150,-500,1000,"sd","13:45:13",5386000
24150,-500,1600,"sd","13:45:13",5385000
24150,-500,1000,"sd","13:45:13",5383400
24150,-500,1000,"sd","13:45:13",5382400
24150,-500,10000,"sd","13:45:13",5381400
24150,-500,200,"sd","13:45:13",5371400
24150,-500,2000,"sd","13:45:13",5371200
24150,-500,100,"sd","13:45:13",5369200
24150,-500,100,"sd","13:45:13",5369100
24150,-500,19700,"sd","13:45:13",5369000
24200,-450,200,"bu","13:44:42",5349300
24150,-500,100,"sd","13:44:31",5349100
24150,-500,100,"bu","13:44:25",5349000
24150,-500,1600,"bu","13:44:25",5348900
24150,-500,500,"bu","13:44:24",5347300
24150,-500,100,"bu","13:44:24",5346800
24150,-500,1000,"bu","13:44:24",5346700
24150,-500,300,"bu","13:44:23",5345700
24150,-500,2100,"bu","13:44:22",5345400
24150,-500,900,"bu","13:44:22",5343300
24150,-500,100,"bu","13:44:17",5342400
24150,-500,1000,"bu","13:44:15",5342300
24150,-500,100,"bu","13:44:15",5341300
24150,-500,400,"bu","13:44:10",5341200
24150,-500,300,"bu","13:44:10",5340800
24150,-500,500,"bu","13:44:10",5340500
24150,-500,200,"bu","13:44:10",5340000
24150,-500,600,"bu","13:44:10",5339800
24150,-500,100,"bu","13:44:09",5339200
24150,-500,300,"bu","13:44:03",5339100
24150,-500,500,"bu","13:44:00",5338800
24150,-500,2100,"bu","13:43:57",5338300
24150,-500,200,"bu","13:43:53",5336200
24150,-500,200,"bu","13:43:52",5336000
24100,-550,2000,"sd","13:43:51",5335800
24150,-500,500,"bu","13:43:51",5333800
24150,-500,500,"bu","13:43:51",5333300
24150,-500,500,"bu","13:43:51",5332800
24150,-500,500,"bu","13:43:50",5332300
24150,-500,1000,"bu","13:43:27",5331800
24150,-500,2900,"bu","13:43:27",5330800
24150,-500,100,"bu","13:43:27",5327900
24100,-550,800,"sd","13:43:22",5327800
24100,-550,1000,"sd","13:43:22",5327000
24100,-550,200,"sd","13:43:22",5326000
24100,-550,900,"sd","13:43:17",5325800
24150,-500,500,"unknown","13:43:11",5324900
24150,-500,100,"sd","13:43:07",5324400
24150,-500,500,"sd","13:43:07",5324300
24150,-500,500,"sd","13:43:07",5323800
24100,-550,8900,"sd","13:42:55",5323300
24100,-550,500,"sd","13:42:55",5314400
24100,-550,800,"sd","13:42:55",5313900
24100,-550,300,"sd","13:42:55",5313100
24100,-550,1000,"sd","13:42:55",5312800
24100,-550,500,"sd","13:42:55",5311800
24100,-550,1000,"sd","13:42:55",5311300
24100,-550,1200,"sd","13:42:55",5310300
24100,-550,2000,"sd","13:42:55",5309100
24100,-550,1500,"sd","13:42:55",5307100
24100,-550,300,"sd","13:42:55",5305600
24100,-550,200,"sd","13:42:55",5305300
24100,-550,200,"sd","13:42:55",5305100
24100,-550,100,"sd","13:42:55",5304900
24100,-550,300,"sd","13:42:55",5304800
24150,-500,5000,"sd","13:42:55",5304500
24100,-550,600,"sd","13:42:55",5299500
24150,-500,1100,"sd","13:42:55",5298900
24150,-500,200,"sd","13:42:55",5297800
24150,-500,2100,"sd","13:42:55",5297600
24150,-500,1400,"sd","13:42:55",5295500
24100,-550,800,"sd","13:42:55",5294100
24150,-500,11000,"sd","13:42:55",5293300
24150,-500,100,"sd","13:42:55",5282300
24100,-550,2000,"sd","13:42:55",5282200
24150,-500,2000,"sd","13:42:55",5280200
24150,-500,1900,"sd","13:42:55",5278200
24100,-550,100,"sd","13:42:55",5276300
24150,-500,1200,"sd","13:42:55",5276200
24100,-550,900,"sd","13:42:55",5275000
24150,-500,14200,"sd","13:42:55",5274100
24100,-550,4000,"sd","13:42:54",5259900
24150,-500,500,"sd","13:42:54",5255900
24150,-500,1800,"sd","13:42:54",5255400
24100,-550,1000,"sd","13:42:54",5253600
24150,-500,1900,"sd","13:42:54",5252600
24150,-500,100,"sd","13:42:54",5250700
24100,-550,100,"sd","13:42:54",5250600
24150,-500,100,"sd","13:42:54",5250500
24150,-500,4000,"sd","13:42:54",5250400
24150,-500,1500,"sd","13:42:54",5246400
24150,-500,200,"sd","13:42:54",5244900
24150,-500,1500,"sd","13:42:54",5244700
24150,-500,300,"sd","13:42:54",5243200
24150,-500,1000,"sd","13:42:54",5242900
24100,-550,500,"sd","13:42:54",5241400
24150,-500,500,"sd","13:42:54",5241900
24150,-500,100,"sd","13:42:54",5240900
24150,-500,100,"sd","13:42:54",5240800
24150,-500,21300,"sd","13:42:54",5240700
24150,-500,1100,"sd","13:42:54",5219400
24150,-500,2000,"sd","13:42:54",5218300
24150,-500,3000,"sd","13:42:54",5216300
24150,-500,200,"sd","13:42:54",5213300
24150,-500,2000,"sd","13:42:54",5213100
24150,-500,3300,"sd","13:42:54",5211100
24150,-500,500,"sd","13:42:54",5207800
24150,-500,12000,"sd","13:42:54",5207300
24150,-500,1100,"sd","13:42:54",5195300
24150,-500,200,"sd","13:42:54",5194200
24150,-500,500,"sd","13:42:54",5194000
24150,-500,300,"sd","13:42:54",5193500
24150,-500,4600,"sd","13:42:54",5193200
24150,-500,4000,"sd","13:42:54",5188600
24150,-500,30000,"sd","13:42:54",5184600
24150,-500,1000,"sd","13:42:54",5154600
24150,-500,1000,"sd","13:42:54",5153600
24150,-500,100,"sd","13:42:54",5152600
24150,-500,100,"sd","13:42:54",5152500
24150,-500,100,"sd","13:42:54",5152400
24150,-500,4000,"sd","13:42:54",5152300
24150,-500,3000,"sd","13:42:54",5148300
24150,-500,4000,"sd","13:42:54",5145300
24150,-500,100,"sd","13:42:54",5141300
24150,-500,1000,"sd","13:42:54",5141200
24150,-500,5000,"sd","13:42:54",5140200
24150,-500,2000,"sd","13:42:54",5135200
24150,-500,200,"sd","13:42:54",5133200
24150,-500,100,"sd","13:42:54",5133000
24150,-500,100,"sd","13:42:54",5132900
24150,-500,200,"sd","13:42:54",5132800
24150,-500,1100,"sd","13:42:54",5132600
24150,-500,100,"sd","13:42:54",5131500
24150,-500,800,"sd","13:42:54",5131400
24150,-500,500,"sd","13:42:54",5130600
24150,-500,100,"sd","13:42:54",5130100
24150,-500,100,"sd","13:42:54",5130000
24150,-500,100,"sd","13:42:54",5129900
24150,-500,1000,"sd","13:42:54",5129800
24150,-500,100,"sd","13:42:54",5128800
24150,-500,200,"sd","13:42:54",5128700
24150,-500,1000,"sd","13:42:54",5128500
24150,-500,200,"sd","13:42:54",5127500
24150,-500,200,"sd","13:42:54",5127300
24150,-500,1000,"sd","13:42:54",5127100
24150,-500,200,"sd","13:42:54",5126100
24150,-500,500,"sd","13:42:54",5125900
24150,-500,1000,"sd","13:42:54",5125400
24150,-500,100,"sd","13:42:54",5124400
24150,-500,1000,"sd","13:42:54",5124300
24150,-500,200,"sd","13:42:54",5123300
24150,-500,500,"sd","13:42:50",5123100
24150,-500,1000,"sd","13:42:50",5122600
24150,-500,100,"sd","13:42:50",5121600
24150,-500,600,"sd","13:42:50",5121500
24150,-500,800,"sd","13:42:50",5120900
24150,-500,100,"sd","13:42:36",5120100
24150,-500,300,"sd","13:42:07",5120000
24150,-500,4700,"sd","13:42:07",5119700
24150,-500,700,"sd","13:42:06",5115000
24150,-500,200,"sd","13:42:05",5114300
24150,-500,4300,"sd","13:41:58",5114100
24150,-500,100,"sd","13:41:56",5109800
24150,-500,1000,"sd","13:41:56",5109700
24150,-500,3700,"sd","13:41:56",5108700
24150,-500,2700,"sd","13:41:56",5105000
24150,-500,2300,"sd","13:41:52",5102300
24150,-500,100,"sd","13:41:52",5100000
24150,-500,600,"sd","13:41:52",5099900
24150,-500,400,"sd","13:41:45",5099300
24150,-500,500,"sd","13:41:45",5098900
24150,-500,1000,"sd","13:41:45",5098400
24150,-500,100,"sd","13:41:45",5097400
24150,-500,1000,"sd","13:41:35",5097300
24200,-450,100,"bu","13:41:21",5096300
24200,-450,100,"bu","13:41:20",5096200
24200,-450,1000,"bu","13:41:18",5096100
24200,-450,200,"bu","13:41:15",5095100
24200,-450,2000,"bu","13:41:12",5094900
24150,-500,400,"sd","13:41:11",5092900
24150,-500,500,"sd","13:41:11",5092500
24150,-500,500,"sd","13:41:11",5092000
24150,-500,500,"sd","13:41:11",5091500
24150,-500,1000,"sd","13:41:11",5091000
24150,-500,100,"sd","13:41:11",5090000
24150,-500,100,"sd","13:41:11",5089900
24150,-500,500,"sd","13:41:11",5089800
24150,-500,100,"sd","13:41:11",5089300
24150,-500,200,"sd","13:41:11",5089200
24150,-500,200,"sd","13:41:11",5089000
24150,-500,100,"sd","13:41:11",5088800
24150,-500,100,"sd","13:41:11",5088700
24150,-500,3700,"sd","13:41:11",5088600
24200,-450,400,"bu","13:41:00",5084900
24200,-450,1000,"bu","13:40:53",5084500
24200,-450,100,"bu","13:40:52",5083500
24150,-500,1300,"sd","13:40:46",5083400
24150,-500,300,"sd","13:40:46",5082100
24200,-450,100,"bu","13:40:36",5081800
24150,-500,1500,"sd","13:40:32",5081700
24150,-500,500,"sd","13:40:32",5080200
24150,-500,1000,"sd","13:40:32",5079700
24150,-500,200,"sd","13:40:32",5078700
24150,-500,200,"sd","13:40:32",5078500
24150,-500,6600,"sd","13:40:32",5078300
24200,-450,1000,"bu","13:40:01",5071700
24150,-500,200,"sd","13:39:57",5070700
24150,-500,300,"sd","13:39:51",5070500
24150,-500,1000,"sd","13:39:49",5070200
24150,-500,1900,"sd","13:39:36",5069200
24150,-500,100,"sd","13:39:36",5067300
24200,-450,200,"bu","13:39:27",5067200
24150,-500,500,"sd","13:39:24",5067000
24150,-500,1000,"sd","13:39:24",5066500
24150,-500,1000,"sd","13:39:24",5065500
24150,-500,500,"sd","13:39:24",5064500
24150,-500,1000,"sd","13:39:24",5064000
24150,-500,500,"sd","13:39:24",5063000
24150,-500,100,"sd","13:39:23",5062500
24200,-450,500,"bu","13:39:13",5062400
24200,-450,5000,"bu","13:39:04",5061900
24200,-450,2000,"bu","13:38:46",5056900
24200,-450,1500,"bu","13:38:39",5054900
24150,-500,200,"sd","13:38:32",5053400
24200,-450,100,"bu","13:38:28",5053200
24200,-450,200,"bu","13:38:21",5053100
24200,-450,600,"bu","13:38:08",5052900
24150,-500,700,"sd","13:37:57",5052300
24150,-500,1000,"sd","13:37:57",5051600
24150,-500,1300,"sd","13:37:57",5050600
24200,-450,100,"bu","13:37:42",5049300
24150,-500,200,"sd","13:37:42",5049200
24150,-500,500,"sd","13:37:42",5049000
24150,-500,300,"sd","13:37:42",5048500
24150,-500,1000,"sd","13:37:16",5048200
24150,-500,1000,"sd","13:37:09",5047200
24150,-500,100,"sd","13:37:09",5046200
24150,-500,200,"sd","13:37:09",5046100
24150,-500,3000,"sd","13:37:09",5045900
24150,-500,700,"sd","13:37:09",5042900
24150,-500,300,"sd","13:36:49",5042200
24150,-500,1700,"sd","13:36:49",5041900
24150,-500,300,"sd","13:36:45",5040200
24150,-500,200,"sd","13:36:45",5039900
24150,-500,100,"sd","13:36:45",5039700
24150,-500,200,"sd","13:36:45",5039600
24150,-500,100,"sd","13:36:45",5039400
24150,-500,100,"sd","13:36:45",5039300
24150,-500,100,"sd","13:36:45",5039200
24150,-500,400,"sd","13:36:45",5039100
24150,-500,600,"sd","13:36:22",5038700
24150,-500,300,"sd","13:36:22",5038100
24150,-500,900,"sd","13:36:21",5037800
24150,-500,1300,"sd","13:36:21",5036900
24200,-450,100,"bu","13:36:12",5035600
24200,-450,900,"bu","13:36:03",5035500
24200,-450,2000,"bu","13:35:58",5034600
24150,-500,3700,"sd","13:35:36",5032600
24150,-500,300,"sd","13:35:36",5028900
24150,-500,300,"sd","13:35:31",5028600
24150,-500,100,"sd","13:35:08",5028300
24200,-450,5000,"bu","13:34:58",5028200
24200,-450,300,"bu","13:34:55",5023200
24150,-500,300,"sd","13:34:51",5022900
24150,-500,500,"sd","13:34:51",5022600
24150,-500,1000,"sd","13:34:51",5022100
24150,-500,200,"sd","13:34:51",5021100
24150,-500,500,"sd","13:34:51",5020900
24150,-500,500,"sd","13:34:51",5020400
24150,-500,1000,"sd","13:34:51",5019900
24150,-500,200,"sd","13:34:51",5018900
24150,-500,100,"sd","13:34:51",5018700
24150,-500,2000,"sd","13:34:51",5018600
24150,-500,200,"sd","13:34:51",5016600
24150,-500,100,"sd","13:34:51",5016400
24150,-500,2400,"sd","13:34:51",5016300
24200,-450,100,"bu","13:34:45",5013900
24200,-450,100,"bu","13:34:43",5013800
24200,-450,2700,"bu","13:34:39",5013700
24200,-450,400,"bu","13:34:35",5011000
24200,-450,500,"bu","13:34:27",5010600
24200,-450,500,"bu","13:34:26",5010100
24200,-450,100,"bu","13:34:23",5009600
24200,-450,500,"bu","13:34:17",5009500
24200,-450,10000,"sd","13:34:00",5009000
24200,-450,1000,"sd","13:34:00",4999000
24200,-450,200,"sd","13:34:00",4998000
24200,-450,100,"sd","13:34:00",4997800
24200,-450,1000,"sd","13:34:00",4997700
24200,-450,1000,"sd","13:34:00",4996700
24200,-450,2000,"sd","13:34:00",4995700
24200,-450,200,"sd","13:34:00",4993700
24200,-450,200,"sd","13:34:00",4993500
24200,-450,200,"sd","13:34:00",4993300
24200,-450,100,"sd","13:34:00",4993100
24200,-450,200,"sd","13:34:00",4993000
24200,-450,2500,"sd","13:34:00",4992800
24200,-450,2000,"sd","13:34:00",4990300
24200,-450,300,"sd","13:34:00",4988300
24200,-450,100,"sd","13:34:00",4988000
24200,-450,1000,"sd","13:34:00",4987900
24200,-450,500,"sd","13:34:00",4986900
24200,-450,100,"sd","13:34:00",4986400
24200,-450,2000,"sd","13:34:00",4986300
24200,-450,2000,"sd","13:34:00",4984300
24200,-450,200,"sd","13:34:00",4982300
24200,-450,200,"sd","13:34:00",4982100
24200,-450,200,"sd","13:34:00",4981900
24250,-400,200,"bu","13:33:53",4981700
24250,-400,200,"bu","13:33:43",4981500
24200,-450,100,"sd","13:33:39",4981300
24200,-450,100,"sd","13:33:39",4981200
24200,-450,400,"sd","13:33:32",4981100
24200,-450,200,"sd","13:33:32",4980700
24200,-450,2000,"sd","13:33:32",4980500
24200,-450,1000,"sd","13:33:32",4978500
24200,-450,200,"sd","13:33:32",4977500
24200,-450,5000,"sd","13:33:31",4977300
24200,-450,100,"sd","13:33:31",4972300
24200,-450,500,"sd","13:33:31",4972200
24200,-450,100,"sd","13:33:31",4971700
24200,-450,200,"sd","13:33:31",4971600
24200,-450,300,"sd","13:33:31",4971400
24200,-450,3000,"sd","13:33:31",4971100
24200,-450,1000,"sd","13:33:31",4968100
24200,-450,500,"sd","13:33:31",4967100
24200,-450,1000,"sd","13:33:31",4966600
24200,-450,1000,"sd","13:33:31",4965600
24200,-450,3000,"sd","13:33:31",4964600
24200,-450,500,"sd","13:33:31",4961600
24200,-450,400,"sd","13:33:31",4961100
24200,-450,1000,"sd","13:33:31",4960700
24200,-450,700,"sd","13:33:31",4959700
24200,-450,500,"sd","13:33:31",4959000
24200,-450,1000,"sd","13:33:31",4958500
24200,-450,600,"sd","13:33:31",4957500
24250,-400,2100,"bu","13:33:30",4956900
24250,-400,200,"bu","13:33:26",4954800
24250,-400,5000,"bu","13:33:24",4954600
24200,-450,200,"sd","13:33:04",4949600
24200,-450,900,"sd","13:32:37",4949400
24200,-450,3300,"sd","13:32:29",4948500
24200,-450,500,"sd","13:32:29",4945200
24200,-450,5200,"sd","13:32:29",4944700
24200,-450,200,"sd","13:31:54",4939500
24200,-450,100,"sd","13:31:53",4939300
24200,-450,1000,"sd","13:31:34",4939200
24250,-400,200,"bu","13:31:32",4938200
24200,-450,100,"sd","13:31:11",4938000
24200,-450,100,"sd","13:31:05",4937900
24250,-400,5000,"bu","13:30:51",4937800
24250,-400,1700,"bu","13:29:52",4932800
24200,-450,600,"sd","13:29:34",4931100
24200,-450,1000,"sd","13:29:12",4930500
24200,-450,2000,"bu","13:29:12",4929500
24200,-450,2000,"bu","13:29:12",4927500
24200,-450,500,"bu","13:29:12",4925500
24200,-450,1000,"bu","13:29:12",4925000
24200,-450,16200,"bu","13:29:12",4924000
24200,-450,1000,"bu","13:29:12",4907800
24200,-450,200,"bu","13:29:09",4906800
24200,-450,800,"bu","13:29:07",4906600
24200,-450,500,"bu","13:28:59",4905800
24200,-450,1300,"bu","13:28:59",4905300
24200,-450,500,"bu","13:28:59",4904000
24200,-450,200,"bu","13:28:59",4903500
24200,-450,500,"bu","13:28:55",4903300
24200,-450,300,"bu","13:28:53",4902800
24200,-450,1000,"bu","13:28:52",4902500
24200,-450,500,"bu","13:28:50",4901500
24200,-450,5000,"bu","13:28:50",4901000
24200,-450,300,"bu","13:28:47",4896000
24200,-450,1000,"bu","13:28:44",4895700
24200,-450,2000,"bu","13:28:43",4894700
24200,-450,200,"bu","13:28:43",4892700
24200,-450,5000,"bu","13:28:40",4892500
24200,-450,500,"bu","13:28:34",4887500
24200,-450,500,"bu","13:28:33",4887000
24200,-450,100,"bu","13:28:33",4886500
24200,-450,100,"bu","13:28:22",4886400
24200,-450,200,"bu","13:28:19",4886300
24200,-450,13600,"bu","13:28:17",4886100
24200,-450,6400,"bu","13:28:17",4872500
24200,-450,1000,"bu","13:28:17",4866100
24200,-450,2000,"bu","13:28:15",4865100
24200,-450,200,"bu","13:28:14",4863100
24200,-450,500,"bu","13:28:06",4862900
24200,-450,100,"bu","13:28:02",4862400
24200,-450,2000,"bu","13:27:55",4862300
24200,-450,500,"bu","13:27:52",4860300
24200,-450,200,"bu","13:27:49",4859800
24200,-450,500,"bu","13:27:39",4859600
24200,-450,1000,"bu","13:27:38",4859100
24200,-450,500,"bu","13:27:36",4858100
24200,-450,1000,"bu","13:27:36",4857600
24200,-450,2500,"bu","13:27:16",4856600
24200,-450,500,"bu","13:27:08",4854100
24200,-450,1000,"bu","13:27:05",4853600
24200,-450,1500,"bu","13:26:58",4852600
24200,-450,1500,"bu","13:26:49",4851100
24200,-450,100,"bu","13:26:32",4849600
24200,-450,100,"bu","13:26:04",4849500
24200,-450,200,"bu","13:25:59",4849400
24200,-450,800,"bu","13:25:55",4849200
24150,-500,600,"sd","13:25:55",4848400
24150,-500,100,"sd","13:25:55",4847800
24200,-450,300,"bu","13:25:55",4847700
24200,-450,1000,"bu","13:25:42",4847400
24150,-500,300,"sd","13:25:39",4846400
24150,-500,1000,"sd","13:25:39",4846100
24150,-500,700,"sd","13:25:39",4845100
24200,-450,200,"bu","13:25:35",4844400
24200,-450,1000,"bu","13:25:33",4844200
24200,-450,200,"bu","13:25:31",4843200
24200,-450,1800,"bu","13:25:25",4843000
24200,-450,1400,"bu","13:25:24",4841200
24200,-450,600,"bu","13:25:24",4839800
24200,-450,500,"bu","13:25:24",4839200
24200,-450,400,"bu","13:25:23",4838700
24200,-450,1600,"bu","13:25:23",4838300
24200,-450,900,"bu","13:25:16",4836700
24200,-450,2000,"bu","13:25:07",4835800
24200,-450,400,"bu","13:25:04",4833800
24200,-450,100,"bu","13:25:04",4833400
24200,-450,100,"bu","13:24:44",4833300
24200,-450,2000,"bu","13:24:22",4833200
24200,-450,200,"bu","13:24:19",4831200
24200,-450,500,"bu","13:24:18",4831000
24200,-450,1000,"bu","13:24:08",4830500
24200,-450,100,"bu","13:24:05",4829500
24200,-450,100,"bu","13:23:42",4829400
24200,-450,2300,"bu","13:23:39",4829300
24200,-450,100,"bu","13:23:39",4827000
24200,-450,700,"sd","13:23:34",4826900
24200,-450,500,"sd","13:23:34",4826200
24200,-450,2000,"sd","13:23:34",4825700
24200,-450,300,"sd","13:23:34",4823700
24200,-450,200,"sd","13:23:31",4823400
24200,-450,2000,"sd","13:23:31",4823200
24200,-450,100,"sd","13:23:31",4821200
24200,-450,3000,"sd","13:23:31",4821100
24200,-450,2500,"sd","13:23:31",4818100
24200,-450,200,"sd","13:23:31",4815600
24200,-450,100,"sd","13:23:23",4815400
24200,-450,500,"sd","13:23:23",4815300
24200,-450,400,"sd","13:23:23",4814800
24200,-450,200,"sd","13:23:23",4814400
24200,-450,100,"sd","13:23:18",4814200
24200,-450,200,"sd","13:23:18",4814100
24200,-450,3700,"sd","13:23:18",4813900
24200,-450,200,"sd","13:23:16",4810200
24200,-450,500,"sd","13:23:13",4810000
24200,-450,5000,"sd","13:23:02",4809500
24250,-400,1000,"bu","13:22:54",4804500
24200,-450,1000,"bu","13:22:20",4803500
24200,-450,9600,"bu","13:22:20",4802500
24200,-450,10000,"bu","13:22:16",4792900
24200,-450,600,"bu","13:22:11",4782900
24200,-450,1500,"bu","13:21:57",4782300
24200,-450,300,"bu","13:21:57",4780800
24200,-450,200,"bu","13:21:57",4780500
24200,-450,100,"sd","13:21:49",4780300
24200,-450,200,"sd","13:21:49",4780200
24200,-450,900,"sd","13:21:49",4780000
24200,-450,500,"sd","13:21:49",4779100
24200,-450,1000,"sd","13:21:49",4778600
24200,-450,100,"sd","13:21:49",4777600
24200,-450,2000,"sd","13:21:49",4777500
24200,-450,20000,"sd","13:21:49",4775500
24200,-450,300,"sd","13:21:49",4755500
24200,-450,100,"sd","13:21:49",4755200
24200,-450,2600,"sd","13:21:49",4755100
24200,-450,500,"sd","13:21:46",4752500
24200,-450,5800,"sd","13:21:46",4752000
24200,-450,2400,"sd","13:21:46",4746200
24200,-450,1000,"sd","13:21:46",4743800
24200,-450,100,"sd","13:21:46",4742800
24200,-450,200,"sd","13:21:46",4742700
24200,-450,4200,"sd","13:21:44",4742500
24200,-450,1800,"sd","13:21:44",4738300
24200,-450,200,"sd","13:21:40",4736500
24250,-400,100,"bu","13:21:28",4736300
24250,-400,500,"bu","13:21:01",4736200
24250,-400,1000,"bu","13:20:56",4735700
24250,-400,1000,"bu","13:20:55",4734700
24250,-400,1000,"bu","13:20:55",4733700
24250,-400,5000,"bu","13:20:49",4732700
24250,-400,5000,"bu","13:20:49",4727700
24250,-400,1000,"bu","13:20:38",4722700
24250,-400,8000,"bu","13:20:35",4721700
24250,-400,1000,"bu","13:20:17",4713700
24250,-400,5000,"bu","13:20:15",4712700
24250,-400,600,"sd","13:19:37",4707700
24250,-400,400,"sd","13:19:28",4707100
24250,-400,500,"sd","13:19:28",4706700
24250,-400,100,"sd","13:19:28",4706200
24250,-400,200,"sd","13:19:20",4706100
24250,-400,100,"sd","13:19:20",4705900
24250,-400,5000,"sd","13:19:20",4705800
24250,-400,1000,"sd","13:19:20",4700800
24250,-400,200,"sd","13:19:20",4699800
24250,-400,1600,"sd","13:19:20",4699600
24300,-350,1000,"bu","13:19:19",4698000
24250,-400,4000,"sd","13:19:15",4697000
24250,-400,400,"sd","13:19:14",4693000
24250,-400,100,"sd","13:19:14",4692600
24250,-400,2000,"sd","13:19:12",4692500
24250,-400,3000,"sd","13:19:08",4690500
24250,-400,2000,"sd","13:19:08",4687500
24300,-350,500,"bu","13:19:01",4685500
24300,-350,1000,"sd","13:18:53",4685000
24300,-350,200,"sd","13:18:53",4684000
24300,-350,100,"sd","13:18:53",4683800
24300,-350,500,"sd","13:18:53",4683700
24300,-350,400,"sd","13:18:53",4683200
24300,-350,500,"sd","13:18:53",4682800
24300,-350,1000,"sd","13:18:53",4682300
24300,-350,9300,"sd","13:18:53",4681300
24300,-350,1000,"sd","13:18:53",4672000
24300,-350,10000,"sd","13:18:51",4671000
24300,-350,19700,"sd","13:18:42",4661000
24300,-350,200,"sd","13:18:42",4641300
24300,-350,100,"sd","13:18:42",4641100
24350,-300,200,"bu","13:18:17",4641000
24350,-300,1700,"sd","13:18:11",4640800
24350,-300,1000,"sd","13:18:08",4639100
24350,-300,1000,"sd","13:18:05",4638100
24350,-300,500,"sd","13:18:05",4637100
24350,-300,100,"sd","13:18:05",4636600
24350,-300,8400,"sd","13:18:05",4636500
24350,-300,200,"sd","13:17:51",4628100
24350,-300,200,"sd","13:17:23",4627900
24350,-300,1000,"bu","13:17:23",4627700
24350,-300,200,"bu","13:17:23",4626700
24350,-300,500,"bu","13:17:16",4626500
24350,-300,200,"sd","13:17:15",4626000
24350,-300,2000,"sd","13:17:15",4625800
24350,-300,500,"sd","13:17:15",4623800
24350,-300,100,"sd","13:17:15",4623300
24350,-300,500,"sd","13:17:15",4623200
24350,-300,500,"sd","13:17:09",4622700
24350,-300,100,"sd","13:17:09",4622200
24350,-300,100,"sd","13:17:09",4622100
24350,-300,300,"sd","13:17:09",4622000
24350,-300,800,"sd","13:16:55",4621700
24350,-300,1200,"sd","13:16:55",4620900
24350,-300,200,"sd","13:16:48",4619700
24350,-300,2900,"sd","13:16:38",4619500
24350,-300,100,"sd","13:16:33",4616600
24350,-300,600,"sd","13:16:32",4616500
24350,-300,100,"sd","13:16:32",4615900
24350,-300,1500,"bu","13:16:17",4615800
24300,-350,100,"sd","13:16:10",4614300
24300,-350,1600,"bu","13:15:53",4614200
24300,-350,100,"bu","13:15:53",4612600
24300,-350,800,"bu","13:15:53",4612500
24300,-350,1400,"bu","13:15:52",4611700
24300,-350,500,"bu","13:15:48",4610300
24300,-350,100,"sd","13:15:28",4609800
24300,-350,1700,"sd","13:15:28",4609700
24300,-350,3000,"sd","13:15:28",4608000
24300,-350,2500,"sd","13:15:28",4605000
24300,-350,2000,"sd","13:15:25",4602500
24300,-350,1500,"sd","13:15:18",4600500
24300,-350,1000,"bu","13:14:44",4599000
24450,-200,100,"bu","13:14:36",4598000
24450,-200,100,"bu","13:14:26",4597900
24450,-200,2300,"bu","13:14:19",4597800
24400,-250,100,"bu","13:14:19",4595500
24400,-250,3000,"bu","13:14:19",4595400
24400,-250,100,"bu","13:14:19",4592400
24400,-250,100,"bu","13:14:19",4592300
24400,-250,5000,"bu","13:14:19",4592200
24400,-250,17600,"bu","13:14:19",4587200
24400,-250,500,"bu","13:14:18",4569600
24400,-250,3400,"bu","13:14:18",4569100
24400,-250,200,"bu","13:14:18",4565700
24400,-250,200,"bu","13:14:18",4565500
24350,-300,3000,"bu","13:14:18",4565300
24350,-300,1200,"bu","13:14:18",4562300
24350,-300,1000,"bu","13:14:18",4561100
24350,-300,4500,"bu","13:14:18",4560100
24350,-300,400,"bu","13:14:18",4555600
24350,-300,1000,"bu","13:14:18",4555200
24300,-350,2400,"bu","13:14:18",4554200
24350,-300,5000,"bu","13:14:18",4551800
24300,-350,1000,"bu","13:14:18",4546800
24350,-300,500,"bu","13:14:18",4545600
24300,-350,200,"bu","13:14:18",4545800
24300,-350,200,"bu","13:14:18",4545100
24300,-350,1000,"bu","13:14:18",4544900
24300,-350,100,"bu","13:14:18",4543900
24300,-350,2000,"bu","13:14:18",4543800
24300,-350,2200,"bu","13:14:18",4541800
24300,-350,100,"bu","13:14:18",4539600
24300,-350,5000,"bu","13:14:18",4539500
24300,-350,100,"bu","13:14:18",4534500
24300,-350,100,"bu","13:14:18",4534400
24300,-350,100,"bu","13:14:18",4534300
24300,-350,1500,"bu","13:14:18",4534200
24300,-350,6900,"bu","13:14:18",4532700
24300,-350,3000,"bu","13:14:18",4525800
24300,-350,500,"bu","13:14:18",4522800
24300,-350,3000,"bu","13:14:18",4522300
24300,-350,500,"bu","13:14:18",4519300
24300,-350,1000,"bu","13:14:18",4518800
24300,-350,300,"bu","13:14:18",4517800
24300,-350,3000,"bu","13:14:18",4517500
24300,-350,600,"bu","13:14:18",4514500
24300,-350,200,"bu","13:14:18",4513900
24300,-350,1500,"bu","13:14:18",4513700
24300,-350,13600,"bu","13:14:18",4512200
24300,-350,700,"bu","13:14:18",4498600
24300,-350,100,"bu","13:14:18",4497900
24300,-350,100,"bu","13:14:14",4497800
24200,-450,200,"sd","13:14:09",4497700
24200,-450,200,"sd","13:14:06",4497500
24200,-450,100,"sd","13:14:06",4497300
24200,-450,100,"sd","13:14:06",4497200
24200,-450,100,"sd","13:14:06",4497100
24200,-450,600,"sd","13:14:06",4497000
24200,-450,5000,"sd","13:14:06",4496400
24200,-450,10000,"sd","13:14:06",4491400
24200,-450,100,"sd","13:14:06",4481400
24200,-450,1000,"sd","13:14:06",4481300
24200,-450,500,"sd","13:14:06",4480300
24200,-450,500,"sd","13:14:06",4479800
24200,-450,1500,"sd","13:14:06",4479300
24200,-450,600,"sd","13:14:06",4477800
24200,-450,300,"sd","13:14:06",4477200
24200,-450,2000,"sd","13:14:06",4476900
24200,-450,100,"sd","13:14:06",4474900
24200,-450,200,"sd","13:14:06",4474800
24200,-450,500,"sd","13:14:06",4474600
24200,-450,1000,"sd","13:14:06",4474100
24200,-450,500,"sd","13:14:06",4473100
24200,-450,1000,"sd","13:14:06",4472600
24200,-450,1000,"sd","13:14:06",4471600
24200,-450,100,"sd","13:14:06",4470600
24200,-450,200,"sd","13:14:06",4470500
24250,-400,100,"sd","13:14:06",4470300
24250,-400,200,"sd","13:14:06",4470200
24250,-400,200,"sd","13:14:06",4470000
24250,-400,100,"sd","13:14:06",4469800
24250,-400,10000,"sd","13:14:06",4469700
24250,-400,300,"sd","13:14:06",4459700
24250,-400,2000,"sd","13:14:06",4459400
24250,-400,1000,"sd","13:14:06",4457400
24250,-400,1000,"sd","13:14:06",4456400
24250,-400,100,"sd","13:14:06",4455400
24250,-400,2800,"sd","13:14:06",4455300
24300,-350,100,"bu","13:14:05",4452500
24300,-350,200,"bu","13:14:03",4452400
24300,-350,100,"bu","13:13:58",4452200
24300,-350,100,"bu","13:13:47",4452100
24300,-350,1000,"bu","13:13:45",4452000
24300,-350,100,"bu","13:13:39",4451000
24300,-350,700,"bu","13:13:32",4450900
24300,-350,2000,"bu","13:13:32",4450200
24300,-350,1500,"bu","13:13:32",4448200
24300,-350,200,"bu","13:13:32",4446700
24300,-350,3800,"bu","13:13:32",4446500
24300,-350,1800,"bu","13:13:32",4442700
24250,-400,1000,"bu","13:13:19",4440900
24250,-400,1200,"bu","13:13:19",4439900
24250,-400,100,"bu","13:13:10",4438700
24250,-400,1000,"bu","13:13:10",4438600
24250,-400,2000,"sd","13:13:06",4437600
24250,-400,200,"sd","13:13:06",4435600
24250,-400,6000,"sd","13:13:06",4435400
24250,-400,1000,"bu","13:13:05",4429400
24250,-400,400,"bu","13:13:05",4428400
24250,-400,100,"bu","13:13:04",4428000
24250,-400,2000,"bu","13:13:03",4427900
24250,-400,100,"bu","13:13:03",4425900
24250,-400,100,"bu","13:13:03",4425800
24250,-400,500,"bu","13:13:01",4425700
24250,-400,800,"bu","13:13:00",4425200
24250,-400,1600,"bu","13:12:57",4424400
24250,-400,2000,"bu","13:12:57",4422800
24250,-400,1000,"bu","13:12:57",4420800
24250,-400,1000,"bu","13:12:56",4419800
24250,-400,100,"bu","13:12:55",4418800
24250,-400,200,"bu","13:12:55",4418700
24250,-400,500,"bu","13:12:52",4418500
24250,-400,500,"bu","13:12:52",4418000
24250,-400,1000,"bu","13:12:50",4417500
24250,-400,200,"bu","13:12:48",4416500
24250,-400,800,"bu","13:12:34",4416300
24250,-400,100,"bu","13:12:33",4415500
24250,-400,100,"bu","13:12:33",4415400
24250,-400,500,"bu","13:12:33",4415300
24250,-400,1000,"bu","13:12:31",4414800
24250,-400,500,"bu","13:12:28",4413800
24250,-400,200,"bu","13:12:25",4413300
24250,-400,1000,"bu","13:12:19",4413100
24250,-400,500,"bu","13:11:47",4412100
24250,-400,800,"bu","13:11:39",4411600
24250,-400,600,"bu","13:11:39",4410800
