"price","change","match_qtty","side","time","total_vol"
8750,60,109800,"unknown","14:44:59",1886900
8730,40,500,"sd","14:29:52",1777100
8730,40,500,"sd","14:29:52",1776600
8730,40,3900,"sd","14:29:52",1776100
8730,40,1000,"sd","14:29:52",1772200
8730,40,100,"sd","14:29:52",1771200
8730,40,200,"sd","14:29:52",1771100
8750,60,200,"bu","14:28:46",1770900
8730,40,200,"sd","14:28:26",1770700
8720,30,100,"bu","14:28:23",1770500
8720,30,500,"sd","14:28:19",1770400
8720,30,100,"sd","14:28:19",1769900
8720,30,5000,"sd","14:28:19",1769800
8720,30,500,"sd","14:28:19",1764800
8720,30,1000,"sd","14:28:19",1764300
8730,40,500,"sd","14:28:12",1763300
8730,40,2300,"sd","14:28:12",1762800
8730,40,400,"sd","14:27:59",1760500
8730,40,1000,"sd","14:27:56",1760100
8730,40,5000,"sd","14:27:53",1759100
8730,40,600,"sd","14:27:41",1754100
8730,40,700,"sd","14:27:19",1753500
8730,40,500,"sd","14:27:19",1752800
8730,40,2600,"sd","14:27:19",1752300
8730,40,4800,"sd","14:27:14",1749700
8740,50,500,"sd","14:27:13",1744900
8750,60,200,"bu","14:27:12",1744400
8730,40,6800,"sd","14:27:03",1744200
8740,50,5000,"sd","14:27:03",1737400
8740,50,1400,"sd","14:27:02",1732400
8750,60,200,"sd","14:27:02",1731000
8750,60,100,"sd","14:27:02",1730800
8750,60,3000,"sd","14:27:02",1730700
8750,60,100,"sd","14:27:02",1727700
8750,60,100,"sd","14:27:02",1727600
8750,60,2000,"sd","14:27:02",1727500
8750,60,5000,"sd","14:27:02",1725500
8750,60,100,"sd","14:27:02",1720500
8750,60,400,"sd","14:27:02",1720400
8760,70,800,"bu","14:26:58",1720000
8750,60,1000,"sd","14:26:52",1719200
8760,70,10000,"sd","14:26:23",1718200
8760,70,200,"sd","14:26:23",1708200
8760,70,800,"sd","14:26:22",1708000
8760,70,500,"sd","14:26:22",1707200
8770,80,100,"bu","14:26:10",1706700
8770,80,100,"bu","14:26:10",1706600
8760,70,100,"sd","14:25:17",1706500
8760,70,1000,"sd","14:25:17",1706400
8760,70,100,"sd","14:25:17",1705400
8760,70,500,"sd","14:25:17",1705300
8770,80,100,"bu","14:25:08",1704800
8770,80,200,"bu","14:24:47",1704700
8770,80,3900,"sd","14:24:28",1704500
8770,80,1100,"sd","14:24:13",1700600
8770,80,25000,"sd","14:24:13",1699500
8780,90,1000,"sd","14:24:13",1674500
8780,90,400,"sd","14:24:13",1673500
8780,90,100,"sd","14:24:13",1673100
8780,90,10000,"sd","14:24:13",1673000
8780,90,100,"sd","14:24:13",1663000
8790,100,100,"sd","14:24:13",1662900
8790,100,100,"sd","14:24:13",1662800
8790,100,10000,"sd","14:24:13",1662700
8790,100,100,"sd","14:24:13",1652700
8790,100,300,"sd","14:24:13",1652600
8790,100,200,"sd","14:24:13",1652300
8790,100,1500,"sd","14:24:13",1652100
8800,110,1200,"bu","14:24:13",1650600
8800,110,100,"bu","14:24:09",1649400
8790,100,200,"sd","14:24:02",1649300
8790,100,1000,"sd","14:23:56",1649100
8790,100,500,"sd","14:22:35",1648100
8790,100,500,"sd","14:21:08",1647600
8790,100,200,"sd","14:19:54",1647100
8790,100,300,"sd","14:19:29",1646900
8800,110,700,"bu","14:19:12",1646600
8800,110,1300,"bu","14:19:12",1645900
8790,100,300,"sd","14:19:11",1644600
8800,110,1000,"bu","14:18:55",1644300
8800,110,500,"bu","14:17:47",1643300
8800,110,11000,"bu","14:17:23",1642800
8800,110,100,"bu","14:17:16",1631800
8800,110,100,"bu","14:17:16",1631700
8800,110,5000,"bu","14:17:16",1631600
8800,110,10000,"bu","14:17:16",1626600
8800,110,21000,"bu","14:17:16",1616600
8830,140,800,"bu","14:16:21",1595600
8830,140,200,"sd","14:16:19",1594800
8830,140,1000,"sd","14:15:48",1594600
8830,140,600,"sd","14:15:31",1593600
8830,140,300,"sd","14:15:23",1593000
8830,140,400,"sd","14:15:03",1592700
8830,140,600,"sd","14:15:03",1592300
8830,140,1600,"sd","14:14:48",1591700
8840,150,400,"sd","14:14:48",1590100
8840,150,100,"bu","14:14:45",1589700
8840,150,2700,"bu","14:14:45",1589600
8840,150,1000,"bu","14:14:45",1586900
8840,150,300,"bu","14:14:45",1585900
8830,140,100,"bu","14:14:07",1585600
8820,130,500,"bu","14:14:07",1585500
8820,130,500,"bu","14:14:07",1585000
8820,130,5000,"bu","14:14:07",1584500
8820,130,2000,"bu","14:14:07",1579500
8820,130,100,"bu","14:14:07",1577500
8820,130,500,"bu","14:14:07",1577400
8820,130,2700,"bu","14:14:07",1576900
8810,120,1000,"bu","14:14:07",1574200
8810,120,4000,"bu","14:14:07",1573200
8810,120,1400,"bu","14:14:07",1569200
8800,110,10000,"sd","14:14:06",1567800
8810,120,100,"bu","14:14:02",1557800
8800,110,4200,"sd","14:13:02",1557700
8800,110,900,"sd","14:13:02",1553500
8800,110,13300,"bu","14:13:02",1552600
8800,110,400,"bu","14:12:42",1539300
8790,100,500,"sd","14:12:36",1538900
8800,110,200,"sd","14:12:10",1538400
8800,110,200,"bu","14:12:06",1538200
8800,110,1000,"bu","14:12:06",1538000
8800,110,2000,"bu","14:12:06",1537000
8800,110,6100,"bu","14:12:06",1535000
8790,100,500,"bu","14:12:06",1528900
8790,100,3400,"bu","14:12:05",1528400
8790,100,100,"bu","14:11:55",1525000
8790,100,1000,"bu","14:11:51",1524900
8790,100,100,"unknown","14:11:45",1523900
8790,100,900,"unknown","14:11:45",1523800
8780,90,200,"sd","14:11:31",1522900
8790,100,100,"bu","14:11:28",1522700
8790,100,200,"bu","14:11:26",1522600
8790,100,2000,"bu","14:11:13",1522400
8790,100,900,"sd","14:11:06",1520400
8790,100,4900,"sd","14:11:06",1519500
8790,100,100,"sd","14:11:05",1514600
8790,100,100,"sd","14:10:58",1514500
8790,100,6300,"sd","14:10:53",1514400
8790,100,3700,"sd","14:10:53",1508100
8790,100,300,"sd","14:10:50",1504400
8790,100,5000,"sd","14:10:49",1504100
8790,100,100,"sd","14:10:35",1499100
8790,100,900,"sd","14:10:15",1499000
8790,100,1100,"sd","14:10:15",1498100
8790,100,2000,"sd","14:10:07",1497000
8800,110,500,"sd","14:09:59",1495000
8800,110,1000,"sd","14:09:59",1494500
8800,110,1000,"sd","14:09:59",1493500
8800,110,800,"sd","14:09:59",1492500
8800,110,12900,"sd","14:09:59",1491700
8800,110,7100,"sd","14:09:55",1478800
8800,110,100,"sd","14:09:55",1471700
8800,110,100,"sd","14:09:55",1471600
8800,110,6200,"sd","14:09:55",1471500
8800,110,2000,"sd","14:09:54",1465300
8800,110,6800,"sd","14:09:46",1463300
8800,110,2000,"sd","14:09:20",1456500
8800,110,2000,"sd","14:09:10",1454500
8800,110,1000,"sd","14:08:59",1452500
8800,110,1000,"sd","14:08:59",1451500
8800,110,500,"sd","14:08:41",1450500
8800,110,1000,"sd","14:08:36",1450000
8800,110,3500,"sd","14:08:21",1449000
8800,110,3000,"sd","14:08:00",1445500
8810,120,500,"bu","14:07:43",1442500
8810,120,3000,"sd","14:07:24",1442000
8810,120,1000,"sd","14:07:23",1439000
8810,120,400,"sd","14:07:18",1438000
8810,120,1000,"sd","14:07:18",1437600
8810,120,3600,"sd","14:07:18",1436600
8810,120,2000,"sd","14:07:14",1433000
8810,120,400,"sd","14:07:12",1431000
8810,120,5200,"sd","14:07:10",1430600
8810,120,5500,"sd","14:07:09",1425400
8810,120,300,"sd","14:07:03",1419900
8810,120,200,"sd","14:06:29",1419600
8820,130,400,"bu","14:04:43",1419400
8820,130,800,"sd","14:04:16",1419000
8820,130,2000,"sd","14:04:16",1418200
8820,130,100,"sd","14:04:16",1416200
8820,130,200,"sd","14:04:16",1416100
8820,130,3700,"sd","14:04:16",1415900
8830,140,100,"sd","14:04:16",1412200
8830,140,100,"bu","14:04:16",1412100
8820,130,600,"sd","14:03:17",1412000
8820,130,300,"sd","14:03:17",1411400
8830,140,1000,"bu","14:03:02",1411100
8830,140,1000,"bu","14:03:02",1410100
8830,140,1000,"bu","14:03:02",1409100
8830,140,1000,"bu","14:02:54",1408100
8820,130,400,"sd","14:02:32",1407100
8840,150,200,"sd","14:00:57",1406700
8840,150,2000,"bu","14:00:51",1406500
8840,150,200,"bu","14:00:51",1404500
8840,150,200,"bu","14:00:51",1404300
8830,140,300,"bu","14:00:51",1404100
8830,140,1500,"bu","14:00:51",1403800
8830,140,400,"bu","14:00:51",1402300
8830,140,200,"bu","14:00:51",1401900
8820,130,5000,"sd","14:00:42",1401700
8830,140,100,"bu","13:59:56",1396700
8830,140,900,"bu","13:59:56",1396600
8830,140,9100,"bu","13:59:30",1395700
8830,140,500,"bu","13:59:30",1386600
8830,140,400,"bu","13:59:30",1386100
8830,140,4800,"bu","13:58:53",1385700
8830,140,200,"bu","13:58:53",1380900
8820,130,600,"sd","13:57:45",1380700
8820,130,400,"sd","13:57:30",1380100
8820,130,9600,"sd","13:57:30",1379700
8820,130,100,"sd","13:57:24",1370100
8820,130,300,"sd","13:57:07",1370000
8820,130,500,"sd","13:57:07",1369700
8820,130,500,"sd","13:56:43",1369200
8820,130,3000,"bu","13:55:45",1368700
8820,130,2000,"bu","13:55:45",1365700
8810,120,2100,"sd","13:54:53",1363700
8810,120,100,"sd","13:54:06",1361600
8810,120,300,"sd","13:53:40",1361500
8820,130,100,"bu","13:52:21",1361200
8820,130,100,"sd","13:51:12",1361100
8820,130,400,"sd","13:51:10",1361000
8820,130,100,"sd","13:51:10",1360600
8830,140,100,"bu","13:50:11",1360500
8820,130,5000,"sd","13:50:09",1360400
8820,130,700,"sd","13:49:15",1355400
8830,140,200,"bu","13:49:13",1354700
8830,140,200,"bu","13:48:22",1354500
8830,140,800,"bu","13:47:30",1354300
8830,140,100,"bu","13:47:03",1353500
8820,130,5000,"bu","13:45:41",1353400
8830,140,400,"bu","13:45:26",1348400
8830,140,400,"bu","13:44:48",1348000
8810,120,300,"sd","13:43:52",1347600
8810,120,200,"sd","13:43:52",1347300
8810,120,4800,"sd","13:42:05",1347100
8820,130,200,"sd","13:42:05",1342300
8820,130,200,"sd","13:41:59",1342100
8820,130,500,"sd","13:41:57",1341900
8820,130,100,"bu","13:41:37",1341400
8820,130,200,"bu","13:41:37",1341300
8820,130,1000,"bu","13:41:37",1341100
8820,130,1500,"bu","13:41:37",1340100
8820,130,300,"bu","13:41:37",1338600
8810,120,1000,"sd","13:41:35",1338300
8800,110,300,"sd","13:41:04",1337300
8800,110,100,"sd","13:40:42",1337000
8800,110,10600,"bu","13:40:31",1336900
8800,110,300,"bu","13:40:26",1326300
8800,110,300,"sd","13:40:17",1326000
8800,110,8800,"sd","13:40:17",1325700
8820,130,1000,"sd","13:39:22",1316900
8820,130,1900,"sd","13:39:21",1315900
8820,130,1000,"bu","13:39:19",1314000
8820,130,100,"bu","13:39:19",1313000
8800,110,5000,"sd","13:38:56",1312900
8800,110,5000,"sd","13:38:56",1307900
8800,110,7000,"sd","13:38:56",1302900
8800,110,100,"sd","13:38:56",1295900
8800,110,1000,"sd","13:38:56",1295800
8800,110,1000,"sd","13:38:56",1294800
8800,110,5000,"sd","13:38:56",1293800
8800,110,20000,"sd","13:38:56",1288800
8800,110,1200,"sd","13:38:56",1268800
8800,110,200,"sd","13:38:56",1267600
8800,110,3600,"sd","13:38:56",1267400
8800,110,1000,"sd","13:38:56",1263800
8800,110,300,"sd","13:38:56",1262800
8800,110,6800,"sd","13:38:56",1262500
8800,110,600,"sd","13:38:56",1255700
8800,110,17200,"sd","13:38:56",1255100
8810,120,5200,"sd","13:38:56",1237900
8810,120,100,"sd","13:38:56",1232700
8810,120,1000,"sd","13:38:56",1232600
8810,120,100,"sd","13:38:56",1231600
8810,120,18600,"sd","13:38:56",1231500
8810,120,1000,"sd","13:37:46",1212900
8810,120,400,"sd","13:37:26",1211900
8820,130,200,"sd","13:37:14",1211500
8820,130,100,"sd","13:37:14",1211300
8820,130,100,"sd","13:37:11",1211200
8820,130,500,"sd","13:36:55",1211100
8820,130,200,"sd","13:36:29",1210600
8820,130,100,"sd","13:36:29",1210400
8820,130,200,"sd","13:36:29",1210300
8820,130,500,"sd","13:36:29",1210100
8830,140,100,"bu","13:36:26",1209600
8820,130,500,"sd","13:34:51",1209500
8820,130,200,"sd","13:34:51",1209000
8820,130,4000,"sd","13:34:51",1208800
8820,130,500,"sd","13:34:51",1204800
8820,130,300,"sd","13:34:51",1204300
8820,130,4100,"sd","13:34:51",1204000
8830,140,400,"sd","13:34:50",1199900
8840,150,1700,"bu","13:34:44",1199500
8840,150,100,"bu","13:32:56",1197800
8830,140,100,"sd","13:32:23",1197700
8820,130,900,"sd","13:32:02",1197600
8820,130,100,"sd","13:32:02",1196700
8820,130,200,"sd","13:31:52",1196600
8840,150,300,"bu","13:31:47",1196400
8840,150,1800,"bu","13:31:47",1196100
8830,140,200,"bu","13:31:47",1194300
8830,140,100,"bu","13:31:47",1194100
8830,140,600,"bu","13:31:47",1194000
8830,140,2300,"bu","13:30:18",1193400
8830,140,1000,"bu","13:30:18",1191100
8830,140,300,"bu","13:30:18",1190100
8830,140,400,"bu","13:30:18",1189800
8830,140,1000,"bu","13:30:18",1189400
8820,130,900,"sd","13:30:15",1188400
8830,140,1000,"bu","13:30:01",1187500
8820,130,100,"sd","13:29:17",1186500
8820,130,1800,"sd","13:28:05",1186400
8820,130,2000,"sd","13:28:05",1184600
8820,130,1200,"sd","13:28:05",1182600
8820,130,100,"sd","13:27:27",1181400
8820,130,300,"sd","13:26:08",1181300
8830,140,100,"sd","13:26:08",1181000
8820,130,1800,"sd","13:25:16",1180900
8820,130,1000,"sd","13:25:15",1179100
8820,130,600,"sd","13:24:27",1178100
8820,130,300,"sd","13:24:27",1177500
8820,130,1100,"sd","13:24:27",1177200
8840,150,200,"bu","13:22:52",1176100
8840,150,500,"bu","13:22:52",1175900
8830,140,2100,"bu","13:22:18",1175400
8830,140,1900,"sd","13:21:31",1173300
8830,140,200,"sd","13:21:22",1171400
8850,160,4800,"bu","13:20:56",1171200
8850,160,200,"bu","13:20:56",1166400
8840,150,5000,"bu","13:20:21",1166200
8840,150,300,"bu","13:20:21",1161200
8840,150,200,"bu","13:20:21",1160900
8840,150,100,"bu","13:20:21",1160700
8830,140,500,"bu","13:20:02",1160600
8830,140,2000,"bu","13:20:02",1160100
8830,140,300,"bu","13:20:02",1158100
8830,140,100,"bu","13:20:02",1157800
8820,130,600,"sd","13:19:05",1157700
8820,130,300,"bu","13:18:21",1157100
8820,130,500,"bu","13:18:15",1156800
8820,130,300,"bu","13:18:14",1156300
8820,130,1000,"bu","13:18:06",1156000
8820,130,900,"bu","13:18:02",1155000
8820,130,2000,"bu","13:17:56",1154100
8820,130,5000,"sd","13:17:33",1152100
8820,130,500,"bu","13:17:22",1147100
8820,130,100,"bu","13:16:44",1146600
8820,130,2000,"bu","13:16:44",1146500
8820,130,700,"bu","13:16:44",1144500
8820,130,1600,"bu","13:15:05",1143800
8810,120,200,"sd","13:13:37",1142200
8820,130,500,"sd","13:12:42",1142000
8820,130,500,"sd","13:12:42",1141500
8820,130,1700,"sd","13:12:42",1141000
8820,130,200,"bu","13:12:11",1139300
8820,130,500,"bu","13:12:03",1139100
8820,130,100,"bu","13:11:53",1138600
8820,130,1400,"bu","13:11:38",1138500
8810,120,100,"sd","13:11:32",1137100
8820,130,100,"bu","13:11:11",1137000
8820,130,1700,"bu","13:11:04",1136900
8820,130,4000,"bu","13:10:56",1135200
8820,130,100,"bu","13:10:24",1131200
8820,130,1900,"bu","13:10:02",1131100
8820,130,100,"bu","13:10:02",1129200
8820,130,200,"bu","13:09:40",1129100
8820,130,100,"bu","13:09:09",1128900
8820,130,200,"bu","13:09:09",1128800
8820,130,500,"bu","13:09:09",1128600
8820,130,11600,"bu","13:09:09",1128100
8820,130,100,"sd","13:07:39",1116500
8820,130,100,"sd","13:07:27",1116400
8820,130,100,"sd","13:05:59",1116300
8820,130,100,"sd","13:05:51",1116200
8820,130,500,"sd","13:05:39",1116100
8820,130,1000,"sd","13:05:03",1115600
8820,130,4600,"sd","13:04:38",1114600
8820,130,1900,"sd","13:04:34",1110000
8820,130,1000,"sd","13:04:34",1108100
8820,130,1100,"sd","13:04:34",1107100
8820,130,400,"sd","13:04:25",1106000
8820,130,100,"sd","13:02:27",1105600
8820,130,100,"sd","13:00:21",1105500
8830,140,100,"bu","13:00:16",1105400
8830,140,100,"bu","13:00:14",1105300
8830,140,100,"bu","13:00:13",1105200
8820,130,500,"sd","13:00:09",1105100
8830,140,100,"bu","13:00:09",1104600
8830,140,100,"bu","13:00:09",1104500
8820,130,200,"sd","13:00:09",1104400
8820,130,9000,"sd","13:00:04",1104200
8830,140,1000,"sd","13:00:04",1095200
8830,140,100,"sd","13:00:04",1094200
8830,140,100,"sd","13:00:04",1094100
8850,160,100,"bu","13:00:02",1094000
8830,140,500,"sd","13:00:01",1093900
8830,140,100,"sd","13:00:00",1093400
8830,140,200,"sd","11:28:58",1093300
8850,160,1200,"bu","11:28:58",1093100
8850,160,1000,"bu","11:28:58",1091900
8850,160,300,"bu","11:28:58",1090900
8850,160,500,"bu","11:28:58",1090600
8830,140,400,"bu","11:28:13",1090100
8830,140,100,"sd","11:27:57",1089700
8830,140,500,"bu","11:24:46",1089600
8830,140,100,"bu","11:24:11",1089100
8830,140,100,"sd","11:24:11",1089000
8830,140,3000,"sd","11:24:11",1088900
8830,140,2000,"sd","11:24:11",1085900
8830,140,4300,"sd","11:24:11",1083900
8830,140,5000,"sd","11:23:46",1079600
8830,140,1600,"sd","11:23:28",1074600
8830,140,5000,"sd","11:23:06",1073000
8830,140,6000,"sd","11:22:53",1068000
8840,150,100,"bu","11:22:17",1062000
8840,150,300,"sd","11:22:14",1061900
8840,150,1700,"bu","11:22:04",1061600
8840,150,1200,"bu","11:22:04",1059900
8840,150,300,"bu","11:22:00",1058700
8840,150,500,"bu","11:21:45",1058400
8840,150,3400,"bu","11:21:23",1057900
8840,150,300,"bu","11:21:23",1054500
8840,150,500,"bu","11:21:23",1054200
8830,140,500,"bu","11:21:17",1053700
8830,140,7600,"bu","11:21:17",1053200
8820,130,8000,"sd","11:21:09",1045600
8820,130,2000,"sd","11:20:51",1037600
8820,130,100,"sd","11:20:49",1035600
8820,130,300,"sd","11:20:39",1035500
8820,130,3500,"sd","11:20:22",1035200
8820,130,2000,"sd","11:20:04",1031700
8820,130,2700,"sd","11:19:49",1029700
8820,130,300,"sd","11:19:49",1027000
8820,130,200,"sd","11:19:41",1026700
8820,130,800,"sd","11:19:41",1026500
8820,130,4200,"sd","11:19:30",1025700
8820,130,100,"sd","11:19:30",1021500
8820,130,700,"sd","11:19:30",1021400
8820,130,4300,"sd","11:19:15",1020700
8820,130,700,"sd","11:19:15",1016400
8820,130,500,"sd","11:19:00",1015700
8830,140,100,"sd","11:18:42",1015200
8830,140,1000,"sd","11:18:42",1015100
8830,140,1300,"sd","11:18:42",1014100
8830,140,1000,"sd","11:18:35",1012800
8830,140,500,"sd","11:18:18",1011800
8830,140,1700,"sd","11:18:05",1011300
8830,140,3000,"sd","11:18:05",1009600
8830,140,300,"sd","11:18:05",1006600
8830,140,2000,"sd","11:18:02",1006300
8840,150,100,"bu","11:16:41",1004300
8840,150,100,"sd","11:16:07",1004200
8840,150,500,"sd","11:16:03",1004100
8840,150,3000,"sd","11:15:41",1003600
8840,150,5000,"sd","11:15:41",1000600
8850,160,1700,"sd","11:13:40",995600
8850,160,1000,"sd","11:13:38",993900
8850,160,18000,"sd","11:13:38",992900
8850,160,500,"sd","11:13:38",974900
8850,160,20000,"sd","11:13:38",974400
8860,170,200,"bu","11:13:32",954400
8860,170,100,"bu","11:13:32",954200
8850,160,2000,"sd","11:13:32",954100
8850,160,3000,"sd","11:13:32",952100
8850,160,100,"sd","11:13:20",949100
8850,160,400,"sd","11:13:03",949000
8850,160,300,"sd","11:12:35",948600
8850,160,100,"sd","11:06:29",948300
8850,160,400,"sd","11:05:23",948200
8860,170,400,"bu","11:05:03",947800
8860,170,600,"bu","11:05:03",947400
8850,160,500,"sd","11:04:50",946800
8850,160,5000,"sd","11:03:31",946300
8850,160,2200,"sd","11:03:08",941300
8850,160,5000,"sd","11:03:08",939100
8850,160,200,"sd","11:03:08",934100
8850,160,12600,"sd","11:03:08",933900
8850,160,5000,"sd","11:02:37",921300
8860,170,700,"sd","11:01:59",916300
8860,170,500,"bu","11:01:56",915600
8860,170,100,"bu","11:01:56",915100
8860,170,900,"bu","11:01:48",915000
8860,170,100,"bu","11:01:48",914100
8860,170,100,"sd","11:00:34",914000
8860,170,500,"bu","10:59:22",913900
8850,160,100,"bu","10:57:46",913400
8850,160,2300,"bu","10:57:46",913300
8840,150,100,"sd","10:57:42",911000
8840,150,100,"sd","10:57:26",910900
8840,150,1000,"sd","10:57:18",910800
8850,160,500,"sd","10:56:38",909800
8850,160,1000,"sd","10:56:38",909300
8850,160,3400,"sd","10:56:38",908300
8860,170,2800,"sd","10:56:38",904900
8860,170,3800,"sd","10:56:09",902100
8860,170,1000,"sd","10:56:09",898300
8860,170,100,"sd","10:56:09",897300
8860,170,1500,"sd","10:56:09",897200
8870,180,300,"sd","10:55:57",895700
8870,180,100,"sd","10:54:54",895400
8870,180,500,"sd","10:54:22",895300
8870,180,1000,"sd","10:54:00",894800
8870,180,100,"sd","10:53:52",893800
8880,190,500,"bu","10:53:52",893700
8870,180,500,"sd","10:53:49",893200
8870,180,1200,"sd","10:53:38",892700
8870,180,2000,"sd","10:53:08",891500
8870,180,100,"sd","10:53:05",889500
8870,180,200,"sd","10:53:02",889400
8870,180,2000,"bu","10:52:48",889200
8870,180,1000,"bu","10:52:48",887200
8870,180,1000,"bu","10:52:48",886200
8870,180,2900,"sd","10:51:32",885200
8870,180,2100,"sd","10:51:31",882300
8870,180,100,"sd","10:51:31",880200
8870,180,2000,"sd","10:51:31",880100
8870,180,3800,"sd","10:51:31",878100
8870,180,800,"sd","10:51:28",874300
8870,180,500,"sd","10:51:26",873500
8870,180,200,"sd","10:51:04",873000
8870,180,500,"sd","10:50:36",872800
8880,190,400,"bu","10:50:06",872300
8880,190,500,"bu","10:50:06",871900
8880,190,100,"bu","10:50:06",871400
8880,190,9000,"bu","10:50:06",871300
8880,190,100,"bu","10:50:03",862300
8880,190,100,"bu","10:48:52",862200
8880,190,400,"bu","10:48:23",862100
8870,180,6000,"sd","10:47:10",861700
8870,180,200,"sd","10:47:08",855700
8870,180,14000,"bu","10:46:27",855500
8870,180,2000,"bu","10:46:27",841500
8870,180,500,"bu","10:46:27",839500
8870,180,1000,"bu","10:46:27",839000
8870,180,500,"bu","10:46:27",838000
8860,170,2000,"sd","10:46:25",837500
8860,170,1000,"sd","10:45:44",835500
8860,170,5000,"sd","10:45:30",834500
8860,170,400,"sd","10:45:07",829500
8860,170,100,"sd","10:44:40",829100
8860,170,20000,"bu","10:43:58",829000
8850,160,500,"sd","10:43:28",809000
8850,160,400,"sd","10:43:12",808500
8850,160,400,"sd","10:42:11",808100
8850,160,300,"sd","10:42:10",807700
8850,160,1700,"sd","10:42:10",807400
8850,160,1200,"sd","10:40:56",805700
8860,170,3800,"bu","10:40:10",804500
8860,170,200,"bu","10:40:10",800700
8860,170,300,"bu","10:39:34",800500
8860,170,200,"bu","10:39:34",800200
8860,170,500,"bu","10:39:34",800000
8860,170,500,"sd","10:38:17",799500
8860,170,3500,"sd","10:38:17",799000
8860,170,2000,"sd","10:37:27",795500
8860,170,600,"sd","10:37:22",793500
8850,160,100,"sd","10:36:19",792900
8850,160,4800,"sd","10:35:45",792800
8850,160,200,"bu","10:35:24",788000
8840,150,1000,"sd","10:34:32",787800
8840,150,500,"sd","10:34:12",786800
8840,150,5100,"bu","10:34:10",786300
8840,150,900,"bu","10:34:10",781200
8840,150,100,"sd","10:33:52",780300
8840,150,5000,"bu","10:33:33",780200
8840,150,1000,"bu","10:33:26",775200
8840,150,5800,"bu","10:33:03",774200
8840,150,200,"bu","10:33:03",768400
8830,140,300,"sd","10:33:01",768200
8830,140,1000,"bu","10:32:46",767900
8830,140,900,"bu","10:32:27",766900
8830,140,100,"bu","10:32:19",766000
8820,130,1000,"sd","10:32:06",765900
8820,130,5700,"sd","10:31:58",764900
8820,130,500,"sd","10:31:48",759200
8830,140,300,"bu","10:31:41",758700
8830,140,4200,"sd","10:31:40",758400
8840,150,1000,"bu","10:31:39",754200
8840,150,500,"bu","10:31:23",753200
8830,140,1000,"sd","10:31:20",752700
8840,150,300,"bu","10:31:17",751700
8830,140,1000,"sd","10:31:07",751400
8830,140,2700,"sd","10:31:07",750400
8830,140,2000,"sd","10:30:11",747700
8830,140,200,"bu","10:30:02",745700
8830,140,500,"bu","10:30:02",745500
8830,140,400,"bu","10:30:02",745000
8820,130,200,"sd","10:29:50",744600
8820,130,500,"sd","10:29:47",744400
8820,130,100,"sd","10:29:45",743900
8820,130,400,"sd","10:29:29",743800
8830,140,4100,"bu","10:29:12",743400
8830,140,900,"bu","10:29:12",739300
8820,130,1000,"sd","10:28:33",738400
8830,140,100,"bu","10:28:13",737400
8820,130,5400,"sd","10:28:02",737300
8840,150,1300,"sd","10:27:27",731900
8840,150,2500,"sd","10:27:27",730600
8840,150,100,"sd","10:26:46",728100
8850,160,200,"sd","10:26:38",728000
8850,160,1000,"sd","10:26:38",727800
8850,160,1500,"sd","10:26:38",726800
8850,160,20000,"sd","10:26:37",725300
8850,160,400,"sd","10:26:31",705300
8860,170,500,"sd","10:25:23",704900
8860,170,200,"sd","10:25:23",704400
8860,170,500,"sd","10:25:23",704200
8860,170,500,"sd","10:25:22",703700
8860,170,500,"sd","10:24:58",703200
8860,170,1000,"sd","10:24:54",702700
8870,180,500,"bu","10:24:16",701700
8870,180,100,"bu","10:24:16",701200
8880,190,400,"bu","10:23:12",701100
8880,190,200,"bu","10:23:12",700700
8880,190,600,"bu","10:23:12",700500
8880,190,400,"bu","10:22:58",699900
8880,190,2000,"bu","10:22:58",699500
8880,190,7600,"bu","10:22:58",697500
8880,190,2600,"bu","10:22:31",689900
8880,190,5300,"bu","10:22:04",687300
8880,190,100,"bu","10:21:42",682000
8880,190,7400,"bu","10:21:30",681900
8880,190,1000,"bu","10:21:30",674500
8880,190,1600,"bu","10:21:30",673500
8880,190,400,"sd","10:21:15",671900
8880,190,100,"sd","10:21:14",671500
8880,190,5000,"sd","10:21:03",671400
8880,190,200,"bu","10:21:02",666400
8880,190,500,"bu","10:21:02",666200
8880,190,3800,"bu","10:21:02",665700
8880,190,100,"sd","10:20:42",661900
8890,200,200,"bu","10:20:24",661800
8890,200,1500,"sd","10:19:57",661600
8890,200,1000,"sd","10:19:51",660100
8890,200,7400,"sd","10:19:47",659100
8890,200,200,"sd","10:19:42",651700
8900,210,100,"bu","10:19:41",651500
8890,200,1000,"sd","10:19:38",651400
8890,200,1500,"sd","10:19:26",650400
8890,200,100,"bu","10:19:21",648900
8890,200,2000,"bu","10:19:21",648800
8890,200,100,"bu","10:19:21",646800
8890,200,5200,"bu","10:19:21",646700
8880,190,900,"sd","10:19:20",641500
8880,190,100,"sd","10:19:20",640600
8890,200,4000,"bu","10:18:29",640500
8880,190,1000,"bu","10:18:29",636500
8890,200,800,"sd","10:16:49",635500
8890,200,1000,"bu","10:16:46",634700
8890,200,1000,"sd","10:16:33",633700
8900,210,500,"sd","10:16:05",632700
8900,210,3000,"sd","10:16:05",632200
8900,210,1500,"sd","10:16:05",629200
8900,210,200,"sd","10:15:59",627700
8900,210,2000,"sd","10:15:56",627500
8900,210,500,"sd","10:15:54",625500
8900,210,500,"sd","10:15:51",625000
8900,210,100,"sd","10:15:35",624500
8910,220,1600,"sd","10:15:15",624400
8910,220,200,"sd","10:15:04",622800
8910,220,500,"bu","10:14:57",622600
8910,220,100,"bu","10:14:57",622100
8910,220,100,"bu","10:14:57",622000
8900,210,5000,"sd","10:14:48",621900
8900,210,100,"sd","10:14:45",616900
8900,210,100,"bu","10:14:31",616800
8900,210,13200,"sd","10:14:27",616700
8910,220,500,"bu","10:14:26",603500
8910,220,100,"bu","10:14:11",603000
8900,210,1000,"sd","10:14:10",602900
8910,220,100,"bu","10:14:07",601900
8900,210,100,"sd","10:13:59",601800
8900,210,10000,"bu","10:13:58",601700
8900,210,2000,"bu","10:13:58",591700
8900,210,1000,"bu","10:13:58",589700
8900,210,400,"bu","10:13:58",588700
8900,210,500,"bu","10:13:58",588300
8900,210,100,"bu","10:13:58",587800
8900,210,100,"bu","10:13:58",587700
8900,210,1000,"bu","10:13:58",587600
8900,210,200,"bu","10:13:58",586600
8900,210,1000,"bu","10:13:58",586400
8900,210,100,"bu","10:13:58",585400
8900,210,1000,"bu","10:13:58",585300
8900,210,1000,"bu","10:13:58",584300
8900,210,1000,"bu","10:13:58",583300
8900,210,100,"bu","10:13:58",582300
8900,210,2000,"bu","10:13:58",582200
8900,210,5400,"bu","10:13:58",580200
8900,210,100,"bu","10:13:58",574800
8900,210,30000,"bu","10:13:58",574700
8900,210,200,"bu","10:13:58",544700
8900,210,6000,"bu","10:13:58",544500
8900,210,2000,"bu","10:13:58",538500
8900,210,500,"bu","10:13:58",536500
8900,210,19000,"bu","10:13:58",536000
8890,200,1000,"bu","10:13:58",517000
8900,210,4500,"bu","10:13:56",516000
8880,190,500,"bu","10:13:56",511500
8900,210,16500,"bu","10:13:47",511000
8890,200,300,"bu","10:13:47",494500
8890,200,500,"bu","10:13:47",494200
8890,200,1000,"bu","10:13:47",493700
8890,200,100,"bu","10:13:47",492700
8890,200,6400,"bu","10:13:47",492600
8890,200,2000,"bu","10:13:47",486200
8890,200,2000,"bu","10:13:47",484200
8890,200,1200,"bu","10:13:47",482200
8890,200,600,"bu","10:13:39",481000
8860,170,700,"bu","10:13:29",480400
8890,200,3200,"bu","10:13:29",479700
8890,200,600,"bu","10:13:29",476500
8880,190,400,"bu","10:13:29",475900
8880,190,100,"bu","10:13:29",475500
8880,190,300,"bu","10:13:29",475400
8880,190,2000,"bu","10:13:29",475100
8880,190,10000,"bu","10:13:29",473100
8870,180,2500,"bu","10:13:29",463100
8870,180,100,"bu","10:13:29",460600
8860,170,100,"bu","10:13:29",460500
8860,170,300,"bu","10:13:26",460400
8850,160,100,"bu","10:13:07",460100
8850,160,2000,"bu","10:13:07",460000
8850,160,500,"bu","10:13:07",458000
8850,160,100,"bu","10:13:07",457500
8850,160,300,"bu","10:13:07",457400
8850,160,100,"bu","10:13:07",457100
8850,160,200,"bu","10:13:07",457000
8850,160,500,"bu","10:13:07",456800
8850,160,200,"bu","10:13:07",456300
8850,160,2000,"bu","10:13:07",456100
8850,160,1000,"bu","10:13:07",454100
8850,160,900,"bu","10:13:07",453100
8850,160,1100,"bu","10:13:06",452200
8850,160,100,"bu","10:13:06",451100
8850,160,5000,"bu","10:13:06",451000
8850,160,3800,"bu","10:13:06",446000
8850,160,1200,"bu","10:12:54",442200
8840,150,100,"bu","10:12:53",441000
8840,150,100,"bu","10:12:53",440900
8840,150,1000,"bu","10:12:53",440800
8840,150,5000,"bu","10:12:53",439800
8840,150,20000,"bu","10:12:53",434800
8840,150,100,"bu","10:12:53",414800
8830,140,100,"bu","10:12:53",414700
8830,140,500,"bu","10:12:53",414600
8830,140,500,"bu","10:12:53",414100
8830,140,500,"bu","10:12:43",413600
8830,140,1000,"bu","10:12:43",413100
8830,140,100,"bu","10:12:43",412100
8830,140,300,"bu","10:12:43",412000
8830,140,2900,"bu","10:12:43",411700
8820,130,100,"bu","10:12:14",408800
8820,130,1000,"bu","10:12:14",408700
8820,130,2900,"bu","10:12:14",407700
8820,130,100,"bu","10:11:54",404800
8820,130,400,"bu","10:11:54",404700
8810,120,200,"sd","10:11:50",404300
8820,130,100,"bu","10:11:48",404100
8820,130,2000,"bu","10:11:48",404000
8820,130,1000,"bu","10:11:48",402000
8820,130,800,"bu","10:11:48",401000
8820,130,200,"bu","10:11:43",400200
8810,120,2000,"bu","10:11:30",400000
8810,120,100,"bu","10:11:30",398000
8810,120,1000,"bu","10:11:30",397900
8810,120,500,"bu","10:11:30",396900
8800,110,10000,"bu","10:11:02",396400
8800,110,1000,"bu","10:11:02",386400
8800,110,100,"bu","10:11:02",385400
8800,110,100,"bu","10:11:02",385300
8800,110,500,"bu","10:11:02",385200
8800,110,100,"bu","10:11:02",384700
8800,110,500,"bu","10:11:02",384600
8800,110,500,"bu","10:11:02",384100
8800,110,300,"bu","10:10:49",383600
8800,110,200,"bu","10:09:57",383300
8800,110,300,"bu","10:09:19",383100
8790,100,300,"sd","10:09:06",382800
8800,110,4500,"bu","10:08:45",382500
8800,110,100,"bu","10:08:03",378000
8800,110,300,"bu","10:08:03",377900
8800,110,200,"bu","10:08:03",377600
8800,110,2400,"bu","10:08:03",377400
8800,110,300,"bu","10:07:48",375000
8800,110,500,"bu","10:07:04",374700
8800,110,2100,"bu","10:06:59",374200
8790,100,6600,"sd","10:06:58",372100
8790,100,100,"sd","10:06:58",365500
8790,100,500,"sd","10:06:58",365400
8790,100,2000,"sd","10:06:58",364900
8790,100,800,"sd","10:06:58",362900
8790,100,1000,"sd","10:05:55",362100
8790,100,1000,"sd","10:05:07",361100
8800,110,2000,"bu","10:04:10",360100
8790,100,2100,"sd","10:04:06",358100
8790,100,900,"sd","10:04:06",356000
8800,110,9000,"bu","10:04:01",355100
8790,100,500,"sd","10:04:00",346100
8790,100,800,"sd","10:03:06",345600
8790,100,100,"sd","10:01:33",344800
8800,110,500,"bu","10:01:24",344700
8800,110,2000,"sd","10:01:13",344200
8800,110,1200,"sd","10:01:13",342200
8800,110,2000,"sd","10:01:12",341000
8800,110,1000,"sd","10:00:58",339000
8800,110,6600,"sd","10:00:00",338000
8810,120,3400,"sd","10:00:00",331400
8810,120,100,"bu","09:58:50",328000
8810,120,1500,"bu","09:58:50",327900
8810,120,600,"bu","09:58:39",326400
8810,120,2900,"bu","09:58:23",325800
8810,120,200,"bu","09:58:23",322900
8810,120,100,"bu","09:58:23",322700
8800,110,100,"bu","09:57:55",322600
8800,110,100,"bu","09:57:55",322500
8800,110,400,"bu","09:57:55",322400
8800,110,600,"bu","09:57:29",322000
8800,110,100,"bu","09:57:29",321400
8800,110,3000,"bu","09:56:52",321300
8800,110,3000,"bu","09:56:13",318300
8800,110,800,"sd","09:55:44",315300
8800,110,100,"sd","09:55:39",314500
8800,110,4900,"sd","09:55:39",314400
8800,110,100,"sd","09:55:28",309500
8800,110,900,"sd","09:55:28",309400
8800,110,2000,"sd","09:55:19",308500
8800,110,200,"sd","09:55:14",306500
8800,110,4500,"sd","09:54:34",306300
8800,110,500,"sd","09:54:27",301800
8800,110,20000,"bu","09:54:20",301300
8800,110,100,"bu","09:54:20",281300
8800,110,1700,"bu","09:54:20",281200
8800,110,100,"bu","09:54:20",279500
8790,100,100,"bu","09:53:18",279400
8790,100,100,"bu","09:53:18",279300
8790,100,100,"bu","09:53:18",279200
8790,100,2000,"bu","09:53:18",279100
8780,90,1000,"sd","09:51:43",277100
8780,90,100,"sd","09:51:30",276100
8780,90,1300,"sd","09:49:44",276000
8780,90,1000,"sd","09:48:39",274700
8800,110,100,"sd","09:48:04",273700
8800,110,100,"sd","09:47:52",273600
8800,110,500,"sd","09:46:59",273500
8800,110,300,"sd","09:46:54",273000
8800,110,6100,"sd","09:46:54",272700
8810,120,1600,"sd","09:46:54",266600
8810,120,1000,"bu","09:46:47",265000
8810,120,200,"bu","09:46:47",264000
8810,120,4100,"bu","09:46:47",263800
8810,120,3100,"bu","09:46:47",259700
8810,120,200,"bu","09:46:41",256600
8800,110,2000,"bu","09:46:14",256400
8800,110,300,"bu","09:46:14",254400
8800,110,1000,"bu","09:46:13",254100
8800,110,300,"bu","09:46:13",253100
8800,110,1900,"bu","09:46:13",252800
8800,110,1500,"bu","09:46:13",250900
8800,110,500,"bu","09:46:13",249400
8800,110,2000,"bu","09:46:13",248900
8800,110,2000,"bu","09:46:13",246900
8800,110,200,"bu","09:46:13",244900
8800,110,300,"bu","09:46:13",244700
8800,110,200,"bu","09:46:13",244400
8800,110,100,"bu","09:46:13",244200
8800,110,11600,"bu","09:46:13",244100
8790,100,400,"bu","09:45:37",232500
8790,100,6000,"bu","09:45:25",232100
8790,100,1600,"bu","09:45:03",226100
8790,100,400,"bu","09:45:03",224500
8790,100,600,"bu","09:44:54",224100
8790,100,2400,"bu","09:44:54",223500
8790,100,600,"bu","09:44:42",221100
8790,100,200,"bu","09:44:42",220500
8790,100,1000,"bu","09:44:42",220300
8790,100,500,"bu","09:44:42",219300
8790,100,5000,"bu","09:44:42",218800
8790,100,200,"bu","09:44:42",213800
8780,90,100,"bu","09:44:01",213600
8780,90,4000,"bu","09:44:01",213500
8780,90,1000,"bu","09:43:52",209500
8780,90,2000,"bu","09:43:52",208500
8780,90,1000,"bu","09:43:52",206500
8770,80,6500,"sd","09:43:38",205500
8770,80,3000,"bu","09:43:34",199000
8770,80,3000,"bu","09:43:34",196000
8770,80,2000,"bu","09:43:12",193000
8770,80,1000,"bu","09:43:03",191000
8760,70,1000,"bu","09:42:44",190000
8760,70,100,"bu","09:42:38",189000
8750,60,1000,"sd","09:41:53",188900
8750,60,300,"bu","09:41:50",187900
8750,60,700,"bu","09:41:24",187600
8750,60,1300,"bu","09:41:24",186900
8750,60,1000,"bu","09:41:24",185600
8750,60,1000,"bu","09:41:24",184600
8730,40,100,"sd","09:39:29",183600
8730,40,600,"sd","09:39:21",183500
8730,40,100,"sd","09:39:12",182900
8750,60,6000,"sd","09:37:00",182800
8750,60,4000,"sd","09:36:57",176800
8750,60,1000,"sd","09:36:57",172800
8750,60,500,"sd","09:35:50",171800
8750,60,2000,"sd","09:35:46",171300
8750,60,1000,"sd","09:35:46",169300
8750,60,7000,"sd","09:35:46",168300
8760,70,3800,"sd","09:35:03",161300
8760,70,5000,"sd","09:34:59",157500
8760,70,800,"sd","09:34:14",152500
8760,70,400,"sd","09:34:00",151700
8760,70,100,"sd","09:34:00",151300
8770,80,400,"bu","09:33:48",151200
8770,80,100,"bu","09:33:20",150800
8770,80,500,"bu","09:33:12",150700
8770,80,100,"bu","09:33:08",150200
8760,70,900,"bu","09:31:39",150100
8760,70,100,"sd","09:31:38",149200
8760,70,5000,"sd","09:31:20",149100
8770,80,100,"sd","09:31:05",144100
8780,90,200,"bu","09:29:09",144000
8780,90,100,"unknown","09:27:49",143800
8780,90,100,"unknown","09:27:49",143700
8780,90,100,"sd","09:27:49",143600
8780,90,700,"sd","09:27:49",143500
8790,100,500,"sd","09:26:39",142800
8790,100,4500,"sd","09:26:27",142300
8790,100,500,"sd","09:26:27",137800
8790,100,700,"sd","09:26:10",137300
8800,110,500,"bu","09:26:10",136600
8800,110,5900,"sd","09:25:33",136100
8810,120,200,"bu","09:25:33",130200
8810,120,1500,"bu","09:25:33",130000
8800,110,2000,"sd","09:25:31",128500
8800,110,1000,"sd","09:25:31",126500
8800,110,800,"sd","09:25:09",125500
8800,110,100,"bu","09:25:09",124700
8800,110,10200,"bu","09:25:09",124600
8800,110,200,"bu","09:25:06",114400
8800,110,400,"bu","09:25:06",114200
8800,110,500,"bu","09:24:49",113800
8800,110,1800,"bu","09:24:45",113300
8800,110,200,"bu","09:24:44",111500
8800,110,200,"bu","09:24:42",111300
8800,110,400,"sd","09:24:36",111100
8800,110,1200,"sd","09:24:36",110700
8800,110,1800,"sd","09:24:32",109500
8800,110,9700,"sd","09:24:32",107700
8830,140,2100,"bu","09:24:07",98000
8830,140,17500,"bu","09:24:07",95900
8820,130,200,"bu","09:24:07",78400
8820,130,100,"bu","09:24:07",78200
8820,130,100,"bu","09:24:07",78100
8800,110,200,"bu","09:23:55",78000
8800,110,100,"bu","09:23:55",77800
8800,110,1700,"bu","09:23:50",77700
8800,110,200,"bu","09:23:50",76000
8800,110,100,"bu","09:23:50",75800
8800,110,200,"bu","09:23:50",75700
8800,110,2000,"bu","09:23:50",75500
8800,110,800,"bu","09:23:50",73500
8800,110,200,"bu","09:23:46",72700
8800,110,200,"bu","09:23:46",72500
8800,110,300,"bu","09:23:31",72300
8800,110,100,"bu","09:23:31",72000
8800,110,100,"bu","09:23:31",71900
8800,110,500,"bu","09:23:31",71800
8790,100,1000,"sd","09:23:28",71300
8790,100,100,"sd","09:23:27",70300
8790,100,500,"sd","09:23:16",70200
8790,100,10000,"bu","09:23:10",69700
8790,100,1000,"bu","09:23:10",59700
8780,90,500,"bu","09:23:10",58700
8790,100,2000,"bu","09:23:10",58200
8790,100,2000,"bu","09:23:10",56200
8790,100,2000,"bu","09:23:10",54200
8790,100,100,"bu","09:23:10",52200
8780,90,100,"bu","09:23:10",52100
8770,80,100,"bu","09:22:44",52000
8770,80,200,"bu","09:22:44",51900
8770,80,9700,"bu","09:22:44",51700
8770,80,300,"bu","09:22:40",42000
8760,70,1000,"bu","09:22:07",41700
8760,70,100,"bu","09:22:07",40700
8760,70,200,"bu","09:22:07",40600
8760,70,300,"bu","09:22:03",40400
8750,60,200,"bu","09:21:47",40100
8750,60,500,"bu","09:21:47",39900
8750,60,2300,"bu","09:21:47",39400
8750,60,2000,"bu","09:21:31",37100
8750,60,700,"bu","09:21:18",35100
8750,60,100,"bu","09:21:18",34400
8750,60,200,"bu","09:21:18",34300
8750,60,700,"bu","09:20:50",34100
8750,60,100,"bu","09:20:50",33400
8750,60,600,"bu","09:20:50",33300
8750,60,100,"sd","09:19:36",32700
8750,60,500,"sd","09:19:36",32600
8750,60,800,"sd","09:19:36",32100
8750,60,200,"sd","09:19:05",31300
8750,60,1000,"sd","09:18:55",31100
8750,60,800,"sd","09:18:51",30100
8750,60,100,"bu","09:18:31",29300
8750,60,100,"bu","09:18:31",29200
8750,60,100,"bu","09:18:31",29100
8750,60,100,"bu","09:18:31",29000
8750,60,100,"bu","09:18:31",28900
8750,60,400,"bu","09:18:04",28800
8750,60,100,"bu","09:18:04",28400
8750,60,400,"bu","09:18:04",28300
8740,50,100,"bu","09:18:04",27900
8700,10,100,"sd","09:17:00",27800
8700,10,100,"sd","09:16:52",27700
8700,10,400,"sd","09:16:18",27600
8700,10,2000,"sd","09:16:17",27200
8740,50,1000,"bu","09:16:01",25200
8750,60,24200,"unknown","09:14:59",24200
