"price","change","match_qtty","side","time","total_vol"
19400,-600,500,"bu","15:00:00",11343700
19400,-600,600,"bu","14:59:58",11343200
19400,-600,4000,"bu","14:59:57",11342600
19400,-600,200,"bu","14:59:54",11338600
19400,-600,2000,"bu","14:59:53",11338400
19400,-600,700,"bu","14:59:51",11336400
19400,-600,5000,"bu","14:59:45",11335700
19400,-600,5500,"bu","14:59:44",11330700
19400,-600,1000,"bu","14:59:41",11325200
19400,-600,3200,"bu","14:59:35",11324200
19400,-600,5000,"bu","14:59:34",11321000
19400,-600,300,"bu","14:59:33",11316000
19400,-600,500,"bu","14:59:32",11315700
19400,-600,1000,"bu","14:59:30",11315200
19400,-600,1000,"bu","14:59:27",11314200
19400,-600,100,"bu","14:59:18",11313200
19400,-600,5000,"bu","14:59:16",11313100
19400,-600,2000,"bu","14:59:10",11308100
19400,-600,200,"bu","14:59:08",11306100
19400,-600,700,"bu","14:59:07",11305900
19400,-600,2000,"bu","14:59:03",11305200
19400,-600,200,"bu","14:59:02",11303200
19400,-600,2000,"bu","14:59:00",11303000
19400,-600,1000,"bu","14:58:57",11301000
19400,-600,1000,"bu","14:58:47",11300000
19400,-600,500,"bu","14:58:46",11299000
19400,-600,78400,"sd","14:58:40",11298500
19400,-600,100,"sd","14:58:30",11220100
19400,-600,1500,"sd","14:58:20",11220000
19400,-600,50000,"sd","14:58:10",11218500
19400,-600,500,"sd","14:58:08",11168500
19400,-600,2100,"sd","14:58:05",11168000
19400,-600,400,"bu","14:57:41",11165900
19400,-600,1000,"bu","14:57:40",11165500
19400,-600,300,"bu","14:57:39",11164500
19400,-600,18300,"sd","14:57:36",11164200
19400,-600,6800,"sd","14:57:32",11145900
19400,-600,5000,"bu","14:57:29",11139100
19400,-600,1000,"bu","14:57:27",11134100
19400,-600,300,"bu","14:57:26",11133100
19400,-600,2500,"bu","14:57:19",11132800
19400,-600,2000,"bu","14:57:18",11130300
19400,-600,400,"bu","14:57:14",11128300
19400,-600,5000,"bu","14:57:13",11127900
19400,-600,1000,"bu","14:57:09",11122900
19400,-600,5000,"bu","14:57:08",11121900
19400,-600,3000,"bu","14:57:02",11116900
19400,-600,6500,"bu","14:56:48",11113900
19400,-600,15000,"bu","14:56:44",11107400
19400,-600,100,"bu","14:56:31",11092400
19400,-600,500,"bu","14:56:27",11092300
19300,-700,700,"sd","14:56:26",11091800
19400,-600,500,"bu","14:56:25",11091100
19400,-600,400,"sd","14:56:15",11090600
19400,-600,5000,"sd","14:56:14",11090200
19400,-600,300,"sd","14:56:12",11085200
19400,-600,10000,"sd","14:56:02",11084900
19400,-600,3000,"sd","14:55:58",11074900
19400,-600,200,"sd","14:55:53",11071900
19400,-600,200,"sd","14:55:52",11071700
19400,-600,20000,"sd","14:55:43",11071500
19400,-600,300,"sd","14:55:38",11051500
19400,-600,1100,"sd","14:55:11",11051200
19400,-600,10000,"sd","14:55:07",11050100
19400,-600,10000,"sd","14:55:03",11040100
19400,-600,3500,"sd","14:54:59",11030100
19400,-600,7200,"bu","14:54:54",11026600
19400,-600,2800,"sd","14:54:52",11019400
19400,-600,10000,"sd","14:54:50",11016600
19400,-600,5400,"sd","14:54:48",11006600
19400,-600,100,"sd","14:54:47",11001200
19400,-600,1000,"sd","14:54:46",11001100
19400,-600,5000,"sd","14:54:42",11000100
19400,-600,500,"sd","14:54:35",10995100
19400,-600,3000,"sd","14:54:33",10994600
19400,-600,10000,"sd","14:54:31",10991600
19400,-600,400,"sd","14:54:26",10981600
19400,-600,3000,"sd","14:54:25",10981200
19400,-600,31500,"sd","14:54:16",10978200
19400,-600,20400,"sd","14:54:15",10946700
19400,-600,2000,"sd","14:54:14",10926300
19400,-600,51000,"sd","14:54:13",10924300
19400,-600,10000,"sd","14:53:59",10873300
19400,-600,19000,"sd","14:53:45",10863300
19400,-600,20000,"sd","14:53:44",10844300
19400,-600,20000,"sd","14:53:43",10824300
19500,-500,900,"bu","14:53:33",10804300
19400,-600,900,"sd","14:53:30",10803400
19500,-500,400,"bu","14:53:24",10802500
19400,-600,2100,"sd","14:53:20",10802100
19400,-600,1400,"sd","14:53:07",10800000
19400,-600,3500,"sd","14:52:57",10798600
19400,-600,8000,"sd","14:52:55",10795100
19400,-600,100,"sd","14:52:51",10787100
19400,-600,17800,"sd","14:52:47",10787000
19400,-600,1000,"sd","14:52:38",10769200
19500,-500,2000,"bu","14:52:33",10768200
19400,-600,100,"sd","14:52:32",10766200
19400,-600,7600,"sd","14:52:31",10766100
19400,-600,1000,"sd","14:52:28",10758500
19400,-600,33600,"sd","14:52:22",10757500
19400,-600,800,"sd","14:52:21",10723900
19400,-600,3000,"sd","14:52:02",10723100
19400,-600,2000,"sd","14:51:57",10720100
19400,-600,200,"sd","14:51:53",10718100
19500,-500,500,"bu","14:51:50",10717900
19400,-600,1100,"sd","14:51:47",10717400
19400,-600,400,"sd","14:51:14",10716300
19400,-600,1000,"sd","14:51:03",10715900
19400,-600,3000,"sd","14:51:00",10714900
19400,-600,100,"sd","14:50:56",10711900
19400,-600,10000,"sd","14:50:23",10711800
19500,-500,14200,"bu","14:50:13",10701800
19500,-500,1000,"bu","14:50:06",10687600
19500,-500,100,"bu","14:50:01",10686600
19500,-500,300,"bu","14:49:46",10686500
19400,-600,20000,"sd","14:49:44",10686200
19500,-500,300,"bu","14:49:35",10666200
19500,-500,1000,"bu","14:49:29",10665900
19500,-500,600,"bu","14:49:22",10664900
19400,-600,100,"sd","14:49:18",10664300
19400,-600,2000,"sd","14:49:08",10664200
19400,-600,4000,"sd","14:48:57",10662200
19400,-600,2000,"sd","14:48:52",10658200
19500,-500,100,"bu","14:48:51",10656200
19500,-500,100,"bu","14:48:49",10656100
19400,-600,2500,"sd","14:48:44",10656000
19400,-600,1000,"sd","14:48:37",10653500
19500,-500,100,"bu","14:48:31",10652500
19400,-600,300,"sd","14:48:22",10652400
19400,-600,300,"sd","14:48:19",10652100
19500,-500,200,"bu","14:47:59",10651800
19400,-600,100,"sd","14:47:57",10651600
19500,-500,3500,"bu","14:47:40",10651500
19500,-500,6000,"bu","14:47:21",10648000
19400,-600,100,"sd","14:47:20",10642000
19500,-500,5000,"bu","14:47:16",10641900
19400,-600,300,"sd","14:47:03",10636900
19500,-500,100,"bu","14:46:50",10636600
19500,-500,500,"bu","14:46:35",10636500
19500,-500,100,"bu","14:46:30",10636000
19500,-500,100,"bu","14:46:19",10635900
19500,-500,100,"bu","14:46:01",10635800
19500,-500,1800,"bu","14:45:49",10635700
19400,-600,500,"sd","14:45:38",10633900
19400,-600,5000,"sd","14:45:36",10633400
19500,-500,100,"bu","14:45:24",10628400
19500,-500,500,"bu","14:45:23",10628300
19500,-500,300,"bu","14:45:08",10627800
19500,-500,1000,"bu","14:45:02",10627500
19500,-500,100,"bu","14:44:59",10626500
19500,-500,5000,"bu","14:44:48",10626400
19500,-500,300,"bu","14:44:32",10621400
19500,-500,100,"bu","14:44:22",10621100
19500,-500,100,"bu","14:44:10",10621000
19500,-500,500,"bu","14:44:01",10620900
19500,-500,100,"bu","14:43:54",10620400
19400,-600,1000,"sd","14:43:53",10620300
19400,-600,900,"sd","14:43:47",10619300
19500,-500,200,"bu","14:43:44",10618400
19400,-600,500,"sd","14:43:38",10618200
19500,-500,100,"bu","14:43:37",10617700
19400,-600,2000,"sd","14:43:25",10617600
19400,-600,100,"sd","14:43:23",10615600
19400,-600,5000,"sd","14:43:14",10615500
19400,-600,100,"sd","14:42:56",10610500
19400,-600,500,"sd","14:42:51",10610400
19400,-600,32300,"bu","14:42:30",10609900
19400,-600,2000,"bu","14:42:28",10577600
19400,-600,500,"bu","14:42:27",10575600
19400,-600,200,"bu","14:42:26",10575100
19400,-600,50000,"bu","14:42:24",10574900
19300,-700,1000,"sd","14:42:23",10524900
19400,-600,200,"bu","14:42:22",10523900
19400,-600,400,"bu","14:42:18",10523700
19400,-600,500,"bu","14:42:13",10523300
19400,-600,10000,"bu","14:42:10",10522800
19400,-600,500,"bu","14:42:07",10512800
19400,-600,2000,"bu","14:42:06",10512300
19400,-600,100,"bu","14:42:04",10510300
19400,-600,100,"bu","14:41:53",10510200
19400,-600,5000,"bu","14:41:50",10510100
19400,-600,2000,"bu","14:41:49",10505100
19400,-600,500,"bu","14:41:46",10503100
19400,-600,2000,"bu","14:41:42",10502600
19400,-600,100,"bu","14:41:35",10500600
19400,-600,100,"bu","14:41:31",10500500
19400,-600,2200,"bu","14:41:29",10500400
19400,-600,500,"bu","14:41:20",10498200
19400,-600,500,"bu","14:41:02",10497700
19400,-600,1000,"bu","14:40:54",10497200
19400,-600,1000,"bu","14:40:45",10496200
19400,-600,100,"bu","14:40:42",10495200
19400,-600,500,"bu","14:40:21",10495100
19400,-600,3500,"bu","14:40:14",10494600
19400,-600,2000,"bu","14:40:03",10491100
19400,-600,5000,"bu","14:39:57",10489100
19400,-600,300,"bu","14:39:31",10484100
19400,-600,1100,"bu","14:39:28",10483800
19400,-600,500,"bu","14:39:26",10482700
19400,-600,1000,"bu","14:39:25",10482200
19400,-600,300,"bu","14:39:22",10481200
19400,-600,1000,"bu","14:39:20",10480900
19400,-600,3200,"bu","14:39:18",10479900
19400,-600,2600,"bu","14:39:13",10476700
19400,-600,3600,"bu","14:39:11",10474100
19400,-600,100,"bu","14:39:08",10470500
19400,-600,5000,"bu","14:39:06",10470400
19400,-600,14300,"sd","14:39:03",10465400
19400,-600,100,"sd","14:38:59",10451100
19400,-600,500,"sd","14:38:58",10451000
19400,-600,300,"sd","14:38:57",10450500
19400,-600,700,"sd","14:38:36",10450200
19400,-600,100,"sd","14:38:35",10449500
19400,-600,17700,"sd","14:38:32",10449400
19400,-600,20000,"sd","14:38:23",10431700
19400,-600,1000,"sd","14:38:15",10411700
19400,-600,10000,"sd","14:38:08",10410700
19400,-600,45000,"sd","14:38:00",10400700
19400,-600,500,"sd","14:37:51",10355700
19400,-600,500,"sd","14:37:30",10355200
19400,-600,5000,"sd","14:37:26",10354700
19400,-600,2000,"sd","14:37:24",10349700
19400,-600,5000,"sd","14:37:16",10347700
19400,-600,45000,"sd","14:36:57",10342700
19500,-500,500,"bu","14:36:52",10297700
19400,-600,1000,"sd","14:36:49",10297200
19500,-500,500,"bu","14:36:07",10296200
19400,-600,8200,"sd","14:36:06",10295700
19400,-600,1500,"sd","14:36:01",10287500
19400,-600,300,"sd","14:35:44",10286000
19400,-600,1500,"sd","14:35:43",10285700
19500,-500,500,"bu","14:35:42",10284200
19500,-500,1200,"bu","14:35:26",10283700
19500,-500,2500,"bu","14:35:10",10282500
19500,-500,7000,"bu","14:34:54",10280000
19500,-500,200,"bu","14:34:46",10273000
19500,-500,100,"bu","14:34:31",10272800
19400,-600,3000,"sd","14:34:29",10272700
19400,-600,600,"sd","14:34:23",10269700
19500,-500,200,"bu","14:34:22",10269100
19500,-500,100,"bu","14:34:18",10268900
19500,-500,1000,"bu","14:34:01",10268800
19500,-500,2000,"bu","14:33:46",10267800
19500,-500,200,"bu","14:33:35",10265800
19400,-600,500,"sd","14:33:32",10265600
19400,-600,5000,"sd","14:33:16",10265100
19400,-600,2000,"sd","14:33:04",10260100
19400,-600,1000,"sd","14:32:56",10258100
19400,-600,5700,"sd","14:32:47",10257100
19400,-600,5000,"sd","14:32:44",10251400
19400,-600,5000,"sd","14:32:40",10246400
19400,-600,3000,"sd","14:32:24",10241400
19400,-600,300,"sd","14:32:12",10238400
19400,-600,2400,"sd","14:32:10",10238100
19400,-600,8300,"bu","14:32:08",10235700
19400,-600,1200,"bu","14:32:07",10227400
19400,-600,15800,"bu","14:32:06",10226200
19400,-600,17200,"bu","14:32:05",10210400
19400,-600,700,"bu","14:32:04",10193200
19400,-600,100100,"bu","14:32:02",10192500
19300,-700,3000,"sd","14:32:00",10092400
19400,-600,5000,"bu","14:31:59",10089400
19400,-600,500,"bu","14:31:58",10084400
19400,-600,1500,"bu","14:31:56",10083900
19400,-600,2000,"bu","14:31:55",10082400
19400,-600,400,"bu","14:31:54",10080400
19400,-600,4200,"bu","14:31:51",10080000
19400,-600,1000,"bu","14:31:50",10075800
19400,-600,1100,"bu","14:31:47",10074800
19400,-600,1400,"bu","14:31:42",10073700
19400,-600,5000,"bu","14:31:41",10072300
19400,-600,100,"bu","14:31:39",10067300
19400,-600,500,"bu","14:31:38",10067200
19400,-600,500,"bu","14:31:36",10066700
19400,-600,2000,"bu","14:31:35",10066200
19400,-600,1000,"bu","14:31:31",10064200
19400,-600,700,"bu","14:31:28",10063200
19400,-600,1000,"bu","14:31:25",10062500
19400,-600,7500,"bu","14:31:21",10061500
19400,-600,1000,"bu","14:31:14",10054000
19300,-700,400,"sd","14:31:01",10053000
19400,-600,5000,"bu","14:30:54",10052600
19400,-600,500,"bu","14:30:53",10047600
19300,-700,20000,"sd","14:30:52",10047100
19300,-700,400,"sd","14:30:51",10027100
19400,-600,4500,"bu","14:30:49",10026700
19400,-600,500,"bu","14:30:47",10022200
19400,-600,500,"bu","14:30:45",10021700
19400,-600,1000,"bu","14:30:42",10021200
19400,-600,300,"bu","14:30:41",10020200
19400,-600,1100,"bu","14:30:38",10019900
19400,-600,1900,"bu","14:30:37",10018800
19400,-600,100,"bu","14:30:36",10016900
19400,-600,3000,"bu","14:30:33",10016800
19400,-600,1000,"bu","14:30:31",10013800
19400,-600,100,"bu","14:30:29",10012800
19400,-600,1700,"bu","14:30:26",10012700
19300,-700,8100,"sd","14:30:25",10011000
19400,-600,900,"bu","14:30:22",10002900
19400,-600,200,"bu","14:30:21",10002000
19400,-600,200,"bu","14:30:19",10001800
19300,-700,3500,"sd","14:30:18",10001600
19400,-600,10100,"bu","14:30:16",9998100
19400,-600,1000,"bu","14:30:12",9988000
19400,-600,1400,"bu","14:30:09",9987000
19300,-700,900,"sd","14:30:08",9985600
19400,-600,200,"bu","14:30:04",9984700
19400,-600,1500,"bu","14:29:59",9984500
19400,-600,100,"bu","14:29:57",9983000
19300,-700,5000,"sd","14:29:50",9982900
19400,-600,3000,"bu","14:29:46",9977900
19300,-700,4200,"sd","14:29:38",9974900
19400,-600,1900,"bu","14:29:37",9970700
19300,-700,1000,"sd","14:29:35",9968800
19300,-700,16200,"sd","14:29:34",9967800
19400,-600,100,"bu","14:29:32",9951600
19400,-600,5700,"bu","14:29:31",9951500
19400,-600,100,"bu","14:29:27",9945800
19400,-600,100,"bu","14:29:23",9945700
19300,-700,7000,"sd","14:29:18",9945600
19300,-700,600,"sd","14:29:17",9938600
19300,-700,15000,"sd","14:29:15",9938000
19300,-700,10000,"sd","14:29:06",9923000
19300,-700,1000,"sd","14:29:03",9913000
19300,-700,300,"sd","14:28:59",9912000
19400,-600,600,"bu","14:28:58",9911700
19400,-600,100,"bu","14:28:56",9911100
19300,-700,1000,"sd","14:28:55",9911000
19300,-700,9300,"sd","14:28:53",9910000
19300,-700,5000,"sd","14:28:51",9900700
19400,-600,5500,"bu","14:28:49",9895700
19300,-700,700,"sd","14:28:47",9890200
19300,-700,2000,"sd","14:28:45",9889500
19300,-700,5000,"sd","14:28:44",9887500
19400,-600,6200,"bu","14:28:43",9882500
19300,-700,6400,"sd","14:28:41",9876300
19300,-700,10000,"sd","14:28:38",9869900
19300,-700,1000,"sd","14:28:35",9859900
19300,-700,1000,"sd","14:28:32",9858900
19300,-700,8100,"sd","14:28:30",9857900
19300,-700,6100,"sd","14:28:29",9849800
19300,-700,4000,"sd","14:28:28",9843700
19300,-700,800,"sd","14:28:25",9839700
19300,-700,2500,"sd","14:28:20",9838900
19300,-700,100,"sd","14:28:19",9836400
19300,-700,1500,"sd","14:28:10",9836300
19400,-600,4800,"bu","14:28:09",9834800
19400,-600,1000,"bu","14:28:05",9830000
19300,-700,100,"sd","14:27:57",9829000
19400,-600,300,"bu","14:27:53",9828900
19400,-600,200,"bu","14:27:47",9828600
19400,-600,1000,"bu","14:27:39",9828400
19300,-700,310000,"sd","14:27:38",9827400
19300,-700,300,"sd","14:27:37",9517400
19400,-600,1600,"bu","14:27:34",9517100
19400,-600,1000,"bu","14:27:32",9515500
19400,-600,10100,"bu","14:27:31",9514500
19400,-600,500,"bu","14:27:28",9504400
19400,-600,100,"bu","14:27:27",9503900
19400,-600,1600,"bu","14:27:25",9503800
19400,-600,1500,"bu","14:27:24",9502200
19400,-600,3300,"bu","14:27:23",9500700
19400,-600,2000,"bu","14:27:21",9497400
19400,-600,8700,"bu","14:27:20",9495400
19300,-700,300,"sd","14:27:19",9486700
19400,-600,100,"bu","14:27:16",9486400
19400,-600,2000,"bu","14:27:15",9486300
19400,-600,2000,"bu","14:27:14",9484300
19400,-600,700,"bu","14:27:13",9482300
19400,-600,1000,"bu","14:27:11",9481600
19400,-600,1300,"bu","14:27:08",9480600
19400,-600,1000,"bu","14:27:07",9479300
19400,-600,5000,"bu","14:27:05",9478300
19400,-600,1000,"bu","14:27:03",9473300
19400,-600,1100,"bu","14:27:00",9472300
19400,-600,1000,"bu","14:26:59",9471200
19400,-600,10000,"bu","14:26:54",9470200
19400,-600,100,"bu","14:26:49",9460200
19400,-600,1700,"bu","14:26:46",9460100
19400,-600,1000,"bu","14:26:42",9458400
19400,-600,200,"bu","14:26:32",9457400
19400,-600,4200,"sd","14:26:29",9457200
19400,-600,5000,"sd","14:26:28",9453000
19400,-600,1000,"sd","14:26:27",9448000
19400,-600,110100,"sd","14:26:26",9447000
19400,-600,10000,"sd","14:26:24",9336900
19400,-600,15300,"sd","14:26:23",9326900
19400,-600,1000,"sd","14:26:22",9311600
19400,-600,10000,"sd","14:26:21",9310600
19400,-600,51000,"sd","14:26:19",9300600
19400,-600,13300,"sd","14:26:17",9249600
19400,-600,9000,"sd","14:26:14",9236300
19400,-600,17700,"sd","14:26:13",9227300
19400,-600,10000,"sd","14:26:10",9209600
19400,-600,5000,"sd","14:26:05",9199600
19400,-600,100,"sd","14:26:04",9194600
19400,-600,2000,"sd","14:26:03",9194500
19400,-600,1000,"sd","14:26:02",9192500
19400,-600,7900,"sd","14:26:00",9191500
19400,-600,2500,"sd","14:25:59",9183600
19400,-600,10000,"sd","14:25:55",9181100
19400,-600,900,"sd","14:25:52",9171100
19400,-600,1000,"sd","14:25:51",9170200
19400,-600,1000,"sd","14:25:49",9169200
19400,-600,2000,"sd","14:25:48",9168200
19400,-600,3000,"sd","14:25:42",9166200
19400,-600,500,"sd","14:25:39",9163200
19500,-500,200,"bu","14:25:38",9162700
19400,-600,100,"sd","14:25:34",9162500
19400,-600,10000,"sd","14:25:30",9162400
19400,-600,900,"sd","14:25:28",9152400
19400,-600,500,"sd","14:25:22",9151500
19500,-500,1300,"bu","14:25:13",9151000
19400,-600,24000,"sd","14:25:11",9149700
19400,-600,3000,"sd","14:25:10",9125700
19400,-600,3000,"sd","14:25:05",9122700
19400,-600,10000,"sd","14:25:03",9119700
19400,-600,600,"sd","14:25:02",9109700
19400,-600,5000,"sd","14:24:58",9109100
19400,-600,1300,"sd","14:24:55",9104100
19400,-600,1000,"sd","14:24:52",9102800
19400,-600,2000,"sd","14:24:51",9101800
19400,-600,2800,"sd","14:24:50",9099800
19400,-600,105700,"sd","14:24:49",9097000
19400,-600,100,"sd","14:24:46",8991300
19400,-600,200,"sd","14:24:38",8991200
19500,-500,2000,"bu","14:24:37",8991000
19400,-600,200,"sd","14:24:32",8989000
19400,-600,200,"sd","14:24:28",8988800
19400,-600,3000,"sd","14:24:22",8988600
19500,-500,500,"bu","14:24:20",8985600
19400,-600,10000,"sd","14:24:12",8985100
19500,-500,600,"bu","14:24:07",8975100
19500,-500,1000,"bu","14:24:04",8974500
19400,-600,1000,"sd","14:24:03",8973500
19400,-600,800,"sd","14:24:01",8972500
19400,-600,2000,"sd","14:23:59",8971700
19500,-500,2600,"bu","14:23:58",8969700
19500,-500,100,"bu","14:23:54",8967100
19400,-600,1500,"sd","14:23:35",8967000
19500,-500,100,"bu","14:23:33",8965500
19500,-500,300,"bu","14:23:32",8965400
19500,-500,100,"bu","14:23:30",8965100
19400,-600,1200,"sd","14:23:29",8965000
19500,-500,1000,"bu","14:23:22",8963800
19500,-500,1000,"bu","14:23:21",8962800
19500,-500,1000,"bu","14:23:09",8961800
19500,-500,1000,"bu","14:23:07",8960800
19500,-500,100,"bu","14:23:00",8959800
19500,-500,100,"bu","14:22:59",8959700
19500,-500,5000,"bu","14:22:58",8959600
19500,-500,100,"bu","14:22:51",8954600
19500,-500,100,"bu","14:22:43",8954500
19500,-500,1200,"bu","14:22:37",8954400
19500,-500,500,"bu","14:22:31",8953200
19500,-500,200,"bu","14:22:25",8952700
19500,-500,100,"bu","14:22:15",8952500
19500,-500,100,"bu","14:22:12",8952400
19500,-500,2000,"bu","14:22:10",8952300
19500,-500,100,"bu","14:22:09",8950300
19500,-500,100,"bu","14:22:06",8950200
19400,-600,2400,"sd","14:22:05",8950100
19500,-500,100,"bu","14:22:04",8947700
19500,-500,100,"bu","14:22:03",8947600
19500,-500,100,"bu","14:21:53",8947500
19500,-500,7300,"bu","14:21:39",8947400
19500,-500,2300,"bu","14:21:35",8940100
19500,-500,300,"bu","14:21:20",8937800
19500,-500,300,"bu","14:21:14",8937500
19400,-600,25000,"sd","14:21:10",8937200
19500,-500,500,"bu","14:21:03",8912200
19400,-600,600,"sd","14:21:01",8911700
19400,-600,2000,"sd","14:20:40",8911100
19500,-500,100,"bu","14:20:38",8909100
19500,-500,500,"bu","14:20:37",8909000
19500,-500,26300,"sd","14:20:26",8908500
19500,-500,3000,"sd","14:20:25",8882200
19500,-500,15000,"sd","14:20:24",8879200
19500,-500,16000,"sd","14:20:23",8864200
19500,-500,20000,"sd","14:20:20",8848200
19500,-500,300,"sd","14:20:15",8828200
19500,-500,4000,"sd","14:20:14",8827900
19500,-500,32500,"sd","14:20:12",8823900
19500,-500,23000,"sd","14:20:04",8791400
19500,-500,1000,"sd","14:19:47",8768400
19500,-500,16000,"sd","14:19:33",8767400
19500,-500,200,"sd","14:19:28",8751400
19500,-500,500,"sd","14:19:15",8751200
19500,-500,9700,"sd","14:19:11",8750700
19500,-500,1000,"sd","14:19:10",8741000
19500,-500,1000,"sd","14:18:56",8740000
19500,-500,11000,"sd","14:18:52",8739000
19500,-500,7400,"sd","14:18:34",8728000
19600,-400,100,"bu","14:18:30",8720600
19500,-500,1100,"sd","14:18:28",8720500
19600,-400,1000,"bu","14:18:27",8719400
19500,-500,15000,"sd","14:18:23",8718400
19500,-500,20000,"sd","14:18:21",8703400
19500,-500,200,"sd","14:18:18",8683400
19500,-500,6400,"sd","14:18:16",8683200
19500,-500,16000,"sd","14:18:15",8676800
19500,-500,22400,"sd","14:18:05",8660800
19600,-400,200,"bu","14:18:02",8638400
19600,-400,200,"bu","14:17:51",8638200
19500,-500,7000,"sd","14:17:50",8638000
19500,-500,4500,"sd","14:17:47",8631000
19500,-500,900,"sd","14:17:41",8626500
19500,-500,400,"sd","14:17:39",8625600
19600,-400,500,"bu","14:17:36",8625200
19500,-500,4000,"sd","14:17:31",8624700
19500,-500,300,"sd","14:17:16",8620700
19500,-500,1000,"sd","14:17:10",8620400
19500,-500,30000,"sd","14:17:09",8619400
19500,-500,500,"sd","14:17:04",8589400
19500,-500,500,"sd","14:17:03",8588900
19500,-500,1700,"sd","14:16:55",8588400
19500,-500,600,"sd","14:16:51",8586700
19500,-500,4000,"sd","14:16:37",8586100
19500,-500,10000,"sd","14:16:35",8582100
19500,-500,1000,"sd","14:16:22",8572100
19600,-400,200,"bu","14:16:21",8571100
19500,-500,8000,"sd","14:16:19",8570900
19500,-500,100,"sd","14:16:17",8562900
19600,-400,700,"bu","14:16:15",8562800
19500,-500,1000,"sd","14:16:01",8562100
19600,-400,200,"bu","14:15:58",8561100
19600,-400,300,"bu","14:15:42",8560900
19500,-500,200,"sd","14:15:29",8560600
19500,-500,200,"sd","14:15:27",8560400
19600,-400,100,"bu","14:15:25",8560200
19600,-400,100,"bu","14:15:24",8560100
19500,-500,100,"sd","14:15:02",8560000
19500,-500,20000,"sd","14:14:37",8559900
19500,-500,500,"sd","14:14:21",8539900
19500,-500,4600,"sd","14:14:13",8539400
19600,-400,300,"bu","14:14:11",8534800
19500,-500,1500,"sd","14:13:56",8534500
19600,-400,100,"bu","14:13:53",8533000
19600,-400,500,"bu","14:13:49",8532900
19600,-400,400,"bu","14:13:45",8532400
19600,-400,200,"bu","14:13:35",8532000
19600,-400,3000,"bu","14:13:34",8531800
19500,-500,100,"sd","14:13:29",8528800
19500,-500,600,"sd","14:13:27",8528700
19500,-500,400,"sd","14:13:26",8528100
19500,-500,2000,"sd","14:12:52",8527700
19500,-500,3800,"bu","14:12:44",8525700
19500,-500,34600,"bu","14:12:43",8521900
19500,-500,12100,"bu","14:12:42",8487300
19500,-500,100,"bu","14:12:41",8475200
19500,-500,3200,"bu","14:12:39",8475100
19500,-500,300,"bu","14:12:38",8471900
19500,-500,20200,"bu","14:12:37",8471600
19500,-500,2000,"bu","14:12:36",8451400
19500,-500,500,"bu","14:12:34",8449400
19500,-500,4300,"bu","14:12:33",8448900
19500,-500,21400,"bu","14:12:32",8444600
19500,-500,200,"bu","14:12:31",8423200
19500,-500,100,"bu","14:12:30",8423000
19500,-500,16200,"bu","14:12:29",8422900
19500,-500,100,"bu","14:12:27",8406700
19500,-500,2600,"bu","14:12:25",8406600
19500,-500,200,"bu","14:12:24",8404000
19500,-500,500,"bu","14:12:23",8403800
19500,-500,1000,"bu","14:12:21",8403300
19500,-500,900,"bu","14:12:20",8402300
19500,-500,14200,"bu","14:12:16",8401400
19500,-500,13300,"bu","14:12:15",8387200
19500,-500,1200,"bu","14:12:14",8373900
19500,-500,1500,"bu","14:12:12",8372700
19500,-500,100,"bu","14:12:10",8371200
19500,-500,7600,"bu","14:12:08",8371100
19500,-500,100,"bu","14:12:07",8363500
19500,-500,1000,"bu","14:12:04",8363400
19500,-500,500,"bu","14:12:02",8362400
19500,-500,500,"bu","14:12:00",8361900
19500,-500,1300,"bu","14:11:58",8361400
19500,-500,2100,"bu","14:11:57",8360100
19400,-600,7000,"sd","14:11:55",8358000
19500,-500,500,"bu","14:11:50",8351000
19400,-600,5000,"sd","14:11:36",8350500
19400,-600,500,"sd","14:11:30",8345500
19400,-600,300,"sd","14:11:28",8345000
19500,-500,500,"bu","14:11:26",8344700
19400,-600,2000,"sd","14:11:24",8344200
19400,-600,2500,"sd","14:11:12",8342200
19400,-600,200,"sd","14:11:09",8339700
19400,-600,1000,"sd","14:11:08",8339500
19400,-600,500,"sd","14:11:01",8338500
19500,-500,500,"bu","14:10:59",8338000
19400,-600,2700,"sd","14:10:52",8337500
19400,-600,400,"sd","14:10:48",8334800
19400,-600,2000,"sd","14:10:47",8334400
19400,-600,1100,"sd","14:10:34",8332400
19500,-500,100,"bu","14:10:33",8331300
19400,-600,11500,"sd","14:10:32",8331200
19400,-600,59700,"sd","14:10:28",8319700
19400,-600,1500,"sd","14:10:22",8260000
19400,-600,1000,"sd","14:10:19",8258500
19500,-500,100,"bu","14:10:17",8257500
19400,-600,2400,"sd","14:10:15",8257400
19400,-600,500,"sd","14:10:11",8255000
19400,-600,500,"sd","14:10:10",8254500
19400,-600,300,"sd","14:10:08",8254000
19400,-600,200,"sd","14:10:05",8253700
19500,-500,1000,"bu","14:09:58",8253500
19400,-600,100,"sd","14:09:57",8252500
19400,-600,700,"sd","14:09:45",8252400
19400,-600,62100,"sd","14:09:38",8251700
19400,-600,1400,"sd","14:09:36",8189600
19400,-600,5000,"sd","14:09:34",8188200
19400,-600,500,"sd","14:09:33",8183200
19500,-500,10200,"bu","14:09:28",8182700
19400,-600,5000,"sd","14:09:24",8172500
19400,-600,300,"sd","14:09:11",8167500
19500,-500,500,"bu","14:09:10",8167200
19500,-500,400,"bu","14:09:01",8166700
19500,-500,500,"bu","14:08:59",8166300
19500,-500,500,"bu","14:08:56",8165800
19500,-500,100,"bu","14:08:48",8165300
19400,-600,500,"sd","14:08:47",8165200
19500,-500,200,"bu","14:08:46",8164700
19500,-500,2000,"bu","14:08:45",8164500
19500,-500,500,"bu","14:08:37",8162500
19500,-500,3000,"bu","14:08:36",8162000
19500,-500,500,"bu","14:08:30",8159000
19400,-600,400,"sd","14:08:23",8158500
19500,-500,200,"bu","14:08:20",8158100
19500,-500,1000,"bu","14:08:18",8157900
19400,-600,300,"sd","14:08:11",8156900
19500,-500,500,"bu","14:08:08",8156600
19400,-600,200,"sd","14:08:07",8156100
19500,-500,200,"bu","14:07:59",8155900
19500,-500,5500,"bu","14:07:56",8155700
19500,-500,200,"bu","14:07:55",8150200
19500,-500,2000,"bu","14:07:51",8150000
19500,-500,100,"bu","14:07:49",8148000
19500,-500,2000,"bu","14:07:48",8147900
19500,-500,400,"bu","14:07:47",8145900
19500,-500,100,"bu","14:07:46",8145500
19500,-500,300,"bu","14:07:45",8145400
19500,-500,400,"bu","14:07:38",8145100
19500,-500,200,"bu","14:07:28",8144700
19500,-500,500,"bu","14:07:22",8144500
19400,-600,100,"sd","14:07:17",8144000
19500,-500,2000,"bu","14:07:15",8143900
19500,-500,100,"bu","14:07:14",8141900
19400,-600,2000,"sd","14:07:12",8141800
19400,-600,2500,"sd","14:07:05",8139800
19500,-500,10000,"bu","14:07:02",8137300
19400,-600,500,"sd","14:06:55",8127300
19400,-600,1000,"sd","14:06:52",8126800
19500,-500,500,"bu","14:06:47",8125800
19500,-500,200,"bu","14:06:46",8125300
19400,-600,400,"sd","14:06:40",8125100
19500,-500,100,"bu","14:06:35",8124700
19500,-500,100,"bu","14:06:33",8124600
19500,-500,500,"bu","14:06:29",8124500
19500,-500,400,"bu","14:06:28",8124000
19500,-500,10000,"bu","14:06:19",8123600
19500,-500,1000,"bu","14:06:13",8113600
19500,-500,10100,"bu","14:06:12",8112600
19500,-500,700,"bu","14:06:10",8102500
19400,-600,600,"sd","14:06:07",8101800
19400,-600,2000,"sd","14:06:05",8101200
19500,-500,100,"bu","14:06:03",8099200
19500,-500,500,"bu","14:06:00",8099100
19500,-500,500,"bu","14:05:59",8098600
19500,-500,1500,"bu","14:05:57",8098100
19400,-600,25500,"sd","14:05:52",8096600
19500,-500,100,"bu","14:05:51",8071100
19500,-500,100,"bu","14:05:50",8071000
19500,-500,1000,"bu","14:05:48",8070900
19500,-500,20000,"bu","14:05:47",8069900
19500,-500,1000,"bu","14:05:43",8049900
19500,-500,1000,"bu","14:05:40",8048900
19500,-500,100,"bu","14:05:39",8047900
19500,-500,1000,"bu","14:05:38",8047800
19500,-500,500,"bu","14:05:33",8046800
19500,-500,500,"bu","14:05:32",8046300
19500,-500,2000,"bu","14:05:29",8045800
19500,-500,100,"bu","14:05:26",8043800
19500,-500,300,"bu","14:05:21",8043700
19400,-600,200,"sd","14:05:20",8043400
19400,-600,500,"sd","14:05:17",8043200
19500,-500,100,"bu","14:05:12",8042700
19500,-500,100,"bu","14:05:10",8042600
19500,-500,1200,"sd","14:05:07",8042500
19500,-500,14700,"sd","14:05:06",8041300
19500,-500,38000,"sd","14:05:05",8026600
19500,-500,2000,"sd","14:05:04",7988600
19500,-500,20000,"sd","14:05:03",7986600
19500,-500,2500,"sd","14:05:02",7966600
19500,-500,30500,"sd","14:05:01",7964100
19500,-500,5500,"sd","14:04:59",7933600
19500,-500,2700,"sd","14:04:58",7928100
19500,-500,50100,"sd","14:04:57",7925400
19500,-500,10500,"sd","14:04:55",7875300
19600,-400,2900,"bu","14:04:54",7864800
19500,-500,7500,"sd","14:04:52",7861900
19500,-500,28000,"sd","14:04:49",7854400
19500,-500,30000,"sd","14:04:48",7826400
19500,-500,700,"sd","14:04:47",7796400
19500,-500,2000,"sd","14:04:46",7795700
19500,-500,14600,"sd","14:04:42",7793700
19500,-500,1000,"sd","14:04:38",7779100
19500,-500,11500,"sd","14:04:37",7778100
19500,-500,300,"sd","14:04:35",7766600
19500,-500,80000,"sd","14:04:34",7766300
19500,-500,50000,"sd","14:04:23",7686300
19500,-500,5000,"sd","14:04:20",7636300
19500,-500,2000,"sd","14:04:16",7631300
19500,-500,500,"sd","14:04:13",7629300
19500,-500,5000,"sd","14:04:10",7628800
19500,-500,1000,"sd","14:04:07",7623800
19500,-500,500,"sd","14:04:04",7622800
19600,-400,100,"bu","14:04:02",7622300
19500,-500,500,"sd","14:03:44",7622200
19500,-500,30000,"sd","14:03:43",7621700
19600,-400,400,"bu","14:03:26",7591700
19600,-400,2200,"bu","14:03:09",7591300
19500,-500,5000,"sd","14:03:08",7589100
19500,-500,3000,"sd","14:03:05",7584100
19500,-500,5000,"sd","14:02:57",7581100
19600,-400,300,"bu","14:02:43",7576100
19600,-400,100,"bu","14:02:38",7575800
19600,-400,200,"bu","14:02:27",7575700
19500,-500,1000,"sd","14:02:25",7575500
19600,-400,100,"bu","14:02:23",7574500
19500,-500,60000,"sd","14:02:16",7574400
19500,-500,5000,"sd","14:02:08",7514400
19600,-400,500,"bu","14:02:02",7509400
19600,-400,100,"bu","14:01:59",7508900
19600,-400,1000,"bu","14:01:39",7508800
19600,-400,200,"bu","14:01:36",7507800
19600,-400,800,"bu","14:01:32",7507600
19600,-400,1500,"bu","14:01:19",7506800
19600,-400,100,"bu","14:01:16",7505300
19600,-400,300,"bu","14:01:05",7505200
19600,-400,12600,"bu","14:01:03",7504900
19600,-400,300,"bu","14:00:59",7492300
19600,-400,1000,"bu","14:00:58",7492000
19600,-400,100,"bu","14:00:57",7491000
19600,-400,600,"bu","14:00:55",7490900
19600,-400,2400,"bu","14:00:53",7490300
19600,-400,5000,"sd","14:00:52",7487900
19600,-400,400,"sd","14:00:50",7482900
19600,-400,600,"sd","14:00:48",7482500
19600,-400,2400,"sd","14:00:43",7481900
19600,-400,2000,"sd","14:00:28",7479500
19600,-400,10000,"sd","14:00:25",7477500
19600,-400,10000,"sd","14:00:22",7467500
19600,-400,2000,"sd","14:00:21",7457500
19600,-400,5000,"sd","14:00:11",7455500
19600,-400,1000,"sd","14:00:08",7450500
19600,-400,500,"sd","14:00:01",7449500
19600,-400,1000,"sd","13:59:50",7449000
19600,-400,2200,"sd","13:59:36",7448000
19600,-400,700,"sd","13:59:34",7445800
19600,-400,900,"bu","13:59:33",7445100
19600,-400,9100,"sd","13:59:27",7444200
19600,-400,700,"sd","13:59:23",7435100
19600,-400,15400,"sd","13:59:18",7434400
19600,-400,200,"sd","13:59:10",7419000
19600,-400,2500,"sd","13:59:09",7418800
19600,-400,36300,"bu","13:59:01",7416300
19600,-400,3700,"sd","13:59:00",7380000
19600,-400,200800,"bu","13:58:52",7376300
19600,-400,12200,"sd","13:58:51",7175500
19600,-400,2900,"sd","13:58:49",7163300
19600,-400,1000,"bu","13:58:47",7160400
19600,-400,7100,"bu","13:58:46",7159400
19600,-400,12900,"bu","13:58:44",7152300
19600,-400,500,"bu","13:58:39",7139400
19600,-400,5400,"bu","13:58:38",7138900
19600,-400,6000,"bu","13:58:33",7133500
19600,-400,600,"bu","13:58:29",7127500
19600,-400,100,"bu","13:58:26",7126900
19600,-400,100,"bu","13:58:21",7126800
19600,-400,2000,"bu","13:58:20",7126700
19600,-400,600,"bu","13:58:14",7124700
19600,-400,5600,"bu","13:58:13",7124100
19600,-400,900,"bu","13:58:12",7118500
19600,-400,10600,"sd","13:58:11",7117600
19600,-400,15600,"sd","13:58:04",7107000
19600,-400,5000,"sd","13:58:00",7091400
19600,-400,3000,"sd","13:57:55",7086400
19600,-400,1500,"sd","13:57:53",7083400
19600,-400,500,"sd","13:57:50",7081900
19600,-400,700,"sd","13:57:49",7081400
19600,-400,1300,"sd","13:57:25",7080700
19600,-400,500,"sd","13:57:23",7079400
19600,-400,1000,"sd","13:57:09",7078900
19600,-400,2100,"sd","13:56:56",7077900
19600,-400,100,"sd","13:56:54",7075800
19600,-400,50000,"bu","13:56:53",7075700
19600,-400,700,"bu","13:56:52",7025700
19600,-400,1900,"bu","13:56:50",7025000
19600,-400,1600,"bu","13:56:45",7023100
19600,-400,5300,"bu","13:56:42",7021500
19600,-400,2100,"bu","13:56:41",7016200
19600,-400,200,"bu","13:56:39",7014100
19600,-400,500,"bu","13:56:37",7013900
19600,-400,10500,"bu","13:56:36",7013400
19600,-400,1000,"bu","13:56:35",7002900
19600,-400,5000,"bu","13:56:34",7001900
19600,-400,2000,"bu","13:56:33",6996900
19500,-500,5200,"sd","13:56:32",6994900
19600,-400,2000,"bu","13:56:31",6989700
19600,-400,2000,"bu","13:56:30",6987700
19600,-400,100,"bu","13:56:29",6985700
19600,-400,13200,"bu","13:56:26",6985600
19600,-400,100,"bu","13:56:24",6972400
19600,-400,500,"bu","13:56:23",6972300
19600,-400,100,"bu","13:56:22",6971800
19600,-400,2000,"bu","13:56:20",6971700
19600,-400,58000,"bu","13:56:19",6969700
19600,-400,1000,"bu","13:56:16",6911700
19600,-400,1000,"bu","13:56:15",6910700
19600,-400,100,"bu","13:56:12",6909700
19600,-400,300,"bu","13:56:11",6909600
19500,-500,5000,"sd","13:56:03",6909300
19600,-400,100,"bu","13:55:55",6904300
19500,-500,10000,"sd","13:55:48",6904200
19600,-400,100,"bu","13:55:44",6894200
19600,-400,300,"bu","13:55:39",6894100
19500,-500,700,"sd","13:55:23",6893800
19500,-500,100,"sd","13:55:17",6893100
19600,-400,500,"bu","13:55:16",6893000
19500,-500,300,"sd","13:55:15",6892500
19600,-400,1000,"bu","13:55:08",6892200
19600,-400,1000,"bu","13:55:01",6891200
19600,-400,1000,"bu","13:55:00",6890200
19600,-400,500,"bu","13:54:55",6889200
19600,-400,1000,"bu","13:54:52",6888700
19600,-400,100,"bu","13:54:46",6887700
19600,-400,1000,"bu","13:54:45",6887600
19600,-400,100,"bu","13:54:40",6886600
19600,-400,10500,"bu","13:54:35",6886500
19600,-400,200,"bu","13:54:31",6876000
19600,-400,1500,"sd","13:54:30",6875800
19600,-400,30000,"sd","13:54:29",6874300
19600,-400,25500,"sd","13:54:28",6844300
19600,-400,1500,"sd","13:54:27",6818800
19600,-400,10100,"sd","13:54:26",6817300
19600,-400,1200,"sd","13:54:25",6807200
19600,-400,100,"sd","13:54:23",6806000
19600,-400,800,"sd","13:54:22",6805900
19600,-400,4000,"sd","13:54:20",6805100
19600,-400,5900,"sd","13:54:19",6801100
19600,-400,200,"sd","13:54:18",6795200
19600,-400,500,"sd","13:54:17",6795000
19600,-400,25000,"sd","13:54:16",6794500
19600,-400,200,"sd","13:54:15",6769500
19600,-400,13000,"sd","13:54:13",6769300
19600,-400,12800,"sd","13:54:11",6756300
19600,-400,30600,"sd","13:54:08",6743500
19600,-400,4000,"sd","13:54:04",6712900
19600,-400,2000,"sd","13:54:03",6708900
19600,-400,900,"sd","13:54:01",6706900
19600,-400,22500,"sd","13:53:55",6706000
19600,-400,1000,"sd","13:53:51",6683500
19600,-400,200,"sd","13:53:49",6682500
19600,-400,4000,"sd","13:53:43",6682300
19600,-400,1000,"sd","13:53:39",6678300
19600,-400,2000,"sd","13:53:34",6677300
19600,-400,10000,"sd","13:53:28",6675300
19700,-300,200,"bu","13:53:23",6665300
19600,-400,1000,"sd","13:53:21",6665100
19600,-400,200,"sd","13:53:19",6664100
19600,-400,1000,"sd","13:53:12",6663900
19600,-400,1100,"sd","13:53:02",6662900
19600,-400,7500,"sd","13:52:54",6661800
19600,-400,5000,"sd","13:52:52",6654300
19600,-400,20000,"sd","13:52:48",6649300
19700,-300,1000,"bu","13:52:42",6629300
19600,-400,1000,"sd","13:52:40",6628300
19600,-400,2800,"sd","13:52:32",6627300
19600,-400,2000,"sd","13:52:27",6624500
19700,-300,100,"bu","13:52:21",6622500
19600,-400,1000,"sd","13:52:13",6622400
19600,-400,5000,"sd","13:52:10",6621400
19700,-300,200,"bu","13:52:09",6616400
19700,-300,700,"bu","13:52:08",6616200
19700,-300,500,"bu","13:51:53",6615500
19600,-400,500,"sd","13:51:51",6615000
19600,-400,10000,"sd","13:51:40",6614500
19600,-400,2300,"sd","13:51:34",6604500
19600,-400,1000,"sd","13:51:32",6602200
19700,-300,100,"bu","13:51:23",6601200
19700,-300,2000,"bu","13:51:04",6601100
19700,-300,1100,"bu","13:51:03",6599100
19700,-300,500,"bu","13:51:02",6598000
19700,-300,200,"bu","13:50:59",6597500
19700,-300,1000,"bu","13:50:38",6597300
19600,-400,1000,"sd","13:50:37",6596300
19700,-300,100,"bu","13:50:24",6595300
19600,-400,25000,"sd","13:50:16",6595200
19700,-300,100,"bu","13:50:10",6570200
19700,-300,200,"bu","13:50:08",6570100
19700,-300,900,"bu","13:50:07",6569900
19700,-300,100,"bu","13:50:05",6569000
19700,-300,5000,"bu","13:49:35",6568900
19600,-400,1000,"sd","13:48:52",6563900
19600,-400,1000,"sd","13:48:25",6562900
19600,-400,400,"sd","13:48:12",6561900
19600,-400,10000,"sd","13:47:54",6561500
19700,-300,1600,"bu","13:47:42",6551500
19700,-300,1000,"bu","13:47:39",6549900
19700,-300,500,"bu","13:47:22",6548900
19700,-300,100,"bu","13:47:17",6548400
19700,-300,10100,"bu","13:47:10",6548300
19700,-300,1000,"bu","13:46:42",6538200
19600,-400,1500,"sd","13:46:32",6537200
19700,-300,200,"bu","13:46:31",6535700
19700,-300,5000,"bu","13:46:28",6535500
19700,-300,500,"bu","13:46:21",6530500
19600,-400,1000,"sd","13:46:18",6530000
19700,-300,500,"bu","13:46:15",6529000
19600,-400,24700,"sd","13:46:05",6528500
19700,-300,1000,"bu","13:45:59",6503800
19700,-300,100,"bu","13:45:50",6502800
19600,-400,2500,"sd","13:45:37",6502700
19600,-400,500,"sd","13:45:35",6500200
19600,-400,1000,"sd","13:45:31",6499700
19600,-400,400,"sd","13:44:55",6498700
19600,-400,1000,"sd","13:44:47",6498300
19700,-300,100,"bu","13:44:46",6497300
19600,-400,1000,"sd","13:44:15",6497200
19600,-400,3500,"sd","13:44:01",6496200
19700,-300,300,"bu","13:43:51",6492700
19700,-300,200,"bu","13:43:43",6492400
19700,-300,1000,"bu","13:43:34",6492200
19700,-300,100,"bu","13:43:33",6491200
19700,-300,900,"bu","13:43:26",6491100
19600,-400,500,"sd","13:43:24",6490200
19700,-300,1000,"bu","13:43:18",6489700
19600,-400,200,"sd","13:43:13",6488700
19600,-400,100,"sd","13:43:12",6488500
19600,-400,700,"sd","13:42:51",6488400
19600,-400,2000,"sd","13:42:29",6487700
19600,-400,2500,"sd","13:42:25",6485700
19600,-400,6700,"bu","13:42:22",6483200
19600,-400,5600,"bu","13:42:21",6476500
19600,-400,500,"bu","13:42:20",6470900
19600,-400,11000,"bu","13:42:19",6470400
19600,-400,1000,"bu","13:42:18",6459400
19600,-400,1000,"bu","13:42:15",6458400
19600,-400,500,"bu","13:42:14",6457400
19600,-400,6500,"bu","13:42:13",6456900
19600,-400,11800,"bu","13:42:10",6450400
19600,-400,600,"bu","13:42:09",6438600
19600,-400,5800,"bu","13:42:08",6438000
19600,-400,2000,"bu","13:42:05",6432200
19600,-400,500,"bu","13:42:04",6430200
19600,-400,100,"bu","13:42:01",6429700
19600,-400,2000,"bu","13:41:57",6429600
19600,-400,20100,"bu","13:41:55",6427600
19600,-400,5000,"bu","13:41:54",6407500
19500,-500,500,"sd","13:41:53",6402500
19600,-400,500,"bu","13:41:52",6402000
19600,-400,500,"bu","13:41:50",6401500
19600,-400,3000,"bu","13:41:46",6401000
19600,-400,1000,"bu","13:41:34",6398000
19600,-400,100,"bu","13:41:33",6397000
19600,-400,17000,"sd","13:41:31",6396900
19600,-400,3000,"sd","13:41:23",6379900
19600,-400,600,"sd","13:41:15",6376900
19600,-400,3000,"bu","13:41:14",6376300
19600,-400,1000,"bu","13:41:13",6373300
19600,-400,15400,"sd","13:41:12",6372300
19600,-400,25300,"sd","13:41:11",6356900
19600,-400,600,"sd","13:41:04",6331600
19600,-400,4000,"sd","13:41:03",6331000
19600,-400,5000,"sd","13:40:56",6327000
19600,-400,2000,"sd","13:40:54",6322000
19600,-400,1500,"sd","13:40:52",6320000
19600,-400,10000,"sd","13:40:46",6318500
19600,-400,100,"sd","13:40:41",6308500
19600,-400,100,"bu","13:40:40",6308400
19600,-400,1400,"bu","13:40:38",6308300
19600,-400,2700,"sd","13:40:37",6306900
19600,-400,3600,"bu","13:40:35",6304200
19600,-400,11400,"sd","13:40:34",6300600
19600,-400,24000,"sd","13:40:22",6289200
19600,-400,100,"bu","13:40:21",6265200
19600,-400,500,"bu","13:40:20",6265100
19600,-400,500,"bu","13:40:18",6264600
19600,-400,10500,"bu","13:40:17",6264100
19600,-400,1800,"bu","13:40:16",6253600
19600,-400,100,"bu","13:40:14",6251800
19600,-400,100,"bu","13:40:13",6251700
19600,-400,100,"bu","13:40:10",6251600
19600,-400,100,"bu","13:40:09",6251500
19600,-400,1100,"bu","13:40:08",6251400
19600,-400,200,"bu","13:40:07",6250300
19600,-400,1000,"bu","13:40:06",6250100
19600,-400,600,"bu","13:40:05",6249100
19600,-400,100,"bu","13:40:02",6248500
19600,-400,1500,"bu","13:39:59",6248400
19600,-400,5000,"bu","13:39:56",6246900
19600,-400,2500,"bu","13:39:55",6241900
19600,-400,6700,"bu","13:39:53",6239400
19600,-400,3000,"bu","13:39:51",6232700
19600,-400,100,"bu","13:39:50",6229700
19600,-400,400,"bu","13:39:49",6229600
19600,-400,1000,"bu","13:39:48",6229200
19600,-400,1000,"bu","13:39:47",6228200
19600,-400,1100,"bu","13:39:46",6227200
19600,-400,400,"bu","13:39:45",6226100
19600,-400,1000,"bu","13:39:40",6225700
19600,-400,8000,"bu","13:39:39",6224700
19600,-400,10000,"bu","13:39:32",6216700
19600,-400,300,"bu","13:39:31",6206700
19600,-400,1100,"bu","13:39:29",6206400
19600,-400,200,"bu","13:39:28",6205300
19600,-400,1000,"bu","13:39:27",6205100
19600,-400,100,"bu","13:39:24",6204100
19600,-400,1000,"bu","13:39:23",6204000
19600,-400,100,"bu","13:39:22",6203000
19600,-400,100,"bu","13:39:19",6202900
19600,-400,200,"bu","13:39:18",6202800
19600,-400,5000,"bu","13:39:17",6202600
19600,-400,100,"bu","13:39:16",6197600
19600,-400,100,"bu","13:39:14",6197500
19600,-400,7000,"bu","13:39:11",6197400
19600,-400,100,"bu","13:39:09",6190400
19600,-400,1000,"bu","13:39:07",6190300
19600,-400,200,"bu","13:39:04",6189300
19600,-400,500,"bu","13:39:03",6189100
19600,-400,700,"bu","13:39:00",6188600
19600,-400,400,"bu","13:38:59",6187900
19600,-400,400,"bu","13:38:57",6187500
19500,-500,5000,"sd","13:38:55",6187100
19600,-400,500,"bu","13:38:54",6182100
19600,-400,100,"bu","13:38:53",6181600
19600,-400,1300,"bu","13:38:52",6181500
19600,-400,100,"bu","13:38:48",6180200
19600,-400,100,"bu","13:38:47",6180100
19500,-500,15000,"sd","13:38:46",6180000
19600,-400,200,"bu","13:38:45",6165000
19600,-400,700,"bu","13:38:43",6164800
19600,-400,2000,"bu","13:38:42",6164100
19600,-400,2000,"bu","13:38:38",6162100
19600,-400,100,"bu","13:38:35",6160100
19600,-400,1000,"bu","13:38:34",6160000
19600,-400,100,"bu","13:38:33",6159000
19600,-400,100,"bu","13:38:30",6158900
19600,-400,100,"bu","13:38:29",6158800
19600,-400,100,"bu","13:38:26",6158700
19600,-400,400,"bu","13:38:24",6158600
19600,-400,100,"bu","13:38:22",6158200
19600,-400,500,"bu","13:38:21",6158100
19500,-500,1000,"sd","13:38:20",6157600
19600,-400,100,"unknown","13:38:19",6156600
19500,-500,2200,"sd","13:38:17",6156500
19500,-500,700000,"sd","13:38:16",6154300
19700,-300,500,"bu","13:38:15",5454300
19600,-400,500,"sd","13:38:14",5453800
19700,-300,1000,"bu","13:38:06",5453300
19700,-300,100,"bu","13:38:05",5452300
19600,-400,600,"sd","13:38:03",5452200
19700,-300,1000,"bu","13:37:59",5451600
19700,-300,100,"bu","13:37:55",5450600
19700,-300,100,"bu","13:37:53",5450500
19700,-300,100,"bu","13:37:48",5450400
19600,-400,10000,"sd","13:37:46",5450300
19700,-300,100,"bu","13:37:41",5440300
19700,-300,1000,"bu","13:37:37",5440200
19600,-400,3000,"sd","13:37:31",5439200
19700,-300,1000,"bu","13:37:28",5436200
19700,-300,1000,"bu","13:37:25",5435200
19700,-300,500,"bu","13:37:18",5434200
19700,-300,1000,"bu","13:37:09",5433700
19700,-300,100,"bu","13:36:58",5432700
19700,-300,200,"bu","13:36:56",5432600
19700,-300,1000,"bu","13:36:55",5432400
19600,-400,4300,"sd","13:36:53",5431400
19600,-400,5000,"sd","13:36:46",5427100
19600,-400,10000,"sd","13:36:44",5422100
19600,-400,600,"sd","13:36:35",5412100
19700,-300,200,"bu","13:36:33",5411500
19600,-400,500,"sd","13:36:30",5411300
19700,-300,10000,"bu","13:36:28",5410800
19700,-300,200,"bu","13:36:27",5400800
19700,-300,200,"bu","13:36:21",5400600
19700,-300,1700,"bu","13:36:16",5400400
19700,-300,500,"bu","13:36:10",5398700
19600,-400,5100,"sd","13:35:44",5398200
19600,-400,1000,"sd","13:35:43",5393100
19700,-300,3000,"bu","13:35:42",5392100
19700,-300,100,"bu","13:35:38",5389100
19700,-300,1000,"bu","13:35:36",5389000
19700,-300,5100,"bu","13:35:34",5388000
19700,-300,300,"bu","13:35:32",5382900
19700,-300,400,"bu","13:35:29",5382600
19700,-300,500,"bu","13:35:28",5382200
19700,-300,8000,"bu","13:35:26",5381700
19700,-300,200,"bu","13:35:25",5373700
19700,-300,2000,"bu","13:35:24",5373500
19700,-300,10000,"bu","13:35:21",5371500
19700,-300,100,"bu","13:35:17",5361500
19700,-300,17900,"sd","13:35:15",5361400
19700,-300,13700,"sd","13:35:14",5343500
19700,-300,100,"sd","13:35:13",5329800
19700,-300,200,"sd","13:35:12",5329700
19700,-300,10000,"sd","13:35:11",5329500
19700,-300,90000,"sd","13:35:09",5319500
19700,-300,100,"sd","13:35:02",5229500
19700,-300,1100,"sd","13:35:01",5229400
19700,-300,2000,"sd","13:34:42",5228300
19800,-200,200,"bu","13:34:38",5226300
19700,-300,10000,"sd","13:34:29",5226100
19700,-300,5600,"sd","13:34:26",5216100
19700,-300,24000,"sd","13:34:25",5210500
19700,-300,3000,"sd","13:34:17",5186500
19700,-300,50300,"sd","13:34:12",5183500
19800,-200,200,"bu","13:34:01",5133200
19700,-300,1000,"sd","13:33:52",5133000
19700,-300,5000,"sd","13:33:47",5132000
19700,-300,30000,"sd","13:33:17",5127000
19700,-300,2000,"sd","13:33:14",5097000
19700,-300,20000,"sd","13:32:52",5095000
19800,-200,1000,"bu","13:32:50",5075000
19800,-200,100,"bu","13:32:47",5074000
19800,-200,100,"bu","13:32:33",5073900
19700,-300,1000,"sd","13:32:32",5073800
19700,-300,40000,"sd","13:32:28",5072800
19700,-300,12000,"sd","13:32:23",5032800
19800,-200,1000,"bu","13:32:14",5020800
19700,-300,85700,"sd","13:32:13",5019800
19800,-200,1000,"bu","13:32:10",4934100
19800,-200,1000,"bu","13:32:04",4933100
19700,-300,600,"sd","13:32:01",4932100
19700,-300,2000,"sd","13:32:00",4931500
19800,-200,100,"bu","13:31:57",4929500
19800,-200,2000,"bu","13:31:50",4929400
19800,-200,100,"bu","13:31:49",4927400
19800,-200,500,"bu","13:31:39",4927300
19700,-300,18000,"sd","13:31:38",4926800
19800,-200,100,"bu","13:31:35",4908800
19700,-300,30000,"sd","13:31:20",4908700
19800,-200,1000,"bu","13:31:18",4878700
19800,-200,300,"bu","13:31:08",4877700
19700,-300,100,"sd","13:31:07",4877400
19700,-300,1000,"sd","13:31:05",4877300
19700,-300,1800,"sd","13:30:54",4876300
19800,-200,100,"bu","13:30:50",4874500
19700,-300,1000,"sd","13:30:45",4874400
19800,-200,500,"bu","13:30:43",4873400
19700,-300,1000,"sd","13:30:42",4872900
19800,-200,500,"bu","13:30:37",4871900
19700,-300,100,"sd","13:30:31",4871400
19700,-300,1100,"sd","13:30:15",4871300
19700,-300,500,"sd","13:30:13",4870200
19700,-300,5000,"sd","13:30:09",4869700
19700,-300,1000,"sd","13:30:04",4864700
19700,-300,1000,"sd","13:29:59",4863700
19700,-300,1500,"sd","13:29:41",4862700
19700,-300,23000,"sd","13:29:40",4861200
19700,-300,1000,"sd","13:29:25",4838200
19700,-300,900,"sd","13:29:09",4837200
19700,-300,200,"sd","13:29:03",4836300
19700,-300,1000,"sd","13:28:59",4836100
19700,-300,10500,"sd","13:28:52",4835100
19700,-300,1000,"sd","13:28:35",4824600
19700,-300,1300,"sd","13:28:32",4823600
19700,-300,2000,"sd","13:28:30",4822300
19700,-300,1000,"sd","13:28:19",4820300
19700,-300,100400,"sd","13:28:11",4819300
19700,-300,20000,"sd","13:28:10",4718900
19800,-200,100,"bu","13:28:03",4698900
19800,-200,1000,"bu","13:27:55",4698800
19800,-200,500,"bu","13:27:50",4697800
19800,-200,200,"bu","13:27:49",4697300
19800,-200,3500,"sd","13:27:43",4697100
19800,-200,10000,"sd","13:27:42",4693600
19800,-200,300100,"sd","13:27:41",4683600
19800,-200,1000,"sd","13:27:39",4383500
19800,-200,27000,"sd","13:27:36",4382500
19800,-200,13000,"sd","13:27:35",4355500
19800,-200,3000,"sd","13:27:34",4342500
19800,-200,10000,"sd","13:27:32",4339500
19800,-200,6500,"sd","13:27:25",4329500
19800,-200,280000,"sd","13:27:22",4323000
19900,-100,31000,"bu","13:27:10",4043000
19900,-100,1000,"bu","13:26:55",4012000
19800,-200,5000,"sd","13:26:46",4011000
19800,-200,20000,"sd","13:26:40",4006000
19800,-200,150000,"sd","13:26:26",3986000
19800,-200,100,"sd","13:26:20",3836000
19900,-100,1000,"bu","13:26:17",3835900
19900,-100,5000,"bu","13:26:09",3834900
19800,-200,3000,"sd","13:26:02",3829900
19800,-200,1000,"sd","13:25:43",3826900
19800,-200,1000,"sd","13:25:42",3825900
19800,-200,1000,"sd","13:25:27",3824900
19900,-100,5000,"bu","13:25:11",3823900
19900,-100,3100,"bu","13:24:49",3818900
19900,-100,100,"bu","13:24:25",3815800
19800,-200,500,"sd","13:24:17",3815700
19800,-200,100,"sd","13:24:10",3815200
19900,-100,1000,"bu","13:24:08",3815100
19800,-200,200,"sd","13:23:42",3814100
19900,-100,400,"bu","13:23:36",3813900
19900,-100,100,"bu","13:23:34",3813500
19800,-200,1000,"sd","13:23:23",3813400
19900,-100,16300,"bu","13:23:17",3812400
19900,-100,300,"bu","13:23:05",3796100
19900,-100,300,"bu","13:22:34",3795800
19800,-200,2000,"sd","13:22:32",3795500
19900,-100,100,"bu","13:22:31",3793500
19800,-200,100,"sd","13:21:42",3793400
19800,-200,500,"sd","13:21:23",3793300
19800,-200,1600,"sd","13:21:19",3792800
19900,-100,500,"bu","13:21:14",3791200
19900,-100,800,"bu","13:20:53",3790700
19800,-200,400,"sd","13:20:38",3789900
19900,-100,100,"bu","13:20:11",3789500
19800,-200,3000,"sd","13:19:40",3789400
19900,-100,100,"bu","13:19:28",3786400
19800,-200,700,"sd","13:19:24",3786300
19800,-200,1000,"sd","13:19:08",3785600
19800,-200,1000,"sd","13:19:06",3784600
19900,-100,2000,"bu","13:18:54",3783600
19900,-100,100,"bu","13:18:50",3781600
19900,-100,2000,"bu","13:18:38",3781500
19900,-100,100,"bu","13:18:35",3779500
19900,-100,300,"bu","13:18:16",3779400
19900,-100,100,"bu","13:18:13",3779100
19900,-100,200,"bu","13:18:09",3779000
19900,-100,5000,"bu","13:17:35",3778800
19800,-200,2400,"sd","13:17:27",3773800
19900,-100,2000,"bu","13:17:22",3771400
19900,-100,100,"bu","13:17:17",3769400
19800,-200,2000,"sd","13:17:02",3769300
19800,-200,25000,"sd","13:16:53",3767300
19800,-200,11000,"sd","13:16:28",3742300
19900,-100,200,"bu","13:16:27",3731300
19900,-100,200,"bu","13:16:07",3731100
19800,-200,3300,"sd","13:16:03",3730900
19900,-100,1000,"bu","13:15:53",3727600
19900,-100,1000,"bu","13:15:46",3726600
19900,-100,100,"bu","13:15:38",3725600
19800,-200,2800,"sd","13:15:17",3725500
19800,-200,1000,"sd","13:14:42",3722700
19900,-100,100,"bu","13:14:35",3721700
19900,-100,1500,"bu","13:14:16",3721600
19900,-100,5000,"bu","13:14:11",3720100
19900,-100,100,"bu","13:13:51",3715100
19900,-100,100,"bu","13:13:47",3715000
19900,-100,1000,"bu","13:13:35",3714900
19900,-100,100,"bu","13:13:25",3713900
19900,-100,200,"bu","13:13:22",3713800
19900,-100,100,"bu","13:12:47",3713600
19900,-100,100,"bu","13:12:17",3713500
19900,-100,100,"bu","13:12:04",3713400
19900,-100,100,"bu","13:11:52",3713300
19900,-100,100,"bu","13:11:29",3713200
19900,-100,200,"bu","13:11:00",3713100
19900,-100,1000,"bu","13:10:53",3712900
19900,-100,200,"bu","13:10:48",3711900
19900,-100,100,"bu","13:10:06",3711700
19800,-200,200,"sd","13:10:03",3711600
19800,-200,1000,"sd","13:09:56",3711400
19900,-100,1500,"bu","13:09:48",3710400
19800,-200,600,"sd","13:09:26",3708900
19800,-200,100,"sd","13:09:19",3708300
19800,-200,30000,"sd","13:09:15",3708200
19800,-200,1000,"sd","13:09:14",3678200
19800,-200,100,"sd","13:09:13",3677200
19800,-200,20000,"sd","13:08:53",3677100
19800,-200,1600,"sd","13:08:46",3657100
19800,-200,30000,"sd","13:08:33",3655500
19800,-200,100,"sd","13:08:29",3625500
19800,-200,200,"sd","13:08:27",3625400
19800,-200,2000,"sd","13:08:24",3625200
19800,-200,3000,"sd","13:08:16",3623200
19800,-200,1000,"sd","13:08:11",3620200
19800,-200,1000,"sd","13:08:05",3619200
19800,-200,800,"sd","13:08:02",3618200
19800,-200,8000,"sd","13:07:57",3617400
19800,-200,17000,"sd","13:07:53",3609400
19800,-200,8000,"sd","13:07:51",3592400
19800,-200,1000,"sd","13:07:14",3584400
19900,-100,200,"bu","13:07:06",3583400
19800,-200,20000,"sd","13:07:00",3583200
19900,-100,200,"bu","13:06:39",3563200
19900,-100,100,"bu","13:06:29",3563000
19900,-100,1000,"bu","13:06:18",3562900
19800,-200,26000,"sd","13:05:58",3561900
19800,-200,1000,"sd","13:05:39",3535900
19900,-100,5000,"bu","13:05:38",3534900
19800,-200,3000,"sd","13:05:35",3529900
19800,-200,15000,"sd","13:05:33",3526900
19800,-200,1000,"sd","13:05:26",3511900
19900,-100,2000,"bu","13:05:13",3510900
19800,-200,200,"sd","13:05:10",3508900
19800,-200,100000,"sd","13:04:47",3508700
19900,-100,500,"bu","13:04:25",3408700
19900,-100,4100,"bu","13:04:17",3408200
19900,-100,2500,"bu","13:03:59",3404100
19800,-200,1300,"sd","13:03:43",3401600
19900,-100,5000,"bu","13:03:35",3400300
19900,-100,2200,"bu","13:03:32",3395300
19900,-100,800,"bu","13:03:24",3393100
19900,-100,100,"bu","13:03:19",3392300
19800,-200,100,"sd","13:03:18",3392200
19900,-100,1000,"bu","13:03:00",3392100
19900,-100,1500,"bu","13:02:57",3391100
19900,-100,100,"bu","13:02:48",3389600
19900,-100,5000,"bu","13:02:32",3389500
19800,-200,1000,"sd","13:02:16",3384500
19900,-100,100,"bu","13:01:50",3383500
19900,-100,800,"bu","13:01:40",3383400
19800,-200,1500,"sd","13:00:44",3382600
19900,-100,3000,"bu","13:00:08",3381100
19900,-100,6000,"bu","13:00:06",3378100
19900,-100,2600,"bu","13:00:05",3372100
19900,-100,11400,"bu","13:00:04",3369500
19900,-100,11400,"bu","13:00:03",3358100
19900,-100,23600,"bu","13:00:02",3346700
19900,-100,100,"bu","13:00:01",3323100
19900,-100,1800,"bu","11:29:48",3323000
19900,-100,10000,"bu","11:29:45",3321200
19900,-100,200,"bu","11:29:38",3311200
19900,-100,10000,"bu","11:29:36",3311000
19900,-100,10000,"bu","11:29:30",3301000
19900,-100,400,"bu","11:29:26",3291000
19800,-200,100,"sd","11:29:00",3290600
19800,-200,200,"sd","11:28:54",3290500
19900,-100,1200,"bu","11:28:37",3290300
19900,-100,100,"bu","11:28:25",3289100
19900,-100,100,"bu","11:27:19",3289000
19900,-100,500,"bu","11:27:15",3288900
19900,-100,500,"bu","11:27:09",3288400
19900,-100,1000,"bu","11:27:03",3287900
19900,-100,100,"bu","11:26:57",3286900
19900,-100,100,"bu","11:26:25",3286800
19900,-100,1000,"bu","11:26:21",3286700
19900,-100,100,"bu","11:25:48",3285700
19900,-100,200,"bu","11:25:44",3285600
19900,-100,2000,"bu","11:25:27",3285400
19900,-100,100,"bu","11:25:18",3283400
19900,-100,5000,"bu","11:25:09",3283300
19900,-100,700,"bu","11:25:06",3278300
19900,-100,1300,"bu","11:25:04",3277600
19900,-100,500,"bu","11:24:54",3276300
19900,-100,100,"bu","11:24:45",3275800
19800,-200,5000,"sd","11:24:44",3275700
19900,-100,5000,"bu","11:24:37",3270700
19900,-100,1000,"bu","11:24:34",3265700
19900,-100,2200,"bu","11:24:33",3264700
19900,-100,100,"bu","11:24:27",3262500
19900,-100,7000,"bu","11:24:17",3262400
19900,-100,200,"bu","11:24:02",3255400
19900,-100,100,"bu","11:23:59",3255200
19900,-100,5000,"bu","11:23:56",3255100
19900,-100,200,"bu","11:23:49",3250100
19900,-100,4000,"bu","11:23:44",3249900
19900,-100,200,"bu","11:23:35",3245900
19900,-100,1800,"bu","11:23:34",3245700
19900,-100,1000,"bu","11:23:17",3243900
19900,-100,200,"bu","11:23:07",3242900
19900,-100,400,"bu","11:22:58",3242700
19900,-100,200,"bu","11:22:56",3242300
19900,-100,100,"bu","11:22:55",3242100
19900,-100,1800,"bu","11:22:31",3242000
19900,-100,12000,"bu","11:22:23",3240200
19900,-100,1000,"bu","11:22:06",3228200
19900,-100,300,"bu","11:22:03",3227200
19900,-100,500,"bu","11:21:34",3226900
19900,-100,400,"bu","11:21:25",3226400
19900,-100,100,"bu","11:21:17",3226000
19900,-100,1000,"bu","11:21:14",3225900
19900,-100,100,"bu","11:21:10",3224900
19900,-100,500,"bu","11:21:06",3224800
19900,-100,1000,"bu","11:20:58",3224300
19900,-100,1000,"bu","11:20:53",3223300
19900,-100,1000,"bu","11:20:17",3222300
19900,-100,2000,"bu","11:20:12",3221300
19900,-100,200,"bu","11:20:10",3219300
19900,-100,300,"bu","11:20:02",3219100
19900,-100,1500,"bu","11:19:47",3218800
19900,-100,200,"bu","11:19:29",3217300
19900,-100,19000,"bu","11:18:48",3217100
19900,-100,300,"bu","11:18:23",3198100
19800,-200,200,"sd","11:18:10",3197800
19900,-100,700,"bu","11:18:06",3197600
19900,-100,300,"bu","11:18:03",3196900
19900,-100,300,"bu","11:17:54",3196600
19900,-100,1200,"bu","11:17:42",3196300
19900,-100,100,"bu","11:17:24",3195100
19900,-100,200,"bu","11:17:23",3195000
19900,-100,400,"bu","11:16:52",3194800
19900,-100,100,"bu","11:16:11",3194400
19900,-100,1000,"bu","11:15:58",3194300
19900,-100,19100,"bu","11:15:48",3193300
19900,-100,100,"sd","11:14:40",3174200
19900,-100,900,"sd","11:13:51",3174100
19900,-100,3600,"bu","11:12:51",3173200
19900,-100,200,"bu","11:12:50",3169600
19900,-100,600,"bu","11:12:49",3169400
19900,-100,1000,"bu","11:12:44",3168800
19900,-100,1000,"bu","11:12:43",3167800
19900,-100,3000,"bu","11:12:41",3166800
19900,-100,21000,"bu","11:12:38",3163800
19900,-100,200,"bu","11:12:35",3142800
19900,-100,9400,"bu","11:12:31",3142600
19900,-100,41400,"bu","11:12:22",3133200
19900,-100,600,"bu","11:12:15",3091800
19900,-100,200,"bu","11:12:06",3091200
19900,-100,100,"bu","11:12:05",3091000
19800,-200,400,"sd","11:12:01",3090900
19900,-100,1000,"bu","11:11:36",3090500
19900,-100,3000,"bu","11:11:32",3089500
19900,-100,1000,"bu","11:11:28",3086500
19900,-100,100,"bu","11:11:25",3085500
19900,-100,3000,"bu","11:11:24",3085400
19900,-100,5000,"bu","11:11:19",3082400
19900,-100,3000,"bu","11:11:14",3077400
19900,-100,3200,"bu","11:11:08",3074400
19900,-100,2600,"bu","11:11:05",3071200
19900,-100,1500,"bu","11:10:52",3068600
19900,-100,200,"bu","11:10:36",3067100
19900,-100,5000,"bu","11:10:19",3066900
19900,-100,5000,"bu","11:10:16",3061900
19900,-100,100,"bu","11:10:14",3056900
19900,-100,1000,"bu","11:10:11",3056800
19900,-100,1900,"bu","11:10:08",3055800
19900,-100,100,"bu","11:10:06",3053900
19900,-100,600,"bu","11:10:05",3053800
19900,-100,200,"bu","11:09:57",3053200
19900,-100,100,"bu","11:09:54",3053000
19900,-100,300,"bu","11:09:52",3052900
19900,-100,100,"bu","11:09:49",3052600
19900,-100,100,"bu","11:09:44",3052500
19900,-100,1000,"bu","11:09:31",3052400
19900,-100,500,"bu","11:09:30",3051400
19900,-100,300,"bu","11:09:25",3050900
19900,-100,200,"bu","11:09:22",3050600
19900,-100,800,"bu","11:09:11",3050400
19900,-100,200,"bu","11:09:06",3049600
19900,-100,300,"bu","11:09:05",3049400
19900,-100,1000,"bu","11:08:54",3049100
19900,-100,5000,"bu","11:08:53",3048100
19900,-100,5000,"bu","11:08:50",3043100
19900,-100,1000,"bu","11:08:47",3038100
19900,-100,900,"bu","11:08:46",3037100
19900,-100,500,"bu","11:08:32",3036200
19900,-100,5000,"bu","11:08:30",3035700
19900,-100,900,"bu","11:08:16",3030700
19900,-100,1000,"bu","11:08:11",3029800
19900,-100,1200,"bu","11:08:08",3028800
19900,-100,5000,"bu","11:07:50",3027600
19900,-100,100,"bu","11:07:49",3022600
19900,-100,2000,"bu","11:07:48",3022500
19900,-100,100,"bu","11:07:45",3020500
19900,-100,5000,"bu","11:07:39",3020400
19900,-100,300,"bu","11:07:17",3015400
19800,-200,2000,"sd","11:07:14",3015100
19800,-200,3000,"sd","11:07:08",3013100
19900,-100,100,"bu","11:06:52",3010100
19900,-100,200,"bu","11:06:51",3010000
19900,-100,100,"bu","11:06:41",3009800
19900,-100,200,"bu","11:06:40",3009700
19900,-100,500,"bu","11:06:35",3009500
19900,-100,200,"bu","11:06:23",3009000
19900,-100,200,"bu","11:06:15",3008800
19900,-100,3000,"bu","11:06:12",3008600
19900,-100,2000,"bu","11:05:58",3005600
19900,-100,1200,"bu","11:05:43",3003600
19900,-100,100,"bu","11:05:38",3002400
19900,-100,400,"bu","11:05:19",3002300
19900,-100,100,"bu","11:05:18",3001900
19900,-100,10700,"bu","11:05:15",3001800
19900,-100,5200,"bu","11:04:54",2991100
19900,-100,600,"bu","11:04:53",2985900
19900,-100,500,"bu","11:04:48",2985300
19900,-100,1000,"bu","11:04:34",2984800
19900,-100,300,"bu","11:04:18",2983800
19900,-100,500,"bu","11:03:53",2983500
19900,-100,100,"bu","11:03:42",2983000
19900,-100,100,"bu","11:03:33",2982900
19800,-200,1500,"sd","11:02:40",2982800
19900,-100,1000,"bu","11:02:26",2981300
19900,-100,2000,"bu","11:02:25",2980300
19900,-100,500,"bu","11:02:19",2978300
19900,-100,100,"bu","11:01:58",2977800
19900,-100,100,"bu","11:01:05",2977700
19900,-100,500,"bu","11:01:02",2977600
19900,-100,200,"bu","11:00:37",2977100
19900,-100,20400,"bu","11:00:29",2976900
19900,-100,1000,"bu","11:00:27",2956500
19900,-100,500,"bu","11:00:21",2955500
19900,-100,1000,"bu","10:59:55",2955000
19800,-200,100,"sd","10:59:44",2954000
19900,-100,200,"bu","10:59:40",2953900
19900,-100,1100,"bu","10:59:29",2953700
19900,-100,200,"bu","10:59:02",2952600
19900,-100,500,"bu","10:58:48",2952400
19900,-100,72200,"sd","10:58:44",2951900
19900,-100,3000,"sd","10:58:12",2879700
19900,-100,200,"sd","10:58:01",2876700
19900,-100,300,"sd","10:57:56",2876500
19900,-100,300,"sd","10:57:51",2876200
19900,-100,1400,"sd","10:57:42",2875900
19900,-100,500,"sd","10:57:20",2874500
20000,0,1400,"bu","10:57:19",2874000
19900,-100,200,"sd","10:56:32",2872600
19900,-100,100,"sd","10:55:06",2872400
19900,-100,500,"sd","10:54:37",2872300
19900,-100,11500,"sd","10:54:29",2871800
19900,-100,5000,"bu","10:54:25",2860300
19900,-100,2000,"bu","10:54:24",2855300
19900,-100,800,"bu","10:54:21",2853300
19900,-100,100,"bu","10:54:11",2852500
19900,-100,100,"bu","10:54:07",2852400
19900,-100,11000,"bu","10:54:03",2852300
19900,-100,2000,"bu","10:54:02",2841300
19900,-100,6000,"bu","10:54:01",2839300
19900,-100,5000,"bu","10:53:59",2833300
19900,-100,5000,"bu","10:53:55",2828300
19900,-100,5000,"bu","10:53:47",2823300
19900,-100,3900,"bu","10:53:42",2818300
19900,-100,100,"bu","10:53:41",2814400
19900,-100,2000,"bu","10:53:38",2814300
19900,-100,100,"bu","10:53:30",2812300
19900,-100,100,"bu","10:53:21",2812200
19900,-100,500,"bu","10:53:16",2812100
19900,-100,100,"bu","10:53:12",2811600
19900,-100,1000,"bu","10:53:08",2811500
19900,-100,1000,"bu","10:52:52",2810500
19900,-100,100,"bu","10:52:48",2809500
19900,-100,100,"bu","10:52:47",2809400
19900,-100,2000,"bu","10:52:27",2809300
19900,-100,3000,"bu","10:52:15",2807300
19900,-100,500,"bu","10:52:07",2804300
19900,-100,600,"bu","10:52:04",2803800
19900,-100,600,"bu","10:51:54",2803200
19900,-100,100,"bu","10:51:48",2802600
19900,-100,1000,"bu","10:51:44",2802500
19900,-100,2000,"bu","10:51:40",2801500
19900,-100,200,"sd","10:51:34",2799500
19900,-100,5300,"bu","10:51:28",2799300
19900,-100,1000,"bu","10:51:27",2794000
19900,-100,200,"bu","10:51:26",2793000
19900,-100,100,"bu","10:51:20",2792800
19900,-100,1000,"bu","10:51:14",2792700
19900,-100,300,"bu","10:51:10",2791700
19900,-100,5000,"bu","10:51:03",2791400
19900,-100,1000,"bu","10:50:49",2786400
19900,-100,200,"bu","10:50:47",2785400
19900,-100,400,"bu","10:50:43",2785200
19900,-100,100,"bu","10:50:35",2784800
19900,-100,2500,"bu","10:50:34",2784700
19900,-100,300,"bu","10:50:33",2782200
19900,-100,5000,"bu","10:50:31",2781900
19900,-100,400,"bu","10:50:23",2776900
19900,-100,1000,"bu","10:50:19",2776500
19900,-100,400,"bu","10:50:07",2775500
19900,-100,1000,"bu","10:49:58",2775100
19900,-100,200,"bu","10:49:38",2774100
19900,-100,500,"bu","10:49:28",2773900
19900,-100,700,"bu","10:49:26",2773400
19900,-100,3100,"bu","10:49:15",2772700
19900,-100,300,"bu","10:49:13",2769600
19900,-100,700,"bu","10:49:00",2769300
19900,-100,100,"bu","10:48:58",2768600
19900,-100,100,"bu","10:48:55",2768500
19900,-100,1000,"bu","10:48:50",2768400
19900,-100,500,"bu","10:48:47",2767400
19900,-100,400,"bu","10:48:40",2766900
19900,-100,2000,"bu","10:48:37",2766500
19900,-100,1000,"bu","10:48:33",2764500
19900,-100,600,"bu","10:48:27",2763500
19900,-100,200,"bu","10:48:22",2762900
19900,-100,100,"bu","10:48:19",2762700
19900,-100,200,"bu","10:48:16",2762600
19900,-100,1000,"bu","10:48:06",2762400
19900,-100,200,"bu","10:48:01",2761400
19900,-100,200,"bu","10:47:58",2761200
19900,-100,1200,"bu","10:47:56",2761000
19900,-100,2000,"bu","10:47:53",2759800
19900,-100,300,"bu","10:47:47",2757800
19900,-100,90900,"sd","10:47:46",2757500
19900,-100,1000,"sd","10:47:37",2666600
20000,0,10000,"bu","10:47:15",2665600
20000,0,200,"bu","10:46:28",2655600
20000,0,1000,"bu","10:45:21",2655400
19900,-100,100,"sd","10:44:58",2654400
19900,-100,100,"bu","10:44:57",2654300
19900,-100,100,"bu","10:44:49",2654200
19900,-100,29700,"sd","10:44:39",2654100
19900,-100,500,"sd","10:44:11",2624400
19900,-100,1000,"sd","10:42:52",2623900
19900,-100,700,"sd","10:42:27",2622900
19900,-100,3000,"sd","10:41:41",2622200
19900,-100,27500,"bu","10:40:31",2619200
19900,-100,2000,"bu","10:40:30",2591700
19900,-100,1200,"bu","10:40:25",2589700
19900,-100,400,"bu","10:40:21",2588500
19900,-100,200,"bu","10:40:10",2588100
19900,-100,100,"bu","10:40:09",2587900
19900,-100,2100,"bu","10:40:06",2587800
19900,-100,66500,"bu","10:39:55",2585700
19900,-100,2000,"sd","10:39:21",2519200
19900,-100,1000,"sd","10:39:15",2517200
20000,0,100,"bu","10:38:42",2516200
19900,-100,1800,"sd","10:38:41",2516100
20000,0,100,"bu","10:38:34",2514300
19900,-100,300,"sd","10:38:01",2514200
19900,-100,500,"bu","10:37:52",2513900
19900,-100,100,"bu","10:37:42",2513400
19900,-100,100,"bu","10:37:39",2513300
19900,-100,1500,"bu","10:37:30",2513200
19900,-100,200,"bu","10:37:06",2511700
19900,-100,500,"bu","10:37:04",2511500
19900,-100,500,"bu","10:36:59",2511000
19900,-100,2500,"bu","10:36:58",2510500
19900,-100,100,"bu","10:36:56",2508000
19900,-100,1000,"bu","10:36:54",2507900
19900,-100,1000,"bu","10:36:53",2506900
19900,-100,300,"bu","10:36:52",2505900
19900,-100,900,"bu","10:36:44",2505600
19900,-100,1100,"bu","10:36:37",2504700
19900,-100,200,"bu","10:36:36",2503600
19900,-100,100,"bu","10:36:35",2503400
19900,-100,2000,"bu","10:36:29",2503300
19900,-100,100,"bu","10:36:28",2501300
19900,-100,100,"bu","10:36:26",2501200
19900,-100,100,"bu","10:36:21",2501100
19900,-100,100,"bu","10:36:20",2501000
19900,-100,900,"bu","10:36:14",2500900
19900,-100,100,"bu","10:36:13",2500000
19900,-100,100,"bu","10:36:07",2499900
19900,-100,500,"bu","10:36:04",2499800
19900,-100,3000,"bu","10:36:00",2499300
19900,-100,200,"bu","10:35:59",2496300
19900,-100,100,"bu","10:35:54",2496100
19800,-200,3500,"sd","10:35:52",2496000
19900,-100,500,"bu","10:35:47",2492500
19900,-100,20000,"bu","10:35:44",2492000
19900,-100,300,"bu","10:35:43",2472000
19900,-100,200,"bu","10:35:38",2471700
19900,-100,100,"bu","10:35:32",2471500
19900,-100,75900,"sd","10:35:27",2471400
19900,-100,1000,"sd","10:35:11",2395500
19900,-100,100,"sd","10:34:47",2394500
19900,-100,1900,"bu","10:34:39",2394400
19900,-100,200,"bu","10:34:38",2392500
19900,-100,500,"bu","10:34:37",2392300
19900,-100,3000,"bu","10:34:32",2391800
19900,-100,1000,"bu","10:34:31",2388800
19900,-100,25000,"bu","10:34:26",2387800
19900,-100,2000,"bu","10:34:24",2362800
19900,-100,200,"bu","10:34:13",2360800
19900,-100,500,"bu","10:34:12",2360600
19900,-100,100,"bu","10:34:05",2360100
19900,-100,3000,"bu","10:34:01",2360000
19900,-100,1800,"bu","10:33:56",2357000
19900,-100,500,"bu","10:33:55",2355200
19900,-100,500,"bu","10:33:54",2354700
19900,-100,1000,"bu","10:33:52",2354200
19900,-100,5000,"bu","10:33:51",2353200
19900,-100,1000,"bu","10:33:42",2348200
19900,-100,100,"bu","10:33:40",2347200
19900,-100,200,"bu","10:33:38",2347100
19900,-100,73700,"sd","10:33:34",2346900
20000,0,100,"bu","10:33:19",2273200
19900,-100,100,"bu","10:32:49",2273100
19900,-100,600,"bu","10:32:48",2273000
19900,-100,2000,"bu","10:32:43",2272400
19900,-100,5000,"bu","10:32:41",2270400
19900,-100,1000,"bu","10:32:40",2265400
19900,-100,2000,"bu","10:32:39",2264400
19900,-100,200,"bu","10:32:24",2262400
19900,-100,29100,"bu","10:32:20",2262200
19900,-100,500,"sd","10:32:09",2233100
19900,-100,700,"sd","10:31:46",2232600
19900,-100,1000,"sd","10:31:34",2231900
19900,-100,500,"sd","10:30:49",2230900
19900,-100,23100,"sd","10:30:26",2230400
19900,-100,500,"bu","10:30:08",2207300
19900,-100,500,"bu","10:30:05",2206800
19900,-100,3300,"bu","10:30:04",2206300
19900,-100,100,"bu","10:30:02",2203000
19900,-100,2800,"bu","10:29:51",2202900
19900,-100,10000,"sd","10:29:39",2200100
19900,-100,5800,"sd","10:29:24",2190100
19900,-100,100,"bu","10:29:20",2184300
19900,-100,8600,"bu","10:29:14",2184200
19900,-100,5000,"bu","10:29:10",2175600
19900,-100,5000,"bu","10:29:07",2170600
19900,-100,1000,"bu","10:29:05",2165600
19900,-100,600,"bu","10:29:00",2164600
19900,-100,100,"bu","10:28:54",2164000
19900,-100,38800,"bu","10:28:41",2163900
19900,-100,300,"sd","10:28:18",2125100
19900,-100,900,"sd","10:28:02",2124800
19900,-100,100,"bu","10:28:00",2123900
19900,-100,100,"bu","10:27:59",2123800
19900,-100,1000,"bu","10:27:57",2123700
19900,-100,300,"bu","10:27:52",2122700
19900,-100,2000,"bu","10:27:50",2122400
19900,-100,300,"bu","10:27:48",2120400
19900,-100,5300,"bu","10:27:47",2120100
19900,-100,300,"sd","10:27:37",2114800
19900,-100,2500,"bu","10:27:36",2114500
19900,-100,100,"bu","10:27:34",2112000
19900,-100,1000,"bu","10:27:33",2111900
19900,-100,100,"bu","10:27:25",2110900
19900,-100,5000,"bu","10:27:22",2110800
19900,-100,9900,"bu","10:27:19",2105800
19900,-100,100,"bu","10:27:18",2095900
19900,-100,1000,"bu","10:27:17",2095800
19900,-100,500,"bu","10:27:16",2094800
19900,-100,500,"bu","10:27:03",2094300
19900,-100,2000,"bu","10:27:00",2093800
19900,-100,177100,"bu","10:26:51",2091800
20000,0,100,"bu","10:26:39",1914700
19900,-100,2000,"sd","10:26:01",1914600
19900,-100,33700,"sd","10:25:54",1912600
19900,-100,100,"bu","10:25:47",1878900
19900,-100,2000,"bu","10:25:46",1878800
19900,-100,1200,"bu","10:25:41",1876800
19900,-100,700,"bu","10:25:39",1875600
19900,-100,500,"bu","10:25:34",1874900
19900,-100,100,"bu","10:25:33",1874400
19900,-100,100,"bu","10:25:29",1874300
19900,-100,100,"bu","10:25:28",1874200
19900,-100,100,"bu","10:25:26",1874100
19900,-100,6000,"bu","10:25:25",1874000
19900,-100,500,"bu","10:25:23",1868000
19900,-100,100,"bu","10:25:20",1867500
19900,-100,500,"bu","10:25:19",1867400
19900,-100,100,"bu","10:25:07",1866900
19900,-100,54200,"bu","10:25:03",1866800
19900,-100,500,"sd","10:24:29",1812600
19900,-100,100,"sd","10:23:54",1812100
19900,-100,700,"sd","10:23:45",1812000
19900,-100,24000,"sd","10:23:05",1811300
19900,-100,500,"bu","10:23:04",1787300
19900,-100,10100,"bu","10:23:03",1786800
19900,-100,100,"bu","10:23:00",1776700
19900,-100,1300,"bu","10:22:52",1776600
19900,-100,700,"bu","10:22:49",1775300
19900,-100,2000,"bu","10:22:48",1774600
19900,-100,2100,"bu","10:22:46",1772600
19900,-100,200,"bu","10:22:35",1770500
19900,-100,59500,"bu","10:22:34",1770300
19900,-100,3000,"sd","10:22:28",1710800
20000,0,7000,"bu","10:22:22",1707800
19900,-100,1000,"sd","10:21:47",1700800
19900,-100,5000,"sd","10:21:28",1699800
19900,-100,200,"sd","10:21:00",1694800
19900,-100,18000,"sd","10:20:58",1694600
19900,-100,1800,"sd","10:20:46",1676600
19900,-100,2000,"sd","10:20:11",1674800
19900,-100,13700,"sd","10:20:02",1672800
19900,-100,1000,"sd","10:19:39",1659100
19900,-100,100000,"sd","10:19:20",1658100
19900,-100,2000,"sd","10:18:33",1558100
19900,-100,300,"sd","10:18:15",1556100
19900,-100,1100,"sd","10:18:03",1555800
19900,-100,200,"sd","10:18:00",1554700
19900,-100,79500,"sd","10:17:57",1554500
19900,-100,100,"sd","10:17:30",1475000
19900,-100,500,"sd","10:17:26",1474900
19900,-100,1000,"sd","10:17:21",1474400
19900,-100,1000,"sd","10:16:59",1473400
19900,-100,14200,"sd","10:16:55",1472400
19900,-100,1000,"sd","10:16:47",1458200
19900,-100,1000,"sd","10:16:46",1457200
19900,-100,5000,"sd","10:16:43",1456200
19900,-100,3000,"sd","10:16:41",1451200
19900,-100,500,"sd","10:16:20",1448200
20000,0,10000,"bu","10:16:08",1447700
19900,-100,500,"sd","10:15:35",1437700
19900,-100,200,"bu","10:15:34",1437200
19900,-100,1000,"bu","10:15:33",1437000
19900,-100,100,"bu","10:15:32",1436000
19900,-100,11000,"bu","10:15:31",1435900
19900,-100,4100,"bu","10:15:29",1424900
19900,-100,100,"bu","10:15:28",1420800
19900,-100,5800,"bu","10:15:26",1420700
19900,-100,1000,"bu","10:15:25",1414900
19900,-100,1700,"bu","10:15:24",1413900
19900,-100,2000,"bu","10:15:22",1412200
19900,-100,1700,"bu","10:15:21",1410200
19900,-100,100,"bu","10:15:19",1408500
19900,-100,200,"bu","10:15:18",1408400
19900,-100,8300,"bu","10:15:17",1408200
19900,-100,1000,"bu","10:15:16",1399900
19900,-100,100,"bu","10:15:15",1398900
19900,-100,5000,"bu","10:15:14",1398800
19900,-100,2100,"bu","10:15:13",1393800
19900,-100,500,"bu","10:15:12",1391700
19900,-100,20500,"bu","10:15:11",1391200
19900,-100,100,"bu","10:15:08",1370700
19900,-100,1000,"bu","10:15:07",1370600
19900,-100,100,"bu","10:15:06",1369600
19900,-100,100,"bu","10:15:05",1369500
19900,-100,3500,"bu","10:15:03",1369400
19900,-100,100,"bu","10:15:00",1365900
19900,-100,10200,"bu","10:14:58",1365800
19900,-100,100,"bu","10:14:56",1355600
19900,-100,600,"bu","10:14:55",1355500
19900,-100,2000,"bu","10:14:54",1354900
19900,-100,100,"bu","10:14:53",1352900
19900,-100,500,"bu","10:14:50",1352800
19900,-100,7500,"bu","10:14:49",1352300
19900,-100,100,"bu","10:14:45",1344800
19900,-100,2100,"bu","10:14:43",1344700
19900,-100,300,"bu","10:14:41",1342600
19900,-100,1500,"bu","10:14:36",1342300
19900,-100,500,"bu","10:14:35",1340800
19900,-100,13400,"bu","10:14:33",1340300
19900,-100,3700,"bu","10:14:31",1326900
19900,-100,500,"bu","10:14:30",1323200
19900,-100,200,"bu","10:14:25",1322700
19900,-100,200,"bu","10:14:24",1322500
19900,-100,1000,"bu","10:14:23",1322300
19900,-100,10000,"bu","10:14:21",1321300
19900,-100,1000,"bu","10:14:11",1311300
19900,-100,2000,"bu","10:14:08",1310300
19900,-100,1000,"bu","10:14:04",1308300
19900,-100,200,"bu","10:14:02",1307300
19900,-100,100,"bu","10:13:59",1307100
19900,-100,1000,"bu","10:13:58",1307000
19900,-100,500,"bu","10:13:57",1306000
19900,-100,400,"bu","10:13:55",1305500
19900,-100,100,"bu","10:13:52",1305100
19900,-100,5000,"bu","10:13:50",1305000
19900,-100,2000,"bu","10:13:49",1300000
19900,-100,1500,"bu","10:13:38",1298000
19900,-100,368800,"bu","10:13:25",1296500
20000,0,1000,"bu","10:13:24",927700
20000,0,1800,"bu","10:13:23",926700
20000,0,700,"bu","10:13:22",924900
20000,0,500,"bu","10:13:21",924200
20000,0,500,"bu","10:12:58",923700
20000,0,100,"bu","10:12:48",923200
19900,-100,100,"sd","10:12:36",923100
19900,-100,300,"sd","10:12:20",923000
19900,-100,100,"sd","10:12:03",922700
19900,-100,500,"sd","10:11:48",922600
20000,0,1000,"bu","10:11:45",922100
19900,-100,200,"sd","10:11:31",921100
20000,0,500,"bu","10:11:25",920900
20000,0,1000,"bu","10:11:06",920400
20000,0,800,"bu","10:10:55",919400
20000,0,100,"bu","10:10:43",918600
20000,0,200,"bu","10:10:38",918500
20000,0,100,"bu","10:10:28",918300
20000,0,1000,"bu","10:10:16",918200
20000,0,2000,"bu","10:10:11",917200
20000,0,500,"bu","10:09:57",915200
19900,-100,100,"sd","10:09:25",914700
19900,-100,5000,"sd","10:08:34",914600
19900,-100,700,"sd","10:08:21",909600
20000,0,3000,"bu","10:08:17",908900
19900,-100,100,"sd","10:08:13",905900
19900,-100,300,"sd","10:07:30",905800
20000,0,500,"bu","10:07:16",905500
20000,0,10000,"bu","10:07:00",905000
19900,-100,600,"sd","10:06:54",895000
19900,-100,5000,"sd","10:06:50",894400
19900,-100,200,"sd","10:06:13",889400
19900,-100,200,"sd","10:05:33",889200
20000,0,100,"bu","10:05:28",889000
20000,0,1000,"bu","10:04:55",888900
20000,0,12000,"bu","10:04:14",887900
20000,0,200,"bu","10:04:12",875900
20000,0,200,"bu","10:04:11",875700
20000,0,500,"bu","10:03:48",875500
20000,0,300,"bu","10:03:41",875000
19900,-100,200,"sd","10:03:38",874700
20000,0,100,"bu","10:03:37",874500
20000,0,1000,"bu","10:03:31",874400
20000,0,3200,"bu","10:03:03",873400
20000,0,300,"bu","10:02:38",870200
20000,0,1000,"bu","10:02:34",869900
20000,0,500,"bu","10:02:30",868900
20000,0,500,"bu","10:01:40",868400
20000,0,100,"bu","10:01:27",867900
20000,0,100,"bu","10:01:19",867800
20000,0,200,"bu","09:59:29",867700
20000,0,2000,"bu","09:59:20",867500
20000,0,1000,"bu","09:59:19",865500
20000,0,100,"bu","09:59:18",864500
20000,0,100,"bu","09:59:09",864400
20000,0,20000,"bu","09:59:05",864300
20000,0,300,"bu","09:58:25",844300
20000,0,500,"bu","09:57:48",844000
20000,0,100,"bu","09:57:42",843500
20000,0,2000,"bu","09:57:39",843400
20000,0,3000,"bu","09:57:37",841400
20000,0,2000,"bu","09:57:33",838400
20000,0,5000,"bu","09:57:30",836400
20000,0,100,"bu","09:56:51",831400
20000,0,3000,"bu","09:56:50",831300
20000,0,100,"bu","09:56:35",828300
20000,0,2000,"bu","09:56:19",828200
20000,0,700,"bu","09:56:05",826200
20000,0,500,"bu","09:55:54",825500
20000,0,5000,"bu","09:55:50",825000
20000,0,1000,"bu","09:55:48",820000
20000,0,1000,"bu","09:55:43",819000
20000,0,10000,"bu","09:55:38",818000
20000,0,5100,"bu","09:55:32",808000
20000,0,1000,"bu","09:55:23",802900
20000,0,800,"bu","09:55:22",801900
20000,0,2500,"bu","09:55:20",801100
20000,0,500,"bu","09:55:11",798600
20000,0,11000,"bu","09:55:08",798100
20000,0,1000,"bu","09:55:02",787100
20000,0,300,"bu","09:54:39",786100
20000,0,100,"bu","09:54:35",785800
20000,0,200,"bu","09:54:34",785700
20000,0,500,"bu","09:54:24",785500
20000,0,200,"bu","09:54:23",785000
20000,0,100,"bu","09:54:20",784800
20000,0,1000,"bu","09:54:02",784700
20000,0,2000,"bu","09:53:55",783700
20000,0,500,"bu","09:53:54",781700
20000,0,1000,"bu","09:53:52",781200
20000,0,5000,"bu","09:53:48",780200
20000,0,2000,"bu","09:53:36",775200
20000,0,2000,"bu","09:53:26",773200
20000,0,5000,"bu","09:53:22",771200
20000,0,5000,"bu","09:53:03",766200
19900,-100,200,"sd","09:52:50",761200
19900,-100,100,"sd","09:52:46",761000
19900,-100,200,"sd","09:52:29",760900
19900,-100,3000,"sd","09:51:54",760700
19900,-100,100,"sd","09:51:37",757700
20000,0,200,"bu","09:51:29",757600
20000,0,200,"bu","09:51:24",757400
20000,0,5000,"bu","09:51:19",757200
20000,0,2000,"bu","09:51:09",752200
20000,0,1000,"bu","09:51:05",750200
20000,0,2000,"bu","09:50:52",749200
19900,-100,20000,"sd","09:50:47",747200
20000,0,1000,"bu","09:50:14",727200
20000,0,400,"bu","09:49:15",726200
20000,0,2000,"bu","09:49:02",725800
20000,0,200,"bu","09:48:58",723800
20000,0,500,"bu","09:48:56",723600
20000,0,200,"bu","09:48:54",723100
20000,0,300,"bu","09:48:18",722900
20000,0,1600,"bu","09:48:07",722600
20000,0,4000,"bu","09:48:03",721000
19900,-100,1000,"sd","09:48:01",717000
20000,0,2000,"bu","09:47:54",716000
19900,-100,2800,"sd","09:47:35",714000
20000,0,3000,"bu","09:47:34",711200
20000,0,100,"bu","09:47:27",708200
20000,0,500,"bu","09:47:23",708100
20000,0,200,"bu","09:47:13",707600
20000,0,100,"bu","09:47:09",707400
20000,0,20000,"bu","09:47:06",707300
20000,0,800,"bu","09:46:41",687300
20000,0,100,"bu","09:46:27",686500
20000,0,500,"bu","09:46:20",686400
19900,-100,100,"sd","09:46:16",685900
20000,0,2000,"bu","09:45:59",685800
20000,0,200,"bu","09:45:22",683800
20000,0,1000,"bu","09:45:09",683600
20000,0,1000,"bu","09:45:01",682600
20000,0,100,"bu","09:44:59",681600
20000,0,100,"bu","09:44:56",681500
20000,0,500,"bu","09:44:38",681400
19900,-100,1000,"sd","09:44:32",680900
20000,0,100,"bu","09:44:25",679900
19900,-100,3100,"sd","09:44:09",679800
20000,0,100,"bu","09:44:06",676700
20000,0,200,"bu","09:44:03",676600
20000,0,500,"bu","09:43:59",676400
20000,0,2500,"bu","09:43:57",675900
20000,0,13200,"bu","09:43:56",673400
20000,0,17000,"bu","09:43:50",660200
20000,0,100,"bu","09:43:46",643200
20000,0,800,"bu","09:43:39",643100
20000,0,500,"bu","09:43:37",642300
20000,0,2000,"bu","09:43:35",641800
20000,0,1800,"bu","09:43:30",639800
20000,0,400,"bu","09:43:29",638000
20000,0,200,"bu","09:43:27",637600
20000,0,2000,"bu","09:43:20",637400
20000,0,100,"bu","09:43:18",635400
20000,0,500,"bu","09:43:17",635300
20000,0,500,"bu","09:43:14",634800
20000,0,100,"bu","09:43:12",634300
20000,0,100,"bu","09:43:03",634200
20000,0,20000,"bu","09:43:02",634100
19900,-100,1900,"sd","09:42:54",614100
19900,-100,6000,"sd","09:41:47",612200
19900,-100,900,"sd","09:41:43",606200
20000,0,2600,"bu","09:41:42",605300
19900,-100,5000,"sd","09:41:24",602700
19900,-100,300,"sd","09:41:19",597700
19900,-100,5100,"sd","09:41:14",597400
19900,-100,1000,"sd","09:40:54",592300
20000,0,2000,"bu","09:40:41",591300
19900,-100,1300,"sd","09:40:20",589300
20000,0,1000,"bu","09:39:39",588000
20000,0,500,"bu","09:39:31",587000
20000,0,1000,"bu","09:38:51",586500
20000,0,500,"bu","09:38:45",585500
20000,0,200,"bu","09:38:37",585000
20000,0,400,"bu","09:38:33",584800
20000,0,4000,"bu","09:38:12",584400
20000,0,100,"bu","09:38:11",580400
20000,0,400,"bu","09:38:02",580300
20000,0,200,"bu","09:37:38",579900
20000,0,100,"bu","09:37:04",579700
20000,0,1000,"bu","09:36:49",579600
20000,0,1500,"bu","09:36:34",578600
20000,0,10000,"bu","09:36:08",577100
19900,-100,1000,"sd","09:36:06",567100
19900,-100,2500,"sd","09:35:58",566100
19900,-100,200,"sd","09:35:54",563600
19900,-100,300,"sd","09:35:07",563400
19900,-100,2000,"sd","09:34:41",563100
20000,0,200,"bu","09:34:34",561100
20000,0,300,"bu","09:34:10",560900
19900,-100,2000,"sd","09:33:51",560600
19900,-100,1500,"sd","09:32:59",558600
20000,0,100,"bu","09:32:58",557100
19900,-100,2000,"sd","09:32:20",557000
20000,0,1000,"bu","09:32:07",555000
20000,0,5000,"bu","09:31:47",554000
20000,0,200,"bu","09:31:40",549000
20000,0,1000,"bu","09:31:39",548800
20000,0,10000,"bu","09:31:38",547800
20000,0,700,"bu","09:31:34",537800
20000,0,500,"bu","09:31:14",537100
20000,0,5000,"bu","09:31:12",536600
20000,0,5000,"bu","09:30:58",531600
19900,-100,10000,"sd","09:30:05",526600
20000,0,200,"bu","09:29:58",516600
20000,0,100,"bu","09:29:56",516400
20000,0,600,"bu","09:29:22",516300
20000,0,130000,"sd","09:29:15",515700
20000,0,2000,"sd","09:29:06",385700
20100,100,100,"bu","09:28:58",383700
20000,0,10000,"sd","09:28:54",383600
20100,100,300,"bu","09:28:38",373600
20000,0,14400,"sd","09:27:51",373300
20100,100,700,"bu","09:27:25",358900
20100,100,200,"bu","09:27:18",358200
20100,100,500,"bu","09:27:04",358000
20100,100,100,"bu","09:26:24",357500
20100,100,3000,"bu","09:26:13",357400
20100,100,10000,"bu","09:26:03",354400
20000,0,1500,"sd","09:24:43",344400
20100,100,100,"bu","09:24:25",342900
20100,100,100,"bu","09:24:22",342800
20100,100,200,"bu","09:24:06",342700
20100,100,500,"bu","09:23:45",342500
20100,100,1300,"bu","09:23:20",342000
20100,100,2000,"bu","09:23:05",340700
20000,0,2400,"sd","09:22:26",338700
20000,0,500,"sd","09:22:15",336300
20100,100,200,"bu","09:22:08",335800
20100,100,5000,"bu","09:22:06",335600
20100,100,1000,"bu","09:21:40",330600
20100,100,700,"bu","09:21:39",329600
20000,0,22000,"sd","09:21:26",328900
20100,100,100,"bu","09:21:22",306900
20100,100,500,"bu","09:21:09",306800
20000,0,500,"sd","09:20:41",306300
20000,0,1000,"sd","09:20:17",305800
20100,100,3000,"bu","09:20:00",304800
20100,100,1400,"bu","09:19:46",301800
20100,100,100,"bu","09:19:41",300400
20100,100,300,"bu","09:19:38",300300
20100,100,1000,"bu","09:19:33",300000
20100,100,200,"bu","09:19:15",299000
20100,100,500,"bu","09:19:12",298800
20100,100,100,"bu","09:18:47",298300
20100,100,200,"bu","09:18:18",298200
20000,0,3500,"sd","09:18:17",298000
20100,100,300,"bu","09:18:04",294500
20100,100,1000,"bu","09:17:45",294200
20100,100,100,"bu","09:17:36",293200
20000,0,1000,"sd","09:17:22",293100
20000,0,30000,"sd","09:16:38",292100
20000,0,2000,"sd","09:15:56",262100
20000,0,200,"sd","09:15:23",260100
20000,0,20000,"sd","09:14:42",259900
20100,100,600,"bu","09:14:33",239900
20100,100,200,"bu","09:13:52",239300
20100,100,100,"bu","09:13:45",239100
20100,100,14100,"sd","09:13:42",239000
20100,100,200,"sd","09:13:23",224900
20100,100,4000,"sd","09:13:14",224700
20100,100,100,"bu","09:12:46",220700
20100,100,2000,"bu","09:12:41",220600
20100,100,1000,"bu","09:12:33",218600
20100,100,16900,"bu","09:12:27",217600
20100,100,100,"sd","09:12:24",200700
20100,100,9300,"sd","09:11:57",200600
20100,100,18000,"bu","09:11:54",191300
20100,100,700,"bu","09:11:53",173300
20100,100,2500,"bu","09:11:47",172600
20100,100,1000,"bu","09:11:39",170100
20100,100,20000,"bu","09:11:33",169100
20100,100,1000,"bu","09:11:28",149100
20100,100,200,"bu","09:11:16",148100
20100,100,1000,"bu","09:11:07",147900
20100,100,300,"bu","09:10:56",146900
20100,100,200,"bu","09:10:39",146600
20100,100,500,"bu","09:10:15",146400
20100,100,100,"bu","09:10:11",145900
20100,100,1000,"bu","09:09:49",145800
20100,100,1000,"bu","09:09:33",144800
20100,100,10000,"bu","09:09:24",143800
20000,0,2000,"sd","09:08:43",133800
20000,0,4700,"sd","09:07:49",131800
20000,0,4000,"sd","09:07:27",127100
20000,0,10000,"sd","09:07:01",123100
20000,0,1000,"sd","09:06:49",113100
20000,0,400,"bu","09:06:19",112100
20000,0,1000,"bu","09:06:18",111700
20000,0,2000,"bu","09:06:15",110700
20000,0,1000,"bu","09:06:14",108700
20000,0,300,"bu","09:06:13",107700
20000,0,1000,"bu","09:06:10",107400
20000,0,1000,"bu","09:06:03",106400
20000,0,16000,"bu","09:05:57",105400
20000,0,10000,"bu","09:05:55",89400
20000,0,1000,"bu","09:05:49",79400
20000,0,1500,"bu","09:05:35",78400
20000,0,200,"bu","09:05:34",76900
20000,0,100,"bu","09:05:20",76700
20000,0,600,"bu","09:05:17",76600
20000,0,300,"bu","09:05:14",76000
20000,0,500,"bu","09:05:07",75700
20000,0,2200,"bu","09:05:02",75200
20000,0,20000,"bu","09:04:56",73000
20000,0,5000,"bu","09:04:48",53000
20000,0,10000,"bu","09:04:39",48000
19900,-100,900,"bu","09:02:25",38000
19900,-100,500,"bu","09:02:19",37100
19900,-100,2000,"bu","09:02:18",36600
19900,-100,6600,"sd","09:02:13",34600
19900,-100,6000,"sd","09:01:51",28000
20000,0,1600,"bu","09:01:27",22000
19900,-100,2000,"sd","09:01:23",20400
20000,0,300,"bu","09:00:56",18400
20000,0,100,"bu","09:00:48",18100
20000,0,1000,"bu","09:00:39",18000
20000,0,300,"bu","09:00:27",17000
20000,0,100,"bu","09:00:25",16700
20000,0,300,"bu","09:00:23",16600
20000,0,700,"bu","09:00:21",16300
20000,0,300,"bu","09:00:18",15600
20000,0,300,"bu","09:00:17",15300
20000,0,5300,"bu","09:00:16",15000
19900,-100,500,"unknown","09:00:12",9700
19900,-100,9200,"bu","09:00:11",9200
