"price","change","match_qtty","side","time","total_vol"
13050,50,166500,"unknown","14:44:59",4751900
13100,100,900,"bu","14:29:57",4585400
13100,100,100,"bu","14:29:57",4584500
13100,100,900,"bu","14:29:54",4584400
13100,100,100,"bu","14:29:54",4583500
13100,100,1000,"bu","14:29:42",4583400
13100,100,1000,"bu","14:29:35",4582400
13050,50,500,"bu","14:29:12",4581400
13050,50,500,"bu","14:29:00",4580900
13000,0,100,"sd","14:28:56",4580400
13000,0,7800,"sd","14:28:56",4580300
13000,0,200,"sd","14:28:56",4572500
13000,0,6900,"sd","14:28:56",4572300
13000,0,1800,"sd","14:28:56",4565400
13000,0,100,"sd","14:28:56",4563600
13000,0,5000,"sd","14:28:56",4563500
13000,0,2500,"sd","14:28:56",4558500
13000,0,2000,"sd","14:28:56",4556000
13000,0,1000,"sd","14:28:56",4554000
13000,0,400,"sd","14:28:56",4553000
13000,0,500,"sd","14:28:56",4552600
13000,0,200,"sd","14:28:56",4552100
13000,0,500,"sd","14:28:56",4551900
13000,0,100,"sd","14:28:56",4551400
13000,0,600,"sd","14:28:56",4551300
13000,0,2000,"sd","14:28:56",4550700
13000,0,2500,"sd","14:28:56",4548700
13000,0,2000,"sd","14:28:56",4546200
13000,0,200,"sd","14:28:56",4544200
13000,0,500,"sd","14:28:56",4544000
13000,0,500,"sd","14:28:56",4543500
13000,0,100,"sd","14:28:56",4543000
13000,0,8600,"sd","14:28:56",4542900
13000,0,1000,"sd","14:28:56",4534300
13000,0,500,"sd","14:28:56",4533300
13000,0,600,"sd","14:28:56",4532800
13000,0,200,"sd","14:28:56",4532200
13000,0,10200,"sd","14:28:56",4532000
13000,0,10000,"sd","14:28:56",4521800
13000,0,18000,"sd","14:28:56",4511800
13000,0,100,"sd","14:28:56",4493800
13000,0,1200,"sd","14:28:56",4493700
13000,0,100,"sd","14:28:56",4492500
13000,0,100,"sd","14:28:56",4492400
13000,0,100,"sd","14:28:56",4492300
13000,0,100,"sd","14:28:56",4492200
13000,0,10000,"sd","14:28:56",4492100
13000,0,500,"sd","14:28:56",4482100
13000,0,1000,"sd","14:28:56",4481600
13000,0,1500,"sd","14:28:56",4480600
13000,0,5000,"sd","14:28:56",4479100
13000,0,6700,"sd","14:28:56",4474100
13000,0,10000,"sd","14:28:56",4467400
13000,0,23300,"sd","14:28:56",4457400
13000,0,5000,"sd","14:28:56",4434100
13000,0,1000,"sd","14:28:56",4429100
13000,0,20000,"sd","14:28:56",4428100
13050,50,100,"bu","14:28:50",4408100
13050,50,100,"bu","14:28:50",4408000
13050,50,2600,"bu","14:28:46",4407900
13050,50,400,"bu","14:28:46",4405300
13050,50,600,"bu","14:28:46",4404900
13050,50,500,"bu","14:28:30",4404300
13050,50,2000,"bu","14:28:26",4403800
13050,50,1000,"bu","14:28:23",4401800
13050,50,8300,"bu","14:28:20",4400800
13050,50,1700,"bu","14:28:20",4392500
13050,50,600,"bu","14:28:02",4390800
13050,50,1000,"bu","14:28:00",4390200
13050,50,600,"bu","14:27:53",4389200
13050,50,1000,"sd","14:27:47",4388600
13050,50,100,"sd","14:27:47",4387600
13100,100,27900,"bu","14:27:26",4387500
13100,100,1000,"bu","14:27:26",4359600
13100,100,100,"bu","14:27:26",4358600
13100,100,2300,"bu","14:27:26",4358500
13100,100,2000,"bu","14:27:26",4356200
13100,100,1400,"bu","14:27:26",4354200
13100,100,500,"bu","14:27:26",4352800
13100,100,500,"bu","14:27:26",4352300
13100,100,1000,"bu","14:27:26",4351800
13100,100,3000,"bu","14:27:26",4350800
13100,100,300,"bu","14:27:26",4347800
13100,100,5000,"bu","14:27:26",4347500
13050,50,5000,"bu","14:27:26",4342500
13050,50,300,"sd","14:27:19",4337500
13050,50,2000,"sd","14:27:18",4337200
13050,50,100,"sd","14:27:10",4335200
13050,50,600,"bu","14:27:04",4335100
13050,50,100,"bu","14:27:04",4334500
13050,50,6900,"bu","14:27:04",4334400
13050,50,100,"bu","14:26:50",4327500
13050,50,2000,"bu","14:26:46",4327400
13050,50,1000,"bu","14:26:39",4325400
13050,50,3000,"bu","14:26:29",4324400
13050,50,200,"sd","14:26:14",4321400
13050,50,5300,"sd","14:26:14",4321200
13050,50,1700,"sd","14:26:09",4315900
13050,50,800,"sd","14:26:09",4314200
13050,50,2000,"sd","14:26:01",4313400
13050,50,100,"bu","14:25:55",4311400
13050,50,100,"bu","14:25:55",4311300
13050,50,2900,"bu","14:25:53",4311200
13050,50,3900,"bu","14:25:53",4308300
13050,50,12500,"bu","14:25:51",4304400
13050,50,300,"bu","14:25:30",4291900
13000,0,6700,"sd","14:25:25",4291600
13000,0,100,"sd","14:25:25",4284900
13000,0,5000,"sd","14:25:25",4284800
13000,0,1000,"sd","14:25:25",4279800
13000,0,1000,"sd","14:25:25",4278800
13000,0,1000,"sd","14:25:25",4277800
13000,0,200,"sd","14:25:25",4276800
13050,50,20000,"bu","14:25:19",4276600
13050,50,100,"sd","14:25:12",4256600
13050,50,300,"sd","14:25:12",4256500
13050,50,9600,"sd","14:25:12",4256200
13050,50,10000,"sd","14:25:12",4246600
13050,50,27200,"sd","14:25:12",4236600
13050,50,800,"sd","14:25:12",4209400
13050,50,100,"sd","14:25:12",4208600
13050,50,900,"sd","14:25:12",4208500
13050,50,14300,"sd","14:25:12",4207600
13050,50,13200,"sd","14:25:03",4193300
13050,50,3200,"sd","14:24:36",4180100
13050,50,10000,"sd","14:24:33",4176900
13050,50,20000,"sd","14:24:30",4166900
13050,50,600,"sd","14:24:09",4146900
13050,50,1000,"sd","14:24:08",4146300
13050,50,1000,"sd","14:24:04",4145300
13050,50,3000,"sd","14:23:47",4144300
13050,50,10000,"sd","14:23:19",4141300
13050,50,15000,"sd","14:23:01",4131300
13050,50,8700,"sd","14:22:28",4116300
13050,50,1000,"sd","14:22:28",4107600
13050,50,10000,"sd","14:22:28",4106600
13050,50,500,"sd","14:22:28",4096600
13050,50,10200,"sd","14:22:28",4096100
13050,50,3000,"sd","14:22:03",4085900
13100,100,500,"bu","14:20:56",4082900
13100,100,1000,"bu","14:20:16",4082400
13100,100,300,"bu","14:19:57",4081400
13100,100,1000,"bu","14:19:42",4081100
13100,100,2200,"bu","14:19:19",4080100
13100,100,700,"bu","14:19:19",4077900
13100,100,200,"bu","14:19:19",4077200
13100,100,4200,"bu","14:19:19",4077000
13100,100,100,"bu","14:18:48",4072800
13100,100,700,"bu","14:18:19",4072700
13100,100,300,"bu","14:18:19",4072000
13100,100,100,"bu","14:17:32",4071700
13100,100,1000,"sd","14:17:05",4071600
13100,100,1000,"sd","14:16:55",4070600
13100,100,100,"sd","14:16:28",4069600
13100,100,100,"sd","14:16:12",4069500
13100,100,9200,"sd","14:16:09",4069400
13100,100,600,"sd","14:15:54",4060200
13100,100,100,"sd","14:15:52",4059600
13100,100,39900,"sd","14:15:45",4059500
13100,100,1000,"sd","14:15:45",4019600
13100,100,6900,"sd","14:15:45",4018600
13100,100,1000,"sd","14:15:45",4011700
13100,100,1200,"sd","14:15:45",4010700
13100,100,200,"sd","14:15:30",4009500
13150,150,100,"bu","14:15:30",4009300
13100,100,800,"sd","14:15:29",4009200
13100,100,500,"sd","14:15:29",4008400
13100,100,500,"sd","14:14:59",4007900
13100,100,100,"bu","14:13:43",4007400
13100,100,400,"bu","14:13:43",4007300
13100,100,1600,"bu","14:13:40",4006900
13100,100,1000,"bu","14:13:40",4005300
13100,100,200,"bu","14:13:40",4004300
13100,100,2200,"bu","14:13:40",4004100
13100,100,1000,"bu","14:13:39",4001900
13100,100,3300,"bu","14:13:37",4000900
13100,100,700,"bu","14:13:36",3997600
13100,100,500,"bu","14:13:22",3996900
13100,100,300,"bu","14:13:19",3996400
13100,100,2000,"bu","14:13:18",3996100
13100,100,500,"bu","14:12:28",3994100
13100,100,300,"bu","14:12:02",3993600
13050,50,100,"sd","14:12:01",3993300
13050,50,3000,"bu","14:11:56",3993200
13050,50,2000,"bu","14:11:56",3990200
13050,50,1700,"bu","14:11:56",3988200
13050,50,10000,"bu","14:11:39",3986500
13050,50,10700,"bu","14:11:33",3976500
13050,50,18000,"bu","14:11:21",3965800
13050,50,1000,"sd","14:11:08",3947800
13050,50,2000,"sd","14:11:08",3946800
13050,50,300,"sd","14:11:08",3944800
13050,50,18000,"sd","14:11:08",3944500
13050,50,100,"sd","14:11:08",3926500
13050,50,300,"sd","14:11:08",3926400
13050,50,1600,"sd","14:11:08",3926100
13050,50,500,"sd","14:11:08",3924500
13050,50,10000,"sd","14:11:08",3924000
13050,50,100,"sd","14:11:08",3914000
13050,50,100,"sd","14:11:08",3913900
13050,50,2000,"sd","14:11:08",3913800
13050,50,100,"sd","14:11:08",3911800
13050,50,500,"sd","14:11:08",3911700
13050,50,800,"sd","14:11:08",3911200
13050,50,100,"sd","14:11:08",3910400
13050,50,100,"sd","14:11:08",3910300
13050,50,30000,"sd","14:11:08",3910200
13050,50,10000,"sd","14:11:08",3880200
13050,50,2000,"sd","14:11:08",3870200
13050,50,10000,"sd","14:11:08",3868200
13050,50,100,"sd","14:11:08",3858200
13050,50,200,"sd","14:11:08",3858100
13050,50,100,"sd","14:11:08",3857900
13050,50,5000,"sd","14:11:08",3857800
13050,50,100,"sd","14:11:08",3852800
13050,50,2000,"sd","14:11:08",3852700
13050,50,100,"sd","14:11:08",3850700
13050,50,1000,"sd","14:11:08",3850600
13050,50,20000,"sd","14:11:08",3849600
13050,50,1000,"sd","14:11:08",3829600
13050,50,20000,"sd","14:11:08",3828600
13050,50,20000,"sd","14:11:08",3808600
13050,50,400,"sd","14:11:08",3788600
13050,50,100,"sd","14:11:05",3788200
13050,50,100,"sd","14:11:01",3788100
13100,100,500,"bu","14:10:42",3788000
13100,100,15000,"sd","14:10:06",3787500
13100,100,1000,"sd","14:10:06",3772500
13100,100,500,"sd","14:10:06",3771500
13100,100,900,"sd","14:10:06",3771000
13100,100,1700,"sd","14:10:06",3770100
13100,100,100,"sd","14:10:06",3768400
13100,100,6200,"sd","14:10:06",3768300
13100,100,100,"sd","14:10:06",3762100
13100,100,17000,"sd","14:10:06",3762000
13100,100,600,"sd","14:10:06",3745000
13100,100,100,"sd","14:10:06",3744400
13100,100,500,"sd","14:10:06",3744300
13100,100,500,"sd","14:10:06",3743800
13100,100,200,"sd","14:10:06",3743300
13100,100,1000,"sd","14:10:06",3743100
13100,100,3100,"sd","14:10:06",3742100
13100,100,100,"sd","14:10:06",3739000
13100,100,500,"sd","14:10:06",3738900
13100,100,1000,"sd","14:10:06",3738400
13100,100,500,"sd","14:10:06",3737400
13100,100,18600,"sd","14:10:06",3736900
13100,100,3300,"sd","14:10:01",3718300
13100,100,1000,"sd","14:10:01",3715000
13100,100,3000,"sd","14:09:58",3714000
13100,100,2000,"sd","14:09:55",3711000
13100,100,500,"sd","14:09:55",3709000
13100,100,100,"sd","14:09:55",3708500
13100,100,700,"sd","14:09:55",3708400
13100,100,2000,"sd","14:09:55",3707700
13100,100,4000,"sd","14:09:55",3705700
13100,100,1000,"sd","14:09:55",3701700
13100,100,300,"sd","14:09:55",3700700
13100,100,100,"sd","14:09:55",3700400
13100,100,2000,"sd","14:09:55",3700300
13100,100,8000,"sd","14:09:55",3698300
13100,100,200,"sd","14:09:55",3690300
13100,100,1000,"sd","14:09:55",3690100
13100,100,100,"sd","14:09:55",3689100
13100,100,2000,"sd","14:09:55",3689000
13100,100,100,"sd","14:09:55",3687000
13100,100,500,"sd","14:09:55",3686900
13100,100,1000,"sd","14:09:55",3686400
13100,100,4100,"sd","14:09:55",3685400
13100,100,500,"sd","14:09:55",3681300
13100,100,5000,"sd","14:09:55",3680800
13100,100,600,"sd","14:09:55",3675800
13100,100,300,"sd","14:09:55",3675200
13100,100,500,"sd","14:09:55",3674900
13100,100,2000,"sd","14:09:55",3674400
13100,100,100,"sd","14:09:55",3672400
13100,100,200,"sd","14:09:55",3672300
13100,100,500,"sd","14:09:55",3672100
13100,100,200,"sd","14:09:55",3671600
13100,100,500,"sd","14:09:55",3671400
13100,100,100,"sd","14:09:55",3670900
13100,100,9800,"sd","14:09:55",3670800
13150,150,500,"bu","14:09:50",3661000
13100,100,1000,"sd","14:09:18",3660500
13100,100,100,"sd","14:09:01",3659500
13100,100,1900,"sd","14:08:45",3659400
13100,100,100,"sd","14:08:45",3657500
13150,150,500,"bu","14:08:41",3657400
13100,100,15000,"sd","14:08:37",3656900
13100,100,2100,"sd","14:08:34",3641900
13100,100,300,"sd","14:08:34",3639800
13100,100,100,"sd","14:08:34",3639500
13100,100,37500,"sd","14:08:34",3639400
13100,100,2000,"sd","14:08:29",3601900
13100,100,1000,"sd","14:08:21",3599900
13100,100,100,"sd","14:08:11",3598900
13150,150,500,"bu","14:07:38",3598800
13150,150,500,"bu","14:07:05",3598300
13100,100,3200,"sd","14:07:02",3597800
13100,100,600,"sd","14:07:00",3594600
13100,100,500,"sd","14:06:53",3594000
13100,100,5000,"sd","14:06:47",3593500
13100,100,300,"sd","14:06:37",3588500
13150,150,500,"bu","14:06:20",3588200
13100,100,500,"sd","14:05:41",3587700
13100,100,10000,"sd","14:05:40",3587200
13150,150,500,"bu","14:05:36",3577200
13150,150,200,"bu","14:05:04",3576700
13150,150,200,"bu","14:04:49",3576500
13150,150,300,"bu","14:04:49",3576300
13150,150,200,"bu","14:03:45",3576000
13150,150,1000,"bu","14:03:19",3575800
13150,150,500,"bu","14:02:00",3574800
13150,150,500,"bu","14:01:08",3574300
13150,150,2000,"bu","14:00:37",3573800
13150,150,1000,"bu","14:00:23",3571800
13150,150,1200,"sd","14:00:07",3570800
13150,150,1000,"sd","14:00:07",3569600
13150,150,300,"sd","14:00:07",3568600
13150,150,2000,"sd","14:00:07",3568300
13150,150,200,"sd","13:59:53",3566300
13150,150,15000,"sd","13:59:27",3566100
13150,150,500,"sd","13:59:01",3551100
13150,150,300,"sd","13:58:57",3550600
13150,150,2800,"sd","13:58:20",3550300
13150,150,10000,"sd","13:58:20",3547500
13150,150,2000,"sd","13:58:20",3537500
13150,150,5200,"sd","13:58:20",3535500
13150,150,3200,"sd","13:58:16",3530300
13150,150,1000,"sd","13:57:57",3527100
13150,150,2000,"sd","13:57:39",3526100
13150,150,5000,"sd","13:56:14",3524100
13150,150,1000,"sd","13:55:58",3519100
13150,150,100,"bu","13:55:53",3518100
13150,150,1000,"bu","13:55:53",3518000
13150,150,600,"bu","13:55:53",3517000
13150,150,1000,"bu","13:55:53",3516400
13150,150,3200,"bu","13:55:53",3515400
13150,150,700,"bu","13:55:53",3512200
13150,150,1000,"bu","13:55:53",3511500
13150,150,25000,"bu","13:55:53",3510500
13150,150,10000,"bu","13:55:43",3485500
13150,150,200,"bu","13:55:36",3475500
13150,150,10000,"bu","13:54:34",3475300
13150,150,4000,"bu","13:54:11",3465300
13150,150,500,"bu","13:54:10",3461300
13150,150,300,"bu","13:53:52",3460800
13150,150,200,"bu","13:53:52",3460500
13150,150,500,"bu","13:53:14",3460300
13150,150,500,"bu","13:52:39",3459800
13150,150,500,"bu","13:52:23",3459300
13150,150,5500,"bu","13:52:20",3458800
13150,150,3500,"bu","13:52:20",3453300
13150,150,1800,"bu","13:51:55",3449800
13150,150,8200,"bu","13:51:55",3448000
13150,150,500,"bu","13:51:48",3439800
13150,150,1000,"bu","13:51:15",3439300
13150,150,300,"sd","13:51:02",3438300
13150,150,2200,"sd","13:50:59",3438000
13150,150,300,"sd","13:50:59",3435800
13150,150,700,"bu","13:50:12",3435500
13150,150,2200,"bu","13:50:09",3434800
13150,150,300,"bu","13:50:07",3432600
13150,150,200,"bu","13:50:07",3432300
13150,150,400,"bu","13:50:07",3432100
13150,150,100,"bu","13:49:55",3431700
13150,150,400,"bu","13:49:55",3431600
13150,150,1000,"bu","13:49:53",3431200
13150,150,3900,"bu","13:49:44",3430200
13150,150,10000,"bu","13:49:44",3426300
13150,150,300,"bu","13:49:44",3416300
13150,150,100,"bu","13:49:44",3416000
13150,150,3700,"bu","13:49:44",3415900
13150,150,3500,"bu","13:49:42",3412200
13150,150,2800,"bu","13:49:38",3408700
13150,150,1500,"bu","13:49:38",3405900
13150,150,100,"bu","13:49:38",3404400
13150,150,5000,"bu","13:49:38",3404300
13150,150,1000,"bu","13:49:38",3399300
13150,150,2000,"bu","13:49:38",3398300
13150,150,1000,"bu","13:49:38",3396300
13150,150,24600,"bu","13:49:38",3395300
13150,150,500,"bu","13:49:32",3370700
13150,150,4900,"bu","13:49:29",3370200
13150,150,400,"bu","13:49:29",3365300
13150,150,3200,"bu","13:49:29",3364900
13150,150,1000,"bu","13:49:29",3361700
13150,150,500,"bu","13:49:29",3360700
13150,150,3200,"bu","13:49:29",3360200
13150,150,19000,"bu","13:49:29",3357000
13150,150,17800,"bu","13:49:29",3338000
13150,150,500,"bu","13:48:57",3320200
13150,150,700,"bu","13:48:43",3319700
13150,150,8300,"bu","13:48:43",3319000
13150,150,500,"bu","13:48:27",3310700
13150,150,500,"bu","13:48:08",3310200
13150,150,500,"bu","13:48:00",3309700
13150,150,700,"bu","13:47:35",3309200
13150,150,500,"bu","13:47:23",3308500
13150,150,7000,"bu","13:47:18",3308000
13150,150,500,"bu","13:47:18",3301000
13150,150,100,"bu","13:47:18",3300500
13150,150,200,"bu","13:47:18",3300400
13150,150,200,"bu","13:47:18",3300200
13150,150,200,"bu","13:47:18",3300000
13150,150,800,"bu","13:47:18",3299800
13150,150,200,"bu","13:46:27",3299000
13150,150,300,"bu","13:46:27",3298800
13150,150,500,"bu","13:46:07",3298500
13150,150,500,"bu","13:45:32",3298000
13150,150,100,"bu","13:45:30",3297500
13150,150,1900,"bu","13:45:15",3297400
13150,150,8100,"bu","13:45:15",3295500
13150,150,1000,"bu","13:45:10",3287400
13150,150,500,"bu","13:44:43",3286400
13150,150,500,"bu","13:44:20",3285900
13100,100,200,"sd","13:43:56",3285400
13100,100,3000,"sd","13:43:49",3285200
13100,100,1000,"sd","13:43:44",3282200
13150,150,500,"bu","13:43:38",3281200
13100,100,26000,"sd","13:43:23",3280700
13150,150,500,"bu","13:43:12",3254700
13150,150,700,"bu","13:42:46",3254200
13150,150,300,"bu","13:42:32",3253500
13150,150,3600,"bu","13:41:43",3253200
13100,100,500,"sd","13:41:13",3249600
13100,100,500,"sd","13:40:55",3249100
13150,150,500,"bu","13:40:37",3248600
13100,100,100,"sd","13:40:13",3248100
13100,100,5000,"sd","13:40:07",3248000
13100,100,200,"sd","13:40:04",3243000
13100,100,100,"sd","13:39:57",3242800
13100,100,100,"sd","13:39:38",3242700
13100,100,100,"sd","13:39:35",3242600
13100,100,100,"sd","13:39:35",3242500
13100,100,200,"sd","13:39:35",3242400
13100,100,1000,"sd","13:39:35",3242200
13100,100,800,"sd","13:39:35",3241200
13100,100,100,"sd","13:39:35",3240400
13100,100,4100,"sd","13:39:35",3240300
13100,100,2600,"sd","13:39:35",3236200
13100,100,1000,"sd","13:39:35",3233600
13100,100,5900,"sd","13:39:24",3232600
13100,100,100,"sd","13:39:24",3226700
13100,100,4000,"sd","13:39:24",3226600
13100,100,5000,"sd","13:39:12",3222600
13150,150,200,"bu","13:38:55",3217600
13150,150,500,"bu","13:38:28",3217400
13100,100,5000,"sd","13:38:20",3216900
13100,100,20000,"sd","13:38:10",3211900
13150,150,100,"bu","13:37:32",3191900
13100,100,400,"sd","13:37:30",3191800
13100,100,15600,"sd","13:37:28",3191400
13100,100,100,"sd","13:37:28",3175800
13100,100,500,"sd","13:37:28",3175700
13100,100,300,"sd","13:37:28",3175200
13100,100,10000,"sd","13:37:28",3174900
13100,100,1000,"sd","13:37:28",3164900
13100,100,300,"sd","13:37:28",3163900
13100,100,1000,"sd","13:37:28",3163600
13100,100,500,"sd","13:37:28",3162600
13100,100,15000,"sd","13:37:28",3162100
13100,100,6000,"sd","13:37:28",3147100
13100,100,3300,"sd","13:37:28",3141100
13100,100,100,"sd","13:37:11",3137800
13150,150,2000,"bu","13:37:10",3137700
13100,100,10000,"sd","13:37:09",3135700
13150,150,500,"bu","13:36:46",3125700
13150,150,500,"bu","13:36:36",3125200
13150,150,500,"bu","13:35:51",3124700
13150,150,600,"bu","13:35:45",3124200
13150,150,2500,"bu","13:35:15",3123600
13150,150,500,"bu","13:35:07",3121100
13150,150,500,"bu","13:34:45",3120600
13150,150,1000,"bu","13:33:47",3120100
13150,150,200,"bu","13:33:17",3119100
13150,150,300,"bu","13:33:13",3118900
13150,150,200,"bu","13:33:08",3118600
13150,150,500,"bu","13:32:57",3118400
13150,150,3000,"bu","13:32:43",3117900
13150,150,2500,"bu","13:32:26",3114900
13150,150,100,"bu","13:31:53",3112400
13150,150,300,"bu","13:31:50",3112300
13150,150,100,"bu","13:31:47",3112000
13150,150,2000,"bu","13:31:46",3111900
13150,150,200,"bu","13:30:46",3109900
13150,150,3000,"bu","13:30:41",3109700
13150,150,1000,"bu","13:30:19",3106700
13150,150,200,"bu","13:29:32",3105700
13100,100,500,"sd","13:29:22",3105500
13150,150,200,"bu","13:28:58",3105000
13150,150,200,"bu","13:28:41",3104800
13150,150,300,"bu","13:28:38",3104600
13150,150,2000,"bu","13:28:36",3104300
13150,150,2000,"bu","13:27:34",3102300
13150,150,800,"bu","13:26:52",3100300
13100,100,2100,"sd","13:26:30",3099500
13100,100,3800,"sd","13:26:30",3097400
13100,100,3200,"sd","13:25:11",3093600
13100,100,100,"sd","13:24:54",3090400
13150,150,200,"bu","13:24:41",3090300
13150,150,4100,"bu","13:24:36",3090100
13150,150,900,"bu","13:24:36",3086000
13150,150,300,"bu","13:24:36",3085100
13150,150,300,"bu","13:24:36",3084800
13150,150,100,"bu","13:24:36",3084500
13150,150,200,"bu","13:24:36",3084400
13100,100,1500,"sd","13:24:36",3084200
13100,100,100,"sd","13:23:38",3082700
13100,100,1300,"sd","13:23:33",3082600
13100,100,100,"sd","13:23:25",3081300
13150,150,300,"bu","13:22:06",3081200
13150,150,200,"bu","13:22:05",3080900
13150,150,900,"bu","13:21:42",3080700
13150,150,1000,"sd","13:21:32",3079800
13150,150,600,"sd","13:21:32",3078800
13150,150,500,"sd","13:21:29",3078200
13150,150,900,"sd","13:21:02",3077700
13150,150,2300,"sd","13:21:02",3076800
13150,150,200,"sd","13:21:00",3074500
13150,150,200,"sd","13:20:44",3074300
13150,150,500,"sd","13:20:42",3074100
13150,150,600,"sd","13:20:40",3073600
13150,150,1200,"sd","13:20:39",3073000
13150,150,20000,"sd","13:20:39",3071800
13150,150,5000,"sd","13:20:39",3051800
13150,150,2100,"sd","13:20:39",3046800
13150,150,100,"sd","13:20:39",3044700
13150,150,100,"sd","13:20:38",3044600
13150,150,13400,"sd","13:20:38",3044500
13150,150,500,"sd","13:20:38",3031100
13150,150,300,"sd","13:20:38",3030600
13150,150,2000,"sd","13:20:38",3030300
13150,150,5300,"sd","13:20:38",3028300
13150,150,300,"sd","13:20:15",3023000
13150,150,3200,"sd","13:20:14",3022700
13150,150,2000,"sd","13:19:10",3019500
13150,150,100,"sd","13:18:55",3017500
13150,150,200,"sd","13:18:53",3017400
13150,150,100,"sd","13:18:36",3017200
13150,150,100,"sd","13:18:30",3017100
13150,150,500,"sd","13:18:27",3017000
13150,150,500,"sd","13:18:07",3016500
13150,150,10000,"sd","13:17:58",3016000
13150,150,2000,"sd","13:17:43",3006000
13200,200,200,"bu","13:16:44",3004000
13150,150,2000,"sd","13:16:25",3003800
13150,150,3700,"sd","13:16:01",3001800
13150,150,1300,"sd","13:16:01",2998100
13150,150,2500,"sd","13:15:28",2996800
13150,150,5000,"sd","13:15:28",2994300
13200,200,500,"bu","13:15:27",2989300
13150,150,500,"sd","13:14:21",2988800
13150,150,100,"sd","13:13:54",2988300
13150,150,100,"sd","13:13:39",2988200
13150,150,500,"sd","13:13:37",2988100
13150,150,1000,"sd","13:13:07",2987600
13150,150,700,"sd","13:12:59",2986600
13200,200,30000,"bu","13:12:13",2985900
13200,200,1000,"bu","13:11:54",2955900
13150,150,9000,"bu","13:10:58",2954900
13150,150,1000,"bu","13:10:58",2945900
13150,150,400,"bu","13:10:58",2944900
13150,150,500,"bu","13:10:58",2944500
13150,150,1600,"bu","13:10:58",2944000
13150,150,10000,"bu","13:10:58",2942400
13150,150,2400,"bu","13:10:58",2932400
13150,150,100,"bu","13:09:30",2930000
13150,150,200,"bu","13:09:01",2929900
13150,150,1000,"bu","13:08:39",2929700
13150,150,100,"bu","13:08:18",2928700
13150,150,200,"bu","13:07:46",2928600
13150,150,20000,"bu","13:07:46",2928400
13150,150,9800,"bu","13:07:46",2908400
13150,150,200,"bu","13:07:39",2898600
13150,150,100,"bu","13:07:39",2898400
13150,150,4800,"bu","13:07:39",2898300
13150,150,5200,"bu","13:07:20",2893500
13150,150,500,"bu","13:07:20",2888300
13150,150,24300,"bu","13:07:20",2887800
13100,100,900,"sd","13:06:59",2863500
13150,150,1000,"bu","13:06:25",2862600
13150,150,1000,"bu","13:06:15",2861600
13150,150,10000,"bu","13:06:01",2860600
13150,150,10300,"bu","13:05:55",2850600
13150,150,100,"bu","13:05:55",2840300
13150,150,500,"bu","13:05:55",2840200
13150,150,1000,"bu","13:05:55",2839700
13150,150,400,"bu","13:05:55",2838700
13150,150,2000,"bu","13:05:55",2838300
13150,150,5700,"bu","13:05:55",2836300
13150,150,1000,"bu","13:04:21",2830600
13150,150,4000,"bu","13:04:14",2829600
13150,150,200,"bu","13:04:14",2825600
13150,150,800,"bu","13:04:14",2825400
13100,100,500,"sd","13:04:13",2824600
13150,150,200,"bu","13:03:38",2824100
13150,150,100,"bu","13:03:38",2823900
13150,150,100,"bu","13:03:38",2823800
13150,150,100,"bu","13:03:38",2823700
13100,100,4000,"sd","13:03:21",2823600
13100,100,200,"sd","13:02:04",2819600
13100,100,4300,"sd","13:02:03",2819400
13100,100,1000,"sd","13:02:03",2815100
13100,100,1100,"sd","13:02:03",2814100
13100,100,6400,"sd","13:01:32",2813000
13100,100,1200,"sd","13:00:03",2806600
13150,150,3800,"unknown","13:00:03",2805400
13150,150,3200,"sd","13:00:03",2801600
13100,100,1300,"sd","13:00:02",2798400
13100,100,5000,"sd","13:00:02",2797100
13100,100,100,"sd","13:00:02",2792100
13100,100,200,"sd","13:00:02",2792000
13100,100,500,"sd","13:00:02",2791800
13150,150,1000,"sd","13:00:02",2791300
13100,100,2000,"sd","13:00:02",2790300
13150,150,1700,"sd","13:00:02",2788300
13100,100,100,"sd","13:00:02",2786600
13100,100,300,"sd","13:00:02",2786500
13100,100,100,"sd","13:00:02",2786200
13100,100,700,"sd","13:00:02",2786100
13150,150,2000,"sd","13:00:02",2785400
13100,100,100,"sd","13:00:00",2783400
13150,150,2800,"bu","13:00:00",2783300
13150,150,47300,"bu","13:00:00",2780500
13150,150,1000,"bu","13:00:00",2733200
13150,150,45000,"bu","13:00:00",2732200
13150,150,200,"bu","13:00:00",2687200
13150,150,500,"bu","13:00:00",2687000
13150,150,100,"bu","11:29:43",2686500
13100,100,1000,"sd","11:26:03",2686400
13100,100,4200,"sd","11:24:02",2685400
13100,100,2200,"sd","11:24:02",2681200
13150,150,800,"bu","11:24:01",2679000
13150,150,1300,"bu","11:21:55",2678200
13150,150,400,"bu","11:20:32",2676900
13100,100,300,"sd","11:17:27",2676500
13100,100,2500,"sd","11:17:27",2676200
13100,100,1000,"sd","11:17:27",2673700
13100,100,4000,"sd","11:17:27",2672700
13150,150,300,"bu","11:16:37",2668700
13150,150,4400,"bu","11:16:22",2668400
13150,150,4600,"bu","11:16:22",2664000
13150,150,4400,"sd","11:15:33",2659400
13150,150,3000,"bu","11:14:52",2655000
13150,150,2600,"bu","11:14:52",2652000
13150,150,400,"bu","11:14:22",2649400
13150,150,300,"bu","11:14:22",2649000
13150,150,300,"bu","11:14:22",2648700
13150,150,200,"bu","11:13:44",2648400
13150,150,100,"bu","11:13:40",2648200
13150,150,2000,"sd","11:11:59",2648100
13150,150,400,"sd","11:11:59",2646100
13150,150,300,"sd","11:11:40",2645700
13150,150,1000,"bu","11:10:25",2645400
13150,150,300,"bu","11:10:25",2644400
13150,150,3400,"bu","11:10:25",2644100
13150,150,300,"bu","11:10:07",2640700
13150,150,100,"bu","11:09:46",2640400
13150,150,1200,"bu","11:09:42",2640300
13150,150,200,"bu","11:09:42",2639100
13150,150,100,"bu","11:09:42",2638900
13150,150,4900,"bu","11:07:47",2638800
13150,150,5000,"bu","11:07:32",2633900
13150,150,100,"sd","11:06:41",2628900
13150,150,600,"sd","11:06:41",2628800
13150,150,100,"sd","11:06:41",2628200
13150,150,3900,"sd","11:06:41",2628100
13150,150,200,"sd","11:06:41",2624200
13150,150,1200,"sd","11:06:41",2624000
13150,150,200,"sd","11:06:41",2622800
13150,150,700,"sd","11:06:41",2622600
13150,150,1900,"sd","11:06:40",2621900
13150,150,200,"sd","11:06:40",2620000
13150,150,2800,"sd","11:06:40",2619800
13150,150,1400,"sd","11:06:40",2617000
13150,150,300,"sd","11:06:40",2615600
13150,150,500,"sd","11:06:40",2615300
13150,150,500,"sd","11:06:40",2614800
13150,150,1000,"sd","11:06:40",2614300
13150,150,500,"sd","11:06:40",2613300
13150,150,300,"sd","11:06:40",2612800
13150,150,100,"sd","11:06:40",2612500
13150,150,100,"sd","11:06:40",2612400
13150,150,100,"sd","11:06:40",2612300
13150,150,1000,"sd","11:06:40",2612200
13150,150,3000,"sd","11:06:40",2611200
13150,150,1200,"sd","11:06:40",2608200
13150,150,1000,"sd","11:06:40",2607000
13150,150,5000,"sd","11:06:40",2606000
13150,150,5000,"sd","11:06:40",2601000
13150,150,4100,"sd","11:06:40",2596000
13150,150,10900,"sd","11:06:31",2591900
13150,150,79100,"sd","11:06:31",2581000
13150,150,20900,"sd","11:05:37",2501900
13150,150,300,"sd","11:05:37",2481000
13150,150,1000,"sd","11:05:37",2480700
13150,150,800,"sd","11:05:37",2479700
13150,150,1000,"sd","11:05:37",2478900
13150,150,2000,"sd","11:05:37",2477900
13150,150,100,"sd","11:05:37",2475900
13150,150,1000,"sd","11:05:37",2475800
13150,150,2000,"sd","11:05:37",2474800
13150,150,100,"sd","11:05:37",2472800
13150,150,100,"sd","11:05:37",2472700
13150,150,10000,"sd","11:05:37",2472600
13150,150,110700,"sd","11:05:37",2462600
13200,200,5000,"bu","11:02:33",2351900
13150,150,1100,"sd","11:00:21",2346900
13200,200,500,"bu","11:00:13",2345800
13150,150,200,"sd","10:59:15",2345300
13150,150,5000,"sd","10:57:57",2345100
13150,150,200,"sd","10:56:10",2340100
13150,150,500,"sd","10:51:45",2339900
13200,200,200,"bu","10:49:47",2339400
13200,200,7400,"bu","10:48:38",2339200
13200,200,100,"bu","10:48:35",2331800
13200,200,300,"bu","10:48:28",2331700
13200,200,500,"bu","10:48:28",2331400
13200,200,300,"bu","10:48:06",2330900
13200,200,100,"bu","10:47:28",2330600
13200,200,100,"bu","10:47:06",2330500
13200,200,100,"bu","10:47:04",2330400
13200,200,900,"bu","10:46:49",2330300
13200,200,100,"bu","10:46:49",2329400
13200,200,2000,"bu","10:45:41",2329300
13200,200,400,"bu","10:44:11",2327300
13200,200,2000,"bu","10:41:04",2326900
13200,200,500,"bu","10:41:02",2324900
13200,200,1000,"bu","10:40:30",2324400
13200,200,100,"bu","10:39:58",2323400
13200,200,20000,"bu","10:39:21",2323300
13200,200,3000,"bu","10:39:18",2303300
13200,200,500,"bu","10:37:04",2300300
13150,150,5200,"sd","10:36:56",2299800
13200,200,1000,"bu","10:36:06",2294600
13200,200,3100,"bu","10:35:27",2293600
13200,200,6900,"bu","10:35:27",2290500
13200,200,100,"bu","10:35:11",2283600
13200,200,500,"bu","10:33:02",2283500
13200,200,300,"bu","10:33:02",2283000
13200,200,200,"bu","10:33:02",2282700
13200,200,100,"bu","10:32:27",2282500
13200,200,200,"sd","10:30:28",2282400
13250,250,32200,"bu","10:30:10",2282200
13200,200,200,"bu","10:30:10",2250000
13200,200,300,"bu","10:30:10",2249800
13200,200,1700,"bu","10:30:10",2249500
13200,200,3600,"bu","10:30:10",2247800
13200,200,1400,"sd","10:29:42",2244200
13200,200,300,"sd","10:29:34",2242800
13200,200,1000,"bu","10:29:27",2242500
13200,200,400,"bu","10:29:27",2241500
13200,200,300,"bu","10:29:27",2241100
13150,150,5000,"sd","10:29:06",2240800
13200,200,700,"sd","10:29:01",2235800
13200,200,100,"sd","10:28:59",2235100
13200,200,200,"sd","10:28:58",2235000
13200,200,100,"sd","10:28:58",2234800
13200,200,200,"sd","10:28:58",2234700
13200,200,200,"sd","10:28:58",2234500
13200,200,2800,"sd","10:28:57",2234300
13200,200,200,"sd","10:28:57",2231500
13200,200,100,"sd","10:28:51",2231300
13200,200,1300,"sd","10:28:47",2231200
13200,200,28700,"sd","10:28:38",2229900
13200,200,5000,"sd","10:28:38",2201200
13200,200,700,"sd","10:28:38",2196200
13200,200,1300,"sd","10:28:38",2195500
13200,200,200,"sd","10:28:38",2194200
13200,200,1000,"sd","10:28:38",2194000
13200,200,400,"sd","10:28:38",2193000
13200,200,20000,"sd","10:28:38",2192600
13200,200,1200,"sd","10:28:38",2172600
13200,200,15000,"sd","10:28:38",2171400
13200,200,2000,"sd","10:28:38",2156400
13200,200,500,"sd","10:28:38",2154400
13200,200,24000,"sd","10:28:38",2153900
13250,250,100,"bu","10:28:12",2129900
13200,200,30000,"sd","10:28:07",2129800
13200,200,500,"sd","10:26:54",2099800
13200,200,5000,"sd","10:25:31",2099300
13200,200,10000,"sd","10:25:25",2094300
13200,200,3000,"sd","10:24:50",2084300
13200,200,8700,"sd","10:24:29",2081300
13200,200,1000,"sd","10:24:07",2072600
13200,200,1000,"sd","10:23:50",2071600
13200,200,1000,"sd","10:23:35",2070600
13200,200,100,"sd","10:23:35",2069600
13200,200,10500,"sd","10:23:10",2069500
13200,200,5000,"sd","10:22:51",2059000
13250,250,6000,"bu","10:22:30",2054000
13250,250,100,"bu","10:22:27",2048000
13250,250,500,"bu","10:22:25",2047900
13250,250,300,"bu","10:21:45",2047400
13250,250,6700,"bu","10:20:18",2047100
13250,250,1000,"bu","10:20:18",2040400
13250,250,10000,"bu","10:20:18",2039400
13250,250,200,"bu","10:20:18",2029400
13250,250,2100,"bu","10:20:18",2029200
13200,200,100,"sd","10:19:41",2027100
13250,250,100,"bu","10:19:30",2027000
13200,200,100,"sd","10:19:08",2026900
13200,200,200,"sd","10:19:08",2026800
13200,200,500,"sd","10:18:35",2026600
13200,200,300,"sd","10:18:22",2026100
13200,200,500,"bu","10:18:05",2025800
13200,200,500,"bu","10:18:05",2025300
13200,200,200,"sd","10:17:35",2024800
13200,200,20000,"sd","10:17:35",2024600
13200,200,1500,"sd","10:17:35",2004600
13200,200,2000,"sd","10:17:35",2003100
13200,200,10600,"sd","10:17:35",2001100
13200,200,100,"sd","10:17:35",1990500
13200,200,1000,"sd","10:17:35",1990400
13200,200,1000,"sd","10:17:35",1989400
13200,200,500,"sd","10:17:35",1988400
13200,200,1000,"sd","10:17:35",1987900
13200,200,5000,"sd","10:17:35",1986900
13200,200,3000,"sd","10:17:35",1981900
13200,200,2000,"sd","10:17:35",1978900
13200,200,2000,"sd","10:17:35",1976900
13200,200,49600,"sd","10:17:35",1974900
13200,200,400,"sd","10:17:34",1925300
13200,200,200,"sd","10:17:34",1924900
13200,200,19400,"sd","10:17:34",1924700
13250,250,2000,"bu","10:17:26",1905300
13200,200,100,"sd","10:17:16",1903300
13200,200,23700,"sd","10:17:11",1903200
13250,250,200,"bu","10:17:07",1879500
13200,200,1000,"sd","10:16:47",1879300
13250,250,100,"bu","10:16:09",1878300
13250,250,200,"bu","10:16:09",1878200
13250,250,100,"bu","10:16:09",1878000
13250,250,300,"bu","10:16:09",1877900
13250,250,100,"bu","10:16:09",1877600
13250,250,100,"bu","10:16:09",1877500
13250,250,10000,"bu","10:16:09",1877400
13250,250,500,"bu","10:16:09",1867400
13250,250,48600,"bu","10:16:09",1866900
13250,250,300,"bu","10:16:09",1818300
13250,250,1000,"bu","10:16:02",1818000
13250,250,10400,"bu","10:15:50",1817000
13250,250,1000,"bu","10:15:50",1806600
13250,250,8600,"bu","10:15:50",1805600
13250,250,5000,"bu","10:15:42",1797000
13250,250,5000,"bu","10:15:18",1792000
13200,200,50000,"sd","10:15:14",1787000
13250,250,9000,"bu","10:15:11",1737000
13250,250,1000,"bu","10:15:09",1728000
13250,250,1400,"bu","10:15:08",1727000
13250,250,100,"bu","10:15:08",1725600
13250,250,100,"bu","10:15:08",1725500
13250,250,400,"bu","10:15:08",1725400
13250,250,100,"bu","10:14:55",1725000
13250,250,4900,"bu","10:14:55",1724900
13250,250,100,"bu","10:14:44",1720000
13200,200,5800,"bu","10:12:57",1719900
13200,200,14200,"bu","10:12:57",1714100
13200,200,800,"bu","10:12:57",1699900
13200,200,1000,"bu","10:12:56",1699100
13200,200,100,"bu","10:12:56",1698100
13200,200,300,"bu","10:12:56",1698000
13200,200,1400,"bu","10:12:56",1697700
13200,200,500,"bu","10:12:56",1696300
13200,200,4000,"bu","10:12:56",1695800
13200,200,100,"bu","10:12:56",1691800
13200,200,5000,"bu","10:12:56",1691700
13200,200,100,"bu","10:12:56",1686700
13200,200,3200,"bu","10:12:56",1686600
13200,200,3300,"bu","10:12:56",1683400
13200,200,2500,"bu","10:12:56",1680100
13200,200,2000,"bu","10:12:56",1677600
13200,200,1000,"bu","10:12:56",1675600
13200,200,50000,"bu","10:12:56",1674600
13200,200,500,"bu","10:12:56",1624600
13200,200,300,"bu","10:12:56",1624100
13200,200,100,"bu","10:12:56",1623800
13200,200,10000,"bu","10:12:56",1623700
13200,200,500,"bu","10:12:56",1613700
13200,200,3000,"bu","10:12:56",1613200
13200,200,5000,"bu","10:12:56",1610200
13200,200,700,"bu","10:12:56",1605200
13200,200,200,"bu","10:12:56",1604500
13200,200,3600,"bu","10:12:56",1604300
13200,200,1000,"bu","10:12:56",1600700
13200,200,500,"bu","10:12:56",1599700
13200,200,100,"bu","10:12:56",1599200
13200,200,1400,"bu","10:12:54",1599100
13200,200,1000,"bu","10:12:54",1597700
13200,200,6000,"bu","10:12:54",1596700
13200,200,200,"bu","10:12:54",1590700
13200,200,1400,"bu","10:12:54",1590500
13200,200,50000,"bu","10:12:51",1589100
13200,200,13000,"bu","10:12:42",1539100
13200,200,3000,"bu","10:12:41",1526100
13200,200,500,"bu","10:12:19",1523100
13200,200,132100,"bu","10:12:13",1522600
13200,200,100,"bu","10:12:13",1390500
13200,200,100,"bu","10:12:13",1390400
13200,200,1000,"bu","10:12:13",1390300
13200,200,500,"bu","10:12:13",1389300
13200,200,100,"bu","10:12:13",1388800
13200,200,100,"bu","10:12:13",1388700
13200,200,100,"bu","10:12:13",1388600
13200,200,2000,"bu","10:12:13",1388500
13200,200,100,"bu","10:12:13",1386500
13200,200,13800,"bu","10:12:13",1386400
13200,200,1000,"bu","10:12:09",1372600
13200,200,200,"bu","10:11:53",1371600
13200,200,100,"bu","10:11:05",1371400
13200,200,14900,"bu","10:10:56",1371300
13200,200,2500,"bu","10:10:56",1356400
13200,200,9000,"bu","10:10:56",1353900
13200,200,2000,"bu","10:10:56",1344900
13200,200,1000,"bu","10:10:56",1342900
13200,200,200,"bu","10:10:56",1341900
13200,200,100,"bu","10:10:56",1341700
13200,200,100,"bu","10:10:56",1341600
13200,200,100,"bu","10:10:56",1341500
13200,200,500,"bu","10:10:56",1341400
13200,200,5000,"bu","10:10:56",1340900
13200,200,32000,"bu","10:10:56",1335900
13200,200,1000,"bu","10:10:56",1303900
13200,200,500,"bu","10:10:56",1302900
13200,200,10000,"bu","10:10:56",1302400
13200,200,1100,"bu","10:10:56",1292400
13200,200,3900,"bu","10:10:44",1291300
13200,200,600,"bu","10:10:44",1287400
13200,200,300,"bu","10:10:32",1286800
13200,200,100,"bu","10:09:38",1286500
13200,200,200,"bu","10:09:26",1286400
13200,200,100,"bu","10:08:46",1286200
13200,200,300,"bu","10:07:38",1286100
13200,200,1000,"bu","10:07:30",1285800
13200,200,100,"bu","10:07:19",1284800
13150,150,100,"sd","10:06:23",1284700
13200,200,100,"bu","10:06:17",1284600
13200,200,100,"bu","10:05:42",1284500
13150,150,400,"sd","10:05:14",1284400
13150,150,100,"sd","10:05:10",1284000
13150,150,100,"sd","10:04:51",1283900
13150,150,200,"sd","10:04:31",1283800
13150,150,3000,"sd","10:04:04",1283600
13150,150,5000,"bu","10:04:00",1280600
13150,150,13200,"bu","10:04:00",1275600
13150,150,500,"bu","10:03:45",1262400
13150,150,80000,"bu","10:03:37",1261900
13150,150,100,"bu","10:03:37",1181900
13150,150,3700,"bu","10:03:08",1181800
13150,150,100,"bu","10:03:01",1178100
13150,150,100,"sd","10:02:45",1178000
13150,150,2300,"sd","10:02:45",1177900
13150,150,10700,"sd","10:02:29",1175600
13150,150,400,"sd","10:02:29",1164900
13150,150,500,"sd","10:02:29",1164500
13150,150,3000,"sd","10:02:29",1164000
13150,150,100,"sd","10:02:29",1161000
13150,150,500,"sd","10:02:29",1160900
13150,150,5000,"sd","10:02:29",1160400
13150,150,1000,"sd","10:02:29",1155400
13150,150,5000,"sd","10:02:29",1154400
13150,150,400,"sd","10:02:29",1149400
13150,150,21000,"sd","10:02:29",1149000
13150,150,1000,"sd","10:02:29",1128000
13150,150,2000,"sd","10:02:29",1127000
13150,150,20000,"sd","10:02:29",1125000
13150,150,100,"sd","10:02:29",1105000
13150,150,100,"sd","10:02:29",1104900
13150,150,4000,"sd","10:02:29",1104800
13150,150,3000,"sd","10:02:29",1100800
13150,150,22200,"sd","10:02:29",1097800
13150,150,500,"sd","10:02:10",1075600
13150,150,1000,"sd","09:59:49",1075100
13150,150,2500,"sd","09:59:41",1074100
13150,150,500,"sd","09:59:15",1071600
13200,200,600,"bu","09:59:05",1071100
13200,200,200,"bu","09:57:38",1070500
13150,150,100,"sd","09:57:12",1070300
13150,150,1000,"sd","09:56:20",1070200
13150,150,300,"sd","09:56:20",1069200
13150,150,1000,"bu","09:56:20",1068900
13150,150,3500,"bu","09:56:20",1067900
13150,150,2000,"bu","09:56:20",1064400
13150,150,1400,"bu","09:56:20",1062400
13150,150,30600,"bu","09:56:20",1061000
13150,150,2000,"bu","09:55:12",1030400
13150,150,1000,"bu","09:54:35",1028400
13150,150,4000,"bu","09:54:15",1027400
13150,150,10000,"sd","09:54:12",1023400
13150,150,3000,"sd","09:54:12",1013400
13150,150,2000,"sd","09:54:12",1010400
13150,150,1000,"sd","09:54:12",1008400
13150,150,3000,"sd","09:54:12",1007400
13150,150,200,"sd","09:54:12",1004400
13150,150,100,"sd","09:54:12",1004200
13150,150,6000,"sd","09:54:12",1004100
13150,150,2500,"sd","09:54:12",998100
13150,150,6000,"sd","09:54:12",995600
13150,150,500,"sd","09:54:12",989600
13150,150,2000,"sd","09:54:12",989100
13150,150,1000,"sd","09:54:12",987100
13150,150,200,"sd","09:54:12",986100
13150,150,5000,"sd","09:54:12",985900
13150,150,5000,"sd","09:54:12",980900
13150,150,14900,"sd","09:54:12",975900
13150,150,1000,"sd","09:54:09",961000
13150,150,5000,"sd","09:54:08",960000
13150,150,8000,"sd","09:53:48",955000
13150,150,100,"sd","09:53:26",947000
13200,200,2500,"bu","09:53:24",946900
13150,150,500,"sd","09:53:17",944400
13150,150,1000,"sd","09:52:50",943900
13150,150,1000,"sd","09:52:38",942900
13150,150,2000,"sd","09:52:37",941900
13150,150,100,"sd","09:52:37",939900
13150,150,2000,"sd","09:52:16",939800
13150,150,1000,"sd","09:52:09",937800
13200,200,100,"bu","09:52:02",936800
13150,150,500,"sd","09:51:44",936700
13150,150,200,"sd","09:51:28",936200
13150,150,500,"sd","09:51:01",936000
13200,200,3000,"bu","09:50:57",935500
13150,150,3000,"sd","09:50:45",932500
13150,150,800,"sd","09:49:15",929500
13150,150,8400,"sd","09:48:44",928700
13150,150,2000,"sd","09:48:44",920300
13150,150,1000,"sd","09:48:44",918300
13150,150,6000,"sd","09:48:44",917300
13150,150,100,"sd","09:48:44",911300
13150,150,2500,"sd","09:48:44",911200
13150,150,200,"sd","09:48:39",908700
13150,150,1300,"sd","09:48:39",908500
13150,150,500,"sd","09:48:39",907200
13150,150,1800,"sd","09:48:27",906700
13150,150,100,"sd","09:48:27",904900
13150,150,3100,"sd","09:48:27",904800
13150,150,1000,"sd","09:48:21",901700
13150,150,500,"sd","09:47:22",900700
13150,150,1400,"sd","09:47:15",900200
13150,150,600,"sd","09:47:15",898800
13150,150,30000,"sd","09:47:15",898200
13150,150,19400,"sd","09:46:36",868200
13150,150,200,"sd","09:46:36",848800
13150,150,400,"sd","09:46:36",848600
13200,200,700,"bu","09:46:23",848200
13200,200,3000,"bu","09:46:23",847500
13150,150,3000,"sd","09:46:02",844500
13150,150,1600,"sd","09:44:54",841500
13150,150,500,"bu","09:44:48",839900
13150,150,500,"bu","09:44:40",839400
13150,150,2000,"bu","09:44:31",838900
13150,150,500,"sd","09:44:26",836900
13150,150,18000,"sd","09:44:26",836400
13150,150,1800,"sd","09:44:26",818400
13150,150,100,"sd","09:44:26",816600
13150,150,100,"sd","09:44:21",816500
13150,150,1900,"sd","09:44:21",816400
13150,150,2100,"bu","09:44:11",814500
13150,150,200,"bu","09:43:56",812400
13150,150,10000,"sd","09:43:44",812200
13150,150,2700,"sd","09:43:44",802200
13150,150,400,"bu","09:43:30",799500
13150,150,6900,"bu","09:43:30",799100
13150,150,10000,"bu","09:43:27",792200
13150,150,500,"bu","09:43:22",782200
13150,150,2000,"sd","09:43:10",781700
13150,150,500,"sd","09:43:10",779700
13150,150,3000,"sd","09:43:10",779200
13150,150,2000,"sd","09:43:10",776200
13150,150,13600,"sd","09:43:10",774200
13150,150,2000,"sd","09:43:10",760600
13150,150,2000,"sd","09:43:10",758600
13150,150,200,"sd","09:43:10",756600
13150,150,7300,"sd","09:43:10",756400
13150,150,20000,"sd","09:43:04",749100
13150,150,200,"sd","09:43:03",729100
13150,150,2000,"sd","09:41:50",728900
13150,150,5000,"bu","09:41:32",726900
13150,150,5000,"bu","09:41:32",721900
13150,150,1000,"bu","09:41:32",716900
13150,150,2000,"bu","09:41:32",715900
13150,150,1000,"bu","09:41:32",713900
13150,150,500,"bu","09:41:32",712900
13150,150,700,"bu","09:41:32",712400
13150,150,5300,"bu","09:41:32",711700
13150,150,2000,"bu","09:41:30",706400
13150,150,42700,"bu","09:41:28",704400
13150,150,1000,"bu","09:41:28",661700
13150,150,200,"bu","09:41:28",660700
13150,150,2000,"bu","09:41:28",660500
13150,150,2700,"bu","09:41:28",658500
13150,150,100,"bu","09:41:28",655800
13150,150,900,"bu","09:41:28",655700
13150,150,400,"bu","09:41:28",654800
13150,150,3600,"bu","09:41:02",654400
13150,150,1000,"bu","09:40:59",650800
13150,150,2000,"bu","09:40:56",649800
13100,100,5000,"sd","09:40:52",647800
13150,150,2100,"bu","09:40:43",642800
13150,150,2000,"bu","09:40:43",640700
13150,150,500,"bu","09:40:43",638700
13150,150,20000,"bu","09:40:43",638200
13150,150,10000,"bu","09:40:43",618200
13150,150,300,"bu","09:40:43",608200
13150,150,300,"bu","09:40:43",607900
13150,150,64800,"bu","09:40:43",607600
13150,150,300,"bu","09:40:17",542800
13150,150,400,"bu","09:40:03",542500
13150,150,1000,"bu","09:39:46",542100
13100,100,100,"sd","09:38:31",541100
13100,100,100,"sd","09:38:31",541000
13100,100,100,"sd","09:38:30",540900
13100,100,100,"sd","09:38:30",540800
13100,100,100,"sd","09:38:30",540700
13100,100,500,"sd","09:38:16",540600
13100,100,500,"sd","09:38:16",540100
13150,150,1000,"bu","09:38:07",539600
13150,150,3800,"bu","09:37:44",538600
13150,150,5000,"bu","09:37:41",534800
13150,150,9100,"bu","09:37:33",529800
13150,150,1000,"bu","09:37:14",520700
13150,150,100,"bu","09:36:52",519700
13150,150,13500,"bu","09:36:45",519600
13150,150,100,"bu","09:36:45",506100
13150,150,100,"bu","09:36:45",506000
13150,150,100,"bu","09:36:45",505900
13150,150,100,"bu","09:36:45",505800
13150,150,900,"bu","09:36:45",505700
13150,150,3000,"bu","09:36:45",504800
13150,150,1000,"bu","09:36:45",501800
13150,150,500,"bu","09:36:45",500800
13150,150,700,"bu","09:36:45",500300
13150,150,200,"bu","09:36:39",499600
13150,150,200,"bu","09:36:34",499400
13150,150,200,"bu","09:36:25",499200
13150,150,100,"bu","09:35:52",499000
13150,150,5000,"bu","09:35:30",498900
13150,150,300,"bu","09:35:20",493900
13150,150,200,"bu","09:34:47",493600
13150,150,100,"bu","09:34:45",493400
13150,150,100,"bu","09:34:39",493300
13150,150,2900,"bu","09:33:47",493200
13150,150,100,"bu","09:33:47",490300
13100,100,100,"sd","09:33:14",490200
13100,100,400,"sd","09:32:41",490100
13100,100,1600,"sd","09:32:41",489700
13150,150,500,"bu","09:32:40",488100
13100,100,1000,"sd","09:32:26",487600
13100,100,1000,"sd","09:32:19",486600
13100,100,1400,"sd","09:32:15",485600
13100,100,100,"sd","09:32:15",484200
13100,100,1500,"sd","09:32:15",484100
13100,100,500,"sd","09:31:10",482600
13100,100,200,"sd","09:31:10",482100
13100,100,2300,"sd","09:31:10",481900
13100,100,2000,"sd","09:30:51",479600
13100,100,100,"sd","09:30:30",477600
13100,100,5000,"sd","09:29:37",477500
13100,100,600,"sd","09:29:31",472500
13100,100,1000,"sd","09:29:31",471900
13100,100,33400,"sd","09:29:31",470900
13100,100,1000,"sd","09:29:28",437500
13100,100,1500,"sd","09:29:11",436500
13100,100,100,"sd","09:28:38",435000
13150,150,200,"bu","09:28:26",434900
13100,100,5000,"sd","09:28:23",434700
13150,150,100,"bu","09:27:05",429700
13100,100,100,"sd","09:26:18",429600
13100,100,100,"sd","09:26:08",429500
13100,100,300,"sd","09:25:47",429400
13100,100,500,"sd","09:25:33",429100
13100,100,5000,"sd","09:25:27",428600
13100,100,3000,"sd","09:24:37",423600
13150,150,3100,"bu","09:23:50",420600
13150,150,300,"bu","09:23:50",417500
13150,150,1000,"bu","09:23:50",417200
13150,150,1400,"bu","09:23:50",416200
13150,150,500,"bu","09:23:50",414800
13150,150,3700,"bu","09:23:50",414300
13150,150,300,"bu","09:23:39",410600
13150,150,100,"bu","09:22:38",410300
13150,150,500,"bu","09:22:28",410200
13150,150,2000,"bu","09:21:21",409700
13150,150,2000,"bu","09:20:48",407700
13150,150,100,"bu","09:20:41",405700
13150,150,500,"bu","09:20:32",405600
13150,150,500,"bu","09:19:53",405100
13150,150,600,"bu","09:19:21",404600
13150,150,500,"bu","09:19:00",404000
13150,150,300,"sd","09:18:45",403500
13150,150,3300,"sd","09:18:45",403200
13150,150,600,"sd","09:18:45",399900
13150,150,9400,"sd","09:18:44",399300
13150,150,3000,"sd","09:18:44",389900
13150,150,100,"sd","09:18:44",386900
13150,150,200,"sd","09:18:44",386800
13150,150,3000,"sd","09:18:44",386600
13150,150,2600,"sd","09:18:44",383600
13150,150,100,"sd","09:18:41",381000
13150,150,300,"sd","09:18:41",380900
13150,150,700,"sd","09:18:41",380600
13200,200,500,"bu","09:18:40",379900
13150,150,10000,"sd","09:18:39",379400
13150,150,500,"sd","09:18:39",369400
13150,150,15000,"sd","09:18:34",368900
13150,150,5000,"sd","09:18:33",353900
13150,150,15000,"sd","09:18:29",348900
13150,150,20000,"sd","09:18:23",333900
13150,150,1000,"sd","09:17:58",313900
13150,150,2000,"sd","09:17:52",312900
13150,150,1000,"sd","09:17:36",310900
13150,150,1000,"bu","09:17:10",309900
13150,150,100,"bu","09:17:10",308900
13150,150,100,"bu","09:17:10",308800
13150,150,3600,"bu","09:17:10",308700
13150,150,500,"bu","09:17:04",305100
13150,150,2000,"bu","09:16:57",304600
13150,150,10000,"bu","09:16:51",302600
13150,150,13900,"bu","09:16:49",292600
13150,150,100,"bu","09:16:49",278700
13150,150,5000,"bu","09:16:49",278600
13150,150,500,"bu","09:16:49",273600
13150,150,200,"bu","09:16:49",273100
13150,150,7600,"bu","09:16:49",272900
13150,150,500,"bu","09:16:49",265300
13150,150,2000,"bu","09:16:49",264800
13150,150,10000,"bu","09:16:49",262800
13150,150,200,"bu","09:16:49",252800
13150,150,10000,"bu","09:16:49",252600
13150,150,20400,"bu","09:16:40",242600
13150,150,10000,"bu","09:16:40",222200
13150,150,10000,"bu","09:16:40",212200
13150,150,500,"bu","09:16:40",202200
13150,150,9100,"bu","09:16:40",201700
13100,100,600,"sd","09:16:25",192600
13100,100,500,"sd","09:16:16",192000
13100,100,1300,"sd","09:16:16",191500
13150,150,100,"bu","09:16:12",190200
13100,100,1000,"sd","09:15:58",190100
13100,100,25700,"bu","09:15:36",189100
13100,100,2000,"bu","09:15:33",163400
13100,100,2300,"sd","09:15:32",161400
13150,150,800,"bu","09:15:23",159100
13100,100,50000,"bu","09:15:22",158300
13100,100,108300,"unknown","09:14:59",108300
