"price","change","match_qtty","side","time","total_vol"
43500,600,100,"bu","14:39:33",40300
43500,600,200,"bu","14:34:26",40200
43600,700,500,"bu","14:33:41",40000
43700,800,1000,"bu","14:33:13",39500
43600,700,900,"bu","14:29:12",38500
43600,700,700,"bu","14:28:54",37600
43500,600,1000,"unknown","14:28:38",36900
43500,600,900,"bu","14:28:25",35900
43400,500,800,"bu","14:02:10",35000
43400,500,700,"bu","14:01:59",34200
43500,600,1000,"bu","14:01:43",33500
43600,700,1000,"unknown","13:43:52",32500
43600,700,900,"bu","13:43:38",31500
43500,600,900,"bu","13:34:30",30600
43500,600,500,"bu","13:34:17",29700
43500,600,1000,"bu","13:10:26",29200
43500,600,700,"bu","13:10:14",28200
43400,500,700,"unknown","13:10:01",27500
43400,500,700,"bu","13:09:48",26800
43500,600,500,"unknown","11:11:56",26100
43500,600,500,"bu","11:11:41",25600
43600,700,1000,"unknown","11:11:10",25100
43600,700,1000,"bu","11:10:57",24100
43500,600,1000,"unknown","11:10:43",23100
43500,600,800,"bu","11:10:27",22100
43400,500,1000,"unknown","11:09:24",21300
43400,500,900,"bu","11:09:06",20300
43400,500,1000,"unknown","11:07:54",19400
43400,500,900,"bu","11:07:35",18400
43300,400,800,"unknown","11:07:22",17500
43300,400,200,"bu","11:07:04",16700
43300,400,600,"bu","11:06:28",16500
43400,500,600,"bu","10:37:47",15900
43400,500,600,"bu","10:37:43",15300
43500,600,1000,"bu","10:37:10",14700
43500,600,600,"bu","10:37:04",13700
43400,500,900,"bu","10:36:57",13100
43400,500,500,"bu","10:36:42",12200
43400,500,1000,"bu","10:35:46",11700
43400,500,700,"bu","10:35:41",10700
43300,400,800,"bu","10:35:33",10000
43300,400,700,"bu","10:35:27",9200
43400,500,1000,"bu","10:34:38",8500
43400,500,800,"bu","10:34:30",7500
43300,400,700,"unknown","10:34:23",6700
43300,400,500,"bu","10:34:17",6000
43300,400,800,"bu","10:19:45",5500
43300,400,800,"bu","10:19:39",4700
43200,300,900,"unknown","10:19:31",3900
43200,300,500,"bu","10:19:25",3000
43100,200,700,"bu","09:25:34",2500
43100,200,500,"bu","09:25:26",1800
43000,100,800,"bu","09:25:20",1300
43100,200,500,"bu","09:23:24",500
