"price","change","match_qtty","side","time","total_vol"
4230,270,1200,"sd","14:45:01",591800
4230,270,200,"sd","14:28:47",590600
4230,270,100,"sd","14:26:40",590400
4230,270,200,"sd","13:57:30",590300
4230,270,100,"bu","13:49:14",590100
4230,270,500,"bu","13:49:14",590000
4230,270,3000,"sd","13:48:39",589500
4230,270,300,"sd","13:48:39",586500
4230,270,6200,"sd","13:48:39",586200
4230,270,1800,"bu","13:47:42",580000
4230,270,2000,"bu","13:47:41",578200
4230,270,20000,"sd","13:47:32",576200
4230,270,6100,"sd","13:46:48",556200
4230,270,3900,"bu","13:46:32",550100
4230,270,2100,"sd","13:45:05",546200
4230,270,2900,"bu","13:44:15",544100
4230,270,2900,"sd","13:43:50",541200
4230,270,1200,"sd","13:43:50",538300
4230,270,3800,"bu","13:42:57",537100
4230,270,1500,"bu","13:42:53",533300
4230,270,100,"sd","13:42:34",531800
4230,270,12600,"sd","13:42:34",531700
4230,270,100,"bu","13:42:14",519100
4230,270,100,"bu","13:42:11",519000
4230,270,100,"bu","13:42:11",518900
4230,270,1000,"bu","13:41:50",518800
4230,270,1000,"bu","13:41:46",517800
4230,270,700,"bu","13:41:32",516800
4230,270,2000,"sd","13:40:16",516100
4230,270,1300,"sd","13:40:16",514100
4230,270,1700,"sd","13:35:22",512800
4230,270,900,"sd","13:35:22",511100
4230,270,700,"sd","13:35:22",510200
4230,270,8000,"bu","13:33:44",509500
4230,270,1300,"bu","13:33:44",501500
4230,270,200,"bu","13:33:30",500200
4230,270,100,"bu","13:33:21",500000
4230,270,2400,"bu","13:33:14",499900
4230,270,300,"bu","13:33:14",497500
4230,270,5000,"bu","13:33:14",497200
4230,270,2500,"bu","13:33:14",492200
4230,270,1000,"bu","13:33:14",489700
4230,270,200,"bu","13:33:14",488700
4230,270,600,"bu","13:33:14",488500
4230,270,300,"bu","13:33:14",487900
4230,270,10000,"bu","13:33:14",487600
4230,270,7700,"bu","13:33:14",477600
4230,270,1000,"bu","13:33:10",469900
4230,270,12700,"bu","13:33:09",468900
4230,270,5000,"bu","13:32:59",456200
4230,270,200,"bu","13:27:02",451200
4230,270,400,"bu","13:26:54",451000
4220,260,1000,"bu","13:26:12",450600
4220,260,1000,"bu","13:26:12",449600
4220,260,1000,"bu","13:26:12",448600
4220,260,100,"bu","13:26:12",447600
4220,260,200,"bu","13:26:12",447500
4220,260,4000,"bu","13:26:12",447300
4220,260,1000,"bu","13:26:12",443300
4220,260,6000,"bu","13:26:12",442300
4220,260,3000,"bu","13:26:12",436300
4220,260,1900,"bu","13:26:07",433300
4220,260,100,"bu","13:26:07",431400
4220,260,300,"bu","13:25:43",431300
4220,260,100,"bu","13:25:43",431000
4220,260,100,"bu","13:25:43",430900
4220,260,2000,"bu","13:24:49",430800
4220,260,200,"bu","13:22:23",428800
4220,260,1000,"bu","13:20:40",428600
4220,260,2000,"bu","13:17:59",427600
4200,240,500,"sd","13:15:03",425600
4220,260,2500,"bu","13:12:07",425100
4220,260,800,"bu","13:11:33",422600
4220,260,200,"bu","13:11:33",421800
4220,260,200,"bu","13:10:05",421600
4200,240,500,"bu","13:09:29",421400
4200,240,8100,"bu","13:09:29",420900
4200,240,15200,"bu","13:09:29",412800
4200,240,800,"bu","13:09:29",397600
4200,240,100,"bu","13:09:29",396800
4200,240,100,"bu","13:09:29",396700
4200,240,300,"bu","13:09:00",396600
4190,230,4800,"sd","13:08:51",396300
4190,230,500,"sd","13:08:51",391500
4190,230,400,"sd","13:08:51",391000
4200,240,400,"bu","13:07:32",390600
4200,240,2000,"bu","13:06:17",390200
4200,240,300,"bu","13:00:02",388200
4180,220,400,"sd","12:59:59",387900
4190,230,600,"unknown","12:59:59",387500
4200,240,600,"bu","11:29:29",386900
4190,230,300,"bu","11:28:18",386300
4190,230,600,"bu","11:28:18",386000
4190,230,2000,"bu","11:28:18",385400
4190,230,1200,"bu","11:28:18",383400
4190,230,300,"bu","11:28:18",382200
4190,230,1400,"bu","11:28:18",381900
4190,230,100,"bu","11:28:18",380500
4180,220,200,"sd","11:27:30",380400
4180,220,500,"bu","11:27:03",380200
4180,220,200,"bu","11:24:45",379700
4180,220,500,"bu","11:24:03",379500
4180,220,100,"bu","11:23:45",379000
4180,220,700,"bu","11:23:45",378900
4180,220,100,"bu","11:23:29",378200
4180,220,200,"bu","11:21:24",378100
4170,210,700,"sd","11:21:22",377900
4170,210,400,"sd","11:21:22",377200
4180,220,3000,"sd","11:14:07",376800
4180,220,2000,"sd","11:14:03",373800
4180,220,1000,"sd","11:13:56",371800
4180,220,2000,"sd","11:13:49",370800
4180,220,1000,"sd","11:13:49",368800
4180,220,2000,"sd","11:13:49",367800
4190,230,300,"bu","11:12:15",365800
4190,230,1100,"bu","11:10:29",365500
4190,230,2000,"bu","11:10:29",364400
4190,230,1400,"bu","11:10:29",362400
4190,230,100,"sd","11:08:33",361000
4200,240,500,"bu","11:07:41",360900
4190,230,4900,"bu","11:06:58",360400
4190,230,1900,"bu","11:05:30",355500
4200,240,1500,"bu","11:04:15",353600
4200,240,8100,"bu","11:03:05",352100
4200,240,100,"bu","11:03:05",344000
4200,240,5300,"bu","11:02:40",343900
4200,240,300,"bu","11:01:15",338600
4200,240,200,"bu","11:01:15",338300
4190,230,500,"sd","11:00:16",338100
4190,230,1000,"sd","11:00:16",337600
4190,230,3000,"sd","11:00:16",336600
4190,230,7300,"sd","11:00:16",333600
4190,230,300,"bu","10:59:44",326300
4190,230,4400,"bu","10:59:33",326000
4180,220,500,"bu","10:58:41",321600
4180,220,1000,"bu","10:58:41",321100
4180,220,500,"bu","10:57:56",320100
4180,220,500,"bu","10:57:56",319600
4170,210,100,"bu","10:57:10",319100
4170,210,2000,"bu","10:57:10",319000
4170,210,4400,"bu","10:57:10",317000
4160,200,800,"sd","10:57:02",312600
4160,200,200,"bu","10:56:28",311800
4160,200,100,"bu","10:56:28",311600
4170,210,400,"bu","10:55:53",311500
4160,200,100,"bu","10:55:32",311100
4160,200,4000,"bu","10:55:32",311000
4160,200,500,"bu","10:55:32",307000
4160,200,500,"bu","10:53:37",306500
4170,210,500,"bu","10:50:34",306000
4120,160,4000,"sd","10:50:24",305500
4120,160,500,"sd","10:50:24",301500
4170,210,500,"bu","10:50:06",301000
4170,210,100,"bu","10:49:56",300500
4170,210,1000,"bu","10:49:14",300400
4150,190,4500,"sd","10:48:44",299400
4150,190,400,"sd","10:48:44",294900
4170,210,1000,"bu","10:47:48",294500
4190,230,900,"bu","10:46:31",293500
4180,220,100,"bu","10:46:31",292600
4140,180,200,"bu","10:45:55",292500
4130,170,1000,"bu","10:45:55",292300
4120,160,1000,"bu","10:45:55",291300
4120,160,1000,"bu","10:45:55",290300
4120,160,200,"bu","10:45:55",289300
4120,160,200,"bu","10:45:55",289100
4120,160,1000,"bu","10:45:55",288900
4110,150,200,"bu","10:45:44",287900
4100,140,29000,"sd","10:45:41",287700
4100,140,300,"bu","10:45:25",258700
4100,140,400,"sd","10:42:17",258400
4110,150,100,"sd","10:42:17",258000
4120,160,200,"bu","10:42:10",257900
4120,160,200,"bu","10:41:08",257700
4110,150,1000,"bu","10:41:08",257500
4100,140,600,"sd","10:40:51",256500
4100,140,100,"sd","10:40:51",255900
4100,140,1500,"bu","10:40:39",255800
4100,140,400,"bu","10:40:39",254300
4100,140,800,"bu","10:40:31",253900
4100,140,200,"bu","10:40:14",253100
4100,140,800,"bu","10:40:14",252900
4100,140,200,"bu","10:39:54",252100
4090,130,1000,"bu","10:39:54",251900
4080,120,300,"bu","10:39:54",250900
4080,120,300,"bu","10:39:42",250600
4070,110,1400,"sd","10:39:41",250300
4070,110,2600,"bu","10:39:29",248900
4070,110,2000,"bu","10:39:17",246300
4070,110,500,"bu","10:38:39",244300
4070,110,1500,"bu","10:38:39",243800
4070,110,500,"bu","10:38:13",242300
4070,110,100,"bu","10:37:41",241800
4060,100,100,"bu","10:37:41",241700
4050,90,800,"bu","10:37:41",241600
4050,90,100,"bu","10:37:32",240800
4050,90,4000,"bu","10:37:16",240700
4050,90,1000,"bu","10:37:14",236700
4050,90,2000,"bu","10:36:46",235700
4050,90,1000,"bu","10:36:07",233700
4030,70,4900,"sd","10:35:56",232700
4050,90,600,"bu","10:35:05",227800
4000,40,2500,"sd","10:34:02",227200
4000,40,7000,"sd","10:34:02",224700
4000,40,500,"sd","10:34:02",217700
4000,40,1500,"sd","10:34:02",217200
4000,40,1000,"sd","10:33:56",215700
4000,40,100,"sd","10:33:37",214700
4000,40,1600,"sd","10:33:36",214600
4010,50,1000,"sd","10:32:18",213000
4010,50,1000,"sd","10:32:18",212000
4000,40,400,"sd","10:32:18",211000
4000,40,3000,"sd","10:32:18",210600
4000,40,2000,"sd","10:32:18",207600
4000,40,5000,"sd","10:32:18",205600
4000,40,1400,"sd","10:32:18",200600
4010,50,200,"sd","10:32:18",199200
4010,50,1000,"sd","10:32:18",199000
4050,90,500,"bu","10:31:46",198000
4030,70,500,"sd","10:30:55",197500
4020,60,2000,"sd","10:30:01",197000
4070,110,500,"bu","10:29:19",195000
4000,40,3600,"sd","10:28:32",194500
4000,40,1200,"sd","10:28:32",190900
4010,50,400,"sd","10:28:32",189700
4010,50,4600,"sd","10:28:17",189300
4010,50,1500,"sd","10:28:17",184700
4020,60,900,"sd","10:28:17",183200
4070,110,500,"bu","10:27:20",182300
4000,40,1800,"sd","10:27:10",181800
4000,40,1000,"sd","10:27:10",180000
4050,90,200,"sd","10:27:10",179000
4070,110,500,"bu","10:26:56",178800
4050,90,1800,"bu","10:26:40",178300
4000,40,2400,"sd","10:26:28",176500
4000,40,200,"sd","10:26:28",174100
4000,40,1100,"sd","10:26:28",173900
4000,40,2000,"sd","10:26:28",172800
4000,40,100,"sd","10:26:28",170800
4000,40,200,"sd","10:26:28",170700
4050,90,700,"bu","10:26:05",170500
4050,90,1000,"bu","10:25:01",169800
4010,50,2000,"sd","10:24:48",168800
4050,90,1500,"bu","10:23:29",166800
4000,40,4800,"sd","10:23:11",165300
4000,40,100,"sd","10:23:11",160500
4000,40,4900,"sd","10:22:49",160400
4000,40,400,"sd","10:22:49",155500
4000,40,200,"sd","10:22:49",155100
4000,40,1800,"sd","10:21:48",154900
4000,40,1200,"sd","10:21:48",153100
4000,40,1800,"sd","10:21:48",151900
4010,50,10000,"sd","10:21:48",150100
4010,50,200,"sd","10:21:48",140100
4000,40,1200,"sd","10:20:54",139900
4000,40,6200,"sd","10:20:54",138700
4020,60,2600,"sd","10:20:54",127500
4010,50,5000,"sd","10:20:54",132500
4040,80,100,"bu","10:20:20",124900
4000,40,1800,"sd","10:18:29",124800
4000,40,500,"sd","10:18:29",123000
4000,40,1700,"sd","10:18:29",122500
4010,50,6000,"sd","10:18:29",120800
4000,40,8300,"sd","10:17:44",114800
4000,40,1700,"sd","10:17:44",106500
4000,40,8300,"sd","10:15:47",104800
4000,40,3700,"sd","10:15:47",96500
4000,40,1300,"sd","10:14:57",92800
4000,40,1500,"sd","10:14:57",91500
4000,40,4800,"sd","10:14:57",90000
4000,40,5000,"sd","10:14:57",85200
4000,40,3100,"sd","10:14:57",80200
4030,70,1600,"sd","10:14:57",77100
4030,70,500,"sd","10:14:57",75500
4040,80,1000,"sd","10:14:57",75000
4040,80,200,"sd","10:14:57",74000
4050,90,5000,"sd","10:14:16",73800
4070,110,300,"bu","10:14:07",68800
4080,120,2800,"sd","10:13:46",68500
4080,120,1000,"bu","10:13:42",65700
4080,120,4000,"bu","10:13:42",64700
4070,110,100,"bu","10:11:11",60700
4050,90,200,"bu","10:10:34",60600
4050,90,3000,"sd","10:10:34",60400
4050,90,1000,"sd","10:10:34",57400
4050,90,5000,"sd","10:10:34",56400
4050,90,400,"sd","10:10:34",51400
4060,100,300,"sd","10:10:34",51000
4060,100,100,"sd","10:10:34",50700
4080,120,4900,"bu","10:10:31",50600
4070,110,100,"bu","10:10:31",45700
4070,110,200,"sd","10:10:21",45600
4080,120,300,"bu","10:10:02",45400
4080,120,800,"bu","10:09:51",45100
4090,130,500,"bu","10:09:33",44300
4090,130,2000,"bu","10:09:16",43800
4080,120,100,"sd","10:09:16",41800
4080,120,100,"sd","10:09:04",41700
4090,130,2500,"sd","10:08:04",41600
4090,130,2500,"sd","10:08:00",39100
4080,120,200,"bu","10:05:16",36600
4060,100,100,"bu","10:01:10",36400
4050,90,1000,"sd","09:54:45",36300
4050,90,5000,"bu","09:53:29",35300
4040,80,2000,"bu","09:53:12",30300
4000,40,2500,"bu","09:48:40",28300
4000,40,900,"bu","09:45:46",25800
4000,40,100,"bu","09:44:58",24900
3990,30,500,"bu","09:44:20",24800
3990,30,100,"sd","09:43:43",24300
3990,30,500,"sd","09:43:43",24200
3990,30,200,"sd","09:43:43",23700
3990,30,1700,"sd","09:43:43",23500
4000,40,1000,"bu","09:43:17",21800
4000,40,5000,"sd","09:39:59",20800
4000,40,500,"sd","09:39:59",15800
4050,90,200,"bu","09:39:28",15300
4050,90,200,"bu","09:36:51",15100
4050,90,300,"bu","09:36:51",14900
4050,90,200,"bu","09:35:40",14600
4000,40,300,"bu","09:34:25",14400
3980,20,400,"sd","09:30:51",14100
3980,20,500,"sd","09:30:51",13700
3990,30,1400,"sd","09:30:51",13200
4000,40,1000,"bu","09:30:25",11800
4000,40,200,"sd","09:29:39",10800
4000,40,3500,"sd","09:29:39",10600
4000,40,1500,"sd","09:26:40",7100
4000,40,1000,"sd","09:22:49",5600
4120,160,100,"bu","09:18:20",4600
3960,0,1500,"sd","09:15:45",4500
3960,0,1000,"sd","09:15:45",3000
4120,160,2000,"bu","09:15:01",2000
