"price","change","match_qtty","side","time","total_vol"
8640,-120,196700,"unknown","14:45:00",8204900
8670,-90,100,"bu","14:29:21",8008200
8670,-90,400,"bu","14:29:13",8008100
8670,-90,100,"sd","14:29:11",8007700
8670,-90,100,"sd","14:29:11",8007600
8680,-80,2500,"sd","14:29:11",8007500
8690,-70,1700,"bu","14:28:04",8005000
8680,-80,300,"bu","14:28:04",8003300
8650,-110,900,"sd","14:28:01",8003000
8650,-110,1000,"sd","14:28:01",8002100
8650,-110,100,"sd","14:28:01",8001100
8650,-110,500,"sd","14:28:01",8001000
8650,-110,200,"sd","14:28:01",8000500
8650,-110,1000,"sd","14:28:01",8000300
8650,-110,200,"sd","14:28:01",7999300
8650,-110,500,"sd","14:28:01",7999100
8650,-110,10000,"sd","14:28:01",7998600
8650,-110,500,"sd","14:28:01",7988600
8660,-100,7600,"sd","14:28:01",7988100
8660,-100,300,"sd","14:28:01",7980500
8660,-100,500,"sd","14:28:01",7980200
8660,-100,1000,"sd","14:28:01",7979700
8660,-100,500,"sd","14:28:01",7978700
8660,-100,1000,"sd","14:28:01",7978200
8660,-100,200,"sd","14:28:01",7977200
8660,-100,300,"sd","14:28:01",7977000
8660,-100,2000,"sd","14:28:01",7976700
8660,-100,5000,"sd","14:28:01",7974700
8660,-100,1400,"sd","14:28:01",7969700
8670,-90,300,"sd","14:28:01",7968300
8670,-90,5500,"bu","14:27:49",7968000
8660,-100,100,"sd","14:27:46",7962500
8670,-90,2000,"bu","14:27:44",7962400
8670,-90,200,"bu","14:27:21",7960400
8670,-90,600,"bu","14:27:01",7960200
8670,-90,100,"sd","14:26:50",7959600
8670,-90,600,"sd","14:26:50",7959500
8680,-80,1000,"sd","14:26:50",7958900
8680,-80,200,"bu","14:26:36",7957900
8680,-80,100,"bu","14:26:36",7957700
8680,-80,1200,"bu","14:26:36",7957600
8680,-80,500,"bu","14:26:16",7956400
8670,-90,500,"sd","14:26:12",7955900
8670,-90,300,"sd","14:26:12",7955400
8670,-90,900,"sd","14:25:58",7955100
8670,-90,100,"sd","14:25:58",7954200
8680,-80,100,"bu","14:25:52",7954100
8660,-100,500,"sd","14:25:39",7954000
8660,-100,300,"sd","14:25:39",7953500
8660,-100,200,"sd","14:25:39",7953200
8680,-80,700,"bu","14:25:35",7953000
8670,-90,300,"bu","14:25:35",7952300
8670,-90,100,"bu","14:25:35",7952000
8660,-100,100,"sd","14:25:31",7951900
8660,-100,100,"sd","14:25:31",7951800
8660,-100,100,"sd","14:25:31",7951700
8660,-100,100,"sd","14:25:20",7951600
8670,-90,200,"sd","14:25:15",7951500
8670,-90,400,"sd","14:25:15",7951300
8680,-80,100,"bu","14:25:10",7950900
8680,-80,5000,"bu","14:25:10",7950800
8680,-80,500,"bu","14:25:09",7945800
8680,-80,500,"bu","14:25:07",7945300
8680,-80,1000,"sd","14:25:04",7944800
8680,-80,400,"sd","14:25:04",7943800
8690,-70,500,"bu","14:25:04",7943400
8690,-70,1500,"bu","14:25:04",7942900
8680,-80,1000,"sd","14:25:03",7941400
8680,-80,200,"sd","14:25:03",7940400
8680,-80,800,"sd","14:25:03",7940200
8680,-80,1000,"sd","14:25:00",7939400
8690,-70,1000,"bu","14:24:58",7938400
8680,-80,200,"sd","14:24:57",7937400
8680,-80,1000,"sd","14:24:49",7937200
8690,-70,1000,"bu","14:24:45",7936200
8670,-90,1600,"sd","14:24:39",7935200
8670,-90,500,"sd","14:24:39",7933600
8670,-90,400,"sd","14:24:39",7933100
8670,-90,500,"sd","14:24:39",7932700
8670,-90,500,"sd","14:24:39",7932200
8670,-90,4700,"sd","14:24:39",7931700
8670,-90,400,"sd","14:24:39",7927000
8680,-80,500,"sd","14:24:39",7926600
8680,-80,10000,"sd","14:24:39",7926100
8680,-80,500,"sd","14:24:39",7916100
8680,-80,200,"sd","14:24:39",7915600
8690,-70,1000,"bu","14:24:28",7915400
8680,-80,800,"sd","14:24:28",7914400
8680,-80,500,"sd","14:24:28",7913600
8680,-80,18000,"sd","14:24:28",7913100
8680,-80,500,"sd","14:24:28",7895100
8680,-80,200,"sd","14:24:28",7894600
8690,-70,1000,"bu","14:24:21",7894400
8690,-70,200,"sd","14:24:13",7893400
8690,-70,4400,"bu","14:24:06",7893200
8690,-70,600,"bu","14:24:06",7888800
8690,-70,200,"bu","14:24:06",7888200
8690,-70,1000,"bu","14:24:04",7888000
8690,-70,1000,"bu","14:24:04",7887000
8690,-70,500,"bu","14:24:02",7886000
8690,-70,300,"bu","14:23:57",7885500
8690,-70,200,"bu","14:23:57",7885200
8690,-70,100,"bu","14:23:55",7885000
8690,-70,700,"bu","14:23:45",7884900
8690,-70,1400,"bu","14:23:45",7884200
8690,-70,5000,"bu","14:23:45",7882800
8690,-70,100,"bu","14:23:45",7877800
8690,-70,500,"bu","14:23:45",7877700
8690,-70,1300,"bu","14:23:45",7877200
8680,-80,1900,"sd","14:23:30",7875900
8680,-80,2900,"sd","14:23:23",7874000
8680,-80,1000,"sd","14:23:22",7871100
8680,-80,600,"sd","14:23:22",7870100
8680,-80,500,"sd","14:23:22",7869500
8680,-80,1000,"sd","14:23:22",7869000
8680,-80,100,"sd","14:23:22",7868000
8680,-80,200,"sd","14:23:22",7867900
8680,-80,1000,"sd","14:23:22",7867700
8680,-80,100,"sd","14:23:22",7866700
8680,-80,500,"sd","14:23:22",7866600
8680,-80,2100,"sd","14:23:22",7866100
8680,-80,100,"sd","14:23:13",7864000
8690,-70,100,"bu","14:22:45",7863900
8690,-70,1000,"bu","14:22:41",7863800
8690,-70,200,"bu","14:22:26",7862800
8690,-70,200,"bu","14:22:24",7862600
8690,-70,2000,"bu","14:22:21",7862400
8690,-70,200,"sd","14:22:18",7860400
8690,-70,1000,"bu","14:22:12",7860200
8690,-70,700,"bu","14:22:12",7859200
8690,-70,600,"sd","14:22:06",7858500
8690,-70,1000,"sd","14:22:06",7857900
8690,-70,1000,"sd","14:22:06",7856900
8690,-70,1000,"sd","14:22:06",7855900
8690,-70,1000,"sd","14:22:06",7854900
8690,-70,1000,"sd","14:22:06",7853900
8690,-70,500,"sd","14:22:06",7852900
8690,-70,3200,"sd","14:22:06",7852400
8690,-70,1600,"sd","14:21:57",7849200
8690,-70,1400,"sd","14:21:57",7847600
8700,-60,500,"bu","14:21:56",7846200
8690,-70,300,"sd","14:21:48",7845700
8700,-60,800,"bu","14:21:47",7845400
8700,-60,100,"bu","14:21:46",7844600
8700,-60,100,"bu","14:21:36",7844500
8690,-70,1300,"bu","14:21:21",7844400
8690,-70,500,"bu","14:21:19",7843100
8690,-70,5000,"bu","14:21:15",7842600
8690,-70,200,"bu","14:21:12",7837600
8690,-70,500,"bu","14:21:07",7837400
8690,-70,1000,"bu","14:21:04",7836900
8690,-70,1500,"bu","14:21:04",7835900
8690,-70,200,"bu","14:21:04",7834400
8690,-70,200,"bu","14:21:04",7834200
8690,-70,900,"bu","14:20:58",7834000
8690,-70,100,"bu","14:20:58",7833100
8690,-70,900,"bu","14:20:52",7833000
8690,-70,100,"bu","14:20:52",7832100
8690,-70,100,"bu","14:20:51",7832000
8690,-70,200,"bu","14:20:51",7831900
8690,-70,700,"bu","14:20:51",7831700
8690,-70,300,"bu","14:20:44",7831000
8690,-70,200,"bu","14:20:44",7830700
8690,-70,1000,"bu","14:20:43",7830500
8690,-70,500,"bu","14:20:36",7829500
8680,-80,500,"sd","14:20:32",7829000
8680,-80,2600,"bu","14:20:22",7828500
8680,-80,100,"bu","14:20:22",7825900
8680,-80,100,"bu","14:20:22",7825800
8680,-80,700,"bu","14:20:22",7825700
8680,-80,3800,"bu","14:20:22",7825000
8680,-80,200,"bu","14:20:20",7821200
8680,-80,800,"bu","14:20:20",7821000
8680,-80,100,"bu","14:20:19",7820200
8680,-80,500,"bu","14:20:07",7820100
8680,-80,500,"bu","14:20:01",7819600
8680,-80,8800,"bu","14:19:49",7819100
8670,-90,100,"sd","14:19:44",7810300
8680,-80,9300,"bu","14:19:38",7810200
8680,-80,700,"bu","14:19:38",7800900
8680,-80,5100,"bu","14:19:01",7800200
8670,-90,1300,"bu","14:19:01",7795100
8670,-90,200,"bu","14:18:55",7793800
8670,-90,100,"bu","14:18:43",7793600
8660,-100,200,"sd","14:18:39",7793500
8670,-90,4200,"bu","14:18:38",7793300
8670,-90,100,"bu","14:18:34",7789100
8670,-90,1000,"bu","14:18:31",7789000
8670,-90,400,"unknown","14:18:25",7788000
8670,-90,300,"sd","14:18:25",7787600
8670,-90,2000,"sd","14:18:25",7787300
8670,-90,400,"sd","14:18:25",7785300
8680,-80,300,"bu","14:18:20",7784900
8680,-80,100,"bu","14:18:20",7784600
8670,-90,4000,"bu","14:17:56",7784500
8670,-90,600,"bu","14:17:56",7780500
8670,-90,4400,"bu","14:17:51",7779900
8670,-90,600,"bu","14:17:51",7775500
8660,-100,500,"bu","14:17:45",7774900
8660,-100,100,"bu","14:17:45",7774400
8650,-110,200,"bu","14:17:45",7774300
8650,-110,100,"bu","14:17:41",7774100
8650,-110,100,"bu","14:17:33",7774000
8650,-110,500,"bu","14:17:33",7773900
8650,-110,400,"bu","14:17:33",7773400
8640,-120,1000,"sd","14:17:28",7773000
8650,-110,1600,"bu","14:17:24",7772000
8650,-110,1000,"bu","14:17:24",7770400
8650,-110,1000,"bu","14:17:20",7769400
8650,-110,300,"bu","14:17:13",7768400
8650,-110,2300,"bu","14:17:09",7768100
8640,-120,1700,"bu","14:17:09",7765800
8640,-120,200,"bu","14:17:08",7764100
8630,-130,5000,"sd","14:17:07",7763900
8640,-120,300,"bu","14:17:03",7758900
8640,-120,2000,"bu","14:16:59",7758600
8640,-120,100,"sd","14:16:58",7756600
8640,-120,700,"sd","14:16:58",7756500
8650,-110,10900,"bu","14:16:54",7755800
8650,-110,500,"bu","14:16:52",7744900
8640,-120,2800,"bu","14:16:50",7744400
8640,-120,1500,"bu","14:16:50",7741600
8630,-130,7200,"sd","14:16:47",7740100
8630,-130,1000,"sd","14:16:47",7732900
8630,-130,1000,"sd","14:16:47",7731900
8630,-130,800,"sd","14:16:47",7730900
8640,-120,500,"bu","14:16:35",7730100
8640,-120,200,"bu","14:16:30",7729600
8630,-130,1400,"sd","14:16:27",7729400
8640,-120,500,"bu","14:16:20",7728000
8640,-120,100,"bu","14:16:15",7727500
8640,-120,1100,"bu","14:16:08",7727400
8640,-120,200,"bu","14:16:02",7726300
8640,-120,100,"sd","14:15:48",7726100
8640,-120,1000,"sd","14:15:48",7726000
8640,-120,2800,"sd","14:15:48",7725000
8640,-120,100,"sd","14:15:48",7722200
8640,-120,700,"sd","14:15:48",7722100
8640,-120,1000,"sd","14:15:48",7721400
8640,-120,200,"sd","14:15:48",7720400
8650,-110,2000,"bu","14:15:43",7720200
8650,-110,500,"bu","14:15:43",7718200
8650,-110,200,"bu","14:15:43",7717700
8650,-110,100,"bu","14:15:43",7717500
8650,-110,2200,"bu","14:15:43",7717400
8650,-110,800,"bu","14:15:38",7715200
8650,-110,1100,"bu","14:15:38",7714400
8650,-110,100,"bu","14:15:38",7713300
8640,-120,800,"bu","14:15:25",7713200
8640,-120,500,"bu","14:15:25",7712400
8640,-120,5000,"sd","14:15:21",7711900
8640,-120,200,"sd","14:15:21",7706900
8640,-120,2100,"sd","14:15:21",7706700
8640,-120,1400,"sd","14:15:21",7704600
8640,-120,600,"bu","14:15:02",7703200
8630,-130,2200,"bu","14:14:46",7702600
8630,-130,300,"bu","14:14:42",7700400
8630,-130,400,"bu","14:14:42",7700100
8630,-130,300,"bu","14:14:42",7699700
8630,-130,1000,"bu","14:14:42",7699400
8620,-140,400,"sd","14:14:23",7698400
8620,-140,100,"sd","14:14:20",7698000
8620,-140,500,"sd","14:14:11",7697900
8620,-140,200,"bu","14:14:07",7697400
8620,-140,1000,"bu","14:14:07",7697200
8620,-140,1500,"bu","14:14:07",7696200
8620,-140,1000,"bu","14:14:07",7694700
8620,-140,1000,"bu","14:14:07",7693700
8620,-140,100,"bu","14:14:07",7692700
8620,-140,21900,"bu","14:14:07",7692600
8620,-140,200,"bu","14:14:05",7670700
8620,-140,1000,"bu","14:14:04",7670500
8610,-150,1000,"sd","14:14:01",7669500
8620,-140,5000,"bu","14:13:57",7668500
8620,-140,1900,"bu","14:13:55",7663500
8620,-140,100,"bu","14:13:55",7661600
8610,-150,600,"sd","14:13:54",7661500
8610,-150,100,"sd","14:13:54",7660900
8610,-150,500,"sd","14:13:54",7660800
8610,-150,100,"sd","14:13:54",7660300
8620,-140,100,"bu","14:13:43",7660200
8620,-140,4800,"bu","14:13:02",7660100
8620,-140,1000,"bu","14:13:02",7655300
8620,-140,200,"bu","14:13:02",7654300
8600,-160,400,"sd","14:12:03",7654100
8600,-160,1200,"sd","14:12:03",7653700
8610,-150,1300,"sd","14:12:03",7652500
8610,-150,7100,"sd","14:12:03",7651200
8610,-150,300,"bu","14:12:00",7644100
8610,-150,100,"bu","14:12:00",7643800
8610,-150,2500,"bu","14:12:00",7643700
8610,-150,1000,"bu","14:12:00",7641200
8600,-160,1300,"sd","14:11:50",7640200
8600,-160,500,"bu","14:11:38",7638900
8600,-160,34000,"bu","14:11:38",7638400
8600,-160,500,"bu","14:11:25",7604400
8600,-160,1200,"bu","14:11:24",7603900
8600,-160,1000,"bu","14:11:23",7602700
8600,-160,1300,"bu","14:11:22",7601700
8590,-170,100,"sd","14:11:19",7600400
8600,-160,100,"bu","14:11:18",7600300
8600,-160,10000,"bu","14:11:16",7600200
8590,-170,300,"sd","14:11:13",7590200
8590,-170,3800,"sd","14:11:13",7589900
8590,-170,1200,"sd","14:11:13",7586100
8600,-160,39000,"bu","14:11:04",7584900
8600,-160,1000,"bu","14:11:02",7545900
8600,-160,100,"bu","14:11:02",7544900
8600,-160,3000,"bu","14:10:59",7544800
8600,-160,500,"bu","14:10:58",7541800
8600,-160,5000,"bu","14:10:42",7541300
8600,-160,100,"bu","14:10:34",7536300
8600,-160,3200,"sd","14:10:29",7536200
8610,-150,500,"bu","14:10:22",7533000
8600,-160,4000,"bu","14:10:18",7532500
8600,-160,400,"bu","14:10:18",7528500
8600,-160,2000,"bu","14:10:18",7528100
8600,-160,100,"bu","14:10:18",7526100
8600,-160,1900,"bu","14:10:18",7526000
8600,-160,100,"bu","14:10:18",7524100
8600,-160,5000,"bu","14:10:18",7524000
8600,-160,5000,"bu","14:10:18",7519000
8600,-160,5000,"bu","14:10:18",7514000
8600,-160,3000,"bu","14:10:18",7509000
8600,-160,500,"bu","14:10:18",7506000
8600,-160,500,"bu","14:10:18",7505500
8600,-160,46300,"bu","14:10:18",7505000
8600,-160,6000,"bu","14:10:15",7458700
8590,-170,100,"sd","14:09:56",7452700
8590,-170,1700,"sd","14:09:51",7452600
8590,-170,1000,"sd","14:09:51",7450900
8590,-170,300,"sd","14:09:51",7449900
8590,-170,9700,"sd","14:09:49",7449600
8590,-170,300,"sd","14:09:49",7439900
8590,-170,6000,"bu","14:09:41",7439600
8590,-170,3700,"bu","14:09:41",7433600
8590,-170,100,"bu","14:09:41",7429900
8590,-170,200,"bu","14:09:39",7429800
8590,-170,2000,"bu","14:09:33",7429600
8590,-170,4000,"bu","14:09:30",7427600
8590,-170,600,"bu","14:09:30",7423600
8590,-170,100,"bu","14:09:18",7423000
8590,-170,200,"bu","14:09:10",7422900
8590,-170,100,"bu","14:08:59",7422700
8590,-170,100,"bu","14:08:59",7422600
8590,-170,1000,"bu","14:08:55",7422500
8580,-180,1000,"sd","14:08:45",7421500
8580,-180,4000,"sd","14:08:45",7420500
8580,-180,26000,"sd","14:08:37",7416500
8580,-180,1800,"sd","14:08:37",7390500
8580,-180,500,"sd","14:08:37",7388700
8580,-180,1300,"sd","14:08:37",7388200
8580,-180,400,"sd","14:08:37",7386900
8590,-170,300,"bu","14:08:35",7386500
8590,-170,100,"sd","14:08:30",7386200
8590,-170,500,"sd","14:08:30",7386100
8590,-170,300,"sd","14:08:20",7385600
8590,-170,100,"sd","14:08:20",7385300
8590,-170,600,"sd","14:08:19",7385200
8590,-170,1000,"sd","14:08:19",7384600
8590,-170,1000,"sd","14:08:19",7383600
8590,-170,1000,"sd","14:08:19",7382600
8590,-170,100,"sd","14:08:19",7381600
8590,-170,100,"sd","14:08:19",7381500
8590,-170,100,"sd","14:08:19",7381400
8590,-170,700,"sd","14:08:19",7381300
8600,-160,1000,"bu","14:08:13",7380600
8590,-170,1000,"sd","14:08:08",7379600
8590,-170,5000,"sd","14:08:04",7378600
8600,-160,300,"bu","14:07:59",7373600
8590,-170,41300,"sd","14:07:55",7373300
8590,-170,300,"sd","14:07:55",7332000
8590,-170,100,"sd","14:07:55",7331700
8590,-170,1000,"sd","14:07:55",7331600
8590,-170,500,"sd","14:07:55",7330600
8590,-170,1000,"sd","14:07:55",7330100
8590,-170,3000,"sd","14:07:55",7329100
8590,-170,1900,"sd","14:07:55",7326100
8590,-170,6000,"sd","14:07:53",7324200
8590,-170,2100,"sd","14:07:42",7318200
8590,-170,100,"sd","14:07:42",7316100
8590,-170,100,"sd","14:07:42",7316000
8590,-170,2000,"sd","14:07:42",7315900
8590,-170,100,"sd","14:07:42",7313900
8590,-170,1900,"sd","14:07:42",7313800
8590,-170,100,"sd","14:07:42",7311900
8590,-170,200,"sd","14:07:42",7311800
8590,-170,400,"sd","14:07:42",7311600
8590,-170,300,"sd","14:07:39",7311200
8590,-170,200,"sd","14:07:39",7310900
8600,-160,1000,"bu","14:07:19",7310700
8600,-160,5000,"bu","14:06:48",7309700
8600,-160,2600,"sd","14:06:43",7304700
8600,-160,500,"sd","14:06:43",7302100
8600,-160,200,"sd","14:06:43",7301600
8600,-160,10000,"sd","14:06:43",7301400
8600,-160,2900,"sd","14:06:43",7291400
8600,-160,600,"sd","14:06:33",7288500
8600,-160,1000,"sd","14:06:33",7287900
8600,-160,2400,"sd","14:06:33",7286900
8600,-160,100,"sd","14:06:20",7284500
8610,-150,4000,"bu","14:06:10",7284400
8610,-150,800,"bu","14:06:10",7280400
8610,-150,400,"bu","14:06:07",7279600
8610,-150,2800,"bu","14:05:51",7279200
8610,-150,6200,"bu","14:05:51",7276400
8600,-160,500,"sd","14:05:42",7270200
8600,-160,100,"sd","14:05:42",7269700
8600,-160,100,"sd","14:05:42",7269600
8600,-160,100,"sd","14:05:42",7269500
8600,-160,500,"sd","14:05:42",7269400
8610,-150,500,"bu","14:05:28",7268900
8600,-160,300,"sd","14:05:24",7268400
8600,-160,100,"sd","14:05:24",7268100
8600,-160,100,"sd","14:05:24",7268000
8600,-160,1000,"sd","14:05:24",7267900
8600,-160,1000,"sd","14:05:24",7266900
8600,-160,100,"sd","14:05:24",7265900
8600,-160,700,"sd","14:05:24",7265800
8600,-160,100,"sd","14:05:24",7265100
8600,-160,100,"sd","14:05:24",7265000
8600,-160,100,"sd","14:05:24",7264900
8600,-160,300,"sd","14:05:24",7264800
8600,-160,1100,"sd","14:05:24",7264500
8610,-150,100,"bu","14:05:17",7263400
8610,-150,2000,"bu","14:05:11",7263300
8610,-150,1200,"sd","14:05:09",7261300
8610,-150,100,"bu","14:05:00",7260100
8610,-150,200,"bu","14:05:00",7260000
8610,-150,1300,"bu","14:05:00",7259800
8610,-150,100,"bu","14:04:58",7258500
8610,-150,2000,"bu","14:04:56",7258400
8600,-160,500,"sd","14:04:43",7256400
8610,-150,100,"bu","14:04:43",7255900
8610,-150,200,"bu","14:04:42",7255800
8600,-160,5000,"sd","14:04:41",7255600
8610,-150,1700,"bu","14:04:37",7250600
8610,-150,30000,"bu","14:04:33",7248900
8600,-160,1000,"sd","14:04:31",7218900
8600,-160,1500,"sd","14:04:28",7217900
8600,-160,300,"bu","14:04:22",7216400
8600,-160,300,"bu","14:04:22",7216100
8600,-160,300,"bu","14:04:22",7215800
8600,-160,2000,"bu","14:04:20",7215500
8590,-170,300,"sd","14:04:19",7213500
8600,-160,500,"bu","14:04:17",7213200
8600,-160,500,"bu","14:04:14",7212700
8600,-160,600,"bu","14:04:14",7212200
8600,-160,3300,"sd","14:04:10",7211600
8600,-160,2800,"sd","14:04:10",7208300
8600,-160,200,"sd","14:04:06",7205500
8600,-160,2000,"bu","14:04:05",7205300
8600,-160,200,"bu","14:04:05",7203300
8600,-160,1000,"bu","14:04:05",7203100
8600,-160,3800,"bu","14:04:05",7202100
8600,-160,5000,"bu","14:04:04",7198300
8600,-160,100,"bu","14:04:03",7193300
8600,-160,600,"bu","14:04:02",7193200
8600,-160,300,"bu","14:03:57",7192600
8600,-160,3200,"bu","14:03:55",7192300
8600,-160,100,"bu","14:03:53",7189100
8600,-160,10000,"bu","14:03:51",7189000
8590,-170,1500,"sd","14:03:49",7179000
8600,-160,100,"bu","14:03:49",7177500
8600,-160,100,"sd","14:03:46",7177400
8600,-160,6000,"sd","14:03:46",7177300
8600,-160,100,"sd","14:03:46",7171300
8600,-160,600,"sd","14:03:46",7171200
8600,-160,1400,"bu","14:03:30",7170600
8600,-160,100,"sd","14:03:25",7169200
8600,-160,200,"sd","14:03:25",7169100
8600,-160,1000,"sd","14:03:12",7168900
8590,-170,100,"sd","14:02:54",7167900
8590,-170,1700,"sd","14:02:54",7167800
8600,-160,300,"sd","14:02:54",7166100
8600,-160,500,"sd","14:02:54",7165800
8600,-160,3100,"sd","14:02:54",7165300
8600,-160,100,"bu","14:02:45",7162200
8600,-160,2000,"bu","14:02:45",7162100
8600,-160,5000,"bu","14:02:45",7160100
8600,-160,7400,"bu","14:02:45",7155100
8600,-160,100,"bu","14:02:45",7147700
8600,-160,6400,"bu","14:02:45",7147600
8600,-160,1000,"bu","14:02:37",7141200
8590,-170,300,"sd","14:02:35",7140200
8590,-170,100,"sd","14:02:35",7139900
8590,-170,500,"sd","14:02:35",7139800
8590,-170,20000,"sd","14:02:35",7139300
8590,-170,1000,"sd","14:02:35",7119300
8590,-170,5500,"sd","14:02:35",7118300
8590,-170,2600,"sd","14:02:35",7112800
8600,-160,700,"bu","14:02:34",7110200
8600,-160,1900,"bu","14:02:33",7109500
8600,-160,200,"bu","14:02:33",7107600
8600,-160,900,"bu","14:02:33",7107400
8600,-160,100,"bu","14:02:23",7106500
8600,-160,2900,"bu","14:02:23",7106400
8590,-170,100,"sd","14:02:20",7103500
8590,-170,300,"sd","14:02:03",7103400
8590,-170,1700,"sd","14:02:03",7103100
8600,-160,1000,"bu","14:02:02",7101400
8600,-160,200,"bu","14:01:59",7100400
8600,-160,100,"bu","14:01:49",7100200
8600,-160,800,"bu","14:01:47",7100100
8600,-160,1200,"bu","14:01:47",7099300
8600,-160,1000,"bu","14:01:46",7098100
8600,-160,800,"bu","14:01:32",7097100
8600,-160,1100,"bu","14:01:27",7096300
8600,-160,1500,"bu","14:01:22",7095200
8600,-160,200,"bu","14:01:06",7093700
8600,-160,500,"bu","14:01:03",7093500
8600,-160,3000,"bu","14:00:54",7093000
8600,-160,500,"bu","14:00:51",7090000
8600,-160,2500,"bu","14:00:45",7089500
8600,-160,1600,"bu","14:00:42",7087000
8600,-160,3400,"bu","14:00:42",7085400
8600,-160,1000,"bu","14:00:39",7082000
8600,-160,500,"bu","14:00:32",7081000
8600,-160,100,"sd","14:00:15",7080500
8600,-160,500,"sd","14:00:15",7080400
8600,-160,6700,"sd","14:00:15",7079900
8600,-160,500,"sd","14:00:15",7073200
8600,-160,200,"sd","14:00:15",7072700
8600,-160,3000,"sd","14:00:15",7072500
8600,-160,1000,"sd","14:00:15",7069500
8600,-160,100,"sd","14:00:15",7068500
8600,-160,100,"sd","14:00:15",7068400
8600,-160,2300,"sd","14:00:15",7068300
8600,-160,100,"sd","14:00:15",7066000
8600,-160,500,"sd","14:00:15",7065900
8600,-160,500,"sd","14:00:08",7065400
8600,-160,3100,"sd","13:59:31",7064900
8600,-160,100,"bu","13:59:24",7061800
8600,-160,200,"bu","13:59:24",7061700
8600,-160,300,"bu","13:59:24",7061500
8600,-160,300,"bu","13:59:24",7061200
8600,-160,500,"bu","13:59:24",7060900
8600,-160,100,"bu","13:59:24",7060400
8600,-160,1000,"bu","13:59:24",7060300
8600,-160,1000,"bu","13:59:24",7059300
8600,-160,100,"bu","13:59:24",7058300
8600,-160,15000,"bu","13:59:24",7058200
8600,-160,5300,"bu","13:59:24",7043200
8600,-160,3000,"bu","13:59:24",7037900
8590,-170,500,"sd","13:59:19",7034900
8590,-170,500,"sd","13:59:13",7034400
8590,-170,100,"sd","13:59:12",7033900
8590,-170,3200,"bu","13:59:11",7033800
8590,-170,1000,"bu","13:59:09",7030600
8590,-170,100,"bu","13:59:08",7029600
8590,-170,1000,"bu","13:59:06",7029500
8590,-170,1000,"bu","13:59:05",7028500
8590,-170,18700,"bu","13:59:02",7027500
8590,-170,1300,"bu","13:59:02",7008800
8590,-170,700,"bu","13:59:01",7007500
8590,-170,300,"bu","13:59:01",7006800
8590,-170,8700,"bu","13:59:01",7006500
8590,-170,100,"bu","13:59:01",6997800
8590,-170,1200,"bu","13:59:01",6997700
8590,-170,500,"bu","13:58:58",6996500
8590,-170,2000,"bu","13:58:57",6996000
8590,-170,300,"bu","13:58:52",6994000
8590,-170,1000,"bu","13:58:51",6993700
8590,-170,400,"bu","13:58:51",6992700
8590,-170,300,"bu","13:58:48",6992300
8590,-170,300,"bu","13:58:45",6992000
8590,-170,600,"bu","13:58:43",6991700
8590,-170,6000,"bu","13:58:42",6991100
8590,-170,1000,"bu","13:58:40",6985100
8590,-170,2600,"bu","13:58:35",6984100
8590,-170,200,"bu","13:58:33",6981500
8590,-170,7000,"bu","13:58:24",6981300
8590,-170,20800,"bu","13:58:21",6974300
8590,-170,800,"bu","13:58:13",6953500
8590,-170,200,"bu","13:58:13",6952700
8580,-180,500,"sd","13:58:02",6952500
8590,-170,500,"bu","13:57:43",6952000
8580,-180,100,"sd","13:57:41",6951500
8580,-180,200,"sd","13:57:41",6951400
8580,-180,100,"sd","13:57:41",6951200
8580,-180,100,"sd","13:57:41",6951100
8580,-180,100,"sd","13:57:41",6951000
8580,-180,1400,"sd","13:57:41",6950900
8580,-180,100,"sd","13:57:28",6949500
8580,-180,300,"sd","13:57:19",6949400
8590,-170,1600,"bu","13:57:17",6949100
8580,-180,100,"sd","13:57:15",6947500
8580,-180,900,"sd","13:57:15",6947400
8580,-180,5100,"sd","13:57:12",6946500
8580,-180,1000,"sd","13:57:12",6941400
8580,-180,1900,"sd","13:57:12",6940400
8580,-180,200,"sd","13:57:12",6938500
8580,-180,100,"sd","13:57:12",6938300
8580,-180,1000,"sd","13:57:12",6938200
8580,-180,13000,"sd","13:57:12",6937200
8580,-180,400,"sd","13:57:02",6924200
8580,-180,600,"sd","13:57:02",6923800
8580,-180,2000,"sd","13:56:55",6923200
8580,-180,100,"sd","13:56:55",6921200
8580,-180,600,"sd","13:56:55",6921100
8580,-180,2000,"sd","13:56:55",6920500
8580,-180,200,"sd","13:56:55",6918500
8580,-180,100,"sd","13:56:55",6918300
8580,-180,1500,"sd","13:56:52",6918200
8580,-180,1200,"sd","13:56:47",6916700
8580,-180,1000,"sd","13:56:42",6915500
8580,-180,100,"sd","13:56:40",6914500
8590,-170,200,"bu","13:56:39",6914400
8580,-180,1100,"sd","13:56:36",6914200
8580,-180,300,"sd","13:56:36",6913100
8580,-180,600,"sd","13:56:36",6912800
8580,-180,3400,"sd","13:56:34",6912200
8580,-180,600,"sd","13:56:34",6908800
8580,-180,100,"sd","13:56:33",6908200
8590,-170,3000,"bu","13:56:28",6908100
8590,-170,2000,"bu","13:56:28",6905100
8580,-180,300,"sd","13:56:21",6903100
8580,-180,100,"sd","13:56:21",6902800
8580,-180,200,"sd","13:56:21",6902700
8580,-180,100,"sd","13:56:21",6902500
8580,-180,500,"sd","13:56:21",6902400
8580,-180,100,"sd","13:56:21",6901900
8580,-180,500,"sd","13:56:21",6901800
8580,-180,100,"sd","13:56:21",6901300
8580,-180,500,"sd","13:56:21",6901200
8580,-180,100,"sd","13:56:21",6900700
8580,-180,500,"sd","13:56:21",6900600
8580,-180,7000,"sd","13:56:21",6900100
8580,-180,3000,"sd","13:56:19",6893100
8580,-180,100,"sd","13:56:19",6890100
8580,-180,6100,"sd","13:56:19",6890000
8580,-180,10000,"sd","13:56:13",6883900
8580,-180,3900,"sd","13:56:10",6873900
8580,-180,100,"sd","13:56:10",6870000
8580,-180,1100,"sd","13:56:10",6869900
8580,-180,1000,"sd","13:56:10",6868800
8580,-180,1000,"sd","13:56:10",6867800
8580,-180,1000,"sd","13:56:10",6866800
8580,-180,100,"sd","13:56:10",6865800
8580,-180,1000,"sd","13:56:10",6865700
8580,-180,100,"sd","13:56:10",6864700
8580,-180,500,"sd","13:56:10",6864600
8580,-180,200,"sd","13:56:10",6864100
8580,-180,300,"sd","13:55:57",6863900
8580,-180,200,"sd","13:55:57",6863600
8580,-180,200,"sd","13:55:57",6863400
8580,-180,1000,"sd","13:55:57",6863200
8580,-180,100,"sd","13:55:57",6862200
8580,-180,200,"sd","13:55:57",6862100
8580,-180,3000,"sd","13:55:57",6861900
8580,-180,1000,"sd","13:55:57",6858900
8580,-180,1000,"sd","13:55:57",6857900
8580,-180,100,"sd","13:55:57",6856900
8580,-180,100,"sd","13:55:57",6856800
8580,-180,200,"sd","13:55:57",6856700
8580,-180,500,"sd","13:55:57",6856500
8580,-180,100,"sd","13:55:57",6856000
8580,-180,2000,"sd","13:55:57",6855900
8590,-170,500,"bu","13:55:51",6853900
8590,-170,2600,"bu","13:55:49",6853400
8590,-170,1000,"bu","13:55:48",6850800
8590,-170,100,"bu","13:55:48",6849800
8590,-170,4000,"sd","13:55:46",6849700
8590,-170,1500,"sd","13:55:46",6845700
8590,-170,1000,"sd","13:55:46",6844200
8590,-170,300,"sd","13:55:46",6843200
8590,-170,2000,"sd","13:55:46",6842900
8590,-170,300,"sd","13:55:32",6840900
8590,-170,100,"sd","13:55:30",6840600
8590,-170,100,"sd","13:55:27",6840500
8590,-170,800,"sd","13:55:27",6840400
8590,-170,100,"sd","13:55:27",6839600
8590,-170,100,"bu","13:55:20",6839500
8590,-170,100,"bu","13:55:18",6839400
8590,-170,100,"bu","13:55:17",6839300
8590,-170,100,"bu","13:55:12",6839200
8590,-170,1600,"sd","13:55:12",6839100
8590,-170,500,"sd","13:55:12",6837500
8590,-170,500,"sd","13:55:12",6837000
8590,-170,500,"bu","13:55:08",6836500
8590,-170,500,"bu","13:55:08",6836000
8590,-170,500,"sd","13:55:04",6835500
8590,-170,500,"sd","13:55:04",6835000
8590,-170,500,"sd","13:55:04",6834500
8590,-170,200,"sd","13:54:55",6834000
8590,-170,2300,"bu","13:54:51",6833800
8590,-170,5000,"sd","13:54:49",6831500
8590,-170,500,"sd","13:54:49",6826500
8590,-170,100,"sd","13:54:49",6826000
8590,-170,200,"sd","13:54:49",6825900
8590,-170,1000,"sd","13:54:49",6825700
8590,-170,5200,"sd","13:54:49",6824700
8590,-170,200,"sd","13:54:33",6819500
8600,-160,1000,"bu","13:54:25",6819300
8590,-170,1000,"sd","13:54:23",6818300
8600,-160,100,"bu","13:54:23",6817300
8590,-170,1600,"sd","13:54:20",6817200
8590,-170,200,"sd","13:54:20",6815600
8590,-170,100,"sd","13:54:20",6815400
8590,-170,200,"sd","13:54:20",6815300
8590,-170,200,"sd","13:54:20",6815100
8590,-170,100,"sd","13:54:20",6814900
8590,-170,1000,"sd","13:54:20",6814800
8590,-170,100,"sd","13:54:20",6813800
8590,-170,100,"sd","13:54:20",6813700
8590,-170,1000,"sd","13:54:20",6813600
8590,-170,400,"sd","13:54:20",6812600
8600,-160,200,"bu","13:54:17",6812200
8600,-160,200,"bu","13:54:17",6812000
8600,-160,4600,"bu","13:54:17",6811800
8600,-160,100,"bu","13:54:11",6807200
8600,-160,300,"bu","13:54:08",6807100
8600,-160,700,"bu","13:54:08",6806800
8600,-160,2000,"bu","13:54:08",6806100
8600,-160,300,"bu","13:54:04",6804100
8600,-160,300,"bu","13:54:03",6803800
8600,-160,600,"bu","13:54:01",6803500
8600,-160,100,"bu","13:53:56",6802900
8600,-160,100,"sd","13:53:56",6802800
8600,-160,100,"sd","13:53:56",6802700
8600,-160,100,"sd","13:53:56",6802600
8600,-160,200,"sd","13:53:56",6802500
8600,-160,5500,"sd","13:53:56",6802300
8600,-160,100,"sd","13:53:54",6796800
8600,-160,10000,"sd","13:53:51",6796700
8600,-160,4700,"sd","13:53:51",6786700
8600,-160,100,"sd","13:53:51",6782000
8600,-160,500,"sd","13:53:51",6781900
8600,-160,1000,"sd","13:53:51",6781400
8600,-160,800,"sd","13:53:51",6780400
8600,-160,200,"sd","13:53:51",6779600
8600,-160,500,"sd","13:53:51",6779400
8600,-160,1400,"sd","13:53:51",6778900
8600,-160,800,"sd","13:53:51",6777500
8600,-160,1000,"sd","13:53:50",6776700
8600,-160,1000,"sd","13:53:47",6775700
8600,-160,7200,"sd","13:53:42",6774700
8600,-160,100,"sd","13:53:42",6767500
8600,-160,500,"sd","13:53:42",6767400
8600,-160,5500,"sd","13:53:42",6766900
8600,-160,1000,"sd","13:53:42",6761400
8600,-160,100,"sd","13:53:42",6760400
8600,-160,300,"sd","13:53:42",6760300
8600,-160,1000,"sd","13:53:42",6760000
8600,-160,10000,"sd","13:53:42",6759000
8600,-160,1000,"sd","13:53:42",6749000
8600,-160,500,"sd","13:53:42",6748000
8600,-160,10000,"sd","13:53:42",6747500
8600,-160,200,"sd","13:53:42",6737500
8600,-160,700,"sd","13:53:42",6737300
8600,-160,300,"sd","13:53:42",6736600
8600,-160,1000,"sd","13:53:42",6736300
8600,-160,200,"sd","13:53:42",6735300
8600,-160,200,"sd","13:53:42",6735100
8600,-160,300,"sd","13:53:42",6734900
8600,-160,9900,"sd","13:53:42",6734600
8600,-160,100,"sd","13:53:41",6724700
8600,-160,900,"sd","13:53:29",6724600
8610,-150,100,"bu","13:53:21",6723700
8600,-160,1000,"sd","13:53:21",6723600
8610,-150,600,"bu","13:53:19",6722600
8600,-160,3100,"sd","13:53:17",6722000
8600,-160,300,"sd","13:53:17",6718900
8600,-160,100,"sd","13:53:17",6718600
8600,-160,1000,"sd","13:53:17",6718500
8600,-160,1000,"sd","13:53:17",6717500
8600,-160,200,"sd","13:53:17",6716500
8600,-160,200,"sd","13:53:17",6716300
8600,-160,100,"sd","13:53:17",6716100
8600,-160,1000,"sd","13:53:17",6716000
8600,-160,1500,"sd","13:53:14",6715000
8610,-150,5000,"bu","13:53:13",6713500
8610,-150,100,"bu","13:53:12",6708500
8610,-150,500,"bu","13:53:11",6708400
8610,-150,1000,"bu","13:53:10",6707900
8600,-160,2000,"sd","13:53:10",6706900
8600,-160,2800,"sd","13:53:06",6704900
8600,-160,200,"sd","13:53:06",6702100
8610,-150,10000,"bu","13:53:04",6701900
8600,-160,1000,"sd","13:53:03",6691900
8600,-160,1800,"sd","13:53:01",6690900
8600,-160,5700,"sd","13:53:01",6689100
8600,-160,500,"sd","13:53:01",6683400
8600,-160,500,"sd","13:53:01",6682900
8600,-160,200,"sd","13:53:01",6682400
8600,-160,1000,"sd","13:53:01",6682200
8600,-160,400,"sd","13:53:01",6681200
8600,-160,9900,"sd","13:53:01",6680800
8600,-160,40100,"sd","13:52:50",6670900
8600,-160,100,"sd","13:52:50",6630800
8600,-160,1000,"sd","13:52:50",6630700
8600,-160,1000,"sd","13:52:50",6629700
8600,-160,100,"sd","13:52:50",6628700
8600,-160,300,"sd","13:52:50",6628600
8600,-160,300,"sd","13:52:50",6628300
8600,-160,200,"sd","13:52:50",6628000
8600,-160,3000,"sd","13:52:50",6627800
8600,-160,2000,"sd","13:52:50",6624800
8600,-160,1000,"sd","13:52:50",6622800
8600,-160,1900,"sd","13:52:50",6621800
8600,-160,5000,"sd","13:52:50",6619900
8600,-160,300,"sd","13:52:50",6614900
8600,-160,100,"sd","13:52:50",6614600
8600,-160,300,"sd","13:52:50",6614500
8600,-160,9000,"sd","13:52:50",6614200
8600,-160,600,"sd","13:52:50",6605200
8600,-160,1000,"sd","13:52:50",6604600
8600,-160,400,"sd","13:52:50",6603600
8600,-160,200,"sd","13:52:50",6603200
8600,-160,200,"sd","13:52:50",6603000
8600,-160,200,"sd","13:52:50",6602800
8600,-160,200,"sd","13:52:50",6602600
8600,-160,1000,"sd","13:52:50",6602400
8600,-160,200,"sd","13:52:50",6601400
8600,-160,1000,"sd","13:52:50",6601200
8600,-160,1000,"sd","13:52:50",6600200
8600,-160,28300,"sd","13:52:50",6599200
8610,-150,100,"sd","13:52:49",6570900
8610,-150,100,"sd","13:52:49",6570800
8610,-150,500,"sd","13:52:49",6570700
8610,-150,2200,"sd","13:52:49",6570200
8610,-150,100,"sd","13:52:49",6568000
8610,-150,1000,"sd","13:52:49",6567900
8610,-150,3300,"sd","13:52:49",6566900
8610,-150,1700,"sd","13:52:45",6563600
8620,-140,3000,"bu","13:52:40",6561900
8620,-140,500,"bu","13:52:38",6558900
8620,-140,100,"bu","13:52:31",6558400
8620,-140,2000,"bu","13:52:21",6558300
8630,-130,2000,"bu","13:52:17",6556300
8620,-140,10000,"sd","13:52:17",6554300
8610,-150,2000,"sd","13:52:16",6544300
8610,-150,5000,"sd","13:52:16",6542300
8610,-150,2000,"sd","13:52:16",6537300
8610,-150,3000,"sd","13:52:16",6535300
8610,-150,2000,"sd","13:52:16",6532300
8610,-150,200,"sd","13:52:16",6530300
8610,-150,100,"sd","13:52:16",6530100
8610,-150,100,"sd","13:52:16",6530000
8610,-150,15000,"sd","13:52:16",6529900
8610,-150,500,"sd","13:52:16",6514900
8610,-150,10000,"sd","13:52:16",6514400
8610,-150,1000,"sd","13:52:16",6504400
8610,-150,1000,"sd","13:52:16",6503400
8610,-150,1000,"sd","13:52:16",6502400
8610,-150,500,"sd","13:52:16",6501400
8610,-150,2900,"sd","13:52:16",6500900
8610,-150,1000,"sd","13:52:16",6498000
8610,-150,200,"sd","13:52:16",6497000
8620,-140,100,"sd","13:52:16",6496800
8620,-140,2400,"sd","13:52:16",6496700
8620,-140,600,"bu","13:52:06",6494300
8620,-140,100,"bu","13:52:04",6493700
8620,-140,1900,"bu","13:52:04",6493600
8620,-140,100,"bu","13:51:58",6491700
8620,-140,500,"sd","13:51:53",6491600
8620,-140,100,"sd","13:51:53",6491100
8620,-140,300,"sd","13:51:53",6491000
8620,-140,500,"sd","13:51:53",6490700
8620,-140,100,"sd","13:51:53",6490200
8620,-140,200,"sd","13:51:53",6490100
8620,-140,4000,"sd","13:51:53",6489900
8620,-140,200,"sd","13:51:53",6485900
8620,-140,300,"sd","13:51:53",6485700
8620,-140,500,"sd","13:51:53",6485400
8620,-140,500,"sd","13:51:53",6484900
8620,-140,500,"sd","13:51:53",6484400
8620,-140,200,"sd","13:51:53",6483900
8620,-140,100,"sd","13:51:53",6483700
8630,-130,400,"bu","13:51:38",6483600
8620,-140,900,"sd","13:51:36",6483200
8620,-140,2000,"sd","13:51:24",6482300
8620,-140,2000,"sd","13:51:12",6480300
8620,-140,500,"sd","13:51:12",6478300
8620,-140,500,"sd","13:51:12",6477800
8620,-140,1000,"sd","13:51:12",6477300
8620,-140,1000,"sd","13:51:12",6476300
8630,-130,500,"bu","13:51:04",6475300
8620,-140,4000,"sd","13:50:58",6474800
8620,-140,5000,"sd","13:50:58",6470800
8620,-140,1000,"sd","13:50:58",6465800
8620,-140,200,"sd","13:50:58",6464800
8620,-140,100,"sd","13:50:48",6464600
8630,-130,100,"bu","13:50:46",6464500
8630,-130,500,"bu","13:50:40",6464400
8630,-130,2500,"sd","13:50:33",6463900
8630,-130,3500,"sd","13:50:33",6461400
8630,-130,200,"sd","13:50:33",6457900
8630,-130,100,"sd","13:50:33",6457700
8630,-130,500,"sd","13:50:26",6457600
8630,-130,400,"bu","13:50:22",6457100
8630,-130,5000,"bu","13:50:21",6456700
8630,-130,900,"bu","13:50:17",6451700
8630,-130,2000,"bu","13:50:16",6450800
8630,-130,1000,"sd","13:50:15",6448800
8630,-130,100,"sd","13:50:15",6447800
8630,-130,200,"bu","13:49:59",6447700
8620,-140,300,"sd","13:49:49",6447500
8630,-130,500,"sd","13:49:48",6447200
8630,-130,1000,"sd","13:49:48",6446700
8630,-130,600,"sd","13:49:48",6445700
8630,-130,100,"sd","13:49:47",6445100
8630,-130,200,"sd","13:49:40",6445000
8630,-130,100,"sd","13:49:40",6444800
8630,-130,200,"sd","13:49:40",6444700
8630,-130,4000,"sd","13:49:40",6444500
8640,-120,100,"bu","13:49:39",6440500
8630,-130,200,"bu","13:49:17",6440400
8630,-130,400,"bu","13:49:17",6440200
8630,-130,300,"bu","13:49:17",6439800
8630,-130,100,"bu","13:49:17",6439500
8630,-130,500,"bu","13:49:12",6439400
8630,-130,600,"bu","13:49:03",6438900
8620,-140,2900,"sd","13:49:00",6438300
8630,-130,300,"bu","13:48:56",6435400
8630,-130,500,"sd","13:48:54",6435100
8630,-130,300,"bu","13:48:52",6434600
8630,-130,1200,"bu","13:48:52",6434300
8630,-130,500,"bu","13:48:48",6433100
8620,-140,1500,"sd","13:48:23",6432600
8620,-140,200,"sd","13:48:17",6431100
8620,-140,200,"sd","13:48:17",6430900
8620,-140,1000,"sd","13:48:17",6430700
8630,-130,100,"bu","13:48:17",6429700
8630,-130,100,"bu","13:48:13",6429600
8620,-140,400,"sd","13:48:08",6429500
8620,-140,2600,"sd","13:48:08",6429100
8630,-130,600,"bu","13:48:01",6426500
8630,-130,500,"bu","13:48:01",6425900
8630,-130,100,"bu","13:48:01",6425400
8630,-130,8100,"bu","13:48:01",6425300
8630,-130,300,"bu","13:47:59",6417200
8620,-140,2400,"sd","13:47:54",6416900
8630,-130,500,"bu","13:47:51",6414500
8630,-130,500,"bu","13:47:46",6414000
8630,-130,600,"bu","13:47:33",6413500
8630,-130,400,"bu","13:47:33",6412900
8630,-130,400,"bu","13:47:28",6412500
8630,-130,2600,"bu","13:47:22",6412100
8630,-130,400,"bu","13:47:22",6409500
8610,-150,1000,"sd","13:47:22",6409100
8620,-140,4100,"sd","13:47:22",6408100
8620,-140,400,"sd","13:47:22",6404000
8620,-140,2000,"sd","13:47:22",6403600
8620,-140,100,"sd","13:47:22",6401600
8620,-140,500,"sd","13:47:22",6401500
8620,-140,200,"sd","13:47:22",6401000
8620,-140,200,"sd","13:47:22",6400800
8620,-140,200,"sd","13:47:22",6400600
8620,-140,100,"sd","13:47:22",6400400
8620,-140,1000,"sd","13:47:22",6400300
8620,-140,500,"sd","13:47:22",6399300
8620,-140,500,"sd","13:47:22",6398800
8620,-140,200,"sd","13:47:22",6398300
8630,-130,400,"sd","13:47:19",6398100
8630,-130,1000,"sd","13:47:19",6397700
8630,-130,200,"sd","13:47:19",6396700
8630,-130,900,"sd","13:47:11",6396500
8630,-130,200,"bu","13:47:01",6395600
8630,-130,700,"bu","13:47:01",6395400
8630,-130,300,"bu","13:46:57",6394700
8630,-130,200,"bu","13:46:57",6394400
8630,-130,200,"bu","13:46:49",6394200
8630,-130,500,"bu","13:46:49",6394000
8630,-130,200,"sd","13:46:43",6393500
8630,-130,1200,"sd","13:46:43",6393300
8630,-130,1300,"sd","13:46:43",6392100
8630,-130,1100,"sd","13:46:43",6390800
8630,-130,600,"sd","13:46:43",6389700
8630,-130,1000,"sd","13:46:38",6389100
8630,-130,200,"sd","13:46:29",6388100
8630,-130,300,"bu","13:46:19",6387900
8630,-130,100,"bu","13:46:19",6387600
8630,-130,100,"bu","13:46:19",6387500
8630,-130,100,"bu","13:46:19",6387400
8630,-130,1300,"bu","13:46:19",6387300
8630,-130,400,"bu","13:46:16",6386000
8630,-130,100,"bu","13:46:16",6385600
8630,-130,200,"bu","13:46:06",6385500
8630,-130,300,"bu","13:45:52",6385300
8630,-130,700,"bu","13:45:52",6385000
8630,-130,100,"bu","13:45:50",6384300
8630,-130,100,"bu","13:45:37",6384200
8620,-140,300,"sd","13:45:32",6384100
8630,-130,100,"bu","13:45:30",6383800
8630,-130,200,"bu","13:45:12",6383700
8630,-130,800,"sd","13:45:09",6383500
8630,-130,200,"sd","13:45:04",6382700
8630,-130,100,"sd","13:45:04",6382500
8630,-130,100,"sd","13:45:04",6382400
8630,-130,100,"sd","13:45:04",6382300
8630,-130,1900,"sd","13:45:02",6382200
8630,-130,500,"sd","13:44:53",6380300
8630,-130,100,"sd","13:44:53",6379800
8630,-130,100,"sd","13:44:53",6379700
8630,-130,1200,"sd","13:44:53",6379600
8630,-130,100,"sd","13:44:35",6378400
8640,-120,200,"bu","13:44:32",6378300
8640,-120,2000,"bu","13:44:32",6378100
8640,-120,500,"bu","13:44:16",6376100
8630,-130,700,"sd","13:44:10",6375600
8630,-130,200,"sd","13:44:10",6374900
8630,-130,500,"sd","13:44:10",6374700
8630,-130,600,"sd","13:44:10",6374200
8630,-130,400,"sd","13:44:03",6373600
8630,-130,10000,"sd","13:44:03",6373200
8630,-130,500,"sd","13:44:03",6363200
8630,-130,100,"sd","13:44:03",6362700
8630,-130,100,"sd","13:44:03",6362600
8630,-130,800,"sd","13:44:03",6362500
8630,-130,2300,"sd","13:44:03",6361700
8640,-120,1000,"bu","13:44:02",6359400
8640,-120,500,"bu","13:43:55",6358400
8630,-130,100,"sd","13:43:53",6357900
8630,-130,500,"sd","13:43:47",6357800
8630,-130,1200,"sd","13:43:47",6357300
8630,-130,300,"sd","13:43:47",6356100
8630,-130,900,"sd","13:43:26",6355800
8630,-130,100,"sd","13:43:26",6354900
8630,-130,100,"sd","13:43:26",6354800
8630,-130,2100,"sd","13:43:26",6354700
8630,-130,300,"sd","13:43:26",6352600
8630,-130,300,"sd","13:43:26",6352300
8630,-130,1000,"sd","13:43:26",6352000
8630,-130,400,"sd","13:43:26",6351000
8630,-130,100,"sd","13:43:26",6350600
8630,-130,200,"sd","13:43:26",6350500
8630,-130,100,"sd","13:43:26",6350300
8630,-130,1000,"sd","13:43:26",6350200
8630,-130,1400,"sd","13:43:26",6349200
8630,-130,500,"sd","13:43:26",6347800
8630,-130,5300,"sd","13:43:26",6347300
8640,-120,500,"sd","13:43:26",6342000
8640,-120,100,"sd","13:43:26",6341500
8640,-120,2000,"sd","13:43:26",6341400
8640,-120,3000,"sd","13:43:26",6339400
8640,-120,600,"sd","13:43:26",6336400
8640,-120,30000,"sd","13:43:15",6335800
8640,-120,500,"sd","13:43:14",6305800
8650,-110,500,"bu","13:43:13",6305300
8640,-120,500,"sd","13:43:12",6304800
8640,-120,1100,"sd","13:43:07",6304300
8640,-120,500,"sd","13:43:05",6303200
8640,-120,300,"bu","13:42:55",6302700
8640,-120,5000,"bu","13:42:55",6302400
8640,-120,500,"bu","13:42:55",6297400
8640,-120,8000,"bu","13:42:55",6296900
8640,-120,1100,"bu","13:42:53",6288900
8640,-120,900,"bu","13:42:49",6287800
8640,-120,3100,"bu","13:42:49",6286900
8630,-130,1000,"sd","13:42:41",6283800
8640,-120,900,"sd","13:42:11",6282800
8640,-120,100,"sd","13:42:08",6281900
8630,-130,1700,"sd","13:42:01",6281800
8640,-120,500,"sd","13:42:01",6280100
8640,-120,1000,"sd","13:42:01",6279600
8640,-120,1800,"sd","13:42:01",6278600
8640,-120,5000,"sd","13:41:50",6276800
8640,-120,500,"bu","13:41:48",6271800
8640,-120,700,"bu","13:41:48",6271300
8630,-130,100,"sd","13:41:37",6270600
8630,-130,1900,"sd","13:41:34",6270500
8630,-130,100,"sd","13:41:34",6268600
8630,-130,600,"sd","13:41:34",6268500
8640,-120,300,"bu","13:41:33",6267900
8630,-130,1400,"sd","13:41:33",6267600
8630,-130,100,"sd","13:41:33",6266200
8630,-130,200,"sd","13:41:33",6266100
8630,-130,2000,"sd","13:41:33",6265900
8630,-130,300,"sd","13:41:33",6263900
8630,-130,1000,"sd","13:41:33",6263600
8640,-120,1000,"bu","13:41:26",6262600
8650,-110,10000,"bu","13:41:18",6261600
8630,-130,400,"sd","13:41:15",6251600
8640,-120,9600,"sd","13:41:15",6251200
8640,-120,400,"bu","13:41:14",6241600
8640,-120,500,"bu","13:41:12",6241200
8640,-120,700,"bu","13:41:08",6240700
8640,-120,200,"sd","13:41:05",6240000
8640,-120,200,"sd","13:41:04",6239800
8640,-120,100,"bu","13:41:02",6239600
8640,-120,100,"bu","13:41:02",6239500
8640,-120,200,"sd","13:40:59",6239400
8640,-120,100,"sd","13:40:58",6239200
8630,-130,2100,"sd","13:40:54",6239100
8640,-120,900,"sd","13:40:54",6237000
8640,-120,100,"bu","13:40:54",6236100
8640,-120,100,"bu","13:40:54",6236000
8640,-120,100,"bu","13:40:51",6235900
8640,-120,300,"sd","13:40:44",6235800
8650,-110,3000,"bu","13:40:41",6235500
8640,-120,100,"bu","13:40:37",6232500
8640,-120,100,"bu","13:40:37",6232400
8640,-120,300,"bu","13:40:33",6232300
8640,-120,500,"sd","13:40:30",6232000
8640,-120,100,"sd","13:40:30",6231500
8640,-120,100,"sd","13:40:29",6231400
8640,-120,900,"sd","13:40:20",6231300
8640,-120,100,"sd","13:40:20",6230400
8640,-120,3000,"sd","13:40:16",6230300
8640,-120,1000,"sd","13:40:16",6227300
8640,-120,1000,"sd","13:40:16",6226300
8650,-110,2000,"bu","13:40:15",6225300
8650,-110,1400,"bu","13:40:04",6223300
8650,-110,100,"bu","13:40:01",6221900
8650,-110,300,"sd","13:40:01",6221800
8650,-110,1000,"sd","13:40:01",6221500
8650,-110,10000,"sd","13:40:01",6220500
8650,-110,400,"sd","13:40:01",6210500
8650,-110,2000,"sd","13:40:01",6210100
8650,-110,1000,"sd","13:40:01",6208100
8650,-110,2300,"sd","13:40:01",6207100
8650,-110,600,"sd","13:40:01",6204800
8650,-110,600,"sd","13:40:01",6204200
8660,-100,100,"sd","13:40:01",6203600
8660,-100,100,"sd","13:40:01",6203500
8660,-100,400,"sd","13:40:01",6203400
8660,-100,300,"sd","13:40:01",6203000
8660,-100,200,"sd","13:40:01",6202700
8660,-100,100,"sd","13:39:53",6202500
8660,-100,100,"sd","13:39:53",6202400
8660,-100,400,"bu","13:39:51",6202300
8660,-100,500,"sd","13:39:48",6201900
8660,-100,100,"sd","13:39:48",6201400
8660,-100,500,"bu","13:39:47",6201300
8660,-100,200,"bu","13:39:46",6200800
8660,-100,300,"bu","13:39:44",6200600
8660,-100,6900,"bu","13:39:42",6200300
8660,-100,500,"bu","13:39:39",6193400
8680,-80,1000,"sd","13:39:38",6192900
8680,-80,5600,"sd","13:39:38",6191900
8680,-80,1000,"sd","13:39:36",6186300
8690,-70,2100,"bu","13:39:35",6185300
8690,-70,300,"bu","13:39:35",6183200
8680,-80,4000,"bu","13:39:29",6182900
8680,-80,500,"bu","13:39:29",6178900
8680,-80,2000,"bu","13:39:29",6178400
8680,-80,2000,"bu","13:39:29",6176400
8680,-80,700,"bu","13:39:29",6174400
8660,-100,4200,"bu","13:39:29",6173700
8660,-100,100,"sd","13:39:28",6169500
8660,-100,2000,"sd","13:39:28",6169400
8660,-100,1500,"sd","13:39:28",6167400
8660,-100,400,"sd","13:39:28",6165900
8660,-100,1000,"sd","13:39:28",6165500
8660,-100,100,"sd","13:39:28",6164500
8660,-100,10700,"sd","13:39:28",6164400
8670,-90,1200,"sd","13:39:23",6153700
8670,-90,400,"bu","13:39:20",6152500
8670,-90,100,"bu","13:39:20",6152100
8660,-100,2500,"sd","13:39:17",6152000
8660,-100,900,"sd","13:39:11",6149500
8660,-100,900,"sd","13:39:07",6148600
8660,-100,600,"sd","13:39:07",6147700
8660,-100,200,"bu","13:39:00",6147100
8660,-100,200,"bu","13:39:00",6146900
8660,-100,300,"bu","13:38:59",6146700
8660,-100,200,"bu","13:38:59",6146400
8660,-100,1300,"bu","13:38:58",6146200
8660,-100,2600,"bu","13:38:54",6144900
8660,-100,2800,"bu","13:38:49",6142300
8650,-110,2200,"bu","13:38:49",6139500
8650,-110,1000,"bu","13:38:49",6137300
8650,-110,4800,"bu","13:38:48",6136300
8650,-110,200,"bu","13:38:48",6131500
8650,-110,100,"bu","13:38:40",6131300
8650,-110,100,"bu","13:38:40",6131200
8650,-110,100,"bu","13:38:40",6131100
8650,-110,200,"bu","13:38:39",6131000
8650,-110,200,"bu","13:38:38",6130800
8650,-110,500,"bu","13:38:36",6130600
8650,-110,300,"bu","13:38:34",6130100
8650,-110,1000,"bu","13:38:34",6129800
8650,-110,100,"bu","13:38:34",6128800
8650,-110,600,"bu","13:38:34",6128700
8650,-110,100,"bu","13:38:31",6128100
8650,-110,4000,"bu","13:38:30",6128000
8650,-110,500,"bu","13:38:29",6124000
8650,-110,2800,"sd","13:38:23",6123500
8650,-110,1000,"sd","13:38:23",6120700
8650,-110,1000,"sd","13:38:23",6119700
8650,-110,500,"sd","13:38:18",6118700
8650,-110,1500,"bu","13:38:14",6118200
8650,-110,300,"bu","13:38:14",6116700
8650,-110,500,"bu","13:38:14",6116400
8650,-110,1000,"bu","13:38:12",6115900
8650,-110,100,"sd","13:38:11",6114900
8650,-110,500,"sd","13:38:11",6114800
8650,-110,200,"sd","13:38:11",6114300
8650,-110,1300,"sd","13:38:11",6114100
8650,-110,1500,"sd","13:38:11",6112800
8650,-110,1000,"sd","13:38:11",6111300
8650,-110,2100,"sd","13:38:11",6110300
8660,-100,200,"bu","13:38:08",6108200
8660,-100,2900,"sd","13:38:08",6108000
8660,-100,1000,"bu","13:38:07",6105100
8660,-100,100,"bu","13:38:07",6104100
8660,-100,1400,"bu","13:38:07",6104000
8660,-100,4000,"bu","13:38:06",6102600
8660,-100,1000,"bu","13:38:05",6098600
8660,-100,1200,"bu","13:38:02",6097600
8660,-100,200,"bu","13:38:01",6096400
8660,-100,2100,"bu","13:37:58",6096200
8660,-100,200,"bu","13:37:58",6094100
8660,-100,10300,"bu","13:37:58",6093900
8660,-100,100,"bu","13:37:57",6083600
8660,-100,400,"bu","13:37:57",6083500
8660,-100,2900,"bu","13:37:57",6083100
8660,-100,500,"bu","13:37:54",6080200
8650,-110,700,"sd","13:37:54",6079700
8650,-110,300,"sd","13:37:51",6079000
8660,-100,600,"bu","13:37:47",6078700
8650,-110,900,"sd","13:37:44",6078100
8650,-110,500,"sd","13:37:44",6077200
8660,-100,300,"bu","13:37:41",6076700
8660,-100,5800,"bu","13:37:37",6076400
8650,-110,100,"sd","13:37:37",6070600
8650,-110,1000,"sd","13:37:37",6070500
8650,-110,4000,"sd","13:37:37",6069500
8650,-110,1000,"bu","13:37:33",6065500
8650,-110,500,"bu","13:37:32",6064500
8650,-110,3500,"bu","13:37:32",6064000
8650,-110,800,"bu","13:37:31",6060500
8630,-130,100,"sd","13:37:30",6059700
8650,-110,100,"bu","13:37:30",6059600
8630,-130,200,"sd","13:37:29",6059500
8650,-110,600,"bu","13:37:28",6059300
8610,-150,2000,"sd","13:37:21",6058700
8610,-150,10000,"sd","13:37:21",6056700
8610,-150,1000,"sd","13:37:19",6046700
8630,-130,10000,"bu","13:37:16",6045700
8610,-150,11200,"bu","13:37:15",6035700
8610,-150,200,"bu","13:37:15",6024500
8610,-150,1000,"bu","13:37:15",6024300
8610,-150,200,"bu","13:37:15",6023300
8610,-150,1700,"bu","13:37:13",6023100
8610,-150,1000,"bu","13:37:13",6021400
8610,-150,1700,"bu","13:37:12",6020400
8610,-150,3400,"bu","13:37:12",6018700
8610,-150,4900,"bu","13:37:12",6015300
8610,-150,900,"bu","13:37:10",6010400
8610,-150,2000,"bu","13:37:09",6009500
8610,-150,100,"bu","13:37:08",6007500
8600,-160,400,"bu","13:37:01",6007400
8600,-160,10000,"bu","13:37:01",6007000
8600,-160,700,"bu","13:37:01",5997000
8600,-160,10600,"bu","13:37:01",5996300
8600,-160,1500,"bu","13:37:01",5985700
8600,-160,100,"bu","13:37:00",5984200
8600,-160,200,"bu","13:37:00",5984100
8600,-160,300,"bu","13:36:59",5983900
8600,-160,200,"bu","13:36:59",5983600
8600,-160,1000,"bu","13:36:57",5983400
8600,-160,2000,"bu","13:36:57",5982400
8600,-160,10000,"bu","13:36:57",5980400
8590,-170,1600,"sd","13:36:56",5970400
8590,-170,1400,"sd","13:36:56",5968800
8600,-160,3000,"bu","13:36:56",5967400
8600,-160,100,"bu","13:36:55",5964400
8600,-160,500,"bu","13:36:55",5964300
8600,-160,100,"bu","13:36:55",5963800
8600,-160,2100,"bu","13:36:54",5963700
8600,-160,1500,"bu","13:36:54",5961600
8600,-160,1400,"bu","13:36:54",5960100
8600,-160,2500,"bu","13:36:53",5958700
8600,-160,300,"bu","13:36:51",5956200
8600,-160,800,"bu","13:36:46",5955900
8600,-160,100,"bu","13:36:46",5955100
8600,-160,100,"bu","13:36:46",5955000
8600,-160,2000,"bu","13:36:46",5954900
8590,-170,600,"sd","13:36:39",5952900
8590,-170,400,"sd","13:36:39",5952300
8590,-170,1600,"unknown","13:36:38",5951900
8580,-180,300,"sd","13:36:35",5950300
8590,-170,2000,"sd","13:36:35",5950000
8590,-170,2000,"sd","13:36:35",5948000
8590,-170,700,"sd","13:36:35",5946000
8590,-170,9300,"bu","13:36:33",5945300
8590,-170,700,"bu","13:36:33",5936000
8590,-170,3100,"bu","13:36:33",5935300
8590,-170,1200,"bu","13:36:33",5932200
8590,-170,1100,"bu","13:36:30",5931000
8580,-180,100,"sd","13:36:29",5929900
8580,-180,2900,"sd","13:36:29",5929800
8590,-170,100,"bu","13:36:28",5926900
8580,-180,600,"sd","13:36:20",5926800
8580,-180,500,"bu","13:36:19",5926200
8580,-180,5000,"bu","13:36:19",5925700
8580,-180,400,"bu","13:36:19",5920700
8580,-180,300,"bu","13:36:19",5920300
8580,-180,800,"bu","13:36:19",5920000
8580,-180,2000,"bu","13:36:19",5919200
8580,-180,27500,"bu","13:36:19",5917200
8580,-180,100,"bu","13:36:19",5889700
8580,-180,200,"bu","13:36:19",5889600
8580,-180,1000,"bu","13:36:17",5889400
8580,-180,100,"bu","13:36:16",5888400
8580,-180,25500,"bu","13:36:16",5888300
8580,-180,2000,"bu","13:36:16",5862800
8580,-180,7500,"bu","13:36:16",5860800
8580,-180,1000,"bu","13:36:14",5853300
8580,-180,10000,"bu","13:36:13",5852300
8580,-180,100,"bu","13:36:11",5842300
8580,-180,1000,"bu","13:36:10",5842200
8580,-180,400,"bu","13:36:10",5841200
8580,-180,100,"bu","13:36:09",5840800
8580,-180,500,"bu","13:36:02",5840700
8580,-180,2000,"bu","13:36:01",5840200
8580,-180,100,"bu","13:35:56",5838200
8580,-180,300,"bu","13:35:55",5838100
8580,-180,700,"bu","13:35:52",5837800
8570,-190,1000,"sd","13:35:52",5837100
8570,-190,300,"sd","13:35:50",5836100
8570,-190,100,"sd","13:35:47",5835800
8570,-190,300,"bu","13:35:39",5835700
8570,-190,15000,"bu","13:35:39",5835400
8570,-190,12700,"bu","13:35:39",5820400
8570,-190,500,"bu","13:35:38",5807700
8570,-190,100,"bu","13:35:38",5807200
8570,-190,200,"bu","13:35:38",5807100
8570,-190,4800,"bu","13:35:38",5806900
8570,-190,200,"bu","13:35:38",5802100
8570,-190,300,"bu","13:35:38",5801900
8570,-190,1000,"bu","13:35:35",5801600
8570,-190,100,"bu","13:35:34",5800600
8560,-200,1000,"sd","13:35:34",5800500
8570,-190,500,"bu","13:35:33",5799500
8560,-200,1500,"sd","13:35:33",5799000
8560,-200,1000,"sd","13:35:33",5797500
8560,-200,2500,"sd","13:35:33",5796500
8570,-190,200,"bu","13:35:31",5794000
8570,-190,1000,"bu","13:35:29",5793800
8570,-190,500,"sd","13:35:29",5792800
8570,-190,200,"sd","13:35:28",5792300
8570,-190,500,"sd","13:35:28",5792100
8570,-190,4000,"sd","13:35:28",5791600
8570,-190,1200,"sd","13:35:28",5787600
8570,-190,500,"sd","13:35:28",5786400
8570,-190,400,"sd","13:35:27",5785900
8570,-190,2000,"sd","13:35:26",5785500
8570,-190,2100,"bu","13:35:24",5783500
8560,-200,2000,"sd","13:35:23",5781400
8570,-190,500,"bu","13:35:22",5779400
8570,-190,100,"bu","13:35:22",5778900
8570,-190,1000,"bu","13:35:21",5778800
8570,-190,1000,"bu","13:35:20",5777800
8570,-190,500,"bu","13:35:19",5776800
8570,-190,200,"bu","13:35:17",5776300
8570,-190,5000,"bu","13:35:17",5776100
8570,-190,500,"bu","13:35:17",5771100
8570,-190,4100,"sd","13:35:15",5770600
8570,-190,5900,"bu","13:35:15",5766500
8570,-190,100,"bu","13:35:14",5760600
8570,-190,100,"sd","13:35:14",5760500
8570,-190,9000,"sd","13:35:14",5760400
8570,-190,100,"sd","13:35:14",5751400
8570,-190,200,"sd","13:35:14",5751300
8570,-190,4100,"sd","13:35:14",5751100
8580,-180,10000,"bu","13:35:10",5747000
8570,-190,900,"bu","13:35:09",5737000
8580,-180,900,"bu","13:35:08",5736100
8570,-190,1000,"bu","13:35:08",5735200
8570,-190,1100,"bu","13:35:08",5734200
8560,-200,200,"sd","13:35:07",5733100
8570,-190,200,"bu","13:35:06",5732900
8570,-190,2400,"bu","13:35:05",5732700
8570,-190,500,"bu","13:35:05",5730300
8570,-190,100,"bu","13:35:05",5729800
8570,-190,300,"bu","13:35:05",5729700
8570,-190,100,"bu","13:35:05",5729400
8570,-190,500,"bu","13:35:05",5729300
8570,-190,100,"bu","13:35:04",5728800
8570,-190,100,"bu","13:35:04",5728700
8570,-190,300,"bu","13:35:01",5728600
8570,-190,100,"bu","13:35:00",5728300
8570,-190,200,"bu","13:34:59",5728200
8570,-190,100,"bu","13:34:59",5728000
8570,-190,200,"sd","13:34:59",5727900
8570,-190,200,"sd","13:34:59",5727700
8570,-190,1500,"sd","13:34:59",5727500
8570,-190,100,"sd","13:34:59",5726000
8570,-190,1000,"sd","13:34:59",5725900
8570,-190,200,"sd","13:34:59",5724900
8570,-190,1800,"sd","13:34:59",5724700
8570,-190,3600,"sd","13:34:59",5722900
8570,-190,200,"sd","13:34:57",5719300
8570,-190,3000,"sd","13:34:56",5719100
8570,-190,10000,"sd","13:34:53",5716100
8570,-190,3100,"sd","13:34:52",5706100
8570,-190,5000,"sd","13:34:50",5703000
8570,-190,100,"sd","13:34:49",5698000
8580,-180,1000,"bu","13:34:49",5697900
8570,-190,500,"sd","13:34:49",5696900
8580,-180,200,"bu","13:34:49",5696400
8570,-190,1000,"bu","13:34:49",5696200
8570,-190,23500,"bu","13:34:49",5695200
8570,-190,100,"bu","13:34:49",5671700
8570,-190,100,"bu","13:34:49",5671600
8570,-190,10000,"bu","13:34:48",5671500
8570,-190,100,"bu","13:34:48",5661500
8570,-190,100,"bu","13:34:46",5661400
8570,-190,100,"bu","13:34:45",5661300
8570,-190,200,"bu","13:34:43",5661200
8570,-190,2500,"bu","13:34:42",5661000
8570,-190,500,"bu","13:34:41",5658500
8570,-190,100,"bu","13:34:40",5658000
8570,-190,1000,"bu","13:34:39",5657900
8570,-190,200,"sd","13:34:39",5656900
8570,-190,200,"sd","13:34:39",5656700
8570,-190,300,"sd","13:34:39",5656500
8570,-190,100,"sd","13:34:39",5656200
8570,-190,500,"sd","13:34:39",5656100
8570,-190,500,"sd","13:34:39",5655600
8570,-190,100,"sd","13:34:39",5655100
8570,-190,100,"sd","13:34:39",5655000
8570,-190,900,"sd","13:34:39",5654900
8570,-190,100,"sd","13:34:39",5654000
8570,-190,500,"sd","13:34:39",5653900
8570,-190,100,"sd","13:34:39",5653400
8570,-190,2000,"sd","13:34:39",5653300
8570,-190,500,"sd","13:34:38",5651300
8570,-190,500,"sd","13:34:38",5650800
8570,-190,1200,"sd","13:34:38",5650300
8570,-190,100,"sd","13:34:38",5649100
8570,-190,5000,"sd","13:34:38",5649000
8570,-190,2800,"sd","13:34:38",5644000
8570,-190,200,"sd","13:34:38",5641200
8570,-190,500,"sd","13:34:38",5641000
8570,-190,1800,"sd","13:34:38",5640500
8570,-190,100,"sd","13:34:38",5638700
8580,-180,100,"bu","13:34:37",5638600
8580,-180,100,"bu","13:34:36",5638500
8570,-190,100,"sd","13:34:36",5638400
8570,-190,200,"sd","13:34:36",5638300
8570,-190,200,"sd","13:34:36",5638100
8580,-180,100,"bu","13:34:28",5637900
8580,-180,100,"bu","13:34:26",5637800
8570,-190,500,"sd","13:34:25",5637700
8570,-190,1000,"sd","13:34:25",5637200
8570,-190,100,"sd","13:34:25",5636200
8570,-190,8400,"sd","13:34:25",5636100
8580,-180,500,"bu","13:34:22",5627700
8580,-180,100,"bu","13:34:21",5627200
8580,-180,300,"bu","13:34:20",5627100
8580,-180,300,"bu","13:34:20",5626800
8580,-180,300,"bu","13:34:19",5626500
8580,-180,1000,"bu","13:34:17",5626200
8580,-180,100,"bu","13:34:17",5625200
8580,-180,100,"bu","13:34:16",5625100
8580,-180,300,"sd","13:34:15",5625000
8580,-180,200,"sd","13:34:15",5624700
8580,-180,500,"sd","13:34:15",5624500
8580,-180,100,"sd","13:34:15",5624000
8580,-180,1000,"sd","13:34:15",5623900
8580,-180,10000,"sd","13:34:15",5622900
8580,-180,5000,"sd","13:34:15",5612900
8580,-180,1000,"sd","13:34:15",5607900
8580,-180,200,"sd","13:34:15",5606900
8580,-180,2000,"sd","13:34:15",5606700
8580,-180,1000,"sd","13:34:15",5604700
8580,-180,2000,"sd","13:34:15",5603700
8580,-180,100,"sd","13:34:15",5601700
8580,-180,300,"sd","13:34:15",5601600
8590,-170,1300,"bu","13:34:15",5601300
8590,-170,100,"bu","13:34:14",5600000
8580,-180,1000,"sd","13:34:13",5599900
8590,-170,100,"bu","13:34:13",5598900
8580,-180,3700,"sd","13:34:12",5598800
8590,-170,1000,"bu","13:34:12",5595100
8580,-180,1200,"sd","13:34:11",5594100
8580,-180,500,"sd","13:34:06",5592900
8580,-180,100,"sd","13:34:05",5592400
8590,-170,100,"bu","13:34:03",5592300
8590,-170,100,"bu","13:34:01",5592200
8580,-180,1000,"sd","13:34:00",5592100
8580,-180,2500,"sd","13:33:56",5591100
8580,-180,600,"bu","13:33:54",5588600
8580,-180,4500,"bu","13:33:54",5588000
8580,-180,4600,"bu","13:33:54",5583500
8570,-190,500,"sd","13:33:50",5578900
8580,-180,7000,"bu","13:33:50",5578400
8570,-190,100,"bu","13:33:49",5571400
8570,-190,1000,"bu","13:33:49",5571300
8570,-190,10000,"bu","13:33:49",5570300
8560,-200,4900,"sd","13:33:48",5560300
8560,-200,100,"sd","13:33:48",5555400
8560,-200,200,"sd","13:33:48",5555300
8570,-190,3000,"bu","13:33:47",5555100
8560,-200,800,"sd","13:33:46",5552100
8570,-190,600,"bu","13:33:46",5551300
8570,-190,200,"bu","13:33:46",5550700
8570,-190,200,"bu","13:33:46",5550500
8560,-200,1000,"bu","13:33:39",5550300
8560,-200,2000,"bu","13:33:38",5549300
8560,-200,5000,"bu","13:33:38",5547300
8560,-200,1000,"bu","13:33:37",5542300
8560,-200,1000,"bu","13:33:36",5541300
8580,-180,100,"bu","13:33:33",5540300
8550,-210,1200,"sd","13:33:32",5540200
8560,-200,100,"sd","13:33:32",5539000
8560,-200,200,"sd","13:33:32",5538900
8560,-200,300,"sd","13:33:32",5538700
8560,-200,100,"sd","13:33:32",5538400
8560,-200,100,"sd","13:33:32",5538300
8560,-200,4300,"sd","13:33:32",5538200
8570,-190,100,"sd","13:33:32",5533900
8570,-190,1000,"sd","13:33:32",5533800
8570,-190,600,"sd","13:33:32",5532800
8580,-180,300,"bu","13:33:32",5532200
8580,-180,200,"bu","13:33:32",5531900
8580,-180,500,"bu","13:33:31",5531700
8570,-190,400,"sd","13:33:31",5531200
8570,-190,100,"sd","13:33:31",5530800
8580,-180,1000,"sd","13:33:27",5530700
8590,-170,300,"bu","13:33:27",5529700
8590,-170,1700,"bu","13:33:27",5529400
8590,-170,300,"bu","13:33:25",5527700
8590,-170,500,"bu","13:33:25",5527400
8590,-170,200,"bu","13:33:25",5526900
8580,-180,4000,"sd","13:33:21",5526700
8590,-170,200,"bu","13:33:21",5522700
8590,-170,500,"bu","13:33:20",5522500
8590,-170,6000,"bu","13:33:19",5522000
8590,-170,1000,"bu","13:33:18",5516000
8590,-170,1000,"sd","13:33:17",5515000
8600,-160,500,"bu","13:33:12",5514000
8600,-160,4000,"bu","13:33:11",5513500
8600,-160,500,"bu","13:33:09",5509500
8600,-160,1000,"bu","13:33:09",5509000
8600,-160,1000,"bu","13:33:08",5508000
8560,-200,600,"sd","13:33:07",5507000
8560,-200,100,"sd","13:33:07",5506400
8560,-200,100,"sd","13:33:07",5506300
8560,-200,100,"sd","13:33:07",5506000
8570,-190,200,"sd","13:33:07",5506200
8570,-190,200,"sd","13:33:07",5505800
8570,-190,100,"sd","13:33:07",5505900
8580,-180,900,"sd","13:33:07",5505600
8580,-180,2000,"sd","13:33:07",5504700
8580,-180,200,"sd","13:33:07",5502700
8580,-180,100,"sd","13:33:07",5502500
8580,-180,100,"sd","13:33:07",5501000
8580,-180,1200,"sd","13:33:07",5502400
8580,-180,200,"sd","13:33:07",5501200
8590,-170,2000,"sd","13:33:07",5500900
8590,-170,300,"sd","13:33:07",5498900
8590,-170,100,"sd","13:33:07",5498600
8590,-170,2000,"sd","13:33:07",5498500
8590,-170,100,"sd","13:33:07",5496500
8600,-160,10000,"bu","13:33:07",5496400
8600,-160,100,"bu","13:33:07",5486400
8600,-160,1300,"bu","13:33:07",5486300
8600,-160,100,"sd","13:33:06",5485000
8600,-160,2200,"sd","13:33:06",5484900
8600,-160,100,"sd","13:33:06",5482700
8600,-160,100,"sd","13:33:06",5482600
8600,-160,100,"sd","13:33:06",5482500
8600,-160,500,"sd","13:33:06",5482400
8600,-160,10000,"sd","13:33:06",5481900
8600,-160,2000,"sd","13:33:06",5471900
8600,-160,200,"sd","13:33:06",5469900
8600,-160,100,"sd","13:33:06",5469700
8600,-160,200,"sd","13:33:06",5469600
8600,-160,200,"sd","13:33:06",5469400
8600,-160,100,"sd","13:33:06",5469200
8600,-160,300,"sd","13:33:06",5469100
8600,-160,200,"sd","13:33:06",5468800
8600,-160,300,"sd","13:33:06",5468600
8600,-160,200,"sd","13:33:06",5468300
8600,-160,1000,"sd","13:33:06",5468100
8600,-160,100,"sd","13:33:06",5467100
8600,-160,1000,"sd","13:33:06",5467000
8600,-160,1000,"sd","13:33:06",5466000
8600,-160,200,"sd","13:33:06",5465000
8600,-160,5000,"sd","13:33:06",5464800
8600,-160,1000,"sd","13:33:06",5459800
8600,-160,300,"sd","13:33:06",5458800
8600,-160,700,"sd","13:33:06",5458500
8600,-160,10000,"sd","13:33:06",5457800
8600,-160,1000,"sd","13:33:06",5447800
8600,-160,100,"sd","13:33:06",5446800
8600,-160,200,"sd","13:33:06",5446700
8600,-160,300,"sd","13:33:06",5446500
8600,-160,1000,"sd","13:33:06",5446200
8600,-160,200,"sd","13:33:06",5445200
8600,-160,1000,"sd","13:33:06",5445000
8600,-160,500,"sd","13:33:06",5444000
8600,-160,1000,"sd","13:33:06",5443500
8600,-160,300,"sd","13:33:06",5442500
8600,-160,3500,"sd","13:33:06",5442200
8600,-160,10000,"sd","13:33:06",5438700
8600,-160,500,"sd","13:33:06",5428700
8600,-160,1000,"sd","13:33:06",5428200
8600,-160,100,"sd","13:33:06",5427200
8600,-160,100000,"sd","13:33:06",5427100
8600,-160,800,"sd","13:33:06",5327100
8600,-160,200,"sd","13:33:05",5326300
8600,-160,300,"sd","13:33:05",5326100
8600,-160,100,"sd","13:33:05",5325800
8600,-160,1000,"sd","13:33:05",5325700
8600,-160,1000,"sd","13:33:05",5324700
8600,-160,10000,"sd","13:33:05",5323700
8600,-160,100,"sd","13:33:05",5313700
8600,-160,500,"sd","13:33:05",5313600
8600,-160,300,"sd","13:33:05",5313100
8600,-160,300,"sd","13:33:05",5312800
8600,-160,2000,"sd","13:33:05",5312500
8600,-160,500,"sd","13:33:05",5310500
8600,-160,500,"sd","13:33:05",5310000
8600,-160,500,"sd","13:33:05",5309500
8600,-160,10000,"sd","13:33:05",5309000
8600,-160,10000,"sd","13:33:05",5299000
8600,-160,2000,"sd","13:33:05",5289000
8600,-160,500,"sd","13:33:05",5287000
8600,-160,100,"sd","13:33:05",5286500
8600,-160,4400,"sd","13:33:05",5286400
8600,-160,200,"sd","13:33:05",5282000
8600,-160,15500,"sd","13:33:05",5281800
8610,-150,200,"bu","13:33:04",5266300
8600,-160,4500,"sd","13:33:03",5266100
8600,-160,300,"sd","13:33:03",5261600
8600,-160,100,"sd","13:33:03",5261300
8600,-160,1000,"sd","13:33:03",5261200
8600,-160,200,"sd","13:33:03",5260200
8600,-160,100,"sd","13:33:03",5260000
8600,-160,100,"sd","13:33:03",5259900
8600,-160,200,"sd","13:33:03",5259800
8600,-160,1000,"sd","13:33:03",5259600
8600,-160,300,"sd","13:33:03",5258600
8600,-160,700,"sd","13:33:02",5258300
8600,-160,100,"sd","13:33:02",5257600
8600,-160,4200,"sd","13:33:02",5257500
8610,-150,10000,"bu","13:33:02",5253300
8610,-150,1000,"bu","13:33:01",5243300
8610,-150,2000,"bu","13:33:00",5242300
8610,-150,100,"bu","13:33:00",5240300
8610,-150,5000,"bu","13:33:00",5240200
8610,-150,200,"bu","13:33:00",5235200
8610,-150,3500,"bu","13:32:59",5235000
8610,-150,1500,"bu","13:32:59",5231500
8610,-150,1500,"bu","13:32:59",5230000
8610,-150,2200,"bu","13:32:59",5228500
8610,-150,300,"bu","13:32:59",5226300
8610,-150,1000,"bu","13:32:58",5226000
8610,-150,2800,"bu","13:32:58",5225000
8610,-150,2000,"bu","13:32:58",5222200
8610,-150,5000,"bu","13:32:58",5220200
8610,-150,200,"bu","13:32:58",5215200
8610,-150,500,"bu","13:32:57",5215000
8610,-150,1000,"bu","13:32:56",5214500
8610,-150,500,"bu","13:32:56",5213500
8600,-160,3000,"sd","13:32:55",5213000
8610,-150,2000,"bu","13:32:53",5210000
8610,-150,300,"bu","13:32:53",5208000
8610,-150,100,"bu","13:32:53",5207700
8610,-150,1000,"bu","13:32:52",5207600
8600,-160,1000,"sd","13:32:52",5206600
8610,-150,1000,"bu","13:32:51",5205600
8610,-150,5000,"bu","13:32:51",5204600
8600,-160,1800,"sd","13:32:51",5199600
8600,-160,100,"sd","13:32:51",5197800
8600,-160,1000,"sd","13:32:51",5197700
8600,-160,300,"sd","13:32:51",5196700
8600,-160,200,"sd","13:32:51",5196400
8600,-160,100,"sd","13:32:51",5196200
8600,-160,2000,"sd","13:32:51",5196100
8600,-160,9700,"sd","13:32:51",5194100
8600,-160,200,"sd","13:32:51",5184400
8600,-160,300,"sd","13:32:51",5184200
8600,-160,16400,"sd","13:32:51",5183900
8610,-150,100,"bu","13:32:50",5167500
8610,-150,1700,"bu","13:32:49",5167400
8610,-150,100,"bu","13:32:49",5165700
8610,-150,2000,"bu","13:32:49",5165600
8610,-150,1200,"bu","13:32:47",5163600
8610,-150,100,"bu","13:32:46",5162400
8600,-160,500,"sd","13:32:45",5162300
8600,-160,3100,"sd","13:32:44",5161800
8600,-160,900,"sd","13:32:44",5158700
8600,-160,2000,"sd","13:32:44",5157800
8600,-160,700,"sd","13:32:44",5155800
8600,-160,3300,"sd","13:32:44",5155100
8610,-150,1300,"bu","13:32:41",5151800
8610,-150,100,"bu","13:32:40",5150500
8610,-150,400,"bu","13:32:39",5150400
8610,-150,4500,"bu","13:32:39",5150000
8610,-150,100,"bu","13:32:38",5145500
8610,-150,100,"bu","13:32:38",5145400
8600,-160,1000,"sd","13:32:38",5145300
8610,-150,5000,"bu","13:32:36",5144300
8610,-150,500,"bu","13:32:35",5139300
8610,-150,100,"bu","13:32:35",5138800
8610,-150,200,"bu","13:32:35",5138700
8610,-150,500,"bu","13:32:34",5138500
8600,-160,400,"sd","13:32:34",5138000
8600,-160,300,"sd","13:32:34",5137600
8600,-160,1000,"sd","13:32:34",5137300
8600,-160,500,"sd","13:32:34",5136300
8600,-160,200,"sd","13:32:34",5135800
8610,-150,5000,"bu","13:32:33",5135600
8610,-150,1000,"bu","13:32:32",5130600
8610,-150,500,"bu","13:32:32",5129600
8610,-150,200,"sd","13:32:30",5129100
8610,-150,100,"sd","13:32:30",5128900
8610,-150,1000,"sd","13:32:30",5128800
8610,-150,100,"sd","13:32:30",5127800
8610,-150,200,"sd","13:32:30",5127700
8610,-150,2000,"sd","13:32:30",5127500
8610,-150,100,"sd","13:32:30",5125500
8610,-150,500,"sd","13:32:30",5125400
8620,-140,500,"bu","13:32:30",5124900
8620,-140,400,"bu","13:32:29",5124400
8610,-150,100,"sd","13:32:29",5124000
8610,-150,100,"sd","13:32:29",5123900
8610,-150,100,"sd","13:32:29",5123800
8610,-150,100,"sd","13:32:29",5123700
8610,-150,1600,"sd","13:32:29",5123600
8630,-130,1800,"bu","13:32:27",5122000
8620,-140,100,"bu","13:32:27",5120200
8620,-140,100,"bu","13:32:27",5120100
8630,-130,2900,"bu","13:32:21",5120000
8620,-140,2000,"bu","13:32:21",5117100
8620,-140,100,"bu","13:32:21",5115100
8610,-150,3400,"sd","13:32:20",5115000
8610,-150,100,"sd","13:32:20",5111600
8610,-150,1500,"sd","13:32:20",5111500
8610,-150,200,"sd","13:32:19",5110000
8610,-150,3300,"sd","13:32:16",5109800
8610,-150,3600,"sd","13:32:16",5106500
8620,-140,100,"sd","13:32:14",5102900
8620,-140,100,"sd","13:32:14",5102800
8620,-140,2200,"sd","13:32:14",5102700
8620,-140,300,"sd","13:32:14",5100500
8620,-140,100,"sd","13:32:14",5100200
8620,-140,100,"sd","13:32:14",5100100
8620,-140,100,"sd","13:32:14",5100000
8620,-140,1800,"sd","13:32:14",5099900
8620,-140,200,"sd","13:32:14",5098100
8620,-140,300,"sd","13:32:14",5097900
8630,-130,300,"bu","13:32:14",5097600
8630,-130,800,"sd","13:32:07",5097300
8630,-130,1500,"sd","13:32:07",5096500
8630,-130,100,"sd","13:32:07",5095000
8630,-130,600,"sd","13:32:07",5094900
8630,-130,900,"sd","13:32:05",5094300
8630,-130,300,"sd","13:32:05",5093400
8630,-130,800,"sd","13:32:05",5093100
8630,-130,2000,"sd","13:32:05",5092300
8640,-120,100,"bu","13:32:03",5090300
8640,-120,200,"bu","13:32:02",5090200
8640,-120,200,"bu","13:31:59",5090000
8640,-120,5800,"bu","13:31:59",5089800
8640,-120,1000,"bu","13:31:59",5084000
8640,-120,100,"bu","13:31:54",5083000
8640,-120,100,"sd","13:31:54",5082900
8640,-120,2200,"sd","13:31:54",5082800
8650,-110,200,"sd","13:31:54",5080600
8650,-110,800,"sd","13:31:54",5080400
8650,-110,1000,"bu","13:31:53",5079600
8650,-110,200,"bu","13:31:53",5078600
8640,-120,800,"sd","13:31:50",5078400
8640,-120,500,"sd","13:31:50",5077600
8640,-120,100,"sd","13:31:50",5077100
8640,-120,10000,"sd","13:31:50",5077000
8640,-120,100,"sd","13:31:50",5067000
8640,-120,500,"sd","13:31:50",5066900
8650,-110,1000,"bu","13:31:47",5066400
8650,-110,2000,"sd","13:31:44",5065400
8650,-110,1800,"sd","13:31:44",5063400
8650,-110,5000,"sd","13:31:39",5061600
8660,-100,300,"bu","13:31:39",5056600
8650,-110,3200,"sd","13:31:39",5056300
8650,-110,1000,"sd","13:31:39",5053100
8650,-110,15000,"sd","13:31:39",5052100
8650,-110,2000,"sd","13:31:39",5037100
8650,-110,1000,"sd","13:31:39",5035100
8650,-110,5000,"sd","13:31:39",5034100
8650,-110,100,"sd","13:31:39",5029100
8650,-110,400,"sd","13:31:39",5029000
8650,-110,1000,"sd","13:31:39",5028600
8650,-110,400,"sd","13:31:39",5027600
8650,-110,1000,"sd","13:31:39",5027200
8650,-110,500,"sd","13:31:39",5026200
8650,-110,500,"sd","13:31:39",5025700
8650,-110,5000,"sd","13:31:39",5025200
8650,-110,1000,"sd","13:31:39",5020200
8650,-110,1000,"sd","13:31:39",5019200
8650,-110,2000,"sd","13:31:39",5018200
8650,-110,300,"sd","13:31:39",5016200
8650,-110,1000,"sd","13:31:39",5015900
8650,-110,400,"sd","13:31:39",5014900
8650,-110,200,"sd","13:31:39",5014500
8650,-110,5000,"sd","13:31:39",5014300
8650,-110,500,"sd","13:31:39",5009300
8650,-110,300,"sd","13:31:39",5008800
8650,-110,200,"sd","13:31:39",5008500
8650,-110,1000,"sd","13:31:39",5008300
8650,-110,100,"sd","13:31:39",5007300
8650,-110,10000,"sd","13:31:39",5007200
8650,-110,2000,"sd","13:31:39",4997200
8650,-110,10000,"sd","13:31:39",4995200
8650,-110,500,"sd","13:31:39",4985200
8650,-110,200,"sd","13:31:39",4984700
8650,-110,1000,"sd","13:31:39",4984500
8650,-110,1000,"sd","13:31:39",4983500
8650,-110,3000,"sd","13:31:39",4982500
8650,-110,500,"sd","13:31:39",4979500
8650,-110,2000,"sd","13:31:39",4979000
8650,-110,500,"sd","13:31:39",4977000
8650,-110,2000,"sd","13:31:39",4976500
8650,-110,1000,"sd","13:31:39",4974500
8650,-110,3000,"sd","13:31:39",4973500
8650,-110,100,"sd","13:31:39",4970500
8650,-110,400,"sd","13:31:39",4970400
8650,-110,1000,"sd","13:31:39",4970000
8650,-110,200,"sd","13:31:39",4969000
8650,-110,2000,"sd","13:31:39",4968800
8650,-110,100,"sd","13:31:39",4966800
8650,-110,200,"sd","13:31:39",4966700
8650,-110,4700,"sd","13:31:39",4966500
8650,-110,4000,"sd","13:31:39",4961800
8650,-110,1000,"sd","13:31:39",4957800
8650,-110,200,"sd","13:31:39",4956800
8650,-110,300,"sd","13:31:39",4956600
8660,-100,1000,"bu","13:31:38",4956300
8660,-100,700,"bu","13:31:35",4955300
8660,-100,100,"bu","13:31:32",4954600
8660,-100,100,"bu","13:31:32",4954500
8660,-100,2000,"sd","13:31:32",4954400
8660,-100,500,"sd","13:31:32",4952400
8660,-100,100,"sd","13:31:32",4951900
8660,-100,100,"sd","13:31:32",4951800
8660,-100,300,"sd","13:31:32",4951700
8660,-100,1000,"sd","13:31:32",4951400
8660,-100,3000,"sd","13:31:32",4950400
8660,-100,100,"sd","13:31:32",4947400
8660,-100,500,"sd","13:31:32",4947300
8660,-100,100,"sd","13:31:32",4946800
8660,-100,1000,"sd","13:31:32",4946700
8660,-100,600,"sd","13:31:32",4945700
8660,-100,300,"sd","13:31:32",4945100
8660,-100,500,"sd","13:31:31",4944800
8660,-100,1000,"sd","13:31:31",4944300
8660,-100,300,"sd","13:31:31",4943300
8660,-100,200,"sd","13:31:31",4943000
8660,-100,100,"sd","13:31:31",4942800
8660,-100,5000,"sd","13:31:31",4942700
8660,-100,1000,"sd","13:31:31",4937700
8660,-100,5000,"sd","13:31:31",4936700
8660,-100,7000,"sd","13:31:31",4931700
8660,-100,200,"sd","13:31:31",4924700
8660,-100,100,"sd","13:31:31",4924500
8660,-100,46900,"sd","13:31:31",4924400
8660,-100,100,"sd","13:31:22",4877500
8660,-100,2000,"sd","13:31:19",4877400
8670,-90,1000,"bu","13:31:11",4875400
8660,-100,1000,"sd","13:31:11",4874400
8660,-100,4500,"sd","13:31:11",4873400
8660,-100,100,"sd","13:31:11",4868900
8660,-100,300,"sd","13:31:11",4868800
8660,-100,200,"sd","13:31:11",4868500
8660,-100,100,"sd","13:31:11",4868300
8660,-100,5000,"sd","13:31:11",4868200
8660,-100,200,"sd","13:31:11",4863200
8670,-90,100,"sd","13:31:08",4863000
8670,-90,100,"sd","13:31:08",4862900
8670,-90,3600,"sd","13:31:08",4862800
8670,-90,1400,"sd","13:31:08",4859200
8670,-90,100,"sd","13:31:08",4857800
8670,-90,1000,"sd","13:31:08",4857700
8670,-90,1500,"sd","13:31:08",4856700
8670,-90,400,"sd","13:31:08",4855200
8670,-90,500,"sd","13:31:08",4854800
8670,-90,900,"sd","13:31:08",4854300
8670,-90,4000,"sd","13:31:08",4853400
8670,-90,100,"sd","13:31:08",4849400
8670,-90,500,"sd","13:31:08",4849300
8670,-90,100,"sd","13:31:08",4848800
8670,-90,3000,"sd","13:31:08",4848700
8670,-90,100,"sd","13:31:08",4845700
8670,-90,200,"sd","13:31:08",4845600
8670,-90,1000,"sd","13:31:08",4845400
8670,-90,200,"sd","13:31:08",4844400
8670,-90,800,"sd","13:31:04",4844200
8670,-90,400,"sd","13:31:04",4843400
8670,-90,500,"sd","13:31:04",4843000
8670,-90,5000,"sd","13:31:04",4842500
8670,-90,1000,"sd","13:31:04",4837500
8670,-90,3000,"sd","13:31:04",4836500
8670,-90,100,"sd","13:31:04",4833500
8670,-90,100,"sd","13:31:04",4833400
8670,-90,100,"sd","13:31:04",4833300
8670,-90,500,"sd","13:31:04",4833200
8670,-90,10000,"sd","13:31:04",4832700
8670,-90,6000,"sd","13:31:04",4822700
8670,-90,500,"sd","13:31:04",4816700
8670,-90,10000,"sd","13:31:04",4816200
8670,-90,1500,"sd","13:31:03",4806200
8670,-90,2000,"sd","13:31:02",4804700
8670,-90,600,"sd","13:31:02",4802700
8670,-90,100,"sd","13:31:02",4802100
8670,-90,200,"sd","13:31:02",4802000
8670,-90,500,"sd","13:31:02",4801800
8670,-90,700,"sd","13:31:02",4801300
8670,-90,5000,"sd","13:31:02",4800600
8670,-90,300,"sd","13:31:02",4795600
8670,-90,100,"sd","13:31:02",4795300
8670,-90,200,"sd","13:31:02",4795200
8670,-90,1000,"sd","13:31:02",4795000
8670,-90,100,"sd","13:31:02",4794000
8670,-90,200,"sd","13:31:02",4793900
8670,-90,2000,"sd","13:31:02",4793700
8670,-90,100,"sd","13:31:02",4791700
8670,-90,200,"sd","13:31:02",4791600
8670,-90,6700,"sd","13:31:02",4791400
8670,-90,1500,"sd","13:31:02",4784700
8680,-80,1000,"bu","13:31:01",4783200
8680,-80,2000,"bu","13:30:57",4782200
8670,-90,5000,"sd","13:30:48",4780200
8680,-80,500,"bu","13:30:48",4775200
8670,-90,4500,"sd","13:30:47",4774700
8680,-80,200,"bu","13:30:34",4770200
8680,-80,500,"bu","13:30:31",4770000
8680,-80,1000,"bu","13:30:29",4769500
8670,-90,10000,"sd","13:30:27",4768500
8680,-80,400,"bu","13:30:23",4758500
8670,-90,4000,"sd","13:30:13",4758100
8670,-90,14000,"sd","13:30:12",4754100
8680,-80,1400,"bu","13:30:04",4740100
8680,-80,1000,"sd","13:30:00",4738700
8680,-80,200,"sd","13:30:00",4737700
8680,-80,1000,"sd","13:30:00",4737500
8680,-80,5000,"sd","13:30:00",4736500
8680,-80,100,"sd","13:30:00",4731500
8680,-80,400,"sd","13:30:00",4731400
8690,-70,200,"bu","13:29:58",4731000
8690,-70,100,"bu","13:29:52",4730800
8680,-80,700,"sd","13:29:49",4730700
8680,-80,200,"sd","13:29:49",4730000
8680,-80,200,"sd","13:29:49",4729800
8680,-80,100,"sd","13:29:49",4729600
8680,-80,300,"sd","13:29:49",4729500
8680,-80,5000,"sd","13:29:49",4729200
8680,-80,700,"sd","13:29:49",4724200
8680,-80,200,"sd","13:29:49",4723500
8680,-80,2200,"sd","13:29:49",4723300
8680,-80,1000,"sd","13:29:49",4721100
8680,-80,1000,"sd","13:29:49",4720100
8680,-80,500,"sd","13:29:49",4719100
8680,-80,5000,"sd","13:29:49",4718600
8680,-80,500,"sd","13:29:49",4713600
8680,-80,2600,"sd","13:29:49",4713100
8680,-80,100,"sd","13:29:49",4710500
8680,-80,500,"sd","13:29:49",4710400
8680,-80,500,"sd","13:29:49",4709900
8680,-80,100,"sd","13:29:49",4709400
8680,-80,100,"sd","13:29:49",4709300
8680,-80,10000,"sd","13:29:49",4709200
8680,-80,500,"sd","13:29:49",4699200
8680,-80,500,"sd","13:29:49",4698700
8680,-80,10000,"sd","13:29:49",4698200
8680,-80,100,"sd","13:29:49",4688200
8680,-80,500,"sd","13:29:49",4688100
8680,-80,500,"sd","13:29:49",4687600
8680,-80,1000,"sd","13:29:49",4687100
8680,-80,800,"sd","13:29:49",4686100
8680,-80,700,"sd","13:29:49",4685300
8680,-80,200,"sd","13:29:49",4684600
8680,-80,5000,"sd","13:29:49",4684400
8680,-80,2000,"sd","13:29:49",4679400
8680,-80,700,"sd","13:29:49",4677400
8690,-70,300,"bu","13:29:33",4676700
8690,-70,5000,"bu","13:29:32",4676400
8680,-80,500,"sd","13:29:26",4671400
8680,-80,800,"sd","13:29:25",4670900
8680,-80,100,"sd","13:29:25",4670100
8680,-80,2100,"sd","13:29:25",4670000
8680,-80,500,"sd","13:29:11",4667900
8690,-70,6000,"bu","13:29:04",4667400
8680,-80,2400,"sd","13:29:02",4661400
8680,-80,400,"sd","13:29:02",4659000
8680,-80,2600,"sd","13:29:02",4658600
8680,-80,200,"sd","13:29:02",4656000
8680,-80,400,"sd","13:29:02",4655800
8680,-80,2000,"sd","13:29:02",4655400
8680,-80,100,"sd","13:29:02",4653400
8680,-80,3400,"sd","13:29:02",4653300
8680,-80,3500,"sd","13:29:02",4649900
8690,-70,3200,"bu","13:28:58",4646400
8690,-70,1800,"bu","13:28:58",4643200
8690,-70,1000,"bu","13:28:46",4641400
8680,-80,4500,"sd","13:28:45",4640400
8680,-80,600,"sd","13:28:45",4635900
8680,-80,2000,"sd","13:28:45",4635300
8680,-80,500,"sd","13:28:45",4633300
8680,-80,10400,"sd","13:28:45",4632800
8680,-80,2900,"sd","13:28:42",4622400
8680,-80,100,"sd","13:28:42",4619500
8680,-80,300,"sd","13:28:42",4619400
8680,-80,400,"sd","13:28:42",4619100
8680,-80,100,"sd","13:28:42",4618700
8680,-80,1000,"sd","13:28:42",4618600
8680,-80,100,"sd","13:28:42",4617600
8680,-80,5100,"sd","13:28:42",4617500
8690,-70,1000,"bu","13:28:37",4612400
8680,-80,700,"sd","13:28:35",4611400
8680,-80,4200,"sd","13:28:29",4610700
8680,-80,300,"sd","13:28:29",4606500
8680,-80,200,"sd","13:28:29",4606200
8680,-80,100,"sd","13:28:29",4606000
8680,-80,1000,"sd","13:28:29",4605900
8680,-80,400,"sd","13:28:29",4604900
8680,-80,100,"sd","13:28:29",4604500
8680,-80,500,"sd","13:28:29",4604400
8680,-80,100,"sd","13:28:29",4603900
8680,-80,100,"sd","13:28:29",4603800
8680,-80,7000,"sd","13:28:29",4603700
8690,-70,400,"bu","13:28:25",4596700
8690,-70,700,"sd","13:28:22",4596300
8690,-70,100,"sd","13:28:22",4595600
8690,-70,2000,"sd","13:28:22",4595500
8690,-70,500,"sd","13:28:22",4593500
8690,-70,2600,"sd","13:28:22",4593000
8690,-70,100,"sd","13:28:13",4590400
8690,-70,300,"sd","13:28:11",4590300
8680,-80,1500,"sd","13:28:02",4590000
8690,-70,8400,"bu","13:28:02",4588500
8690,-70,9000,"bu","13:28:02",4580100
8690,-70,2600,"bu","13:28:02",4571100
8690,-70,300,"bu","13:28:00",4568500
8690,-70,100,"bu","13:27:58",4568200
8690,-70,500,"bu","13:27:57",4568100
8690,-70,200,"bu","13:27:55",4567600
8690,-70,4100,"bu","13:27:51",4567400
8690,-70,2000,"bu","13:27:51",4563300
8690,-70,3900,"bu","13:27:51",4561300
8690,-70,600,"bu","13:27:50",4557400
8690,-70,4000,"bu","13:27:49",4556800
8690,-70,100,"bu","13:27:48",4552800
8690,-70,300,"bu","13:27:48",4552700
8690,-70,200,"bu","13:27:46",4552400
8690,-70,900,"bu","13:27:45",4552200
8690,-70,100,"bu","13:27:45",4551300
8680,-80,200,"sd","13:27:44",4551200
8690,-70,2000,"bu","13:27:42",4551000
8690,-70,500,"bu","13:27:41",4549000
8690,-70,2000,"bu","13:27:39",4548500
8690,-70,1000,"bu","13:27:36",4546500
8680,-80,6100,"sd","13:27:31",4545500
8680,-80,200,"sd","13:27:22",4539400
8680,-80,2000,"sd","13:27:19",4539200
8680,-80,1000,"sd","13:27:03",4537200
8690,-70,4000,"bu","13:27:00",4536200
8680,-80,2000,"sd","13:26:34",4532200
8680,-80,200,"sd","13:26:34",4530200
8680,-80,1200,"sd","13:26:34",4530000
8680,-80,600,"sd","13:26:34",4528800
8680,-80,500,"sd","13:26:33",4528200
8680,-80,100,"sd","13:26:30",4527700
8680,-80,1000,"sd","13:26:29",4527600
8680,-80,100,"sd","13:26:17",4526600
8680,-80,1600,"sd","13:26:16",4526500
8680,-80,100,"sd","13:26:13",4524900
8680,-80,6000,"sd","13:26:06",4524800
8680,-80,2000,"sd","13:26:06",4518800
8680,-80,3000,"sd","13:26:02",4516800
8690,-70,6000,"bu","13:25:57",4513800
8690,-70,200,"bu","13:25:54",4507800
8670,-90,4300,"sd","13:25:50",4507600
8670,-90,3000,"sd","13:25:50",4503300
8670,-90,1000,"sd","13:25:50",4500300
8670,-90,500,"sd","13:25:50",4499300
8670,-90,10000,"sd","13:25:50",4498800
8670,-90,1000,"sd","13:25:50",4488800
8670,-90,100,"sd","13:25:50",4487800
8670,-90,1000,"sd","13:25:50",4487700
8670,-90,100,"sd","13:25:50",4486700
8670,-90,100,"sd","13:25:50",4486600
8670,-90,100,"sd","13:25:50",4486500
8670,-90,500,"sd","13:25:50",4486400
8670,-90,1000,"sd","13:25:50",4485900
8670,-90,100,"sd","13:25:50",4484900
8670,-90,2000,"sd","13:25:50",4484800
8670,-90,100,"sd","13:25:50",4482800
8670,-90,100,"sd","13:25:50",4482700
8670,-90,100,"sd","13:25:50",4482600
8670,-90,100,"sd","13:25:50",4482500
8670,-90,500,"sd","13:25:50",4482400
8670,-90,300,"sd","13:25:50",4481900
8670,-90,3000,"sd","13:25:50",4481600
8670,-90,100,"sd","13:25:50",4478600
8670,-90,200,"sd","13:25:50",4478500
8670,-90,100,"sd","13:25:50",4478300
8670,-90,300,"sd","13:25:50",4478200
8670,-90,300,"sd","13:25:50",4477900
8680,-80,600,"sd","13:25:50",4477600
8670,-90,7000,"sd","13:25:50",4477000
8680,-80,500,"sd","13:25:50",4470000
8680,-80,800,"sd","13:25:50",4469500
8680,-80,1500,"sd","13:25:50",4468700
8680,-80,200,"sd","13:25:50",4467200
8680,-80,500,"sd","13:25:50",4467000
8680,-80,200,"sd","13:25:50",4466500
8680,-80,2500,"sd","13:25:50",4466300
8680,-80,1000,"sd","13:25:50",4463800
8680,-80,2500,"sd","13:25:46",4462800
8680,-80,100,"sd","13:25:46",4460300
8680,-80,100,"sd","13:25:46",4460200
8680,-80,300,"sd","13:25:46",4460100
8680,-80,1000,"sd","13:25:46",4459800
8680,-80,100,"sd","13:25:46",4458800
8680,-80,100,"sd","13:25:46",4458700
8680,-80,2000,"sd","13:25:46",4458600
8680,-80,2600,"sd","13:25:46",4456600
8680,-80,2400,"sd","13:25:46",4454000
8680,-80,200,"sd","13:25:46",4451600
8680,-80,2000,"sd","13:25:46",4451400
8680,-80,100,"sd","13:25:46",4449400
8680,-80,200,"sd","13:25:46",4449300
8680,-80,700,"sd","13:25:46",4449100
8680,-80,500,"sd","13:25:46",4448400
8680,-80,1000,"sd","13:25:46",4447900
8680,-80,100,"sd","13:25:46",4446900
8680,-80,100,"sd","13:25:46",4446800
8680,-80,100,"sd","13:25:46",4446700
8680,-80,100,"sd","13:25:46",4446600
8680,-80,100,"sd","13:25:46",4446500
8680,-80,2000,"sd","13:25:46",4446400
8680,-80,10000,"sd","13:25:46",4444400
8680,-80,400,"sd","13:25:46",4434400
8680,-80,1200,"sd","13:25:46",4434000
8680,-80,500,"sd","13:25:42",4432800
8680,-80,300,"sd","13:25:38",4432300
8680,-80,100,"sd","13:25:38",4432000
8680,-80,900,"sd","13:25:38",4431900
8680,-80,200,"sd","13:25:38",4431000
8680,-80,300,"sd","13:25:38",4430800
8680,-80,200,"sd","13:25:38",4430500
8680,-80,5000,"sd","13:25:38",4430300
8680,-80,2000,"sd","13:25:38",4425300
8680,-80,400,"sd","13:25:38",4423300
8680,-80,200,"sd","13:25:38",4422900
8680,-80,100,"sd","13:25:38",4422700
8680,-80,3600,"sd","13:25:38",4422600
8680,-80,3000,"sd","13:25:38",4419000
8680,-80,100,"sd","13:25:38",4416000
8680,-80,1000,"sd","13:25:38",4415900
8680,-80,2000,"sd","13:25:38",4414900
8680,-80,10600,"sd","13:25:38",4412900
8680,-80,4400,"sd","13:25:28",4402300
8680,-80,100,"sd","13:25:28",4397900
8680,-80,500,"sd","13:25:28",4397800
8690,-70,300,"bu","13:25:25",4397300
8690,-70,100,"bu","13:25:25",4397000
8690,-70,5000,"sd","13:25:21",4396900
8690,-70,700,"bu","13:25:16",4391900
8690,-70,100,"bu","13:25:12",4391200
8690,-70,200,"sd","13:25:11",4391100
8690,-70,1000,"sd","13:25:11",4390900
8690,-70,100,"sd","13:25:10",4389900
8690,-70,400,"bu","13:25:09",4389800
8690,-70,100,"sd","13:25:04",4389400
8690,-70,2000,"sd","13:25:04",4389300
8690,-70,100,"sd","13:25:00",4387300
8690,-70,100,"sd","13:25:00",4387200
8700,-60,1000,"bu","13:24:55",4387100
8690,-70,100,"sd","13:24:52",4386100
8680,-80,100,"sd","13:24:48",4386000
8680,-80,200,"sd","13:24:48",4385900
8680,-80,500,"sd","13:24:48",4385700
8680,-80,1000,"sd","13:24:48",4385200
8680,-80,900,"sd","13:24:48",4384200
8680,-80,3000,"sd","13:24:48",4383300
8680,-80,1000,"sd","13:24:48",4380300
8680,-80,200,"sd","13:24:48",4379300
8680,-80,5000,"sd","13:24:48",4379100
8680,-80,10000,"sd","13:24:48",4374100
8690,-70,1000,"sd","13:24:48",4364100
8690,-70,100,"sd","13:24:48",4363100
8690,-70,600,"sd","13:24:48",4363000
8690,-70,200,"sd","13:24:48",4362400
8690,-70,200,"sd","13:24:48",4362200
8690,-70,100,"sd","13:24:48",4362000
8690,-70,300,"sd","13:24:48",4361900
8690,-70,100,"sd","13:24:48",4361600
8690,-70,1000,"sd","13:24:48",4361500
8690,-70,200,"sd","13:24:48",4360500
8690,-70,100,"sd","13:24:48",4360300
8690,-70,1000,"sd","13:24:48",4360200
8690,-70,8900,"sd","13:24:48",4359200
8690,-70,100,"sd","13:24:47",4350300
8690,-70,1000,"sd","13:24:46",4350200
8690,-70,1000,"sd","13:24:46",4349200
8690,-70,3000,"sd","13:24:41",4348200
8690,-70,1000,"sd","13:24:39",4345200
8690,-70,1000,"sd","13:24:39",4344200
8690,-70,300,"sd","13:24:26",4343200
8690,-70,1700,"sd","13:24:23",4342900
8690,-70,100,"sd","13:24:23",4341200
8690,-70,2200,"sd","13:24:23",4341100
8690,-70,10000,"sd","13:24:14",4338900
8690,-70,7800,"sd","13:24:06",4328900
8690,-70,500,"sd","13:24:06",4321100
8690,-70,100,"sd","13:24:06",4320600
8690,-70,1600,"sd","13:24:06",4320500
8690,-70,100,"sd","13:23:50",4318900
8690,-70,300,"sd","13:23:49",4318800
8690,-70,300,"sd","13:23:49",4318500
8690,-70,3500,"sd","13:23:49",4318200
8690,-70,1000,"sd","13:23:44",4314700
8690,-70,10000,"sd","13:23:38",4313700
8690,-70,1000,"sd","13:23:26",4303700
8690,-70,1000,"sd","13:23:26",4302700
8690,-70,500,"bu","13:23:22",4301700
8690,-70,3000,"bu","13:23:22",4301200
8690,-70,100,"bu","13:23:18",4298200
8690,-70,200,"bu","13:23:17",4298100
8690,-70,700,"bu","13:23:16",4297900
8690,-70,300,"bu","13:23:16",4297200
8690,-70,400,"bu","13:23:14",4296900
8690,-70,600,"bu","13:23:14",4296500
8690,-70,200,"bu","13:23:14",4295900
8690,-70,300,"bu","13:23:14",4295700
8690,-70,5000,"bu","13:23:13",4295400
8690,-70,5000,"bu","13:23:09",4290400
8690,-70,10000,"bu","13:23:08",4285400
8690,-70,2000,"bu","13:23:07",4275400
8690,-70,200,"bu","13:23:01",4273400
8690,-70,1000,"bu","13:22:49",4273200
8690,-70,200,"bu","13:22:45",4272200
8680,-80,1000,"sd","13:22:37",4272000
8690,-70,400,"bu","13:22:27",4271000
8690,-70,100,"bu","13:22:25",4270600
8690,-70,100,"bu","13:22:20",4270500
8690,-70,100,"bu","13:22:20",4270400
8690,-70,5000,"bu","13:22:19",4270300
8690,-70,200,"sd","13:22:16",4265300
8690,-70,100,"sd","13:22:16",4265100
8690,-70,300,"sd","13:22:16",4265000
8690,-70,1400,"sd","13:22:12",4264700
8690,-70,100,"sd","13:22:12",4263300
8690,-70,200,"sd","13:22:11",4263200
8690,-70,100,"sd","13:22:11",4263000
8700,-60,4900,"bu","13:22:06",4262900
8690,-70,100,"bu","13:22:06",4258000
8690,-70,100,"sd","13:22:05",4257900
8690,-70,300,"sd","13:22:05",4257800
8690,-70,200,"sd","13:22:05",4257500
8690,-70,9000,"sd","13:22:05",4257300
8690,-70,3500,"sd","13:22:05",4248300
8690,-70,100,"sd","13:22:05",4244800
8690,-70,500,"sd","13:22:05",4244700
8690,-70,100,"sd","13:22:05",4244200
8690,-70,2500,"sd","13:22:05",4244100
8690,-70,13600,"sd","13:22:05",4241600
8690,-70,5400,"sd","13:22:05",4228000
8690,-70,900,"sd","13:22:01",4222600
8690,-70,500,"sd","13:22:01",4221700
8690,-70,100,"sd","13:22:01",4221200
8690,-70,3500,"sd","13:22:01",4221100
8700,-60,100,"bu","13:21:53",4217600
8700,-60,500,"bu","13:21:53",4217500
8690,-70,6500,"sd","13:21:53",4217000
8690,-70,100,"sd","13:21:53",4210500
8690,-70,500,"sd","13:21:53",4210400
8690,-70,300,"sd","13:21:53",4209900
8690,-70,5700,"sd","13:21:46",4209600
8690,-70,4000,"sd","13:21:44",4203900
8690,-70,1000,"sd","13:21:44",4199900
8690,-70,500,"sd","13:21:44",4198900
8690,-70,2000,"sd","13:21:44",4198400
8690,-70,1000,"sd","13:21:44",4196400
8690,-70,100,"sd","13:21:44",4195400
8690,-70,1000,"sd","13:21:44",4195300
8690,-70,400,"sd","13:21:44",4194300
8700,-60,5200,"bu","13:21:44",4193900
8700,-60,100,"bu","13:21:44",4188700
8700,-60,1500,"bu","13:21:44",4188600
8700,-60,2000,"bu","13:21:44",4187100
8700,-60,500,"bu","13:21:44",4185100
8700,-60,100,"bu","13:21:44",4184600
8700,-60,600,"bu","13:21:44",4184500
8690,-70,3000,"sd","13:21:43",4183900
8700,-60,100,"bu","13:21:33",4180900
8700,-60,100,"bu","13:21:32",4180800
8690,-70,15000,"sd","13:21:28",4180700
8700,-60,5000,"bu","13:21:26",4165700
8700,-60,10000,"bu","13:21:14",4160700
8700,-60,200,"bu","13:21:14",4150700
8700,-60,100,"bu","13:21:12",4150500
8690,-70,200,"sd","13:21:08",4150400
8700,-60,200,"bu","13:21:00",4150200
8690,-70,1400,"sd","13:20:53",4150000
8690,-70,1000,"sd","13:20:53",4148600
8690,-70,100,"sd","13:20:53",4147600
8690,-70,2500,"sd","13:20:53",4147500
8690,-70,3000,"sd","13:20:53",4145000
8690,-70,1600,"sd","13:20:50",4142000
8700,-60,500,"bu","13:20:44",4140400
8690,-70,100,"sd","13:20:41",4139900
8700,-60,300,"bu","13:20:41",4139800
8700,-60,1000,"bu","13:20:39",4139500
8700,-60,900,"bu","13:20:36",4138500
8700,-60,100,"bu","13:20:36",4137600
8700,-60,100,"bu","13:20:30",4137500
8690,-70,300,"sd","13:20:28",4137400
8700,-60,800,"bu","13:20:28",4137100
8700,-60,1000,"bu","13:20:26",4136300
8700,-60,1000,"bu","13:20:26",4135300
8700,-60,300,"bu","13:20:21",4134300
8700,-60,100,"bu","13:20:14",4134000
8700,-60,1000,"sd","13:20:12",4133900
8700,-60,2600,"sd","13:20:12",4132900
8700,-60,10000,"sd","13:19:53",4130300
8700,-60,300,"sd","13:19:53",4120300
8700,-60,5900,"sd","13:19:53",4120000
8700,-60,700,"sd","13:19:53",4114100
8710,-50,500,"bu","13:19:52",4113400
8700,-60,2000,"sd","13:19:49",4112900
8700,-60,1700,"sd","13:19:48",4110900
8700,-60,300,"sd","13:19:46",4109200
8700,-60,2600,"sd","13:19:40",4108900
8700,-60,1000,"sd","13:19:40",4106300
8700,-60,2000,"sd","13:19:40",4105300
8700,-60,200,"sd","13:19:40",4103300
8700,-60,500,"sd","13:19:40",4103100
8700,-60,300,"sd","13:19:40",4102600
8700,-60,500,"sd","13:19:40",4102300
8700,-60,1000,"sd","13:19:40",4101800
8700,-60,1800,"sd","13:19:40",4100800
8700,-60,100,"sd","13:19:40",4099000
8700,-60,2300,"sd","13:19:40",4098900
8700,-60,500,"sd","13:19:40",4096600
8700,-60,500,"sd","13:19:40",4096100
8700,-60,200,"sd","13:19:40",4095600
8700,-60,100,"sd","13:19:40",4095400
8700,-60,1400,"sd","13:19:40",4095300
8700,-60,3300,"sd","13:19:39",4093900
8700,-60,200,"sd","13:19:39",4090600
8700,-60,6500,"sd","13:19:39",4090400
8700,-60,100,"sd","13:19:38",4083900
8700,-60,300,"sd","13:19:38",4083800
8700,-60,2700,"sd","13:19:38",4083500
8700,-60,200,"sd","13:19:33",4080800
8700,-60,2100,"sd","13:19:31",4080600
8700,-60,2000,"sd","13:19:31",4078500
8700,-60,100,"sd","13:19:31",4076500
8700,-60,10000,"sd","13:19:31",4076400
8700,-60,2000,"sd","13:19:31",4066400
8700,-60,200,"sd","13:19:31",4064400
8700,-60,300,"sd","13:19:31",4064200
8700,-60,1000,"sd","13:19:31",4063900
8700,-60,1000,"sd","13:19:31",4062900
8700,-60,500,"sd","13:19:31",4061900
8700,-60,700,"sd","13:19:31",4061400
8700,-60,100,"sd","13:19:31",4060700
8710,-50,500,"bu","13:19:23",4060600
8710,-50,500,"bu","13:19:23",4060100
8710,-50,500,"bu","13:19:23",4059600
8710,-50,500,"bu","13:19:23",4059100
8710,-50,500,"bu","13:19:23",4058600
8700,-60,400,"sd","13:19:20",4058100
8710,-50,200,"bu","13:19:14",4057700
8710,-50,1500,"bu","13:19:05",4057500
8710,-50,6000,"bu","13:18:59",4056000
8700,-60,1600,"sd","13:18:51",4050000
8710,-50,1800,"bu","13:18:43",4048400
8710,-50,200,"bu","13:18:43",4046600
8710,-50,100,"bu","13:18:38",4046400
8710,-50,500,"bu","13:18:32",4046300
8710,-50,1200,"bu","13:18:28",4045800
8710,-50,500,"bu","13:18:28",4044600
8710,-50,1000,"bu","13:18:28",4044100
8710,-50,500,"bu","13:18:28",4043100
8710,-50,1500,"bu","13:18:28",4042600
8710,-50,300,"bu","13:18:28",4041100
8710,-50,100,"bu","13:18:12",4040800
8710,-50,1000,"bu","13:18:12",4040700
8710,-50,2600,"bu","13:18:08",4039700
8710,-50,500,"bu","13:18:05",4037100
8710,-50,500,"bu","13:18:03",4036600
8710,-50,2000,"bu","13:18:03",4036100
8710,-50,2500,"bu","13:18:03",4034100
8710,-50,500,"bu","13:18:01",4031600
8710,-50,100,"bu","13:17:55",4031100
8700,-60,1500,"sd","13:17:49",4031000
8710,-50,600,"bu","13:17:49",4029500
8710,-50,800,"bu","13:17:49",4028900
8710,-50,600,"bu","13:17:49",4028100
8710,-50,1000,"bu","13:17:45",4027500
8710,-50,2000,"bu","13:17:43",4026500
8710,-50,600,"bu","13:17:39",4024500
8700,-60,4000,"sd","13:17:35",4023900
8710,-50,800,"bu","13:17:32",4019900
8710,-50,100,"bu","13:17:32",4019100
8710,-50,4100,"bu","13:17:32",4019000
8710,-50,5900,"bu","13:17:31",4014900
8710,-50,4100,"bu","13:17:31",4009000
8700,-60,200,"sd","13:17:29",4004900
8710,-50,100,"bu","13:17:27",4004700
8700,-60,14400,"sd","13:17:27",4004600
8700,-60,200,"sd","13:17:25",3990200
8700,-60,700,"sd","13:17:21",3990000
8710,-50,100,"bu","13:17:20",3989300
8710,-50,3600,"bu","13:16:58",3989200
8700,-60,800,"sd","13:16:49",3985600
8700,-60,1000,"bu","13:16:38",3984800
8700,-60,600,"bu","13:16:38",3983800
8700,-60,500,"bu","13:16:38",3983200
8700,-60,4000,"bu","13:16:38",3982700
8700,-60,300,"bu","13:16:37",3978700
8700,-60,100,"bu","13:16:37",3978400
8700,-60,1000,"bu","13:16:36",3978300
8700,-60,200,"bu","13:16:36",3977300
8700,-60,2000,"sd","13:16:25",3977100
8700,-60,600,"sd","13:16:25",3975100
8700,-60,3000,"sd","13:16:25",3974500
8700,-60,5000,"sd","13:16:25",3971500
8700,-60,3200,"sd","13:16:25",3966500
8700,-60,4400,"sd","13:16:25",3963300
8700,-60,600,"sd","13:16:13",3958900
8700,-60,1000,"sd","13:16:13",3958300
8700,-60,1000,"sd","13:16:13",3957300
8700,-60,700,"sd","13:16:13",3956300
8700,-60,1700,"sd","13:16:13",3955600
8700,-60,1000,"sd","13:16:03",3953900
8710,-50,500,"bu","13:16:01",3952900
8700,-60,7300,"sd","13:16:01",3952400
8700,-60,2100,"sd","13:16:01",3945100
8700,-60,10000,"sd","13:16:01",3943000
8700,-60,500,"sd","13:16:01",3933000
8700,-60,100,"sd","13:16:01",3932500
8700,-60,400,"sd","13:15:52",3932400
8700,-60,400,"sd","13:15:52",3932000
8700,-60,9200,"sd","13:15:52",3931600
8700,-60,800,"sd","13:15:47",3922400
8700,-60,100,"sd","13:15:47",3921600
8700,-60,400,"sd","13:15:47",3921500
8710,-50,100,"bu","13:15:46",3921100
8700,-60,100,"sd","13:15:41",3921000
8700,-60,400,"sd","13:15:41",3920900
8700,-60,300,"sd","13:15:28",3920500
8700,-60,1900,"sd","13:15:18",3920200
8700,-60,100,"sd","13:15:18",3918300
8700,-60,100,"sd","13:15:18",3918200
8700,-60,200,"sd","13:15:18",3918100
8700,-60,100,"sd","13:15:18",3917900
8700,-60,1000,"sd","13:15:18",3917800
8700,-60,500,"sd","13:15:18",3916800
8700,-60,300,"sd","13:15:18",3916300
8700,-60,100,"sd","13:15:18",3916000
8700,-60,1500,"sd","13:15:18",3915900
8700,-60,1000,"sd","13:15:18",3914400
8700,-60,200,"sd","13:15:18",3913400
8700,-60,1000,"sd","13:15:18",3913200
8700,-60,500,"sd","13:15:18",3912200
8700,-60,100,"sd","13:15:18",3911700
8700,-60,2000,"sd","13:15:18",3911600
8700,-60,500,"sd","13:15:18",3909600
8700,-60,700,"sd","13:15:18",3909100
8710,-50,1000,"bu","13:15:17",3908400
8710,-50,500,"bu","13:15:10",3907400
8710,-50,2500,"bu","13:15:10",3906900
8700,-60,200,"sd","13:15:03",3904400
8700,-60,100,"sd","13:15:03",3904200
8700,-60,500,"sd","13:15:03",3904100
8700,-60,100,"sd","13:15:03",3903600
8700,-60,100,"sd","13:15:03",3903500
8710,-50,2500,"bu","13:14:58",3903400
8710,-50,1000,"bu","13:14:45",3900900
8700,-60,300,"sd","13:14:45",3899900
8700,-60,600,"sd","13:14:45",3899600
8710,-50,100,"bu","13:14:44",3899000
8710,-50,2000,"bu","13:14:33",3898900
8710,-50,100,"bu","13:14:22",3896900
8710,-50,1800,"bu","13:14:20",3896800
8710,-50,5000,"sd","13:14:20",3895000
8710,-50,100,"sd","13:14:17",3890000
8710,-50,1500,"sd","13:14:11",3889900
8710,-50,300,"bu","13:14:10",3888400
8710,-50,500,"bu","13:14:10",3888100
8710,-50,100,"bu","13:14:10",3887600
8710,-50,1000,"bu","13:14:10",3887500
8710,-50,500,"bu","13:14:10",3886500
8710,-50,1000,"bu","13:14:10",3886000
8700,-60,400,"sd","13:14:01",3885000
8700,-60,100,"sd","13:14:01",3884600
8700,-60,200,"sd","13:14:01",3884500
8710,-50,200,"bu","13:13:55",3884300
8700,-60,300,"sd","13:13:52",3884100
8700,-60,200,"sd","13:13:52",3883800
8700,-60,100,"sd","13:13:52",3883600
8700,-60,10000,"sd","13:13:52",3883500
8700,-60,400,"sd","13:13:52",3873500
8700,-60,1000,"sd","13:13:52",3873100
8700,-60,1500,"sd","13:13:52",3872100
8700,-60,500,"sd","13:13:52",3870600
8700,-60,5000,"sd","13:13:52",3870100
8700,-60,200,"sd","13:13:52",3865100
8700,-60,8000,"sd","13:13:52",3864900
8700,-60,100,"sd","13:13:52",3856900
8700,-60,8700,"sd","13:13:52",3856800
8710,-50,200,"bu","13:13:45",3848100
8710,-50,5000,"sd","13:13:37",3847900
8710,-50,200,"sd","13:13:37",3842900
8710,-50,500,"sd","13:13:37",3842700
8710,-50,200,"sd","13:13:37",3842200
8710,-50,12700,"sd","13:13:37",3842000
8720,-40,3100,"bu","13:13:37",3829300
8720,-40,6900,"bu","13:13:37",3826200
8710,-50,1000,"sd","13:13:33",3819300
8710,-50,100,"sd","13:13:31",3818300
8710,-50,800,"sd","13:13:15",3818200
8710,-50,400,"bu","13:13:06",3817400
8710,-50,200,"bu","13:13:05",3817000
8710,-50,700,"bu","13:13:04",3816800
8710,-50,1000,"sd","13:13:02",3816100
8710,-50,2600,"sd","13:13:02",3815100
8710,-50,1000,"sd","13:13:02",3812500
8710,-50,1000,"sd","13:13:02",3811500
8710,-50,5000,"sd","13:13:02",3810500
8710,-50,600,"sd","13:13:02",3805500
8710,-50,5300,"sd","13:13:02",3804900
8710,-50,2200,"sd","13:13:02",3799600
8710,-50,1000,"sd","13:13:02",3797400
8720,-40,400,"bu","13:12:54",3796400
8720,-40,200,"bu","13:12:54",3796000
8720,-40,300,"bu","13:12:47",3795800
8710,-50,300,"sd","13:12:47",3795500
8710,-50,300,"sd","13:12:39",3795200
8710,-50,200,"bu","13:12:36",3794900
8710,-50,1000,"bu","13:12:36",3794700
8710,-50,200,"sd","13:12:34",3793700
8710,-50,200,"sd","13:12:34",3793500
8710,-50,100,"bu","13:12:33",3793300
8710,-50,200,"sd","13:12:31",3793200
8710,-50,700,"sd","13:12:31",3793000
8710,-50,300,"sd","13:12:27",3792300
8710,-50,100,"bu","13:12:25",3792000
8710,-50,2500,"sd","13:12:21",3791900
8710,-50,400,"sd","13:12:21",3789400
8710,-50,100,"bu","13:12:18",3789000
8720,-40,100,"bu","13:12:13",3788900
8720,-40,200,"bu","13:12:13",3788800
8700,-60,1100,"sd","13:12:12",3788600
8710,-50,1100,"sd","13:12:12",3787500
8710,-50,1000,"sd","13:12:12",3786400
8710,-50,2000,"sd","13:12:12",3785400
8710,-50,4800,"sd","13:12:12",3783400
8710,-50,200,"sd","13:12:09",3778600
8710,-50,400,"bu","13:12:06",3778400
8710,-50,100,"bu","13:12:04",3778000
8710,-50,500,"bu","13:12:02",3777900
8710,-50,500,"bu","13:12:02",3777400
8710,-50,500,"bu","13:12:02",3776900
8710,-50,300,"bu","13:12:02",3776400
8710,-50,200,"bu","13:12:01",3776100
8710,-50,2500,"bu","13:12:00",3775900
8710,-50,2000,"bu","13:11:56",3773400
8710,-50,100,"bu","13:11:56",3771400
8710,-50,200,"bu","13:11:54",3771300
8710,-50,100,"bu","13:11:53",3771100
8710,-50,1000,"bu","13:11:52",3771000
8710,-50,2000,"bu","13:11:49",3770000
8710,-50,100,"bu","13:11:44",3768000
8710,-50,2500,"bu","13:11:42",3767900
8710,-50,2000,"bu","13:11:39",3765400
8710,-50,200,"bu","13:11:38",3763400
8710,-50,3000,"bu","13:11:38",3763200
8710,-50,100,"bu","13:11:37",3760200
8710,-50,1000,"bu","13:11:29",3760100
8710,-50,500,"bu","13:11:27",3759100
8700,-60,200,"sd","13:11:26",3758600
8700,-60,1000,"sd","13:11:26",3758400
8700,-60,800,"sd","13:11:26",3757400
8710,-50,5000,"bu","13:11:25",3756600
8710,-50,5000,"bu","13:11:22",3751600
8710,-50,4500,"bu","13:11:22",3746600
8710,-50,2800,"bu","13:11:21",3742100
8710,-50,200,"bu","13:11:20",3739300
8710,-50,1400,"bu","13:11:17",3739100
8710,-50,200,"bu","13:11:11",3737700
8710,-50,400,"bu","13:11:09",3737500
8700,-60,3500,"sd","13:11:02",3737100
8710,-50,1000,"bu","13:11:02",3733600
8700,-60,700,"sd","13:10:59",3732600
8700,-60,500,"sd","13:10:59",3731900
8700,-60,300,"sd","13:10:59",3731400
8700,-60,8500,"sd","13:10:59",3731100
8710,-50,5000,"bu","13:10:57",3722600
8710,-50,100,"bu","13:10:53",3717600
8710,-50,1000,"bu","13:10:46",3717500
8710,-50,5000,"bu","13:10:45",3716500
8710,-50,1000,"sd","13:10:43",3711500
8710,-50,1000,"sd","13:10:43",3710500
8710,-50,20000,"sd","13:10:43",3709500
8710,-50,300,"sd","13:10:43",3689500
8710,-50,1000,"sd","13:10:43",3689200
8710,-50,2000,"sd","13:10:43",3688200
8710,-50,5300,"sd","13:10:43",3686200
8720,-40,300,"bu","13:10:41",3680900
8710,-50,500,"sd","13:10:37",3680600
8720,-40,100,"bu","13:10:35",3680100
8720,-40,400,"bu","13:10:34",3680000
8720,-40,100,"bu","13:10:34",3679600
8710,-50,12900,"sd","13:10:27",3679500
8720,-40,100,"sd","13:10:27",3666600
8720,-40,200,"sd","13:10:27",3666500
8720,-40,3000,"sd","13:10:27",3666300
8720,-40,3000,"sd","13:10:27",3663300
8720,-40,800,"sd","13:10:27",3660300
8730,-30,500,"bu","13:10:22",3659500
8720,-40,500,"sd","13:10:20",3659000
8720,-40,3700,"sd","13:10:14",3658500
8720,-40,1300,"sd","13:10:14",3654800
8720,-40,300,"sd","13:09:59",3653500
8720,-40,400,"bu","13:09:58",3653200
8720,-40,200,"bu","13:09:58",3652800
8720,-40,1000,"bu","13:09:58",3652600
8720,-40,1800,"bu","13:09:58",3651600
8710,-50,1300,"sd","13:09:56",3649800
8710,-50,200,"sd","13:09:56",3648500
8720,-40,200,"bu","13:09:55",3648300
